  <div class='ocr_page' id='page_1' title='image "/cluster/home/n/w/nwhite01/storage/ocr_20150623/49/hvd.32044096580709/325.png"; bbox 0 0 4024 6208; ppageno 0'>
   <div class='ocr_carea' id='block_1_1' title="bbox 360 212 463 264">
    <p class='ocr_par' dir='ltr' id='par_1_1' title="bbox 360 212 463 264">
     <span class='ocr_line' id='line_1_1' title="bbox 360 212 463 264; baseline 0.019 -2"><span class='ocrx_word' id='word_1_1' title='bbox 360 212 463 264; x_wconf 75' lang='lat'><strong>635</strong></span> 
     </span>
    </p>
   </div>
   <div class='ocr_carea' id='block_1_2' title="bbox 1442 190 2584 265">
    <p class='ocr_par' dir='ltr' id='par_1_2' title="bbox 1442 190 2584 265">
     <span class='ocr_line' id='line_1_2' title="bbox 1442 190 2584 265; baseline -0.009 -1"><span class='ocrx_word' id='word_1_2' title='bbox 1442 202 1722 265; x_wconf 74' lang='lat' dir='ltr'><strong>JOANNIS</strong></span> <span class='ocrx_word' id='word_1_3' title='bbox 1745 190 2060 259; x_wconf 32' lang='lat' dir='ltr'><strong>‘CASSIANl</strong></span> <span class='ocrx_word' id='word_1_4' title='bbox 2099 200 2584 258; x_wconf 75' lang='lat' dir='ltr'><strong>COLLATIONES.</strong></span> 
     </span>
    </p>
   </div>
   <div class='ocr_carea' id='block_1_3' title="bbox 3549 195 3662 249">
    <p class='ocr_par' dir='ltr' id='par_1_3' title="bbox 3549 195 3662 249">
     <span class='ocr_line' id='line_1_3' title="bbox 3549 195 3662 249; baseline 0.018 -2"><span class='ocrx_word' id='word_1_5' title='bbox 3549 195 3662 249; x_wconf 80' lang='lat'><strong>636</strong></span> 
     </span>
    </p>
   </div>
   <div class='ocr_carea' id='block_1_4' title="bbox 356 296 3665 408">
    <p class='ocr_par' dir='ltr' id='par_1_4' title="bbox 356 296 3665 408">
     <span class='ocr_line' id='line_1_4' title="bbox 356 296 3665 408; baseline -0.005 -20"><span class='ocrx_word' id='word_1_6' title='bbox 356 334 577 392; x_wconf 87' lang='lat' dir='ltr'><strong>lidiores</strong></span> <span class='ocrx_word' id='word_1_7' title='bbox 609 349 772 408; x_wconf 91' lang='lat' dir='ltr'><strong>quam</strong></span> <span class='ocrx_word' id='word_1_8' title='bbox 817 349 942 404; x_wconf 89' lang='lat' dir='ltr'><strong>nos,</strong></span> <span class='ocrx_word' id='word_1_9' title='bbox 967 333 1211 391; x_wconf 78' lang='lat' dir='ltr'><strong>carnales</strong></span> <span class='ocrx_word' id='word_1_10' title='bbox 1258 333 1462 388; x_wconf 82' lang='lat' dir='ltr'><strong>scilicet</strong></span> <span class='ocrx_word' id='word_1_11' title='bbox 1509 339 1675 402; x_wconf 89' lang='lat' dir='ltr'><strong>atque</strong></span> <span class='ocrx_word' id='word_1_12' title='bbox 1729 296 2032 397; x_wconf 42' lang='lat' dir='ltr'><strong>terreni,‘A</strong></span> <span class='ocrx_word' id='word_1_13' title='bbox 2063 327 2269 384; x_wconf 89' lang='lat' dir='ltr'><strong>mercio</strong></span> <span class='ocrx_word' id='word_1_14' title='bbox 2289 337 2637 397; x_wconf 85' lang='lat' dir='ltr'><strong>nequaquam</strong></span> <span class='ocrx_word' id='word_1_15' title='bbox 2671 336 2854 379; x_wconf 86' lang='lat' dir='ltr'><strong>carere</strong></span> <span class='ocrx_word' id='word_1_16' title='bbox 2882 319 3201 394; x_wconf 83' lang='lat' dir='ltr'><strong>poterimus.</strong></span> <span class='ocrx_word' id='word_1_17' title='bbox 3249 318 3472 387; x_wconf 80' lang='lat' dir='ltr'><strong>Semper</strong></span> <span class='ocrx_word' id='word_1_18' title='bbox 3509 316 3665 371; x_wconf 88' lang='lat' dir='ltr'><strong>enim</strong></span> 
     </span>
    </p>
   </div>
   <div class='ocr_carea' id='block_1_5' title="bbox 358 421 1957 503">
    <p class='ocr_par' dir='ltr' id='par_1_5' title="bbox 358 421 1957 503">
     <span class='ocr_line' id='line_1_5' title="bbox 358 421 1957 503; baseline -0.004 -19"><span class='ocrx_word' id='word_1_19' title='bbox 358 432 558 503; x_wconf 84' lang='lat' dir='ltr'><strong>quippe</strong></span> <span class='ocrx_word' id='word_1_20' title='bbox 577 445 702 487; x_wconf 88' lang='lat' dir='ltr'><strong>cum</strong></span> <span class='ocrx_word' id='word_1_21' title='bbox 719 430 827 486; x_wconf 87' lang='lat' dir='ltr'><strong>illis</strong></span> <span class='ocrx_word' id='word_1_22' title='bbox 851 428 1129 503; x_wconf 84' lang='lat' dir='ltr'><strong>spiritalis,</strong></span> <span class='ocrx_word' id='word_1_23' title='bbox 1169 433 1331 498; x_wconf 90' lang='lat' dir='ltr'><strong>atque</strong></span> <span class='ocrx_word' id='word_1_24' title='bbox 1373 424 1517 480; x_wconf 90' lang='lat' dir='ltr'><strong>aeria</strong></span> <span class='ocrx_word' id='word_1_25' title='bbox 1544 436 1801 479; x_wconf 84' lang='lat' dir='ltr'><strong>concessa</strong></span> <span class='ocrx_word' id='word_1_26' title='bbox 1828 421 1957 479; x_wconf 78' lang='lat' dir='ltr'><strong>sub—</strong></span> 
     </span>
    </p>
   </div>
   <div class='ocr_carea' id='block_1_6' title="bbox 358 519 1347 596">
    <p class='ocr_par' dir='ltr' id='par_1_6' title="bbox 358 519 1347 596">
     <span class='ocr_line' id='line_1_6' title="bbox 358 519 1347 596; baseline -0.006 -18"><span class='ocrx_word' id='word_1_27' title='bbox 358 524 554 581; x_wconf 82' lang='lat' dir='ltr'><strong>stantia</strong></span> <span class='ocrx_word' id='word_1_28' title='bbox 581 525 653 583; x_wconf 85' lang='lat' dir='ltr'><strong>sit</strong></span> <span class='ocrx_word' id='word_1_29' title='bbox 683 524 857 596; x_wconf 79' lang='lat' dir='ltr'><strong>(Vide</strong></span> <span class='ocrx_word' id='word_1_30' title='bbox 883 523 1061 581; x_wconf 77' lang='lat' dir='ltr'><strong>count.</strong></span> <span class='ocrx_word' id='word_1_31' title='bbox 1084 529 1114 575; x_wconf 90' lang='lat'><strong><em>7</em></strong></span> <span class='ocrx_word' id='word_1_32' title='bbox 1147 524 1197 575; x_wconf 88' lang='lat' dir='ltr'><strong>ct</strong></span> <span class='ocrx_word' id='word_1_33' title='bbox 1224 525 1288 573; x_wconf 83' lang='grc'><strong>12</strong></span> <span class='ocrx_word' id='word_1_34' title='bbox 1307 519 1347 589; x_wconf 89' lang='grc'><strong>).</strong></span> 
     </span>
    </p>
   </div>
   <div class='ocr_carea' id='block_1_7' title="bbox 927 621 1427 679">
    <p class='ocr_par' dir='ltr' id='par_1_7' title="bbox 927 621 1427 679">
     <span class='ocr_line' id='line_1_7' title="bbox 927 621 1427 679; baseline -0.018 0"><span class='ocrx_word' id='word_1_35' title='bbox 927 624 1174 679; x_wconf 84' lang='lat' dir='ltr'><strong>CAPUT</strong></span> <span class='ocrx_word' id='word_1_36' title='bbox 1203 621 1385 677; x_wconf 84' lang='lat' dir='ltr'><strong>XVII.</strong></span> <span class='ocrx_word' id='word_1_37' title='bbox 1424 632 1427 639; x_wconf 87' lang='lat'>&#39;</span> 
     </span>
    </p>
   </div>
   <div class='ocr_carea' id='block_1_8' title="bbox 360 719 1957 792">
    <p class='ocr_par' dir='ltr' id='par_1_8' title="bbox 360 719 1957 792">
     <span class='ocr_line' id='line_1_8' title="bbox 360 719 1957 792; baseline -0.006 -9"><span class='ocrx_word' id='word_1_38' title='bbox 360 726 710 792; x_wconf 68' lang='lat' dir='ltr'><strong>Interrogatio</strong></span> <span class='ocrx_word' id='word_1_39' title='bbox 736 724 801 778; x_wconf 86' lang='lat' dir='ltr'><strong>de</strong></span> <span class='ocrx_word' id='word_1_40' title='bbox 834 722 1231 792; x_wconf 77' lang='lat' dir='ltr'><strong>comparatione</strong></span> <span class='ocrx_word' id='word_1_41' title='bbox 1267 722 1463 789; x_wconf 87' lang='lat' dir='ltr'><strong>septem</strong></span> <span class='ocrx_word' id='word_1_42' title='bbox 1492 719 1731 787; x_wconf 83' lang='lat' dir='ltr'><strong>gentium</strong></span> <span class='ocrx_word' id='word_1_43' title='bbox 1768 723 1819 774; x_wconf 88' lang='lat' dir='ltr'><strong>et</strong></span> <span class='ocrx_word' id='word_1_44' title='bbox 1846 723 1957 775; x_wconf 87' lang='lat' dir='ltr'><strong>octo</strong></span> 
     </span>
    </p>
   </div>
   <div class='ocr_carea' id='block_1_9' title="bbox 1033 794 1311 845">
    <p class='ocr_par' dir='ltr' id='par_1_9' title="bbox 1033 794 1311 845">
     <span class='ocr_line' id='line_1_9' title="bbox 1033 794 1311 845; baseline 0 -1"><span class='ocrx_word' id='word_1_45' title='bbox 1033 794 1311 845; x_wconf 65' lang='lat' dir='ltr'><strong>uitiorum.</strong></span> 
     </span>
    </p>
   </div>
   <div class='ocr_carea' id='block_1_10' title="bbox 430 892 1958 966">
    <p class='ocr_par' dir='ltr' id='par_1_10' title="bbox 430 892 1958 966">
     <span class='ocr_line' id='line_1_10' title="bbox 430 892 1958 966; baseline 0 -17"><span class='ocrx_word' id='word_1_46' title='bbox 430 896 738 949; x_wconf 86' lang='lat' dir='ltr'><strong>Germanus</strong></span> <span class='ocrx_word' id='word_1_47' title='bbox 764 912 776 948; x_wconf 90' lang='lat'><strong>:</strong></span> <span class='ocrx_word' id='word_1_48' title='bbox 802 892 1100 962; x_wconf 84' lang='lat' dir='ltr'><em>Quomodo</em></span> <span class='ocrx_word' id='word_1_49' title='bbox 1137 892 1303 966; x_wconf 79' lang='lat' dir='ltr'><strong>igitur</strong></span> <span class='ocrx_word' id='word_1_50' title='bbox 1347 901 1472 949; x_wconf 84' lang='lat' dir='ltr'><strong>octo</strong></span> <span class='ocrx_word' id='word_1_51' title='bbox 1501 900 1628 949; x_wconf 89' lang='lat' dir='ltr'><strong>sunt</strong></span> <span class='ocrx_word' id='word_1_52' title='bbox 1664 892 1793 949; x_wconf 91' lang='lat' dir='ltr'><strong>vitia</strong></span> <span class='ocrx_word' id='word_1_53' title='bbox 1835 909 1958 965; x_wconf 86' lang='lat' dir='ltr'><strong>qua</strong></span> 
     </span>
    </p>
   </div>
   <div class='ocr_carea' id='block_1_11' title="bbox 358 985 1959 1061">
    <p class='ocr_par' dir='ltr' id='par_1_11' title="bbox 358 985 1959 1061">
     <span class='ocr_line' id='line_1_11' title="bbox 358 985 1959 1061; baseline -0.001 -19"><span class='ocrx_word' id='word_1_54' title='bbox 358 1002 460 1043; x_wconf 91' lang='lat' dir='ltr'><strong>nos</strong></span> <span class='ocrx_word' id='word_1_55' title='bbox 481 987 820 1059; x_wconf 86' lang='lat' dir='ltr'><strong>impugnant,</strong></span> <span class='ocrx_word' id='word_1_56' title='bbox 852 1001 978 1043; x_wconf 90' lang='lat' dir='ltr'><strong>cum</strong></span> <span class='ocrx_word' id='word_1_57' title='bbox 1000 1001 1098 1060; x_wconf 90' lang='lat' dir='ltr'><strong>per</strong></span> <span class='ocrx_word' id='word_1_58' title='bbox 1119 990 1348 1061; x_wconf 86' lang='lat' dir='ltr'><strong>Moysen</strong></span> <span class='ocrx_word' id='word_1_59' title='bbox 1372 994 1581 1059; x_wconf 85' lang='lat' dir='ltr'><strong>septem</strong></span> <span class='ocrx_word' id='word_1_60' title='bbox 1598 985 1959 1042; x_wconf 87' lang='lat' dir='ltr'><strong>dinumerata</strong></span> 
     </span>
    </p>
   </div>
   <div class='ocr_carea' id='block_1_12' title="bbox 358 1078 1959 1153">
    <p class='ocr_par' dir='ltr' id='par_1_12' title="bbox 358 1078 1959 1153">
     <span class='ocr_line' id='line_1_12' title="bbox 358 1078 1959 1153; baseline 0 -18"><span class='ocrx_word' id='word_1_61' title='bbox 358 1078 467 1135; x_wconf 88' lang='lat' dir='ltr'><strong>sint</strong></span> <span class='ocrx_word' id='word_1_62' title='bbox 496 1086 686 1151; x_wconf 77' lang='lat' dir='ltr'><strong>gentes</strong></span> <span class='ocrx_word' id='word_1_63' title='bbox 708 1094 831 1152; x_wconf 90' lang='lat' dir='ltr'><strong>qua</strong></span> <span class='ocrx_word' id='word_1_64' title='bbox 849 1078 1203 1137; x_wconf 78' lang='lat' dir='ltr'><strong>adversantur</strong></span> <span class='ocrx_word' id='word_1_65' title='bbox 1220 1080 1424 1153; x_wconf 91' lang='lat' dir='ltr'><strong>populo</strong></span> <span class='ocrx_word' id='word_1_66' title='bbox 1445 1080 1631 1147; x_wconf 87' lang='lat' dir='ltr'><strong>Israel,</strong></span> <span class='ocrx_word' id='word_1_67' title='bbox 1663 1078 1744 1136; x_wconf 90' lang='lat' dir='ltr'><strong>vel</strong></span> <span class='ocrx_word' id='word_1_68' title='bbox 1761 1094 1959 1151; x_wconf 88' lang='lat' dir='ltr'><strong>quem-</strong></span> 
     </span>
    </p>
   </div>
   <div class='ocr_carea' id='block_1_13' title="bbox 360 1169 1962 1231">
    <p class='ocr_par' dir='ltr' id='par_1_13' title="bbox 360 1169 1962 1231">
     <span class='ocr_line' id='line_1_13' title="bbox 360 1169 1962 1231; baseline 0.002 -4"><span class='ocrx_word' id='word_1_69' title='bbox 360 1169 664 1228; x_wconf 87' lang='lat' dir='ltr'><strong>admodum</strong></span> <span class='ocrx_word' id='word_1_70' title='bbox 718 1181 893 1230; x_wconf 90' lang='lat' dir='ltr'><strong>terras</strong></span> <span class='ocrx_word' id='word_1_71' title='bbox 938 1174 1208 1231; x_wconf 90' lang='lat' dir='ltr'><strong>.vitiorum</strong></span> <span class='ocrx_word' id='word_1_72' title='bbox 1259 1172 1619 1231; x_wconf 90' lang='lat' dir='ltr'><strong>commodum</strong></span> <span class='ocrx_word' id='word_1_73' title='bbox 1671 1173 1834 1230; x_wconf 88' lang='lat' dir='ltr'><strong>nobis</strong></span> <span class='ocrx_word' id='word_1_74' title='bbox 1877 1182 1962 1231; x_wconf 89' lang='lat' dir='ltr'><strong>est</strong></span> 
     </span>
    </p>
   </div>
   <div class='ocr_carea' id='block_1_14' title="bbox 361 1264 671 1340">
    <p class='ocr_par' dir='ltr' id='par_1_14' title="bbox 361 1264 671 1340">
     <span class='ocr_line' id='line_1_14' title="bbox 361 1264 671 1340; baseline 0.006 -18"><span class='ocrx_word' id='word_1_75' title='bbox 361 1264 632 1340; x_wconf 87' lang='lat' dir='ltr'><strong>possidere</strong></span> <span class='ocrx_word' id='word_1_76' title='bbox 647 1270 671 1323; x_wconf 74' lang='grc' dir='ltr'><strong><em>Ρ</em></strong></span> 
     </span>
    </p>
   </div>
   <div class='ocr_carea' id='block_1_15' title="bbox 930 1364 1408 1421">
    <p class='ocr_par' dir='ltr' id='par_1_15' title="bbox 930 1364 1408 1421">
     <span class='ocr_line' id='line_1_15' title="bbox 930 1364 1408 1421; baseline 0 -2"><span class='ocrx_word' id='word_1_77' title='bbox 930 1364 1169 1421; x_wconf 84' lang='lat' dir='ltr'><strong>CAPUT</strong></span> <span class='ocrx_word' id='word_1_78' title='bbox 1212 1366 1408 1420; x_wconf 77' lang='lat' dir='ltr'><strong>XVIII.</strong></span> 
     </span>
    </p>
   </div>
   <div class='ocr_carea' id='block_1_16' title="bbox 360 1466 1954 1536">
    <p class='ocr_par' dir='ltr' id='par_1_16' title="bbox 360 1466 1954 1536">
     <span class='ocr_line' id='line_1_16' title="bbox 360 1466 1954 1536; baseline -0.001 -16"><span class='ocrx_word' id='word_1_79' title='bbox 360 1467 644 1536; x_wconf 78' lang='lat' dir='ltr'><strong>Responsio</strong></span> <span class='ocrx_word' id='word_1_80' title='bbox 677 1467 936 1536; x_wconf 82' lang='lat' dir='ltr'><strong>quomodo</strong></span> <span class='ocrx_word' id='word_1_81' title='bbox 972 1469 1258 1521; x_wconf 76' lang='lat' dir='ltr'><strong>secmtdum</strong></span> <span class='ocrx_word' id='word_1_82' title='bbox 1286 1471 1398 1521; x_wconf 90' lang='lat' dir='ltr'><strong>octo</strong></span> <span class='ocrx_word' id='word_1_83' title='bbox 1419 1467 1555 1521; x_wconf 68' lang='lat' dir='ltr'><strong>vitia</strong></span> <span class='ocrx_word' id='word_1_84' title='bbox 1580 1470 1692 1520; x_wconf 86' lang='lat' dir='ltr'><strong>octo</strong></span> <span class='ocrx_word' id='word_1_85' title='bbox 1715 1466 1954 1534; x_wconf 83' lang='lat' dir='ltr'><strong>gentium</strong></span> 
     </span>
    </p>
   </div>
   <div class='ocr_carea' id='block_1_17' title="bbox 824 1540 1409 1609">
    <p class='ocr_par' dir='ltr' id='par_1_17' title="bbox 824 1540 1409 1609">
     <span class='ocr_line' id='line_1_17' title="bbox 824 1540 1409 1609; baseline 0.003 -17"><span class='ocrx_word' id='word_1_86' title='bbox 824 1554 1079 1593; x_wconf 82' lang='lat' dir='ltr'><strong>numerus</strong></span> <span class='ocrx_word' id='word_1_87' title='bbox 1102 1540 1409 1609; x_wconf 80' lang='lat' dir='ltr'><strong>impleatur.</strong></span> 
     </span>
    </p>
   </div>
   <div class='ocr_carea' id='block_1_18' title="bbox 430 1638 1959 1719">
    <p class='ocr_par' dir='ltr' id='par_1_18' title="bbox 430 1638 1959 1719">
     <span class='ocr_line' id='line_1_18' title="bbox 430 1638 1959 1719; baseline 0.001 -26"><span class='ocrx_word' id='word_1_88' title='bbox 430 1638 694 1710; x_wconf 85' lang='lat' dir='ltr'><strong>Serapion</strong></span> <span class='ocrx_word' id='word_1_89' title='bbox 731 1640 904 1695; x_wconf 91' lang='lat' dir='ltr'><strong>:Octo</strong></span> <span class='ocrx_word' id='word_1_90' title='bbox 949 1654 1068 1695; x_wconf 89' lang='lat' dir='ltr'><strong>esse</strong></span> <span class='ocrx_word' id='word_1_91' title='bbox 1104 1639 1423 1712; x_wconf 88' lang='lat' dir='ltr'><strong>principalia</strong></span> <span class='ocrx_word' id='word_1_92' title='bbox 1440 1638 1577 1719; x_wconf 76' lang='lat' dir='ltr'><strong>vitia</strong></span> <span class='ocrx_word' id='word_1_93' title='bbox 1604 1654 1731 1711; x_wconf 88' lang='lat' dir='ltr'><strong>qua</strong></span> <span class='ocrx_word' id='word_1_94' title='bbox 1779 1639 1959 1711; x_wconf 90' lang='lat' dir='ltr'><strong>impu-</strong></span> 
     </span>
    </p>
   </div>
   <div class='ocr_carea' id='block_1_19' title="bbox 2062 412 3669 487">
    <p class='ocr_par' dir='ltr' id='par_1_19' title="bbox 2062 412 3669 487">
     <span class='ocr_line' id='line_1_19' title="bbox 2062 412 3669 487; baseline -0.007 -8"><span class='ocrx_word' id='word_1_95' title='bbox 2062 425 2114 479; x_wconf 89' lang='lat' dir='ltr'><strong>in</strong></span> <span class='ocrx_word' id='word_1_96' title='bbox 2140 421 2300 479; x_wconf 88' lang='lat' dir='ltr'><strong>nobis</strong></span> <span class='ocrx_word' id='word_1_97' title='bbox 2329 418 2492 477; x_wconf 83' lang='lat' dir='ltr'><strong>edulii</strong></span> <span class='ocrx_word' id='word_1_98' title='bbox 2518 426 2572 475; x_wconf 91' lang='lat' dir='ltr'><strong>et</strong></span> <span class='ocrx_word' id='word_1_99' title='bbox 2597 432 2846 474; x_wconf 85' lang='lat' dir='ltr'><strong>escarum</strong></span> <span class='ocrx_word' id='word_1_100' title='bbox 2883 424 2947 473; x_wconf 90' lang='lat' dir='ltr'><strong>ut</strong></span> <span class='ocrx_word' id='word_1_101' title='bbox 2972 414 3242 487; x_wconf 88' lang='lat' dir='ltr'><strong>ingenitus</strong></span> <span class='ocrx_word' id='word_1_102' title='bbox 3286 427 3352 467; x_wconf 91' lang='lat' dir='ltr'><strong>ac</strong></span> <span class='ocrx_word' id='word_1_103' title='bbox 3396 412 3669 467; x_wconf 84' lang='lat' dir='ltr'><strong>naturalis</strong></span> 
     </span>
    </p>
   </div>
   <div class='ocr_carea' id='block_1_20' title="bbox 2063 504 3671 586">
    <p class='ocr_par' dir='ltr' id='par_1_20' title="bbox 2063 504 3671 586">
     <span class='ocr_line' id='line_1_20' title="bbox 2063 504 3671 586; baseline -0.007 -15"><span class='ocrx_word' id='word_1_104' title='bbox 2063 516 2205 571; x_wconf 85' lang='lat' dir='ltr'><strong>vivet</strong></span> <span class='ocrx_word' id='word_1_105' title='bbox 2236 516 2419 586; x_wconf 90' lang='lat' dir='ltr'><strong>(Lips.</strong></span> <span class='ocrx_word' id='word_1_106' title='bbox 2448 516 2507 568; x_wconf 88' lang='lat' dir='ltr'><strong>in</strong></span> <span class='ocrx_word' id='word_1_107' title='bbox 2529 527 2704 581; x_wconf 84' lang='lat' dir='ltr'><strong>marg.</strong></span> <span class='ocrx_word' id='word_1_108' title='bbox 2736 510 2914 583; x_wconf 82' lang='lat' dir='ltr'><strong>viget)</strong></span> <span class='ocrx_word' id='word_1_109' title='bbox 2941 506 3189 573; x_wconf 87' lang='lat' dir='ltr'><strong>affectus,</strong></span> <span class='ocrx_word' id='word_1_110' title='bbox 3226 504 3354 561; x_wconf 84' lang='lat' dir='ltr'><strong>licet</strong></span> <span class='ocrx_word' id='word_1_111' title='bbox 3379 513 3671 575; x_wconf 85' lang='lat' dir='ltr'><strong>amputare</strong></span> 
     </span>
    </p>
   </div>
   <div class='ocr_carea' id='block_1_21' title="bbox 2062 597 3669 680">
    <p class='ocr_par' dir='ltr' id='par_1_21' title="bbox 2062 597 3669 680">
     <span class='ocr_line' id='line_1_21' title="bbox 2062 597 3669 680; baseline -0.009 -15"><span class='ocrx_word' id='word_1_112' title='bbox 2062 608 2369 680; x_wconf 87' lang='lat' dir='ltr'><strong>superﬂuos</strong></span> <span class='ocrx_word' id='word_1_113' title='bbox 2408 607 2524 680; x_wconf 86' lang='lat' dir='ltr'><strong>ejus</strong></span> <span class='ocrx_word' id='word_1_114' title='bbox 2567 604 2834 678; x_wconf 88' lang='lat' dir='ltr'><strong>appetitus</strong></span> <span class='ocrx_word' id='word_1_115' title='bbox 2878 618 2943 659; x_wconf 92' lang='lat' dir='ltr'><strong>ac</strong></span> <span class='ocrx_word' id='word_1_116' title='bbox 2984 600 3249 657; x_wconf 88' lang='lat' dir='ltr'><strong>desideria</strong></span> <span class='ocrx_word' id='word_1_117' title='bbox 3286 597 3606 653; x_wconf 86' lang='lat' dir='ltr'><strong>festinemus</strong></span> <span class='ocrx_word' id='word_1_118' title='bbox 3648 616 3669 653; x_wconf 89' lang='lat'><strong>:</strong></span> 
     </span>
    </p>
   </div>
   <div class='ocr_carea' id='block_1_22' title="bbox 2065 693 3679 776">
    <p class='ocr_par' dir='ltr' id='par_1_22' title="bbox 2065 693 3679 776">
     <span class='ocr_line' id='line_1_22' title="bbox 2065 693 3679 776; baseline -0.006 -17"><span class='ocrx_word' id='word_1_119' title='bbox 2065 716 2190 776; x_wconf 89' lang='lat' dir='ltr'><strong>qua</strong></span> <span class='ocrx_word' id='word_1_120' title='bbox 2217 702 2359 758; x_wconf 85' lang='lat' dir='ltr'><strong>sicut</strong></span> <span class='ocrx_word' id='word_1_121' title='bbox 2382 716 2478 774; x_wconf 89' lang='lat' dir='ltr'><strong>per</strong></span> <span class='ocrx_word' id='word_1_122' title='bbox 2491 700 2674 757; x_wconf 87' lang='lat' dir='ltr'><strong>omnia</strong></span> <span class='ocrx_word' id='word_1_123' title='bbox 2713 699 2881 756; x_wconf 88' lang='lat' dir='ltr'><strong>deleri</strong></span> <span class='ocrx_word' id='word_1_124' title='bbox 2917 713 3032 754; x_wconf 90' lang='lat' dir='ltr'><strong>non</strong></span> <span class='ocrx_word' id='word_1_125' title='bbox 3066 702 3312 768; x_wconf 86' lang='lat' dir='ltr'><strong>possunt,</strong></span> <span class='ocrx_word' id='word_1_126' title='bbox 3356 693 3433 749; x_wconf 90' lang='lat' dir='ltr'><strong>ita</strong></span> <span class='ocrx_word' id='word_1_127' title='bbox 3463 693 3679 750; x_wconf 86' lang='lat' dir='ltr'><strong>debent</strong></span> 
     </span>
    </p>
   </div>
   <div class='ocr_carea' id='block_1_23' title="bbox 2065 786 3678 870">
    <p class='ocr_par' dir='ltr' id='par_1_23' title="bbox 2065 786 3678 870">
     <span class='ocr_line' id='line_1_23' title="bbox 2065 786 3678 870; baseline -0.007 -17"><span class='ocrx_word' id='word_1_128' title='bbox 2065 795 2301 870; x_wconf 88' lang='lat' dir='ltr'><strong>quadam</strong></span> <span class='ocrx_word' id='word_1_129' title='bbox 2329 794 2688 851; x_wconf 88' lang='lat' dir='ltr'><strong>declinatione</strong></span> <span class='ocrx_word' id='word_1_130' title='bbox 2708 792 2886 850; x_wconf 85' lang='lat' dir='ltr'><strong>vitari.</strong></span> <span class='ocrx_word' id='word_1_131' title='bbox 2920 794 3004 847; x_wconf 93' lang='lat' dir='ltr'><strong>De</strong></span> <span class='ocrx_word' id='word_1_132' title='bbox 3026 789 3128 846; x_wconf 90' lang='lat' dir='ltr'><strong>hac</strong></span> <span class='ocrx_word' id='word_1_133' title='bbox 3153 788 3301 844; x_wconf 89' lang='lat' dir='ltr'><strong>enim</strong></span> <span class='ocrx_word' id='word_1_134' title='bbox 3323 786 3522 844; x_wconf 89' lang='lat' dir='ltr'><strong>dicitur</strong></span> <span class='ocrx_word' id='word_1_135' title='bbox 3547 807 3561 842; x_wconf 89' lang='lat'><strong>:</strong></span> <span class='ocrx_word' id='word_1_136' title='bbox 3592 791 3678 843; x_wconf 82' lang='lat' dir='ltr'><strong>Et</strong></span> 
     </span>
    </p>
   </div>
   <div class='ocr_carea' id='block_1_24' title="bbox 2064 882 3672 957">
    <p class='ocr_par' dir='ltr' id='par_1_24' title="bbox 2064 882 3672 957">
     <span class='ocr_line' id='line_1_24' title="bbox 2064 882 3672 957; baseline -0.007 -10"><span class='ocrx_word' id='word_1_137' title='bbox 2064 894 2243 947; x_wconf 86' lang='lat' dir='ltr'><strong>carnis</strong></span> <span class='ocrx_word' id='word_1_138' title='bbox 2258 906 2443 945; x_wconf 85' lang='lat' dir='ltr'><strong>curam</strong></span> <span class='ocrx_word' id='word_1_139' title='bbox 2452 905 2521 944; x_wconf 88' lang='lat' dir='ltr'><strong>ne</strong></span> <span class='ocrx_word' id='word_1_140' title='bbox 2532 891 2768 957; x_wconf 77' lang='lat' dir='ltr'><strong>feceritis</strong></span> <span class='ocrx_word' id='word_1_141' title='bbox 2784 891 2842 942; x_wconf 84' lang='lat' dir='ltr'><strong>in</strong></span> <span class='ocrx_word' id='word_1_142' title='bbox 2856 885 3142 942; x_wconf 74' lang='lat' dir='ltr'><strong>desideriis</strong></span> <span class='ocrx_word' id='word_1_143' title='bbox 3156 882 3337 954; x_wconf 85' lang='lat' dir='ltr'><strong>(Rom.</strong></span> <span class='ocrx_word' id='word_1_144' title='bbox 3353 882 3501 952; x_wconf 86' lang='lat' dir='ltr'><strong>xm)</strong></span> <span class='ocrx_word' id='word_1_145' title='bbox 3521 882 3672 937; x_wconf 85' lang='lat' dir='ltr'><strong>Dum</strong></span> 
     </span>
    </p>
   </div>
   <div class='ocr_carea' id='block_1_25' title="bbox 2066 976 3677 1059">
    <p class='ocr_par' dir='ltr' id='par_1_25' title="bbox 2066 976 3677 1059">
     <span class='ocr_line' id='line_1_25' title="bbox 2066 976 3677 1059; baseline -0.008 -16"><span class='ocrx_word' id='word_1_146' title='bbox 2066 986 2231 1059; x_wconf 88' lang='lat' dir='ltr'><strong>hujus</strong></span> <span class='ocrx_word' id='word_1_147' title='bbox 2257 1000 2385 1059; x_wconf 90' lang='lat' dir='ltr'><strong>ergo</strong></span> <span class='ocrx_word' id='word_1_148' title='bbox 2413 1000 2560 1042; x_wconf 90' lang='lat' dir='ltr'><strong>cura</strong></span> <span class='ocrx_word' id='word_1_149' title='bbox 2590 998 2761 1057; x_wconf 90' lang='lat' dir='ltr'><strong>quam</strong></span> <span class='ocrx_word' id='word_1_150' title='bbox 2798 980 3147 1054; x_wconf 88' lang='lat' dir='ltr'><strong>pracipimur</strong></span> <span class='ocrx_word' id='word_1_151' title='bbox 3187 992 3305 1033; x_wconf 90' lang='lat' dir='ltr'><strong>non</strong></span> <span class='ocrx_word' id='word_1_152' title='bbox 3345 992 3443 1048; x_wconf 91' lang='lat' dir='ltr'><strong>per</strong></span> <span class='ocrx_word' id='word_1_153' title='bbox 3477 976 3677 1032; x_wconf 85' lang='lat' dir='ltr'><strong>omnia</strong></span> 
     </span>
    </p>
   </div>
   <div class='ocr_carea' id='block_1_26' title="bbox 2065 1070 3679 1149">
    <p class='ocr_par' dir='ltr' id='par_1_26' title="bbox 2065 1070 3679 1149">
     <span class='ocr_line' id='line_1_26' title="bbox 2065 1070 3679 1149; baseline -0.007 -13"><span class='ocrx_word' id='word_1_154' title='bbox 2065 1078 2399 1146; x_wconf 83' lang='lat' dir='ltr'><strong>abscindere,</strong></span> <span class='ocrx_word' id='word_1_155' title='bbox 2439 1077 2536 1135; x_wconf 90' lang='lat' dir='ltr'><strong>sed</strong></span> <span class='ocrx_word' id='word_1_156' title='bbox 2579 1077 2784 1149; x_wconf 87' lang='lat' dir='ltr'><strong>absque</strong></span> <span class='ocrx_word' id='word_1_157' title='bbox 2826 1073 3108 1131; x_wconf 88' lang='lat' dir='ltr'><strong>desideriis</strong></span> <span class='ocrx_word' id='word_1_158' title='bbox 3145 1070 3422 1138; x_wconf 89' lang='lat' dir='ltr'><strong>exhibere,</strong></span> <span class='ocrx_word' id='word_1_159' title='bbox 3461 1070 3679 1126; x_wconf 84' lang='lat' dir='ltr'><strong>retine-</strong></span> 
     </span>
    </p>
   </div>
   <div class='ocr_carea' id='block_1_27' title="bbox 2066 1166 3677 1245">
    <p class='ocr_par' dir='ltr' id='par_1_27' title="bbox 2066 1166 3677 1245">
     <span class='ocr_line' id='line_1_27' title="bbox 2066 1166 3677 1245; baseline -0.007 -14"><span class='ocrx_word' id='word_1_160' title='bbox 2066 1190 2191 1231; x_wconf 91' lang='lat' dir='ltr'><strong>mus</strong></span> <span class='ocrx_word' id='word_1_161' title='bbox 2218 1172 2506 1243; x_wconf 82' lang='lat' dir='ltr'><strong>afl&#39;ectum,</strong></span> <span class='ocrx_word' id='word_1_162' title='bbox 2548 1171 2827 1229; x_wconf 85' lang='lat' dir='ltr'><strong>evidenter</strong></span> <span class='ocrx_word' id='word_1_163' title='bbox 2877 1169 3187 1245; x_wconf 70' lang='lat' dir='ltr'><strong>Egyptiam</strong></span> <span class='ocrx_word' id='word_1_164' title='bbox 3231 1166 3510 1222; x_wconf 89' lang='lat' dir='ltr'><strong>nationem</strong></span> <span class='ocrx_word' id='word_1_165' title='bbox 3552 1180 3677 1221; x_wconf 87' lang='lat' dir='ltr'><strong>non</strong></span> 
     </span>
    </p>
   </div>
   <div class='ocr_carea' id='block_1_28' title="bbox 2064 1260 3677 1341">
    <p class='ocr_par' dir='ltr' id='par_1_28' title="bbox 2064 1260 3677 1341">
     <span class='ocr_line' id='line_1_28' title="bbox 2064 1260 3677 1341; baseline -0.006 -16"><span class='ocrx_word' id='word_1_166' title='bbox 2064 1268 2482 1341; x_wconf 82' lang='lat' dir='ltr'><strong>exstinguimus,</strong></span> <span class='ocrx_word' id='word_1_167' title='bbox 2515 1266 2613 1324; x_wconf 90' lang='lat' dir='ltr'><strong>sed</strong></span> <span class='ocrx_word' id='word_1_168' title='bbox 2631 1267 2700 1323; x_wconf 90' lang='lat' dir='ltr'><strong>ab</strong></span> <span class='ocrx_word' id='word_1_169' title='bbox 2738 1266 2853 1338; x_wconf 88' lang='lat' dir='ltr'><strong>ipsa</strong></span> <span class='ocrx_word' id='word_1_170' title='bbox 2886 1263 3123 1336; x_wconf 89' lang='lat' dir='ltr'><strong>quadam</strong></span> <span class='ocrx_word' id='word_1_171' title='bbox 3164 1260 3487 1318; x_wconf 87' lang='lat' dir='ltr'><strong>discretione</strong></span> <span class='ocrx_word' id='word_1_172' title='bbox 3507 1274 3677 1332; x_wconf 87' lang='lat' dir='ltr'><strong>sepa-</strong></span> 
     </span>
    </p>
   </div>
   <div class='ocr_carea' id='block_1_29' title="bbox 2064 1354 3675 1435">
    <p class='ocr_par' dir='ltr' id='par_1_29' title="bbox 2064 1354 3675 1435">
     <span class='ocr_line' id='line_1_29' title="bbox 2064 1354 3675 1435; baseline -0.007 -15"><span class='ocrx_word' id='word_1_173' title='bbox 2064 1379 2269 1432; x_wconf 88' lang='lat' dir='ltr'><strong>ramur,</strong></span> <span class='ocrx_word' id='word_1_174' title='bbox 2301 1378 2414 1419; x_wconf 89' lang='lat' dir='ltr'><strong>non</strong></span> <span class='ocrx_word' id='word_1_175' title='bbox 2436 1362 2505 1419; x_wconf 91' lang='lat' dir='ltr'><strong>de</strong></span> <span class='ocrx_word' id='word_1_176' title='bbox 2543 1361 2831 1435; x_wconf 82' lang='lat' dir='ltr'><strong>superﬂuis</strong></span> <span class='ocrx_word' id='word_1_177' title='bbox 2854 1375 2951 1416; x_wconf 90' lang='lat' dir='ltr'><strong>seu</strong></span> <span class='ocrx_word' id='word_1_178' title='bbox 2993 1356 3321 1414; x_wconf 87' lang='lat' dir='ltr'><strong>lautioribus</strong></span> <span class='ocrx_word' id='word_1_179' title='bbox 3346 1354 3536 1427; x_wconf 73' lang='lat' dir='ltr'><strong>[epulis</strong></span> <span class='ocrx_word' id='word_1_180' title='bbox 3570 1370 3675 1409; x_wconf 88' lang='lat' dir='ltr'><strong>co-</strong></span> 
     </span>
    </p>
   </div>
   <div class='ocr_carea' id='block_1_30' title="bbox 2063 1449 3679 1531">
    <p class='ocr_par' dir='ltr' id='par_1_30' title="bbox 2063 1449 3679 1531">
     <span class='ocr_line' id='line_1_30' title="bbox 2063 1449 3679 1531; baseline -0.007 -15"><span class='ocrx_word' id='word_1_181' title='bbox 2063 1458 2319 1531; x_wconf 88' lang='lat' dir='ltr'><strong>gitantes,</strong></span> <span class='ocrx_word' id='word_1_182' title='bbox 2346 1456 2463 1526; x_wconf 87' lang='lat' dir='ltr'><strong>sed,</strong></span> <span class='ocrx_word' id='word_1_183' title='bbox 2485 1455 2791 1514; x_wconf 89' lang='lat' dir='ltr'><strong>secundum</strong></span> <span class='ocrx_word' id='word_1_184' title='bbox 2818 1452 3166 1526; x_wconf 78' lang='lat' dir='ltr'><strong>Apostolum,</strong></span> <span class='ocrx_word' id='word_1_185' title='bbox 3187 1451 3333 1507; x_wconf 90' lang='lat' dir='ltr'><strong>victu</strong></span> <span class='ocrx_word' id='word_1_186' title='bbox 3355 1449 3679 1522; x_wconf 88' lang='lat' dir='ltr'><strong>quotidiano</strong></span> 
     </span>
    </p>
   </div>
   <div class='ocr_carea' id='block_1_31' title="bbox 2065 1542 3678 1622">
    <p class='ocr_par' dir='ltr' id='par_1_31' title="bbox 2065 1542 3678 1622">
     <span class='ocr_line' id='line_1_31' title="bbox 2065 1542 3678 1622; baseline -0.007 -14"><span class='ocrx_word' id='word_1_187' title='bbox 2065 1554 2495 1622; x_wconf 90' lang='lat' dir='ltr'><strong>indumentoque</strong></span> <span class='ocrx_word' id='word_1_188' title='bbox 2518 1549 2758 1606; x_wconf 90' lang='lat' dir='ltr'><strong>contenti</strong></span> <span class='ocrx_word' id='word_1_189' title='bbox 2782 1548 2840 1619; x_wconf 92' lang='grc' dir='ltr'>(Ι</span> <span class='ocrx_word' id='word_1_190' title='bbox 2866 1550 3003 1604; x_wconf 86' lang='lat' dir='ltr'><strong>Tim.</strong></span> <span class='ocrx_word' id='word_1_191' title='bbox 3024 1561 3092 1602; x_wconf 78' lang='lat' dir='ltr'><strong>vr</strong></span> <span class='ocrx_word' id='word_1_192' title='bbox 3114 1546 3153 1617; x_wconf 90' lang='lat'><strong>).</strong></span> <span class='ocrx_word' id='word_1_193' title='bbox 3186 1543 3352 1615; x_wconf 87' lang='lat' dir='ltr'><strong>Quod</strong></span> <span class='ocrx_word' id='word_1_194' title='bbox 3375 1543 3449 1599; x_wconf 88' lang='lat' dir='ltr'><strong>ita</strong></span> <span class='ocrx_word' id='word_1_195' title='bbox 3470 1542 3678 1615; x_wconf 82' lang='lat' dir='ltr'><strong>ﬁgura-</strong></span> 
     </span>
    </p>
   </div>
   <div class='ocr_carea' id='block_1_32' title="bbox 2067 1641 3675 1718">
    <p class='ocr_par' dir='ltr' id='par_1_32' title="bbox 2067 1641 3675 1718">
     <span class='ocr_line' id='line_1_32' title="bbox 2067 1641 3675 1718; baseline -0.007 -14"><span class='ocrx_word' id='word_1_196' title='bbox 2067 1649 2218 1704; x_wconf 89' lang='lat' dir='ltr'><strong>litere</strong></span> <span class='ocrx_word' id='word_1_197' title='bbox 2237 1647 2374 1702; x_wconf 86' lang='lat' dir='ltr'><strong>tiam</strong></span> <span class='ocrx_word' id='word_1_198' title='bbox 2390 1646 2446 1701; x_wconf 93' lang='lat' dir='ltr'><strong>in</strong></span> <span class='ocrx_word' id='word_1_199' title='bbox 2465 1646 2579 1718; x_wconf 88' lang='lat' dir='ltr'><strong>lege</strong></span> <span class='ocrx_word' id='word_1_200' title='bbox 2589 1644 2884 1700; x_wconf 89' lang='lat' dir='ltr'><strong>mandatur</strong></span> <span class='ocrx_word' id='word_1_201' title='bbox 2905 1658 2920 1697; x_wconf 90' lang='lat'><strong>:</strong></span> <span class='ocrx_word' id='word_1_202' title='bbox 2939 1645 3056 1699; x_wconf 89' lang='lat' dir='ltr'><strong>Non</strong></span> <span class='ocrx_word' id='word_1_203' title='bbox 3066 1641 3457 1695; x_wconf 85' lang='lat' dir='ltr'><strong>abominaberis</strong></span> <span class='ocrx_word' id='word_1_204' title='bbox 3466 1641 3675 1709; x_wconf 66' lang='lat' dir='ltr'><strong>Egyp-</strong></span> 
     </span>
    </p>
   </div>
   <div class='ocr_carea' id='block_1_33' title="bbox 361 1730 3677 1811">
    <p class='ocr_par' dir='ltr' id='par_1_33' title="bbox 361 1730 3677 1811">
     <span class='ocr_line' id='line_1_33' title="bbox 361 1730 3677 1811; baseline 0 -24"><span class='ocrx_word' id='word_1_205' title='bbox 361 1742 530 1804; x_wconf 86' lang='lat' dir='ltr'><strong>gnant</strong></span> <span class='ocrx_word' id='word_1_206' title='bbox 554 1733 912 1802; x_wconf 86' lang='lat' dir='ltr'><strong>monachum,</strong></span> <span class='ocrx_word' id='word_1_207' title='bbox 950 1742 1276 1790; x_wconf 89' lang='lat' dir='ltr'><strong>cunctorum</strong></span> <span class='ocrx_word' id='word_1_208' title='bbox 1301 1732 1547 1789; x_wconf 87' lang='lat' dir='ltr'><strong>absoluta</strong></span> <span class='ocrx_word' id='word_1_209' title='bbox 1571 1730 1840 1788; x_wconf 86' lang='lat' dir='ltr'><strong>sententia</strong></span> <span class='ocrx_word' id='word_1_210' title='bbox 1864 1742 1961 1789; x_wconf 89' lang='lat' dir='ltr'><strong>est.</strong></span> <span class='ocrx_word' id='word_1_211' title='bbox 1995 1735 2044 1797; x_wconf 93' lang='lat' dir='ltr'><strong>B</strong></span> <span class='ocrx_word' id='word_1_212' title='bbox 2077 1746 2232 1805; x_wconf 81' lang='lat' dir='ltr'><strong>tium,</strong></span> <span class='ocrx_word' id='word_1_213' title='bbox 2258 1743 2387 1811; x_wconf 85' lang='lat' dir='ltr'><strong>quia</strong></span> <span class='ocrx_word' id='word_1_214' title='bbox 2418 1740 2585 1806; x_wconf 79' lang='lat' dir='ltr'><strong>fuisti</strong></span> <span class='ocrx_word' id='word_1_215' title='bbox 2605 1738 2783 1792; x_wconf 87' lang='lat' dir='ltr'><strong>incola</strong></span> <span class='ocrx_word' id='word_1_216' title='bbox 2806 1739 3023 1792; x_wconf 86' lang='lat' dir='ltr'><strong>interra</strong></span> <span class='ocrx_word' id='word_1_217' title='bbox 3048 1734 3164 1804; x_wconf 87' lang='lat' dir='ltr'><strong>ejus</strong></span> <span class='ocrx_word' id='word_1_218' title='bbox 3196 1734 3429 1804; x_wconf 77' lang='lat' dir='ltr'><strong>(Denter.</strong></span> <span class='ocrx_word' id='word_1_219' title='bbox 3458 1736 3677 1803; x_wconf 82' lang='lat' dir='ltr'><strong>xxm).</strong></span> 
     </span>
    </p>
   </div>
   <div class='ocr_carea' id='block_1_34' title="bbox 361 1814 1972 1903">
    <p class='ocr_par' dir='ltr' id='par_1_34' title="bbox 361 1814 1972 1903">
     <span class='ocr_line' id='line_1_34' title="bbox 361 1814 1972 1903; baseline 0.001 -19"><span class='ocrx_word' id='word_1_220' title='bbox 361 1829 500 1897; x_wconf 89' lang='lat' dir='ltr'><strong>Qua</strong></span> <span class='ocrx_word' id='word_1_221' title='bbox 522 1829 821 1902; x_wconf 83' lang='lat' dir='ltr'><strong>ﬁguraliter</strong></span> <span class='ocrx_word' id='word_1_222' title='bbox 844 1829 950 1886; x_wconf 89' lang='lat' dir='ltr'><strong>sub</strong></span> <span class='ocrx_word' id='word_1_223' title='bbox 986 1831 1235 1903; x_wconf 88' lang='lat' dir='ltr'><strong>gentium</strong></span> <span class='ocrx_word' id='word_1_224' title='bbox 1263 1814 1528 1885; x_wconf 68' lang='lat' dir='ltr'><strong>vocabulo</strong></span> <span class='ocrx_word' id='word_1_225' title='bbox 1553 1829 1853 1895; x_wconf 88' lang='lat' dir='ltr'><strong>nominata,</strong></span> <span class='ocrx_word' id='word_1_226' title='bbox 1894 1829 1972 1885; x_wconf 91' lang='lat' dir='ltr'><strong>id-</strong></span> 
     </span>
    </p>
   </div>
   <div class='ocr_carea' id='block_1_35' title="bbox 362 1921 1971 1997">
    <p class='ocr_par' dir='ltr' id='par_1_35' title="bbox 362 1921 1971 1997">
     <span class='ocr_line' id='line_1_35' title="bbox 362 1921 1971 1997; baseline 0 -18"><span class='ocrx_word' id='word_1_227' title='bbox 362 1924 505 1980; x_wconf 92' lang='lat' dir='ltr'><strong>circo</strong></span> <span class='ocrx_word' id='word_1_228' title='bbox 516 1940 663 1981; x_wconf 89' lang='lat' dir='ltr'><strong>nunc</strong></span> <span class='ocrx_word' id='word_1_229' title='bbox 683 1926 870 1981; x_wconf 87' lang='lat' dir='ltr'><strong>omnia</strong></span> <span class='ocrx_word' id='word_1_230' title='bbox 896 1940 1009 1980; x_wconf 89' lang='lat' dir='ltr'><strong>non</strong></span> <span class='ocrx_word' id='word_1_231' title='bbox 1032 1932 1328 1997; x_wconf 90' lang='lat' dir='ltr'><strong>ponuntur,</strong></span> <span class='ocrx_word' id='word_1_232' title='bbox 1355 1937 1420 1979; x_wconf 89' lang='lat' dir='ltr'><strong>eo</strong></span> <span class='ocrx_word' id='word_1_233' title='bbox 1443 1922 1593 1995; x_wconf 88' lang='lat' dir='ltr'><strong>quod</strong></span> <span class='ocrx_word' id='word_1_234' title='bbox 1610 1923 1840 1995; x_wconf 82' lang='lat' dir='ltr'><strong>egressis</strong></span> <span class='ocrx_word' id='word_1_235' title='bbox 1855 1921 1971 1995; x_wconf 88' lang='lat' dir='ltr'><strong>jam</strong></span> 
     </span>
    </p>
   </div>
   <div class='ocr_carea' id='block_1_36' title="bbox 362 2017 1969 2092">
    <p class='ocr_par' dir='ltr' id='par_1_36' title="bbox 362 2017 1969 2092">
     <span class='ocr_line' id='line_1_36' title="bbox 362 2017 1969 2092; baseline 0.001 -15"><span class='ocrx_word' id='word_1_236' title='bbox 362 2021 431 2077; x_wconf 91' lang='lat' dir='ltr'><strong>de</strong></span> <span class='ocrx_word' id='word_1_237' title='bbox 473 2023 708 2092; x_wconf 69' lang='lat' dir='ltr'><strong>Egypto</strong></span> <span class='ocrx_word' id='word_1_238' title='bbox 749 2028 805 2075; x_wconf 91' lang='lat' dir='ltr'><strong>et</strong></span> <span class='ocrx_word' id='word_1_239' title='bbox 851 2018 1089 2075; x_wconf 85' lang='lat' dir='ltr'><strong>liberatis</strong></span> <span class='ocrx_word' id='word_1_240' title='bbox 1135 2018 1203 2073; x_wconf 91' lang='lat' dir='ltr'><strong>ab</strong></span> <span class='ocrx_word' id='word_1_241' title='bbox 1246 2034 1357 2073; x_wconf 90' lang='lat' dir='ltr'><strong>una</strong></span> <span class='ocrx_word' id='word_1_242' title='bbox 1405 2025 1564 2089; x_wconf 88' lang='lat' dir='ltr'><strong>gente</strong></span> <span class='ocrx_word' id='word_1_243' title='bbox 1614 2017 1969 2078; x_wconf 60' lang='lat' dir='ltr'><strong>validissima.</strong></span> 
     </span>
    </p>
   </div>
   <div class='ocr_carea' id='block_1_37' title="bbox 366 2111 1966 2186">
    <p class='ocr_par' dir='ltr' id='par_1_37' title="bbox 366 2111 1966 2186">
     <span class='ocr_line' id='line_1_37' title="bbox 366 2111 1966 2186; baseline -0.001 -15"><span class='ocrx_word' id='word_1_244' title='bbox 366 2114 420 2171; x_wconf 92' lang='lat' dir='ltr'><strong>id</strong></span> <span class='ocrx_word' id='word_1_245' title='bbox 441 2124 545 2183; x_wconf 91' lang='lat' dir='ltr'><strong>est,</strong></span> <span class='ocrx_word' id='word_1_246' title='bbox 570 2114 971 2186; x_wconf 64' lang='lat' dir='ltr'><strong>Egyptiorum,</strong></span> <span class='ocrx_word' id='word_1_247' title='bbox 995 2116 1233 2185; x_wconf 82' lang='lat' dir='ltr'><strong>Moyses,</strong></span> <span class='ocrx_word' id='word_1_248' title='bbox 1250 2111 1334 2167; x_wconf 88' lang='lat' dir='ltr'><strong>vel</strong></span> <span class='ocrx_word' id='word_1_249' title='bbox 1359 2127 1454 2183; x_wconf 89' lang='lat' dir='ltr'><strong>per</strong></span> <span class='ocrx_word' id='word_1_250' title='bbox 1474 2113 1653 2184; x_wconf 91' lang='lat' dir='ltr'><strong>ipsum</strong></span> <span class='ocrx_word' id='word_1_251' title='bbox 1679 2112 1966 2183; x_wconf 89' lang='lat' dir='ltr'><strong>Dominus,</strong></span> 
     </span>
    </p>
   </div>
   <div class='ocr_carea' id='block_1_38' title="bbox 365 2206 1971 2280">
    <p class='ocr_par' dir='ltr' id='par_1_38' title="bbox 365 2206 1971 2280">
     <span class='ocr_line' id='line_1_38' title="bbox 365 2206 1971 2280; baseline -0.001 -15"><span class='ocrx_word' id='word_1_252' title='bbox 365 2210 417 2265; x_wconf 89' lang='lat' dir='ltr'><strong>in</strong></span> <span class='ocrx_word' id='word_1_253' title='bbox 444 2207 872 2265; x_wconf 88' lang='lat' dir='ltr'><strong>Deuterouomio</strong></span> <span class='ocrx_word' id='word_1_254' title='bbox 917 2207 1240 2279; x_wconf 88' lang='lat' dir='ltr'><strong>loquebatur</strong></span> <span class='ocrx_word' id='word_1_255' title='bbox 1279 2206 1516 2277; x_wconf 81' lang='lat' dir='ltr'><strong>(Denter.</strong></span> <span class='ocrx_word' id='word_1_256' title='bbox 1546 2209 1692 2280; x_wconf 88' lang='lat' dir='ltr'><strong>vu).</strong></span> <span class='ocrx_word' id='word_1_257' title='bbox 1728 2211 1862 2280; x_wconf 91' lang='lat' dir='ltr'><strong>Qua</strong></span> <span class='ocrx_word' id='word_1_258' title='bbox 1907 2208 1971 2263; x_wconf 86' lang='lat' dir='ltr'><strong>ﬁ-</strong></span> 
     </span>
    </p>
   </div>
   <div class='ocr_carea' id='block_1_39' title="bbox 364 2301 1966 2374">
    <p class='ocr_par' dir='ltr' id='par_1_39' title="bbox 364 2301 1966 2374">
     <span class='ocr_line' id='line_1_39' title="bbox 364 2301 1966 2374; baseline 0.002 -18"><span class='ocrx_word' id='word_1_259' title='bbox 364 2317 500 2371; x_wconf 87' lang='lat' dir='ltr'><strong>gura</strong></span> <span class='ocrx_word' id='word_1_260' title='bbox 534 2302 585 2356; x_wconf 91' lang='lat' dir='ltr'><strong>in</strong></span> <span class='ocrx_word' id='word_1_261' title='bbox 607 2301 769 2357; x_wconf 89' lang='lat' dir='ltr'><strong>nobis</strong></span> <span class='ocrx_word' id='word_1_262' title='bbox 792 2315 1009 2373; x_wconf 90' lang='lat' dir='ltr'><strong>quoque</strong></span> <span class='ocrx_word' id='word_1_263' title='bbox 1029 2301 1336 2356; x_wconf 86' lang='lat' dir='ltr'><strong>rectissime</strong></span> <span class='ocrx_word' id='word_1_264' title='bbox 1354 2309 1501 2357; x_wconf 89' lang='lat' dir='ltr'><strong>stare</strong></span> <span class='ocrx_word' id='word_1_265' title='bbox 1527 2301 1966 2374; x_wconf 88' lang='lat' dir='ltr'><strong>deprehenditur,</strong></span> 
     </span>
    </p>
   </div>
   <div class='ocr_carea' id='block_1_40' title="bbox 364 2391 1965 2465">
    <p class='ocr_par' dir='ltr' id='par_1_40' title="bbox 364 2391 1965 2465">
     <span class='ocr_line' id='line_1_40' title="bbox 364 2391 1965 2465; baseline 0.001 -17"><span class='ocrx_word' id='word_1_266' title='bbox 364 2393 455 2463; x_wconf 90' lang='lat' dir='ltr'><strong>qui</strong></span> <span class='ocrx_word' id='word_1_267' title='bbox 478 2391 548 2449; x_wconf 88' lang='lat' dir='ltr'><strong>de</strong></span> <span class='ocrx_word' id='word_1_268' title='bbox 567 2392 747 2448; x_wconf 81' lang='lat' dir='ltr'><strong>saculi</strong></span> <span class='ocrx_word' id='word_1_269' title='bbox 787 2392 993 2463; x_wconf 85' lang='lat' dir='ltr'><strong>laqueis</strong></span> <span class='ocrx_word' id='word_1_270' title='bbox 1019 2391 1272 2463; x_wconf 82' lang='lat' dir='ltr'><strong>expediti,</strong></span> <span class='ocrx_word' id='word_1_271' title='bbox 1318 2393 1732 2465; x_wconf 83' lang='lat' dir='ltr'><strong>gastrimargia,</strong></span> <span class='ocrx_word' id='word_1_272' title='bbox 1764 2393 1817 2450; x_wconf 88' lang='lat' dir='ltr'><strong>id</strong></span> <span class='ocrx_word' id='word_1_273' title='bbox 1863 2402 1965 2459; x_wconf 88' lang='lat' dir='ltr'><strong>est,</strong></span> 
     </span>
    </p>
   </div>
   <div class='ocr_carea' id='block_1_41' title="bbox 367 2486 1970 2560">
    <p class='ocr_par' dir='ltr' id='par_1_41' title="bbox 367 2486 1970 2560">
     <span class='ocr_line' id='line_1_41' title="bbox 367 2486 1970 2560; baseline 0.003 -20"><span class='ocrx_word' id='word_1_274' title='bbox 367 2487 573 2544; x_wconf 85' lang='lat' dir='ltr'><strong>ventris</strong></span> <span class='ocrx_word' id='word_1_275' title='bbox 601 2487 683 2544; x_wconf 89' lang='lat' dir='ltr'><strong>vel</strong></span> <span class='ocrx_word' id='word_1_276' title='bbox 709 2487 849 2560; x_wconf 89' lang='lat' dir='ltr'><strong>gula</strong></span> <span class='ocrx_word' id='word_1_277' title='bbox 867 2487 999 2542; x_wconf 90' lang='lat' dir='ltr'><strong>vitio</strong></span> <span class='ocrx_word' id='word_1_278' title='bbox 1019 2486 1263 2543; x_wconf 89' lang='lat' dir='ltr'><strong>caruisse</strong></span> <span class='ocrx_word' id='word_1_279' title='bbox 1286 2486 1688 2560; x_wconf 89' lang='lat' dir='ltr'><strong>cognoscimur.</strong></span> <span class='ocrx_word' id='word_1_280' title='bbox 1718 2490 1791 2545; x_wconf 90' lang='lat' dir='ltr'><strong>Et</strong></span> <span class='ocrx_word' id='word_1_281' title='bbox 1803 2487 1970 2545; x_wconf 91' lang='lat' dir='ltr'><strong>habe-</strong></span> 
     </span>
    </p>
   </div>
   <div class='ocr_carea' id='block_1_42' title="bbox 365 2580 1967 2655">
    <p class='ocr_par' dir='ltr' id='par_1_42' title="bbox 365 2580 1967 2655">
     <span class='ocr_line' id='line_1_42' title="bbox 365 2580 1967 2655; baseline 0.001 -17"><span class='ocrx_word' id='word_1_282' title='bbox 365 2597 491 2638; x_wconf 90' lang='lat' dir='ltr'><strong>mus</strong></span> <span class='ocrx_word' id='word_1_283' title='bbox 506 2582 625 2654; x_wconf 90' lang='lat' dir='ltr'><strong>jam</strong></span> <span class='ocrx_word' id='word_1_284' title='bbox 664 2590 855 2638; x_wconf 87' lang='lat' dir='ltr'><strong>contra</strong></span> <span class='ocrx_word' id='word_1_285' title='bbox 902 2581 1001 2637; x_wconf 89' lang='lat' dir='ltr'><strong>has</strong></span> <span class='ocrx_word' id='word_1_286' title='bbox 1039 2580 1287 2638; x_wconf 88' lang='lat' dir='ltr'><strong>residuas</strong></span> <span class='ocrx_word' id='word_1_287' title='bbox 1326 2591 1533 2655; x_wconf 88' lang='lat' dir='ltr'><strong>septem</strong></span> <span class='ocrx_word' id='word_1_288' title='bbox 1578 2591 1765 2655; x_wconf 84' lang='lat' dir='ltr'><strong>gentes</strong></span> <span class='ocrx_word' id='word_1_289' title='bbox 1805 2583 1967 2641; x_wconf 90' lang='lat' dir='ltr'><strong>simili</strong></span> 
     </span>
    </p>
   </div>
   <div class='ocr_carea' id='block_1_43' title="bbox 363 2676 1965 2750">
    <p class='ocr_par' dir='ltr' id='par_1_43' title="bbox 363 2676 1965 2750">
     <span class='ocr_line' id='line_1_43' title="bbox 363 2676 1965 2750; baseline 0.002 -17"><span class='ocrx_word' id='word_1_290' title='bbox 363 2678 574 2733; x_wconf 87' lang='lat' dir='ltr'><strong>ratione</strong></span> <span class='ocrx_word' id='word_1_291' title='bbox 607 2677 947 2743; x_wconf 82' lang='lat' dir='ltr'><strong>conflictum,</strong></span> <span class='ocrx_word' id='word_1_292' title='bbox 996 2676 1177 2748; x_wconf 81' lang='lat' dir='ltr'><strong>prima</strong></span> <span class='ocrx_word' id='word_1_293' title='bbox 1205 2677 1412 2733; x_wconf 88' lang='lat' dir='ltr'><strong>scilicet</strong></span> <span class='ocrx_word' id='word_1_294' title='bbox 1452 2692 1576 2749; x_wconf 90' lang='lat' dir='ltr'><strong>qua</strong></span> <span class='ocrx_word' id='word_1_295' title='bbox 1604 2678 1723 2750; x_wconf 88' lang='lat' dir='ltr'><strong>jam</strong></span> <span class='ocrx_word' id='word_1_296' title='bbox 1766 2677 1965 2736; x_wconf 89' lang='lat' dir='ltr'><strong>divicta</strong></span> 
     </span>
    </p>
   </div>
   <div class='ocr_carea' id='block_1_44' title="bbox 364 2771 1966 2847">
    <p class='ocr_par' dir='ltr' id='par_1_44' title="bbox 364 2771 1966 2847">
     <span class='ocr_line' id='line_1_44' title="bbox 364 2771 1966 2847; baseline 0.002 -20"><span class='ocrx_word' id='word_1_297' title='bbox 364 2778 449 2828; x_wconf 89' lang='lat' dir='ltr'><strong>est</strong></span> <span class='ocrx_word' id='word_1_298' title='bbox 475 2771 704 2828; x_wconf 86' lang='lat' dir='ltr'><strong>minime</strong></span> <span class='ocrx_word' id='word_1_299' title='bbox 731 2778 1076 2844; x_wconf 86' lang='lat' dir='ltr'><strong>computata;</strong></span> <span class='ocrx_word' id='word_1_300' title='bbox 1106 2771 1261 2843; x_wconf 88' lang='lat' dir='ltr'><strong>cujus</strong></span> <span class='ocrx_word' id='word_1_301' title='bbox 1284 2771 1447 2827; x_wconf 90' lang='lat' dir='ltr'><strong>etiam</strong></span> <span class='ocrx_word' id='word_1_302' title='bbox 1483 2779 1625 2829; x_wconf 89' lang='lat' dir='ltr'><strong>terra</strong></span> <span class='ocrx_word' id='word_1_303' title='bbox 1667 2772 1722 2828; x_wconf 90' lang='lat' dir='ltr'><strong>in</strong></span> <span class='ocrx_word' id='word_1_304' title='bbox 1754 2789 1966 2847; x_wconf 86' lang='lat' dir='ltr'><strong>posses-</strong></span> 
     </span>
    </p>
   </div>
   <div class='ocr_carea' id='block_1_45' title="bbox 364 2864 1966 2939">
    <p class='ocr_par' dir='ltr' id='par_1_45' title="bbox 364 2864 1966 2939">
     <span class='ocr_line' id='line_1_45' title="bbox 364 2864 1966 2939; baseline 0 -17"><span class='ocrx_word' id='word_1_305' title='bbox 364 2866 573 2923; x_wconf 90' lang='lat' dir='ltr'><strong>sionem</strong></span> <span class='ocrx_word' id='word_1_306' title='bbox 595 2866 785 2924; x_wconf 85' lang='lat' dir='ltr'><strong>lsraeli</strong></span> <span class='ocrx_word' id='word_1_307' title='bbox 808 2882 920 2923; x_wconf 91' lang='lat' dir='ltr'><strong>non</strong></span> <span class='ocrx_word' id='word_1_308' title='bbox 949 2865 1130 2931; x_wconf 89' lang='lat' dir='ltr'><strong>datur,</strong></span> <span class='ocrx_word' id='word_1_309' title='bbox 1157 2864 1253 2921; x_wconf 89' lang='lat' dir='ltr'><strong>sed</strong></span> <span class='ocrx_word' id='word_1_310' title='bbox 1279 2873 1342 2921; x_wconf 92' lang='lat' dir='ltr'><strong>ut</strong></span> <span class='ocrx_word' id='word_1_311' title='bbox 1365 2867 1579 2925; x_wconf 87' lang='lat' dir='ltr'><strong>deserat</strong></span> <span class='ocrx_word' id='word_1_312' title='bbox 1607 2881 1730 2922; x_wconf 91' lang='lat' dir='ltr'><strong>eam</strong></span> <span class='ocrx_word' id='word_1_313' title='bbox 1776 2883 1966 2939; x_wconf 82' lang='lat' dir='ltr'><strong>perpe-</strong></span> 
     </span>
    </p>
   </div>
   <div class='ocr_carea' id='block_1_46' title="bbox 364 2957 1963 3032">
    <p class='ocr_par' dir='ltr' id='par_1_46' title="bbox 364 2957 1963 3032">
     <span class='ocr_line' id='line_1_46' title="bbox 364 2957 1963 3032; baseline 0 -17"><span class='ocrx_word' id='word_1_314' title='bbox 364 2967 478 3026; x_wconf 92' lang='lat' dir='ltr'><strong>tuo,</strong></span> <span class='ocrx_word' id='word_1_315' title='bbox 509 2969 564 3015; x_wconf 92' lang='lat' dir='ltr'><strong>et</strong></span> <span class='ocrx_word' id='word_1_316' title='bbox 591 2960 901 3032; x_wconf 87' lang='lat' dir='ltr'><strong>egrediatur</strong></span> <span class='ocrx_word' id='word_1_317' title='bbox 926 2960 996 3015; x_wconf 91' lang='lat' dir='ltr'><strong>ab</strong></span> <span class='ocrx_word' id='word_1_318' title='bbox 1023 2974 1111 3026; x_wconf 85' lang='lat' dir='ltr'><strong>ea,</strong></span> <span class='ocrx_word' id='word_1_319' title='bbox 1142 2957 1369 3014; x_wconf 89' lang='lat' dir='ltr'><strong>Domini</strong></span> <span class='ocrx_word' id='word_1_320' title='bbox 1394 2959 1757 3030; x_wconf 86' lang='lat' dir='ltr'><strong>praceptione</strong></span> <span class='ocrx_word' id='word_1_321' title='bbox 1783 2960 1963 3015; x_wconf 82' lang='lat' dir='ltr'><strong>&#39;sanci-</strong></span> 
     </span>
    </p>
   </div>
   <div class='ocr_carea' id='block_1_47' title="bbox 365 3051 1963 3125">
    <p class='ocr_par' dir='ltr' id='par_1_47' title="bbox 365 3051 1963 3125">
     <span class='ocr_line' id='line_1_47' title="bbox 365 3051 1963 3125; baseline 0.003 -19"><span class='ocrx_word' id='word_1_322' title='bbox 365 3059 474 3107; x_wconf 88' lang='lat' dir='ltr'><strong>tur.</strong></span> <span class='ocrx_word' id='word_1_323' title='bbox 508 3054 578 3107; x_wconf 87' lang='lat' dir='ltr'><strong>Et</strong></span> <span class='ocrx_word' id='word_1_324' title='bbox 612 3052 814 3108; x_wconf 87' lang='lat' dir='ltr'><strong>idcirco</strong></span> <span class='ocrx_word' id='word_1_325' title='bbox 853 3053 926 3108; x_wconf 86' lang='lat' dir='ltr'><strong>ita</strong></span> <span class='ocrx_word' id='word_1_326' title='bbox 964 3062 1094 3109; x_wconf 89' lang='lat' dir='ltr'><strong>sunt</strong></span> <span class='ocrx_word' id='word_1_327' title='bbox 1121 3051 1453 3109; x_wconf 86' lang='lat' dir='ltr'><strong>moderanda</strong></span> <span class='ocrx_word' id='word_1_328' title='bbox 1475 3051 1700 3125; x_wconf 76' lang='lat' dir='ltr'><strong>jejunia,</strong></span> <span class='ocrx_word' id='word_1_329' title='bbox 1748 3059 1811 3109; x_wconf 89' lang='lat' dir='ltr'><strong>ut</strong></span> <span class='ocrx_word' id='word_1_330' title='bbox 1852 3070 1963 3110; x_wconf 91' lang='lat' dir='ltr'><strong>non</strong></span> 
     </span>
    </p>
   </div>
   <div class='ocr_carea' id='block_1_48' title="bbox 2078 1825 3675 1900">
    <p class='ocr_par' dir='ltr' id='par_1_48' title="bbox 2078 1825 3675 1900">
     <span class='ocr_line' id='line_1_48' title="bbox 2078 1825 3675 1900; baseline -0.008 -8"><span class='ocrx_word' id='word_1_331' title='bbox 2078 1833 2424 1892; x_wconf 83' lang='lat' dir='ltr'><strong>Necessarius</strong></span> <span class='ocrx_word' id='word_1_332' title='bbox 2441 1831 2583 1887; x_wconf 86' lang='lat' dir='ltr'><strong>enim</strong></span> <span class='ocrx_word' id='word_1_333' title='bbox 2616 1829 2789 1885; x_wconf 85' lang='lat' dir='ltr'><strong>victus</strong></span> <span class='ocrx_word' id='word_1_334' title='bbox 2815 1828 3056 1900; x_wconf 88' lang='lat' dir='ltr'><strong>corpori,</strong></span> <span class='ocrx_word' id='word_1_335' title='bbox 3098 1842 3211 1883; x_wconf 91' lang='lat' dir='ltr'><strong>non</strong></span> <span class='ocrx_word' id='word_1_336' title='bbox 3238 1826 3350 1882; x_wconf 86' lang='lat' dir='ltr'><strong>sine</strong></span> <span class='ocrx_word' id='word_1_337' title='bbox 3384 1826 3459 1881; x_wconf 86' lang='lat' dir='ltr'><strong>vel</strong></span> <span class='ocrx_word' id='word_1_338' title='bbox 3496 1825 3675 1896; x_wconf 87' lang='lat' dir='ltr'><strong>ipsius</strong></span> 
     </span>
    </p>
   </div>
   <div class='ocr_carea' id='block_1_49' title="bbox 2078 1919 3673 2001">
    <p class='ocr_par' dir='ltr' id='par_1_49' title="bbox 2078 1919 3673 2001">
     <span class='ocr_line' id='line_1_49' title="bbox 2078 1919 3673 2001; baseline -0.007 -18"><span class='ocrx_word' id='word_1_339' title='bbox 2078 1927 2311 2001; x_wconf 89' lang='lat' dir='ltr'><strong>pernicie</strong></span> <span class='ocrx_word' id='word_1_340' title='bbox 2328 1926 2411 1981; x_wconf 89' lang='lat' dir='ltr'><strong>vel</strong></span> <span class='ocrx_word' id='word_1_341' title='bbox 2448 1925 2645 1980; x_wconf 87' lang='lat' dir='ltr'><strong>anima</strong></span> <span class='ocrx_word' id='word_1_342' title='bbox 2680 1922 2883 1979; x_wconf 86' lang='lat' dir='ltr'><strong>scelere</strong></span> <span class='ocrx_word' id='word_1_343' title='bbox 2923 1921 3237 1993; x_wconf 86' lang='lat' dir='ltr'><strong>denegatur.</strong></span> <span class='ocrx_word' id='word_1_344' title='bbox 3259 1919 3486 1989; x_wconf 77' lang='lat' dir='ltr'><strong>[Illarum</strong></span> <span class='ocrx_word' id='word_1_345' title='bbox 3531 1933 3673 1972; x_wconf 87' lang='lat' dir='ltr'><strong>vero</strong></span> 
     </span>
    </p>
   </div>
   <div class='ocr_carea' id='block_1_50' title="bbox 2074 2014 3677 2095">
    <p class='ocr_par' dir='ltr' id='par_1_50' title="bbox 2074 2014 3677 2095">
     <span class='ocr_line' id='line_1_50' title="bbox 2074 2014 3677 2095; baseline -0.007 -16"><span class='ocrx_word' id='word_1_346' title='bbox 2074 2031 2282 2095; x_wconf 90' lang='lat' dir='ltr'><strong>septem</strong></span> <span class='ocrx_word' id='word_1_347' title='bbox 2312 2019 2811 2093; x_wconf 82' lang='lat' dir='ltr'><strong>perturbationum,</strong></span> <span class='ocrx_word' id='word_1_348' title='bbox 2835 2016 2983 2073; x_wconf 88' lang='lat' dir='ltr'><strong>velut</strong></span> <span class='ocrx_word' id='word_1_349' title='bbox 3006 2014 3339 2071; x_wconf 88' lang='lat' dir='ltr'><strong>omnimodis</strong></span> <span class='ocrx_word' id='word_1_350' title='bbox 3358 2015 3677 2077; x_wconf 80' lang='lat' dir='ltr'><strong>noxiarum,</strong></span> 
     </span>
    </p>
   </div>
   <div class='ocr_carea' id='block_1_51' title="bbox 2075 2108 3679 2183">
    <p class='ocr_par' dir='ltr' id='par_1_51' title="bbox 2075 2108 3679 2183">
     <span class='ocr_line' id='line_1_51' title="bbox 2075 2108 3679 2183; baseline -0.007 -9"><span class='ocrx_word' id='word_1_351' title='bbox 2075 2118 2143 2174; x_wconf 89' lang='lat' dir='ltr'><strong>de</strong></span> <span class='ocrx_word' id='word_1_352' title='bbox 2190 2114 2494 2173; x_wconf 88' lang='lat' dir='ltr'><strong>recessibus</strong></span> <span class='ocrx_word' id='word_1_353' title='bbox 2541 2113 2737 2171; x_wconf 88' lang='lat' dir='ltr'><strong>anima</strong></span> <span class='ocrx_word' id='word_1_354' title='bbox 2777 2120 2978 2169; x_wconf 88' lang='lat' dir='ltr'><strong>nostra</strong></span> <span class='ocrx_word' id='word_1_355' title='bbox 3025 2112 3245 2183; x_wconf 89' lang='lat' dir='ltr'><strong>penitus</strong></span> <span class='ocrx_word' id='word_1_356' title='bbox 3281 2108 3679 2165; x_wconf 84' lang='lat' dir='ltr'><strong>exterminandi</strong></span> 
     </span>
    </p>
   </div>
   <div class='ocr_carea' id='block_1_52' title="bbox 2075 2204 3682 2267">
    <p class='ocr_par' dir='ltr' id='par_1_52' title="bbox 2075 2204 3682 2267">
     <span class='ocr_line' id='line_1_52' title="bbox 2075 2204 3682 2267; baseline -0.007 -1"><span class='ocrx_word' id='word_1_357' title='bbox 2075 2219 2205 2267; x_wconf 87' lang='lat' dir='ltr'><strong>sunt</strong></span> <span class='ocrx_word' id='word_1_358' title='bbox 2231 2217 2431 2265; x_wconf 91' lang='lat' dir='ltr'><strong>motus.</strong></span> <span class='ocrx_word' id='word_1_359' title='bbox 2465 2210 2547 2264; x_wconf 91' lang='lat' dir='ltr'><strong>De</strong></span> <span class='ocrx_word' id='word_1_360' title='bbox 2573 2207 2656 2264; x_wconf 84' lang='lat' dir='ltr'><strong>his</strong></span> <span class='ocrx_word' id='word_1_361' title='bbox 2683 2207 2830 2263; x_wconf 91' lang='lat' dir='ltr'><strong>enim</strong></span> <span class='ocrx_word' id='word_1_362' title='bbox 2869 2206 2944 2262; x_wconf 90' lang='lat' dir='ltr'><strong>ita</strong></span> <span class='ocrx_word' id='word_1_363' title='bbox 2982 2204 3180 2261; x_wconf 89' lang='lat' dir='ltr'><strong>dicitur</strong></span> <span class='ocrx_word' id='word_1_364' title='bbox 3208 2223 3220 2258; x_wconf 93' lang='lat'><strong>:</strong></span> <span class='ocrx_word' id='word_1_365' title='bbox 3251 2205 3435 2261; x_wconf 85' lang='lat' dir='ltr'><strong>Omnis</strong></span> <span class='ocrx_word' id='word_1_366' title='bbox 3477 2205 3682 2256; x_wconf 82' lang='lat' dir='ltr'><strong>amari-</strong></span> 
     </span>
    </p>
   </div>
   <div class='ocr_carea' id='block_1_53' title="bbox 2076 2296 3682 2371">
    <p class='ocr_par' dir='ltr' id='par_1_53' title="bbox 2076 2296 3682 2371">
     <span class='ocr_line' id='line_1_53' title="bbox 2076 2296 3682 2371; baseline -0.006 -11"><span class='ocrx_word' id='word_1_367' title='bbox 2076 2305 2223 2367; x_wconf 86' lang='lat' dir='ltr'><strong>tudo,</strong></span> <span class='ocrx_word' id='word_1_368' title='bbox 2245 2306 2357 2371; x_wconf 87' lang='lat' dir='ltr'><strong>ira,</strong></span> <span class='ocrx_word' id='word_1_369' title='bbox 2377 2307 2428 2358; x_wconf 87' lang='lat' dir='ltr'><strong>et</strong></span> <span class='ocrx_word' id='word_1_370' title='bbox 2444 2302 2772 2371; x_wconf 81' lang='lat' dir='ltr'><strong>indignatio,</strong></span> <span class='ocrx_word' id='word_1_371' title='bbox 2791 2304 2842 2356; x_wconf 89' lang='lat' dir='ltr'><strong>et</strong></span> <span class='ocrx_word' id='word_1_372' title='bbox 2860 2301 3077 2367; x_wconf 87' lang='lat' dir='ltr'><strong>clamor,</strong></span> <span class='ocrx_word' id='word_1_373' title='bbox 3102 2303 3153 2354; x_wconf 88' lang='lat' dir='ltr'><strong>et</strong></span> <span class='ocrx_word' id='word_1_374' title='bbox 3174 2298 3505 2370; x_wconf 82' lang='lat' dir='ltr'><strong>blasphemia</strong></span> <span class='ocrx_word' id='word_1_375' title='bbox 3521 2296 3682 2350; x_wconf 87' lang='lat' dir='ltr'><strong>tolla-</strong></span> 
     </span>
    </p>
   </div>
   <div class='ocr_carea' id='block_1_54' title="bbox 2076 2388 3672 2464">
    <p class='ocr_par' dir='ltr' id='par_1_54' title="bbox 2076 2388 3672 2464">
     <span class='ocr_line' id='line_1_54' title="bbox 2076 2388 3672 2464; baseline -0.004 -12"><span class='ocrx_word' id='word_1_376' title='bbox 2076 2403 2166 2453; x_wconf 88' lang='lat' dir='ltr'><strong>tur</strong></span> <span class='ocrx_word' id='word_1_377' title='bbox 2182 2388 2225 2451; x_wconf 11' lang='lat' dir='ltr'><strong>7a</strong></span> <span class='ocrx_word' id='word_1_378' title='bbox 2240 2397 2386 2451; x_wconf 80' lang='lat' dir='ltr'><strong>vobis</strong></span> <span class='ocrx_word' id='word_1_379' title='bbox 2416 2412 2534 2451; x_wconf 89' lang='lat' dir='ltr'><strong>cum</strong></span> <span class='ocrx_word' id='word_1_380' title='bbox 2556 2396 2704 2450; x_wconf 88' lang='lat' dir='ltr'><strong>omni</strong></span> <span class='ocrx_word' id='word_1_381' title='bbox 2720 2395 2937 2449; x_wconf 86' lang='lat' dir='ltr'><strong>malitia</strong></span> <span class='ocrx_word' id='word_1_382' title='bbox 2959 2393 3185 2464; x_wconf 81' lang='lat' dir='ltr'><strong>(Ephes.</strong></span> <span class='ocrx_word' id='word_1_383' title='bbox 3205 2406 3272 2448; x_wconf 83' lang='lat' dir='ltr'><strong>Iv</strong></span> <span class='ocrx_word' id='word_1_384' title='bbox 3292 2392 3333 2463; x_wconf 94' lang='lat'><strong>).</strong></span> <span class='ocrx_word' id='word_1_385' title='bbox 3352 2393 3423 2446; x_wconf 87' lang='lat' dir='ltr'><strong>Et</strong></span> <span class='ocrx_word' id='word_1_386' title='bbox 3442 2390 3636 2445; x_wconf 84' lang='lat' dir='ltr'><strong>iterum</strong></span> <span class='ocrx_word' id='word_1_387' title='bbox 3657 2410 3672 2446; x_wconf 75' lang='grc' dir='ltr'><strong>ε</strong></span> 
     </span>
    </p>
   </div>
   <div class='ocr_carea' id='block_1_55' title="bbox 2074 2488 3682 2549">
    <p class='ocr_par' dir='ltr' id='par_1_55' title="bbox 2074 2488 3682 2549">
     <span class='ocr_line' id='line_1_55' title="bbox 2074 2488 3682 2549; baseline -0.006 -1"><span class='ocrx_word' id='word_1_388' title='bbox 2074 2492 2377 2549; x_wconf 79' lang='lat' dir='ltr'><strong>Fornicatio</strong></span> <span class='ocrx_word' id='word_1_389' title='bbox 2405 2493 2585 2545; x_wconf 87' lang='lat' dir='ltr'><strong>autem</strong></span> <span class='ocrx_word' id='word_1_390' title='bbox 2605 2494 2658 2544; x_wconf 89' lang='lat' dir='ltr'><strong>et</strong></span> <span class='ocrx_word' id='word_1_391' title='bbox 2676 2491 2849 2544; x_wconf 90' lang='lat' dir='ltr'><strong>omnis</strong></span> <span class='ocrx_word' id='word_1_392' title='bbox 2874 2488 3221 2542; x_wconf 86' lang='lat' dir='ltr'><strong>immunditia</strong></span> <span class='ocrx_word' id='word_1_393' title='bbox 3248 2491 3299 2541; x_wconf 87' lang='lat' dir='ltr'><strong>et</strong></span> <span class='ocrx_word' id='word_1_394' title='bbox 3324 2488 3569 2540; x_wconf 77' lang='lat' dir='ltr'><strong>avaritia</strong></span> <span class='ocrx_word' id='word_1_395' title='bbox 3586 2501 3682 2540; x_wconf 85' lang='lat' dir='ltr'><strong>nec</strong></span> 
     </span>
    </p>
   </div>
   <div class='ocr_carea' id='block_1_56' title="bbox 2071 2581 3677 2653">
    <p class='ocr_par' dir='ltr' id='par_1_56' title="bbox 2071 2581 3677 2653">
     <span class='ocr_line' id='line_1_56' title="bbox 2071 2581 3677 2653; baseline -0.004 -13"><span class='ocrx_word' id='word_1_396' title='bbox 2071 2588 2377 2641; x_wconf 81' lang='lat' dir='ltr'><strong>nominetur</strong></span> <span class='ocrx_word' id='word_1_397' title='bbox 2397 2587 2456 2638; x_wconf 88' lang='lat' dir='ltr'><strong>in</strong></span> <span class='ocrx_word' id='word_1_398' title='bbox 2478 2584 2641 2647; x_wconf 82' lang='lat' dir='ltr'><strong>vobis,</strong></span> <span class='ocrx_word' id='word_1_399' title='bbox 2671 2587 2770 2637; x_wconf 87' lang='lat' dir='ltr'><strong>aut</strong></span> <span class='ocrx_word' id='word_1_400' title='bbox 2798 2582 3101 2653; x_wconf 84' lang='lat' dir='ltr'><strong>turpitudo,</strong></span> <span class='ocrx_word' id='word_1_401' title='bbox 3133 2585 3233 2635; x_wconf 79' lang='lat' dir='ltr'><strong>aut</strong></span> <span class='ocrx_word' id='word_1_402' title='bbox 3250 2581 3677 2650; x_wconf 77' lang='lat' dir='ltr'><strong>stultiloquium,</strong></span> 
     </span>
    </p>
   </div>
   <div class='ocr_carea' id='block_1_57' title="bbox 2073 2676 3682 2751">
    <p class='ocr_par' dir='ltr' id='par_1_57' title="bbox 2073 2676 3682 2751">
     <span class='ocr_line' id='line_1_57' title="bbox 2073 2676 3682 2751; baseline -0.004 -14"><span class='ocrx_word' id='word_1_403' title='bbox 2073 2686 2171 2737; x_wconf 90' lang='lat' dir='ltr'><strong>aut</strong></span> <span class='ocrx_word' id='word_1_404' title='bbox 2186 2681 2492 2736; x_wconf 87' lang='lat' dir='ltr'><strong>scurrilitas</strong></span> <span class='ocrx_word' id='word_1_405' title='bbox 2506 2679 2539 2751; x_wconf 82' lang='lat'><strong>&#39;(</strong></span> <span class='ocrx_word' id='word_1_406' title='bbox 2557 2680 2752 2750; x_wconf 83' lang='lat' dir='ltr'><strong>Ephes.</strong></span> <span class='ocrx_word' id='word_1_407' title='bbox 2773 2692 2813 2732; x_wconf 89' lang='lat' dir='ltr'><strong>v</strong></span> <span class='ocrx_word' id='word_1_408' title='bbox 2833 2677 2850 2749; x_wconf 97' lang='lat'>)</span> <span class='ocrx_word' id='word_1_409' title='bbox 2870 2679 3165 2733; x_wconf 89' lang='lat' dir='ltr'><strong>Possumus</strong></span> <span class='ocrx_word' id='word_1_410' title='bbox 3184 2691 3315 2748; x_wconf 90' lang='lat' dir='ltr'><strong>ergo</strong></span> <span class='ocrx_word' id='word_1_411' title='bbox 3338 2676 3541 2731; x_wconf 88' lang='lat' dir='ltr'><strong>borum</strong></span> <span class='ocrx_word' id='word_1_412' title='bbox 3557 2691 3682 2747; x_wconf 84' lang='lat' dir='ltr'><strong>qua</strong></span> 
     </span>
    </p>
   </div>
   <div class='ocr_carea' id='block_1_58' title="bbox 2071 2769 3677 2847">
    <p class='ocr_par' dir='ltr' id='par_1_58' title="bbox 2071 2769 3677 2847">
     <span class='ocr_line' id='line_1_58' title="bbox 2071 2769 3677 2847; baseline -0.005 -14"><span class='ocrx_word' id='word_1_413' title='bbox 2071 2784 2285 2833; x_wconf 88' lang='lat' dir='ltr'><strong>natura</strong></span> <span class='ocrx_word' id='word_1_414' title='bbox 2323 2772 2708 2847; x_wconf 86' lang='lat' dir='ltr'><strong>superinducta</strong></span> <span class='ocrx_word' id='word_1_415' title='bbox 2750 2780 2879 2828; x_wconf 90' lang='lat' dir='ltr'><strong>sunt</strong></span> <span class='ocrx_word' id='word_1_416' title='bbox 2907 2770 3119 2827; x_wconf 86' lang='lat' dir='ltr'><strong>radices</strong></span> <span class='ocrx_word' id='word_1_417' title='bbox 3160 2769 3481 2826; x_wconf 87' lang='lat' dir='ltr'><strong>abscindere</strong></span> <span class='ocrx_word' id='word_1_418' title='bbox 3514 2771 3677 2826; x_wconf 85' lang='lat' dir='ltr'><strong>vitio-</strong></span> 
     </span>
    </p>
   </div>
   <div class='ocr_carea' id='block_1_59' title="bbox 2070 2864 3679 2938">
    <p class='ocr_par' dir='ltr' id='par_1_59' title="bbox 2070 2864 3679 2938">
     <span class='ocr_line' id='line_1_59' title="bbox 2070 2864 3679 2938; baseline -0.004 -12"><span class='ocrx_word' id='word_1_419' title='bbox 2070 2885 2218 2936; x_wconf 88' lang='lat' dir='ltr'><strong>rum,</strong></span> <span class='ocrx_word' id='word_1_420' title='bbox 2244 2878 2266 2905; x_wconf 67' lang='grc' dir='ltr'><strong>ε</strong></span> <span class='ocrx_word' id='word_1_421' title='bbox 2290 2874 2457 2925; x_wconf 88' lang='lat' dir='ltr'><strong>usum</strong></span> <span class='ocrx_word' id='word_1_422' title='bbox 2490 2882 2618 2929; x_wconf 86' lang='lat' dir='ltr'><strong>vero</strong></span> <span class='ocrx_word' id='word_1_423' title='bbox 2647 2865 3044 2938; x_wconf 87' lang='lat' dir='ltr'><strong>gastrimargia</strong></span> <span class='ocrx_word' id='word_1_424' title='bbox 3081 2878 3426 2936; x_wconf 86' lang='lat' dir='ltr'><strong>nequaquam</strong></span> <span class='ocrx_word' id='word_1_425' title='bbox 3475 2864 3679 2920; x_wconf 85' lang='lat' dir='ltr'><strong>valebi-</strong></span> 
     </span>
    </p>
   </div>
   <div class='ocr_carea' id='block_1_60' title="bbox 2070 2957 3681 3035">
    <p class='ocr_par' dir='ltr' id='par_1_60' title="bbox 2070 2957 3681 3035">
     <span class='ocr_line' id='line_1_60' title="bbox 2070 2957 3681 3035; baseline -0.004 -15"><span class='ocrx_word' id='word_1_426' title='bbox 2070 2978 2198 3020; x_wconf 90' lang='lat' dir='ltr'><strong>mus</strong></span> <span class='ocrx_word' id='word_1_427' title='bbox 2227 2970 2525 3035; x_wconf 86' lang='lat' dir='ltr'><strong>amputare.</strong></span> <span class='ocrx_word' id='word_1_428' title='bbox 2550 2964 2675 3018; x_wconf 85' lang='lat' dir='ltr'><strong>Non</strong></span> <span class='ocrx_word' id='word_1_429' title='bbox 2721 2960 2872 3018; x_wconf 87' lang='lat' dir='ltr'><strong>enim</strong></span> <span class='ocrx_word' id='word_1_430' title='bbox 2921 2973 3232 3031; x_wconf 87' lang='lat' dir='ltr'><strong>possumus,</strong></span> <span class='ocrx_word' id='word_1_431' title='bbox 3277 2957 3681 3030; x_wconf 88' lang='lat' dir='ltr'><strong>quantumlibet</strong></span> 
     </span>
    </p>
   </div>
   <div class='ocr_carea' id='block_1_61' title="bbox 2071 3051 3678 3131">
    <p class='ocr_par' dir='ltr' id='par_1_61' title="bbox 2071 3051 3678 3131">
     <span class='ocr_line' id='line_1_61' title="bbox 2071 3051 3678 3131; baseline -0.003 -17"><span class='ocrx_word' id='word_1_432' title='bbox 2071 3057 2481 3131; x_wconf 83' lang='lat' dir='ltr'><strong>profecerimus,</strong></span> <span class='ocrx_word' id='word_1_433' title='bbox 2512 3055 2569 3112; x_wconf 89' lang='lat' dir='ltr'><strong>id</strong></span> <span class='ocrx_word' id='word_1_434' title='bbox 2591 3071 2704 3111; x_wconf 90' lang='lat' dir='ltr'><strong>non</strong></span> <span class='ocrx_word' id='word_1_435' title='bbox 2729 3069 2847 3111; x_wconf 89' lang='lat' dir='ltr'><strong>esse</strong></span> <span class='ocrx_word' id='word_1_436' title='bbox 2870 3052 3018 3127; x_wconf 89' lang='lat' dir='ltr'><strong>quod</strong></span> <span class='ocrx_word' id='word_1_437' title='bbox 3048 3052 3343 3110; x_wconf 87' lang='lat' dir='ltr'><strong>nascimur.</strong></span> <span class='ocrx_word' id='word_1_438' title='bbox 3403 3051 3567 3121; x_wconf 89' lang='lat' dir='ltr'><strong>Quod</strong></span> <span class='ocrx_word' id='word_1_439' title='bbox 3605 3053 3678 3109; x_wconf 90' lang='lat' dir='ltr'><strong>ita</strong></span> 
     </span>
    </p>
   </div>
   <div class='ocr_carea' id='block_1_62' title="bbox 364 3137 3677 3221">
    <p class='ocr_par' dir='ltr' id='par_1_62' title="bbox 364 3137 3677 3221">
     <span class='ocr_line' id='line_1_62' title="bbox 364 3137 3677 3221; baseline 0.002 -25"><span class='ocrx_word' id='word_1_440' title='bbox 364 3158 586 3199; x_wconf 86' lang='lat' dir='ltr'><strong>necesse</strong></span> <span class='ocrx_word' id='word_1_441' title='bbox 625 3143 694 3198; x_wconf 89' lang='lat' dir='ltr'><strong>sit</strong></span> <span class='ocrx_word' id='word_1_442' title='bbox 740 3159 835 3214; x_wconf 89' lang='lat' dir='ltr'><strong>per</strong></span> <span class='ocrx_word' id='word_1_443' title='bbox 880 3144 1388 3201; x_wconf 89' lang='lat' dir='ltr'><strong>immoderationem</strong></span> <span class='ocrx_word' id='word_1_444' title='bbox 1429 3146 1799 3214; x_wconf 88' lang='lat' dir='ltr'><strong>continentia,</strong></span> <span class='ocrx_word' id='word_1_445' title='bbox 1845 3162 1966 3219; x_wconf 89' lang='lat' dir='ltr'><strong>qua</strong></span> <span class='ocrx_word' id='word_1_446' title='bbox 1997 3137 2044 3201; x_wconf 90' lang='lat' dir='ltr'><strong>C</strong></span> <span class='ocrx_word' id='word_1_447' title='bbox 2072 3161 2323 3209; x_wconf 82' lang='lat' dir='ltr'><strong>essetam</strong></span> <span class='ocrx_word' id='word_1_448' title='bbox 2343 3160 2554 3218; x_wconf 87' lang='lat' dir='ltr'><strong>nostra,</strong></span> <span class='ocrx_word' id='word_1_449' title='bbox 2592 3150 2686 3221; x_wconf 90' lang='lat' dir='ltr'><strong>qui</strong></span> <span class='ocrx_word' id='word_1_450' title='bbox 2719 3163 2911 3205; x_wconf 89' lang='lat' dir='ltr'><strong>sumus</strong></span> <span class='ocrx_word' id='word_1_451' title='bbox 2952 3147 3166 3220; x_wconf 81' lang='lat' dir='ltr'><strong>exigui,</strong></span> <span class='ocrx_word' id='word_1_452' title='bbox 3209 3161 3377 3218; x_wconf 89' lang='lat' dir='ltr'><strong>quam</strong></span> <span class='ocrx_word' id='word_1_453' title='bbox 3423 3146 3677 3202; x_wconf 92' lang='lat' dir='ltr'><strong>omnium</strong></span> 
     </span>
    </p>
   </div>
   <div class='ocr_carea' id='block_1_63' title="bbox 366 3234 1968 3309">
    <p class='ocr_par' dir='ltr' id='par_1_63' title="bbox 366 3234 1968 3309">
     <span class='ocr_line' id='line_1_63' title="bbox 366 3234 1968 3309; baseline 0.006 -18"><span class='ocrx_word' id='word_1_454' title='bbox 366 3234 666 3291; x_wconf 87' lang='lat' dir='ltr'><strong>defectione</strong></span> <span class='ocrx_word' id='word_1_455' title='bbox 691 3237 869 3292; x_wconf 89' lang='lat' dir='ltr'><strong>carnis</strong></span> <span class='ocrx_word' id='word_1_456' title='bbox 893 3238 975 3293; x_wconf 91' lang='lat' dir='ltr'><strong>vel</strong></span> <span class='ocrx_word' id='word_1_457' title='bbox 1000 3239 1312 3296; x_wconf 83' lang='lat' dir='ltr'><strong>inﬁrmitate</strong></span> <span class='ocrx_word' id='word_1_458' title='bbox 1338 3248 1618 3298; x_wconf 87' lang='lat' dir='ltr'><strong>contracta</strong></span> <span class='ocrx_word' id='word_1_459' title='bbox 1635 3248 1741 3309; x_wconf 89' lang='lat' dir='ltr'><strong>est,</strong></span> <span class='ocrx_word' id='word_1_460' title='bbox 1770 3244 1968 3301; x_wconf 86' lang='lat' dir='ltr'><strong>reverti</strong></span> 
     </span>
    </p>
   </div>
   <div class='ocr_carea' id='block_1_64' title="bbox 365 3329 1970 3407">
    <p class='ocr_par' dir='ltr' id='par_1_64' title="bbox 365 3329 1970 3407">
     <span class='ocr_line' id='line_1_64' title="bbox 365 3329 1970 3407; baseline 0.005 -22"><span class='ocrx_word' id='word_1_461' title='bbox 365 3344 562 3385; x_wconf 89' lang='lat' dir='ltr'><strong>rursus</strong></span> <span class='ocrx_word' id='word_1_462' title='bbox 603 3329 671 3386; x_wconf 91' lang='lat' dir='ltr'><strong>ad</strong></span> <span class='ocrx_word' id='word_1_463' title='bbox 726 3332 1104 3403; x_wconf 66' lang='lat' dir='ltr'><strong>Egyptiorum</strong></span> <span class='ocrx_word' id='word_1_464' title='bbox 1130 3396 1134 3401; x_wconf 45' lang='grc'><strong><em>,</em></strong></span> <span class='ocrx_word' id='word_1_465' title='bbox 1158 3342 1383 3398; x_wconf 87' lang='lat' dir='ltr'><strong>terram,</strong></span> <span class='ocrx_word' id='word_1_466' title='bbox 1435 3334 1492 3391; x_wconf 89' lang='lat' dir='ltr'><strong>id</strong></span> <span class='ocrx_word' id='word_1_467' title='bbox 1536 3343 1636 3406; x_wconf 90' lang='lat' dir='ltr'><strong>est,</strong></span> <span class='ocrx_word' id='word_1_468' title='bbox 1687 3334 1970 3407; x_wconf 86' lang='lat' dir='ltr'><strong>pristinam</strong></span> 
     </span>
    </p>
   </div>
   <div class='ocr_carea' id='block_1_65' title="bbox 366 3425 1965 3501">
    <p class='ocr_par' dir='ltr' id='par_1_65' title="bbox 366 3425 1965 3501">
     <span class='ocr_line' id='line_1_65' title="bbox 366 3425 1965 3501; baseline 0.006 -22"><span class='ocrx_word' id='word_1_469' title='bbox 366 3425 511 3496; x_wconf 88' lang='lat' dir='ltr'><strong>gula</strong></span> <span class='ocrx_word' id='word_1_470' title='bbox 534 3433 591 3481; x_wconf 91' lang='lat' dir='ltr'><strong>et</strong></span> <span class='ocrx_word' id='word_1_471' title='bbox 626 3425 803 3482; x_wconf 88' lang='lat' dir='ltr'><strong>carnis</strong></span> <span class='ocrx_word' id='word_1_472' title='bbox 829 3428 1344 3500; x_wconf 88' lang='lat' dir='ltr'><strong>concupiscentiam,</strong></span> <span class='ocrx_word' id='word_1_473' title='bbox 1374 3444 1561 3501; x_wconf 90' lang='lat' dir='ltr'><strong>quam,</strong></span> <span class='ocrx_word' id='word_1_474' title='bbox 1604 3446 1731 3487; x_wconf 92' lang='lat' dir='ltr'><strong>cum</strong></span> <span class='ocrx_word' id='word_1_475' title='bbox 1757 3432 1965 3489; x_wconf 88' lang='lat' dir='ltr'><strong>mundo</strong></span> 
     </span>
    </p>
   </div>
   <div class='ocr_carea' id='block_1_66' title="bbox 368 3522 1969 3601">
    <p class='ocr_par' dir='ltr' id='par_1_66' title="bbox 368 3522 1969 3601">
     <span class='ocr_line' id='line_1_66' title="bbox 368 3522 1969 3601; baseline 0.005 -25"><span class='ocrx_word' id='word_1_476' title='bbox 368 3522 491 3577; x_wconf 92' lang='lat' dir='ltr'><strong>huic</strong></span> <span class='ocrx_word' id='word_1_477' title='bbox 519 3522 1046 3593; x_wconf 88' lang='lat' dir='ltr'><strong>abrenuntiaremus,</strong></span> <span class='ocrx_word' id='word_1_478' title='bbox 1100 3525 1418 3597; x_wconf 90' lang='lat' dir='ltr'><strong>abjecimus.</strong></span> <span class='ocrx_word' id='word_1_479' title='bbox 1465 3526 1624 3599; x_wconf 88' lang='lat' dir='ltr'><strong>Quod</strong></span> <span class='ocrx_word' id='word_1_480' title='bbox 1664 3526 1969 3601; x_wconf 78' lang='lat' dir='ltr'><strong>ﬁguraliter</strong></span> 
     </span>
    </p>
   </div>
   <div class='ocr_carea' id='block_1_67' title="bbox 368 3616 1965 3692">
    <p class='ocr_par' dir='ltr' id='par_1_67' title="bbox 368 3616 1965 3692">
     <span class='ocr_line' id='line_1_67' title="bbox 368 3616 1965 3692; baseline 0.004 -21"><span class='ocrx_word' id='word_1_481' title='bbox 368 3616 443 3671; x_wconf 87' lang='lat' dir='ltr'><strong>illi</strong></span> <span class='ocrx_word' id='word_1_482' title='bbox 474 3619 711 3688; x_wconf 87' lang='lat' dir='ltr'><strong>perpessi</strong></span> <span class='ocrx_word' id='word_1_483' title='bbox 742 3626 867 3674; x_wconf 91' lang='lat' dir='ltr'><strong>sunt</strong></span> <span class='ocrx_word' id='word_1_484' title='bbox 892 3620 985 3690; x_wconf 93' lang='lat' dir='ltr'><strong>qui</strong></span> <span class='ocrx_word' id='word_1_485' title='bbox 1006 3620 1206 3692; x_wconf 85' lang='lat' dir='ltr'><strong>egressi</strong></span> <span class='ocrx_word' id='word_1_486' title='bbox 1232 3620 1291 3675; x_wconf 91' lang='lat' dir='ltr'><strong>in</strong></span> <span class='ocrx_word' id='word_1_487' title='bbox 1308 3620 1661 3675; x_wconf 89' lang='lat' dir='ltr'><strong>solitudinem</strong></span> <span class='ocrx_word' id='word_1_488' title='bbox 1681 3622 1965 3690; x_wconf 91' lang='lat' dir='ltr'><strong>virtutum,</strong></span> 
     </span>
    </p>
   </div>
   <div class='ocr_carea' id='block_1_68' title="bbox 365 3709 1969 3785">
    <p class='ocr_par' dir='ltr' id='par_1_68' title="bbox 365 3709 1969 3785">
     <span class='ocr_line' id='line_1_68' title="bbox 365 3709 1969 3785; baseline 0.004 -22"><span class='ocrx_word' id='word_1_489' title='bbox 365 3718 390 3745; x_wconf 74' lang='grc' dir='ltr'>ι</span> <span class='ocrx_word' id='word_1_490' title='bbox 431 3723 618 3765; x_wconf 88' lang='lat' dir='ltr'><strong>rursus</strong></span> <span class='ocrx_word' id='word_1_491' title='bbox 673 3710 1114 3767; x_wconf 88' lang='lat' dir='ltr'><strong>desideraverunt</strong></span> <span class='ocrx_word' id='word_1_492' title='bbox 1164 3710 1300 3766; x_wconf 90' lang='lat' dir='ltr'><strong>ollas</strong></span> <span class='ocrx_word' id='word_1_493' title='bbox 1350 3709 1599 3767; x_wconf 88' lang='lat' dir='ltr'><strong>carnium</strong></span> <span class='ocrx_word' id='word_1_494' title='bbox 1632 3725 1795 3783; x_wconf 89' lang='lat' dir='ltr'><strong>super</strong></span> <span class='ocrx_word' id='word_1_495' title='bbox 1831 3727 1969 3785; x_wconf 91' lang='lat' dir='ltr'><strong>quas</strong></span> 
     </span>
    </p>
   </div>
   <div class='ocr_carea' id='block_1_69' title="bbox 365 3802 1581 3878">
    <p class='ocr_par' dir='ltr' id='par_1_69' title="bbox 365 3802 1581 3878">
     <span class='ocr_line' id='line_1_69' title="bbox 365 3802 1581 3878; baseline -0.002 -20"><span class='ocrx_word' id='word_1_496' title='bbox 365 3802 625 3866; x_wconf 85' lang='lat' dir='ltr'><strong>sedebant</strong></span> <span class='ocrx_word' id='word_1_497' title='bbox 651 3804 704 3861; x_wconf 92' lang='lat' dir='ltr'><strong>in</strong></span> <span class='ocrx_word' id='word_1_498' title='bbox 732 3806 966 3878; x_wconf 63' lang='lat' dir='ltr'><strong>Egypto</strong></span> <span class='ocrx_word' id='word_1_499' title='bbox 1001 3805 1193 3876; x_wconf 86' lang='lat' dir='ltr'><strong>(Num.</strong></span> <span class='ocrx_word' id='word_1_500' title='bbox 1232 3804 1356 3875; x_wconf 74' lang='grc' dir='ltr'><strong>χι).</strong></span> <span class='ocrx_word' id='word_1_501' title='bbox 1578 3802 1581 3807; x_wconf 88' lang='grc'><em>’</em></span> 
     </span>
    </p>
   </div>
   <div class='ocr_carea' id='block_1_70' title="bbox 938 3909 1387 3965">
    <p class='ocr_par' dir='ltr' id='par_1_70' title="bbox 938 3909 1387 3965">
     <span class='ocr_line' id='line_1_70' title="bbox 938 3909 1387 3965; baseline -0.002 -1"><span class='ocrx_word' id='word_1_502' title='bbox 938 3909 1179 3965; x_wconf 81' lang='lat' dir='ltr'><strong>CAPUT</strong></span> <span class='ocrx_word' id='word_1_503' title='bbox 1221 3909 1387 3964; x_wconf 79' lang='lat' dir='ltr'><strong>XIX.</strong></span> 
     </span>
    </p>
   </div>
   <div class='ocr_carea' id='block_1_71' title="bbox 368 4009 1969 4081">
    <p class='ocr_par' dir='ltr' id='par_1_71' title="bbox 368 4009 1969 4081">
     <span class='ocr_line' id='line_1_71' title="bbox 368 4009 1969 4081; baseline 0.001 -16"><span class='ocrx_word' id='word_1_504' title='bbox 368 4012 473 4067; x_wconf 85' lang='lat' dir='ltr'><strong>Cur</strong></span> <span class='ocrx_word' id='word_1_505' title='bbox 498 4014 653 4067; x_wconf 85' lang='lat' dir='ltr'><strong>unica</strong></span> <span class='ocrx_word' id='word_1_506' title='bbox 684 4012 911 4081; x_wconf 68' lang='lat' dir='ltr'><strong>Egypti</strong></span> <span class='ocrx_word' id='word_1_507' title='bbox 936 4025 1062 4081; x_wconf 83' lang='lat' dir='ltr'><strong>gens</strong></span> <span class='ocrx_word' id='word_1_508' title='bbox 1089 4011 1284 4079; x_wconf 85' lang='lat' dir='ltr'><strong>deseri,</strong></span> <span class='ocrx_word' id='word_1_509' title='bbox 1322 4010 1517 4081; x_wconf 82' lang='lat' dir='ltr'><strong>septem</strong></span> <span class='ocrx_word' id='word_1_510' title='bbox 1548 4025 1669 4065; x_wconf 74' lang='lat' dir='ltr'><strong>vero</strong></span> <span class='ocrx_word' id='word_1_511' title='bbox 1704 4009 1969 4080; x_wconf 84' lang='lat' dir='ltr'><strong>jubentur</strong></span> 
     </span>
    </p>
   </div>
   <div class='ocr_carea' id='block_1_72' title="bbox 530 4084 1316 4152">
    <p class='ocr_par' dir='ltr' id='par_1_72' title="bbox 530 4084 1316 4152">
     <span class='ocr_line' id='line_1_72' title="bbox 530 4084 1316 4152; baseline -0.004 -11"><span class='ocrx_word' id='word_1_512' title='bbox 530 4136 535 4141; x_wconf 81' lang='lat'><strong>.</strong></span> <span class='ocrx_word' id='word_1_513' title='bbox 1021 4084 1316 4152; x_wconf 58' lang='lat' dir='ltr'><strong>etestingui.</strong></span> 
     </span>
    </p>
   </div>
   <div class='ocr_carea' id='block_1_73' title="bbox 438 4186 1963 4273">
    <p class='ocr_par' dir='ltr' id='par_1_73' title="bbox 438 4186 1963 4273">
     <span class='ocr_line' id='line_1_73' title="bbox 438 4186 1963 4273; baseline 0 -31"><span class='ocrx_word' id='word_1_514' title='bbox 438 4187 595 4256; x_wconf 87' lang='lat' dir='ltr'><strong>Quod</strong></span> <span class='ocrx_word' id='word_1_515' title='bbox 624 4194 815 4243; x_wconf 88' lang='lat' dir='ltr'><strong>autum</strong></span> <span class='ocrx_word' id='word_1_516' title='bbox 846 4186 934 4243; x_wconf 91' lang='lat' dir='ltr'><strong>illa</strong></span> <span class='ocrx_word' id='word_1_517' title='bbox 960 4202 1093 4259; x_wconf 88' lang='lat' dir='ltr'><strong>gens</strong></span> <span class='ocrx_word' id='word_1_518' title='bbox 1120 4188 1303 4261; x_wconf 90' lang='lat' dir='ltr'><strong>inqua</strong></span> <span class='ocrx_word' id='word_1_519' title='bbox 1340 4186 1452 4243; x_wconf 91' lang='lat' dir='ltr'><strong>nati</strong></span> <span class='ocrx_word' id='word_1_520' title='bbox 1480 4194 1612 4243; x_wconf 89' lang='lat' dir='ltr'><strong>sunt</strong></span> <span class='ocrx_word' id='word_1_521' title='bbox 1651 4186 1747 4243; x_wconf 84' lang='lat' dir='ltr'><strong>ﬁlii</strong></span> <span class='ocrx_word' id='word_1_522' title='bbox 1781 4187 1963 4273; x_wconf 54' lang='lat' dir='ltr'><strong>Israel:</strong></span> 
     </span>
    </p>
   </div>
   <div class='ocr_carea' id='block_1_74' title="bbox 364 4280 1969 4353">
    <p class='ocr_par' dir='ltr' id='par_1_74' title="bbox 364 4280 1969 4353">
     <span class='ocr_line' id='line_1_74' title="bbox 364 4280 1969 4353; baseline 0.002 -20"><span class='ocrx_word' id='word_1_523' title='bbox 364 4293 477 4333; x_wconf 92' lang='lat' dir='ltr'><strong>non</strong></span> <span class='ocrx_word' id='word_1_524' title='bbox 500 4282 712 4350; x_wconf 88' lang='lat' dir='ltr'><strong>penitus</strong></span> <span class='ocrx_word' id='word_1_525' title='bbox 750 4281 1036 4353; x_wconf 83' lang='lat' dir='ltr'><strong>exstingui,</strong></span> <span class='ocrx_word' id='word_1_526' title='bbox 1066 4282 1161 4339; x_wconf 92' lang='lat' dir='ltr'><strong>sed</strong></span> <span class='ocrx_word' id='word_1_527' title='bbox 1213 4281 1600 4338; x_wconf 88' lang='lat' dir='ltr'><strong>tantummodo</strong></span> <span class='ocrx_word' id='word_1_528' title='bbox 1641 4281 1815 4338; x_wconf 88' lang='lat' dir='ltr'><strong>deseri</strong></span> <span class='ocrx_word' id='word_1_529' title='bbox 1853 4280 1969 4352; x_wconf 88' lang='lat' dir='ltr'><strong>ejus</strong></span> 
     </span>
    </p>
   </div>
   <div class='ocr_carea' id='block_1_75' title="bbox 368 4372 1965 4447">
    <p class='ocr_par' dir='ltr' id='par_1_75' title="bbox 368 4372 1965 4447">
     <span class='ocr_line' id='line_1_75' title="bbox 368 4372 1965 4447; baseline 0.004 -23"><span class='ocrx_word' id='word_1_530' title='bbox 368 4379 508 4425; x_wconf 91' lang='lat' dir='ltr'><strong>terra</strong></span> <span class='ocrx_word' id='word_1_531' title='bbox 539 4372 865 4443; x_wconf 86' lang='lat' dir='ltr'><strong>pracipitur,</strong></span> <span class='ocrx_word' id='word_1_532' title='bbox 896 4373 984 4428; x_wconf 88' lang='lat' dir='ltr'><strong>ha</strong></span> <span class='ocrx_word' id='word_1_533' title='bbox 1015 4390 1141 4431; x_wconf 88' lang='lat' dir='ltr'><strong>vero</strong></span> <span class='ocrx_word' id='word_1_534' title='bbox 1167 4384 1375 4447; x_wconf 85' lang='lat' dir='ltr'><strong>septem</strong></span> <span class='ocrx_word' id='word_1_535' title='bbox 1415 4391 1588 4447; x_wconf 91' lang='lat' dir='ltr'><strong>usque</strong></span> <span class='ocrx_word' id='word_1_536' title='bbox 1618 4375 1686 4430; x_wconf 90' lang='lat' dir='ltr'><strong>ad</strong></span> <span class='ocrx_word' id='word_1_537' title='bbox 1729 4376 1965 4431; x_wconf 88' lang='lat' dir='ltr'><strong>interne-</strong></span> 
     </span>
    </p>
   </div>
   <div class='ocr_carea' id='block_1_76' title="bbox 368 4462 1968 4538">
    <p class='ocr_par' dir='ltr' id='par_1_76' title="bbox 368 4462 1968 4538">
     <span class='ocr_line' id='line_1_76' title="bbox 368 4462 1968 4538; baseline 0.005 -23"><span class='ocrx_word' id='word_1_538' title='bbox 368 4462 583 4517; x_wconf 89' lang='lat' dir='ltr'><strong>cionem</strong></span> <span class='ocrx_word' id='word_1_539' title='bbox 624 4462 887 4531; x_wconf 89' lang='lat' dir='ltr'><strong>jubentur</strong></span> <span class='ocrx_word' id='word_1_540' title='bbox 930 4465 1222 4536; x_wconf 82' lang='lat' dir='ltr'><strong>exstingui,</strong></span> <span class='ocrx_word' id='word_1_541' title='bbox 1286 4465 1406 4520; x_wconf 85' lang='lat' dir='ltr'><strong>hac</strong></span> <span class='ocrx_word' id='word_1_542' title='bbox 1456 4466 1594 4520; x_wconf 87' lang='lat' dir='ltr'><strong>ratio</strong></span> <span class='ocrx_word' id='word_1_543' title='bbox 1639 4474 1761 4522; x_wconf 90' lang='lat' dir='ltr'><strong>est:</strong></span> <span class='ocrx_word' id='word_1_544' title='bbox 1821 4466 1968 4538; x_wconf 88' lang='lat' dir='ltr'><strong>quod</strong></span> 
     </span>
    </p>
   </div>
   <div class='ocr_carea' id='block_1_77' title="bbox 2078 3240 3679 3320">
    <p class='ocr_par' dir='ltr' id='par_1_77' title="bbox 2078 3240 3679 3320">
     <span class='ocr_line' id='line_1_77' title="bbox 2078 3240 3679 3320; baseline -0.007 -16"><span class='ocrx_word' id='word_1_545' title='bbox 2078 3247 2443 3320; x_wconf 86' lang='lat' dir='ltr'><strong>perfectorum</strong></span> <span class='ocrx_word' id='word_1_546' title='bbox 2472 3245 2581 3301; x_wconf 90' lang='lat' dir='ltr'><strong>vita</strong></span> <span class='ocrx_word' id='word_1_547' title='bbox 2612 3252 2667 3299; x_wconf 89' lang='lat' dir='ltr'><strong>et</strong></span> <span class='ocrx_word' id='word_1_548' title='bbox 2693 3240 3120 3309; x_wconf 89' lang='lat' dir='ltr'><strong>conversatione,</strong></span> <span class='ocrx_word' id='word_1_549' title='bbox 3162 3246 3538 3306; x_wconf 87' lang='lat' dir='ltr'><strong>monstratur;</strong></span> <span class='ocrx_word' id='word_1_550' title='bbox 3587 3240 3679 3311; x_wconf 90' lang='lat' dir='ltr'><strong>qui</strong></span> 
     </span>
    </p>
   </div>
   <div class='ocr_carea' id='block_1_78' title="bbox 2079 3333 3682 3412">
    <p class='ocr_par' dir='ltr' id='par_1_78' title="bbox 2079 3333 3682 3412">
     <span class='ocr_line' id='line_1_78' title="bbox 2079 3333 3682 3412; baseline -0.006 -16"><span class='ocrx_word' id='word_1_551' title='bbox 2079 3357 2206 3397; x_wconf 92' lang='lat' dir='ltr'><strong>cum</strong></span> <span class='ocrx_word' id='word_1_552' title='bbox 2234 3340 2565 3412; x_wconf 89' lang='lat' dir='ltr'><strong>reliquarum</strong></span> <span class='ocrx_word' id='word_1_553' title='bbox 2579 3337 2893 3411; x_wconf 88' lang='lat' dir='ltr'><strong>passionum</strong></span> <span class='ocrx_word' id='word_1_554' title='bbox 2907 3333 3201 3391; x_wconf 89' lang='lat' dir='ltr'><strong>reciderint</strong></span> <span class='ocrx_word' id='word_1_555' title='bbox 3221 3333 3494 3400; x_wconf 87' lang='lat' dir='ltr'><strong>stimulos,</strong></span> <span class='ocrx_word' id='word_1_556' title='bbox 3514 3341 3682 3404; x_wconf 86' lang='lat' dir='ltr'><strong>atque</strong></span> 
     </span>
    </p>
   </div>
   <div class='ocr_carea' id='block_1_79' title="bbox 2072 3427 3678 3500">
    <p class='ocr_par' dir='ltr' id='par_1_79' title="bbox 2072 3427 3678 3500">
     <span class='ocr_line' id='line_1_79' title="bbox 2072 3427 3678 3500; baseline -0.005 -10"><span class='ocrx_word' id='word_1_557' title='bbox 2072 3448 2320 3490; x_wconf 83' lang='lat' dir='ltr'><strong>eremum</strong></span> <span class='ocrx_word' id='word_1_558' title='bbox 2346 3441 2464 3490; x_wconf 90' lang='lat' dir='ltr'><strong>toto</strong></span> <span class='ocrx_word' id='word_1_559' title='bbox 2479 3432 2680 3487; x_wconf 89' lang='lat' dir='ltr'><strong>mentis</strong></span> <span class='ocrx_word' id='word_1_560' title='bbox 2708 3428 2920 3487; x_wconf 85' lang='lat' dir='ltr'><strong>fervore</strong></span> <span class='ocrx_word' id='word_1_561' title='bbox 2951 3437 3005 3484; x_wconf 92' lang='lat' dir='ltr'><strong>et</strong></span> <span class='ocrx_word' id='word_1_562' title='bbox 3030 3427 3278 3500; x_wconf 89' lang='lat' dir='ltr'><strong>corporis</strong></span> <span class='ocrx_word' id='word_1_563' title='bbox 3298 3434 3551 3499; x_wconf 84' lang='lat' dir='ltr'><strong>expetant</strong></span> <span class='ocrx_word' id='word_1_564' title='bbox 3575 3441 3678 3482; x_wconf 83' lang='lat' dir='ltr'><strong>nu-</strong></span> 
     </span>
    </p>
   </div>
   <div class='ocr_carea' id='block_1_80' title="bbox 2074 3518 3680 3595">
    <p class='ocr_par' dir='ltr' id='par_1_80' title="bbox 2074 3518 3680 3595">
     <span class='ocr_line' id='line_1_80' title="bbox 2074 3518 3680 3595; baseline -0.006 -12"><span class='ocrx_word' id='word_1_565' title='bbox 2074 3524 2260 3594; x_wconf 85' lang='lat' dir='ltr'><strong>ditate,</strong></span> <span class='ocrx_word' id='word_1_566' title='bbox 2286 3525 2639 3582; x_wconf 89' lang='lat' dir='ltr'><strong>nihilominus</strong></span> <span class='ocrx_word' id='word_1_567' title='bbox 2672 3520 2972 3595; x_wconf 89' lang='lat' dir='ltr'><strong>quotidiani</strong></span> <span class='ocrx_word' id='word_1_568' title='bbox 3024 3520 3200 3576; x_wconf 90' lang='lat' dir='ltr'><strong>victus</strong></span> <span class='ocrx_word' id='word_1_569' title='bbox 3252 3518 3583 3591; x_wconf 82' lang='lat' dir='ltr'><strong>providentia</strong></span> <span class='ocrx_word' id='word_1_570' title='bbox 3620 3526 3680 3573; x_wconf 89' lang='lat' dir='ltr'><strong>et</strong></span> 
     </span>
    </p>
   </div>
   <div class='ocr_carea' id='block_1_81' title="bbox 2075 3613 3387 3691">
    <p class='ocr_par' dir='ltr' id='par_1_81' title="bbox 2075 3613 3387 3691">
     <span class='ocr_line' id='line_1_81' title="bbox 2075 3613 3387 3691; baseline -0.005 -15"><span class='ocrx_word' id='word_1_571' title='bbox 2075 3620 2241 3676; x_wconf 89' lang='lat' dir='ltr'><strong>annui</strong></span> <span class='ocrx_word' id='word_1_572' title='bbox 2264 3617 2417 3690; x_wconf 87' lang='lat' dir='ltr'><strong>panis</strong></span> <span class='ocrx_word' id='word_1_573' title='bbox 2438 3616 2833 3691; x_wconf 69' lang='lat' dir='ltr'><strong>praeparatione</strong></span> <span class='ocrx_word' id='word_1_574' title='bbox 2854 3622 3133 3688; x_wconf 88' lang='lat' dir='ltr'><strong>nequeunt</strong></span> <span class='ocrx_word' id='word_1_575' title='bbox 3151 3613 3387 3670; x_wconf 87' lang='lat' dir='ltr'><strong>liberari.</strong></span> 
     </span>
    </p>
   </div>
   <div class='ocr_carea' id='block_1_82' title="bbox 2664 3719 3076 3777">
    <p class='ocr_par' dir='ltr' id='par_1_82' title="bbox 2664 3719 3076 3777">
     <span class='ocr_line' id='line_1_82' title="bbox 2664 3719 3076 3777; baseline -0.002 -1"><span class='ocrx_word' id='word_1_576' title='bbox 2664 3719 2906 3777; x_wconf 78' lang='lat' dir='ltr'><strong>CAPUT</strong></span> <span class='ocrx_word' id='word_1_577' title='bbox 2940 3721 3076 3775; x_wconf 82' lang='lat' dir='ltr'><strong>XX.</strong></span> 
     </span>
    </p>
   </div>
   <div class='ocr_carea' id='block_1_83' title="bbox 2078 3816 3442 3888">
    <p class='ocr_par' dir='ltr' id='par_1_83' title="bbox 2078 3816 3442 3888">
     <span class='ocr_line' id='line_1_83' title="bbox 2078 3816 3442 3888; baseline -0.004 -12"><span class='ocrx_word' id='word_1_578' title='bbox 2078 3823 2150 3876; x_wconf 89' lang='lat' dir='ltr'><strong>De</strong></span> <span class='ocrx_word' id='word_1_579' title='bbox 2194 3823 2395 3874; x_wconf 85' lang='lat' dir='ltr'><strong>natura</strong></span> <span class='ocrx_word' id='word_1_580' title='bbox 2435 3819 2859 3888; x_wconf 78' lang='lat' dir='ltr'><strong>gastrimargia,</strong></span> <span class='ocrx_word' id='word_1_581' title='bbox 2898 3817 2971 3872; x_wconf 88' lang='lat' dir='ltr'><strong>ad</strong></span> <span class='ocrx_word' id='word_1_582' title='bbox 3026 3816 3442 3871; x_wconf 84' lang='lat' dir='ltr'><strong>similitudinem</strong></span> 
     </span>
    </p>
   </div>
   <div class='ocr_carea' id='block_1_84' title="bbox 2401 3888 3349 3960">
    <p class='ocr_par' dir='ltr' id='par_1_84' title="bbox 2401 3888 3349 3960">
     <span class='ocr_line' id='line_1_84' title="bbox 2401 3888 3349 3960; baseline -0.003 -15"><span class='ocrx_word' id='word_1_583' title='bbox 2401 3894 2722 3960; x_wconf 77' lang='lat' dir='ltr'><strong>comparata</strong></span> <span class='ocrx_word' id='word_1_584' title='bbox 2762 3888 2889 3959; x_wconf 82' lang='lat' dir='ltr'><strong>(Al.</strong></span> <span class='ocrx_word' id='word_1_585' title='bbox 2920 3889 3349 3958; x_wconf 76' lang='lat' dir='ltr'><strong>comparanda).</strong></span> 
     </span>
    </p>
   </div>
   <div class='ocr_carea' id='block_1_85' title="bbox 2146 3994 3682 4069">
    <p class='ocr_par' dir='ltr' id='par_1_85' title="bbox 2146 3994 3682 4069">
     <span class='ocr_line' id='line_1_85' title="bbox 2146 3994 3682 4069; baseline -0.005 -14"><span class='ocrx_word' id='word_1_586' title='bbox 2146 3999 2172 4034; x_wconf 72' lang='grc' dir='ltr'>ά</span> <span class='ocrx_word' id='word_1_587' title='bbox 2198 3997 2375 4069; x_wconf 86' lang='lat' dir='ltr'><strong>Hujus</strong></span> <span class='ocrx_word' id='word_1_588' title='bbox 2399 3994 2883 4068; x_wconf 10' lang='lat' dir='ltr'><strong>passionis‘ﬁgura,</strong></span> <span class='ocrx_word' id='word_1_589' title='bbox 2910 4009 3017 4066; x_wconf 90' lang='lat' dir='ltr'><strong>qua</strong></span> <span class='ocrx_word' id='word_1_590' title='bbox 3049 4007 3270 4049; x_wconf 87' lang='lat' dir='ltr'><strong>necesse</strong></span> <span class='ocrx_word' id='word_1_591' title='bbox 3310 4001 3394 4048; x_wconf 90' lang='lat' dir='ltr'><strong>est</strong></span> <span class='ocrx_word' id='word_1_592' title='bbox 3430 3994 3682 4064; x_wconf 86' lang='lat' dir='ltr'><strong>quamvis</strong></span> 
     </span>
    </p>
   </div>
   <div class='ocr_carea' id='block_1_86' title="bbox 2076 4087 3684 4164">
    <p class='ocr_par' dir='ltr' id='par_1_86' title="bbox 2076 4087 3684 4164">
     <span class='ocr_line' id='line_1_86' title="bbox 2076 4087 3684 4164; baseline -0.004 -16"><span class='ocrx_word' id='word_1_593' title='bbox 2076 4093 2369 4164; x_wconf 89' lang='lat' dir='ltr'><strong>spiritalem</strong></span> <span class='ocrx_word' id='word_1_594' title='bbox 2415 4103 2809 4161; x_wconf 90' lang='lat' dir='ltr'><strong>summumque</strong></span> <span class='ocrx_word' id='word_1_595' title='bbox 2852 4087 3191 4144; x_wconf 90' lang='lat' dir='ltr'><strong>monachum</strong></span> <span class='ocrx_word' id='word_1_596' title='bbox 3240 4088 3530 4155; x_wconf 89' lang='lat' dir='ltr'><strong>coarctari,</strong></span> <span class='ocrx_word' id='word_1_597' title='bbox 3557 4103 3684 4156; x_wconf 77' lang='lat' dir='ltr'><strong>pro-</strong></span> 
     </span>
    </p>
   </div>
   <div class='ocr_carea' id='block_1_87' title="bbox 2079 4180 3681 4259">
    <p class='ocr_par' dir='ltr' id='par_1_87' title="bbox 2079 4180 3681 4259">
     <span class='ocr_line' id='line_1_87' title="bbox 2079 4180 3681 4259; baseline -0.006 -16"><span class='ocrx_word' id='word_1_598' title='bbox 2079 4188 2191 4259; x_wconf 89' lang='lat' dir='ltr'><strong>prie</strong></span> <span class='ocrx_word' id='word_1_599' title='bbox 2217 4187 2353 4243; x_wconf 88' lang='lat' dir='ltr'><strong>satis</strong></span> <span class='ocrx_word' id='word_1_600' title='bbox 2398 4184 2591 4258; x_wconf 89' lang='lat' dir='ltr'><strong>aquila</strong></span> <span class='ocrx_word' id='word_1_601' title='bbox 2641 4181 2991 4239; x_wconf 90' lang='lat' dir='ltr'><strong>similitudine</strong></span> <span class='ocrx_word' id='word_1_602' title='bbox 3011 4180 3345 4253; x_wconf 89' lang='lat' dir='ltr'><strong>designatur.</strong></span> <span class='ocrx_word' id='word_1_603' title='bbox 3372 4183 3512 4251; x_wconf 87' lang='lat' dir='ltr'><strong>Qua</strong></span> <span class='ocrx_word' id='word_1_604' title='bbox 3553 4196 3681 4236; x_wconf 88' lang='lat' dir='ltr'><strong>cum</strong></span> 
     </span>
    </p>
   </div>
   <div class='ocr_carea' id='block_1_88' title="bbox 2077 4275 3681 4336">
    <p class='ocr_par' dir='ltr' id='par_1_88' title="bbox 2077 4275 3681 4336">
     <span class='ocr_line' id='line_1_88' title="bbox 2077 4275 3681 4336; baseline -0.002 0"><span class='ocrx_word' id='word_1_605' title='bbox 2077 4280 2438 4336; x_wconf 89' lang='lat' dir='ltr'><strong>excelsissimo</strong></span> <span class='ocrx_word' id='word_1_606' title='bbox 2463 4279 2646 4336; x_wconf 86' lang='lat' dir='ltr'><strong>volatu</strong></span> <span class='ocrx_word' id='word_1_607' title='bbox 2671 4278 2810 4335; x_wconf 89' lang='lat' dir='ltr'><strong>ultra</strong></span> <span class='ocrx_word' id='word_1_608' title='bbox 2842 4276 3072 4333; x_wconf 91' lang='lat' dir='ltr'><strong>nubium</strong></span> <span class='ocrx_word' id='word_1_609' title='bbox 3115 4275 3281 4333; x_wconf 86' lang='lat' dir='ltr'><strong>fuerit</strong></span> <span class='ocrx_word' id='word_1_610' title='bbox 3328 4275 3681 4333; x_wconf 82' lang='lat' dir='ltr'><strong>altitudinem</strong></span> 
     </span>
    </p>
   </div>
   <div class='ocr_carea' id='block_1_89' title="bbox 2076 4370 3678 4443">
    <p class='ocr_par' dir='ltr' id='par_1_89' title="bbox 2076 4370 3678 4443">
     <span class='ocr_line' id='line_1_89' title="bbox 2076 4370 3678 4443; baseline -0.001 -16"><span class='ocrx_word' id='word_1_611' title='bbox 2076 4372 2384 4439; x_wconf 86' lang='lat' dir='ltr'><strong>sublimata,</strong></span> <span class='ocrx_word' id='word_1_612' title='bbox 2412 4386 2636 4443; x_wconf 89' lang='lat' dir='ltr'><strong>seseque</strong></span> <span class='ocrx_word' id='word_1_613' title='bbox 2681 4372 2749 4427; x_wconf 90' lang='lat' dir='ltr'><strong>ab</strong></span> <span class='ocrx_word' id='word_1_614' title='bbox 2788 4370 2965 4427; x_wconf 90' lang='lat' dir='ltr'><strong>oculis</strong></span> <span class='ocrx_word' id='word_1_615' title='bbox 3005 4378 3328 4426; x_wconf 87' lang='lat' dir='ltr'><strong>cunctorum</strong></span> <span class='ocrx_word' id='word_1_616' title='bbox 3352 4370 3678 4426; x_wconf 88' lang='lat' dir='ltr'><strong>mortalium</strong></span> 
     </span>
    </p>
   </div>
   <div class='ocr_carea' id='block_1_90' title="bbox 2076 4463 3679 4531">
    <p class='ocr_par' dir='ltr' id='par_1_90' title="bbox 2076 4463 3679 4531">
     <span class='ocr_line' id='line_1_90' title="bbox 2076 4463 3679 4531; baseline -0.001 -11"><span class='ocrx_word' id='word_1_617' title='bbox 2076 4481 2141 4521; x_wconf 89' lang='lat' dir='ltr'><strong>ac</strong></span> <span class='ocrx_word' id='word_1_618' title='bbox 2164 4480 2196 4520; x_wconf 90' lang='lat' dir='ltr'><strong>a</strong></span> <span class='ocrx_word' id='word_1_619' title='bbox 2228 4464 2365 4520; x_wconf 79' lang='lat' dir='ltr'><strong>facie</strong></span> <span class='ocrx_word' id='word_1_620' title='bbox 2387 4472 2549 4520; x_wconf 89' lang='lat' dir='ltr'><strong>terra</strong></span> <span class='ocrx_word' id='word_1_621' title='bbox 2572 4466 2741 4522; x_wconf 90' lang='lat' dir='ltr'><strong>totius</strong></span> <span class='ocrx_word' id='word_1_622' title='bbox 2765 4463 3135 4531; x_wconf 89' lang='lat' dir='ltr'><strong>absconderit,</strong></span> <span class='ocrx_word' id='word_1_623' title='bbox 3150 4479 3341 4520; x_wconf 90' lang='lat' dir='ltr'><strong>rursus</strong></span> <span class='ocrx_word' id='word_1_624' title='bbox 3366 4463 3436 4521; x_wconf 90' lang='lat' dir='ltr'><strong>ad</strong></span> <span class='ocrx_word' id='word_1_625' title='bbox 3458 4464 3679 4520; x_wconf 88' lang='lat' dir='ltr'><strong>vallium</strong></span> 
     </span>
    </p>
   </div>
   <div class='ocr_carea' id='block_1_91' title="bbox 3480 3817 3682 3887">
    <p class='ocr_par' dir='ltr' id='par_1_91' title="bbox 3480 3817 3682 3887">
     <span class='ocr_line' id='line_1_91' title="bbox 3480 3817 3682 3887; baseline -0.005 -15"><span class='ocrx_word' id='word_1_626' title='bbox 3480 3817 3682 3887; x_wconf 70' lang='lat' dir='ltr'><strong>aqle</strong></span> 
     </span>
    </p>
   </div>
   <div class='ocr_carea' id='block_1_92' title="bbox 368 4534 3682 4628">
    <p class='ocr_par' dir='ltr' id='par_1_92' title="bbox 368 4534 3682 4628">
     <span class='ocr_line' id='line_1_92' title="bbox 368 4534 3682 4628; baseline 0.002 -21"><span class='ocrx_word' id='word_1_627' title='bbox 368 4552 706 4626; x_wconf 89' lang='lat' dir='ltr'><strong>quantolibet</strong></span> <span class='ocrx_word' id='word_1_628' title='bbox 727 4550 921 4609; x_wconf 89' lang='lat' dir='ltr'><strong>ardore</strong></span> <span class='ocrx_word' id='word_1_629' title='bbox 966 4534 1182 4625; x_wconf 85' lang='lat' dir='ltr'><strong>spiritus</strong></span> <span class='ocrx_word' id='word_1_630' title='bbox 1217 4557 1463 4611; x_wconf 88' lang='lat' dir='ltr'><strong>succensi</strong></span> <span class='ocrx_word' id='word_1_631' title='bbox 1510 4572 1759 4613; x_wconf 85' lang='lat' dir='ltr'><strong>eremum</strong></span> <span class='ocrx_word' id='word_1_632' title='bbox 1802 4534 1969 4614; x_wconf 83' lang='lat' dir='ltr'><strong>virtu-</strong></span> <span class='ocrx_word' id='word_1_633' title='bbox 1999 4534 2049 4595; x_wconf 72' lang='grc' dir='ltr'>Β</span> <span class='ocrx_word' id='word_1_634' title='bbox 2078 4559 2193 4615; x_wconf 88' lang='lat' dir='ltr'><strong>ima</strong></span> <span class='ocrx_word' id='word_1_635' title='bbox 2228 4557 2497 4628; x_wconf 89' lang='lat' dir='ltr'><strong>submitti,</strong></span> <span class='ocrx_word' id='word_1_636' title='bbox 2537 4566 2592 4614; x_wconf 89' lang='lat' dir='ltr'><strong>et</strong></span> <span class='ocrx_word' id='word_1_637' title='bbox 2615 4558 2684 4614; x_wconf 91' lang='lat' dir='ltr'><strong>ad</strong></span> <span class='ocrx_word' id='word_1_638' title='bbox 2704 4567 2916 4615; x_wconf 90' lang='lat' dir='ltr'><strong>terrena</strong></span> <span class='ocrx_word' id='word_1_639' title='bbox 2942 4557 3289 4624; x_wconf 87' lang='lat' dir='ltr'><strong>descendere,</strong></span> <span class='ocrx_word' id='word_1_640' title='bbox 3321 4572 3385 4612; x_wconf 88' lang='lat' dir='ltr'><strong>ac</strong></span> <span class='ocrx_word' id='word_1_641' title='bbox 3432 4558 3682 4613; x_wconf 84' lang='lat' dir='ltr'><strong>mortici-</strong></span> 
     </span>
    </p>
   </div>
   <div class='ocr_carea' id='block_1_93' title="bbox 370 4644 1969 4722">
    <p class='ocr_par' dir='ltr' id='par_1_93' title="bbox 370 4644 1969 4722">
     <span class='ocr_line' id='line_1_93' title="bbox 370 4644 1969 4722; baseline 0.004 -22"><span class='ocrx_word' id='word_1_642' title='bbox 370 4654 489 4702; x_wconf 91' lang='lat' dir='ltr'><strong>tum</strong></span> <span class='ocrx_word' id='word_1_643' title='bbox 518 4644 785 4704; x_wconf 86' lang='lat' dir='ltr'><strong>fuerimus</strong></span> <span class='ocrx_word' id='word_1_644' title='bbox 814 4645 1062 4720; x_wconf 89' lang='lat' dir='ltr'><strong>ingressi,</strong></span> <span class='ocrx_word' id='word_1_645' title='bbox 1090 4646 1361 4704; x_wconf 87' lang='lat' dir='ltr'><strong>vicinitate</strong></span> <span class='ocrx_word' id='word_1_646' title='bbox 1387 4663 1449 4703; x_wconf 92' lang='lat' dir='ltr'><strong>ac</strong></span> <span class='ocrx_word' id='word_1_647' title='bbox 1487 4648 1798 4721; x_wconf 82' lang='lat' dir='ltr'><strong>magisterio</strong></span> <span class='ocrx_word' id='word_1_648' title='bbox 1845 4666 1969 4722; x_wconf 87' lang='lat' dir='ltr'><strong>gas-</strong></span> 
     </span>
    </p>
   </div>
   <div class='ocr_carea' id='block_1_94' title="bbox 370 4741 1969 4818">
    <p class='ocr_par' dir='ltr' id='par_1_94' title="bbox 370 4741 1969 4818">
     <span class='ocr_line' id='line_1_94' title="bbox 370 4741 1969 4818; baseline 0.002 -19"><span class='ocrx_word' id='word_1_649' title='bbox 370 4744 695 4817; x_wconf 88' lang='lat' dir='ltr'><strong>trimargia,</strong></span> <span class='ocrx_word' id='word_1_650' title='bbox 747 4750 800 4800; x_wconf 89' lang='lat' dir='ltr'><strong>et</strong></span> <span class='ocrx_word' id='word_1_651' title='bbox 845 4742 1258 4818; x_wconf 88' lang='lat' dir='ltr'><strong>quodammodo</strong></span> <span class='ocrx_word' id='word_1_652' title='bbox 1288 4741 1606 4815; x_wconf 90' lang='lat' dir='ltr'><strong>quotidiauo</strong></span> <span class='ocrx_word' id='word_1_653' title='bbox 1653 4745 1771 4817; x_wconf 89' lang='lat' dir='ltr'><strong>ejus</strong></span> <span class='ocrx_word' id='word_1_654' title='bbox 1815 4761 1969 4801; x_wconf 84' lang='lat' dir='ltr'><strong>com-</strong></span> 
     </span>
    </p>
   </div>
   <div class='ocr_carea' id='block_1_95' title="bbox 2078 4650 3685 4726">
    <p class='ocr_par' dir='ltr' id='par_1_95' title="bbox 2078 4650 3685 4726">
     <span class='ocr_line' id='line_1_95' title="bbox 2078 4650 3685 4726; baseline -0.002 -17"><span class='ocrx_word' id='word_1_655' title='bbox 2078 4654 2167 4709; x_wconf 89' lang='lat' dir='ltr'><strong>nis</strong></span> <span class='ocrx_word' id='word_1_656' title='bbox 2189 4650 2540 4709; x_wconf 86' lang='lat' dir='ltr'><strong>cadaveribus</strong></span> <span class='ocrx_word' id='word_1_657' title='bbox 2564 4652 2847 4726; x_wconf 88' lang='lat' dir='ltr'><strong>implicari,</strong></span> <span class='ocrx_word' id='word_1_658' title='bbox 2871 4652 3075 4707; x_wconf 89' lang='lat' dir='ltr'><strong>ventris</strong></span> <span class='ocrx_word' id='word_1_659' title='bbox 3096 4651 3413 4708; x_wconf 89' lang='lat' dir='ltr'><strong>necessitate</strong></span> <span class='ocrx_word' id='word_1_660' title='bbox 3442 4651 3685 4722; x_wconf 82' lang='lat' dir='ltr'><strong>compel-</strong></span> 
     </span>
    </p>
   </div>
   <div class='ocr_carea' id='block_1_96' title="bbox 2077 4745 3682 4819">
    <p class='ocr_par' dir='ltr' id='par_1_96' title="bbox 2077 4745 3682 4819">
     <span class='ocr_line' id='line_1_96' title="bbox 2077 4745 3682 4819; baseline -0.002 -16"><span class='ocrx_word' id='word_1_661' title='bbox 2077 4747 2224 4803; x_wconf 91' lang='lat' dir='ltr'><strong>litur.</strong></span> <span class='ocrx_word' id='word_1_662' title='bbox 2274 4746 2487 4817; x_wconf 89' lang='lat' dir='ltr'><strong>Quibus</strong></span> <span class='ocrx_word' id='word_1_663' title='bbox 2536 4746 2978 4804; x_wconf 84' lang='lat' dir='ltr'><strong>manifestissime</strong></span> <span class='ocrx_word' id='word_1_664' title='bbox 3022 4748 3412 4819; x_wconf 86' lang='lat' dir='ltr'><strong>comprobatur</strong></span> <span class='ocrx_word' id='word_1_665' title='bbox 3469 4745 3682 4802; x_wconf 87' lang='lat' dir='ltr'><strong>indiciis</strong></span> 
     </span>
    </p>
   </div>
   <div class='ocr_carea' id='block_1_97' title="bbox 1464 4905 2579 4964">
    <p class='ocr_par' dir='ltr' id='par_1_97' title="bbox 1464 4905 2579 4964">
     <span class='ocr_line' id='line_1_97' title="bbox 1464 4905 2579 4964; baseline 0.002 -4"><span class='ocrx_word' id='word_1_666' title='bbox 1464 4905 1714 4961; x_wconf 81' lang='lat' dir='ltr'><strong>ALARDI</strong></span> <span class='ocrx_word' id='word_1_667' title='bbox 1755 4907 1978 4963; x_wconf 68' lang='lat' dir='ltr'><strong>GAZEI</strong></span> <span class='ocrx_word' id='word_1_668' title='bbox 2017 4907 2579 4964; x_wconf 79' lang='lat' dir='ltr'><strong>COMMENTARIUS.</strong></span> 
     </span>
    </p>
   </div>
   <div class='ocr_carea' id='block_1_98' title="bbox 444 5056 1969 5132">
    <p class='ocr_par' dir='ltr' id='par_1_98' title="bbox 444 5056 1969 5132">
     <span class='ocr_line' id='line_1_98' title="bbox 444 5056 1969 5132; baseline 0.003 -21"><span class='ocrx_word' id='word_1_669' title='bbox 444 5066 469 5091; x_wconf 76' lang='grc' dir='ltr'>ιι</span> <span class='ocrx_word' id='word_1_670' title='bbox 498 5056 580 5132; x_wconf 46' lang='grc' dir='ltr'><strong>Ι),</strong></span> <span class='ocrx_word' id='word_1_671' title='bbox 609 5056 973 5132; x_wconf 85' lang='lat' dir='ltr'><strong>Hieronymus</strong></span> <span class='ocrx_word' id='word_1_672' title='bbox 996 5059 1094 5132; x_wconf 79' lang='lat' dir='ltr'><strong>lib.</strong></span> <span class='ocrx_word' id='word_1_673' title='bbox 1119 5074 1166 5114; x_wconf 82' lang='grc' dir='ltr'>ιι</span> <span class='ocrx_word' id='word_1_674' title='bbox 1198 5057 1456 5115; x_wconf 90' lang='lat' dir='ltr'><strong>adversus</strong></span> <span class='ocrx_word' id='word_1_675' title='bbox 1475 5059 1827 5115; x_wconf 91' lang='lat' dir='ltr'><strong>Jovinianum</strong></span> <span class='ocrx_word' id='word_1_676' title='bbox 1850 5075 1969 5132; x_wconf 90' lang='lat' dir='ltr'><strong>cap.</strong></span> 
     </span>
    </p>
   </div>
   <div class='ocr_carea' id='block_1_99' title="bbox 377 5129 1973 5200">
    <p class='ocr_par' dir='ltr' id='par_1_99' title="bbox 377 5129 1973 5200">
     <span class='ocr_line' id='line_1_99' title="bbox 377 5129 1973 5200; baseline 0.003 -18"><span class='ocrx_word' id='word_1_677' title='bbox 377 5135 444 5183; x_wconf 83' lang='lat'><strong>10</strong></span> <span class='ocrx_word' id='word_1_678' title='bbox 472 5146 487 5183; x_wconf 89' lang='lat'><strong>:</strong></span> <span class='ocrx_word' id='word_1_679' title='bbox 512 5131 746 5199; x_wconf 86' lang='lat' dir='ltr'><strong>Ejectus,</strong></span> <span class='ocrx_word' id='word_1_680' title='bbox 786 5129 981 5198; x_wconf 86' lang='lat' dir='ltr'><strong>inquit,</strong></span> <span class='ocrx_word' id='word_1_681' title='bbox 1033 5131 1098 5183; x_wconf 86' lang='lat' dir='ltr'><strong>de</strong></span> <span class='ocrx_word' id='word_1_682' title='bbox 1141 5133 1367 5200; x_wconf 66' lang='lat' dir='ltr'><strong>Egypto</strong></span> <span class='ocrx_word' id='word_1_683' title='bbox 1418 5133 1648 5200; x_wconf 84' lang='lat' dir='ltr'><strong>populus</strong></span> <span class='ocrx_word' id='word_1_684' title='bbox 1694 5132 1878 5193; x_wconf 85' lang='lat' dir='ltr'><strong>Israel,</strong></span> <span class='ocrx_word' id='word_1_685' title='bbox 1918 5129 1973 5186; x_wconf 78' lang='lat' dir='ltr'><strong>et</strong></span> 
     </span>
    </p>
   </div>
   <div class='ocr_carea' id='block_1_100' title="bbox 373 5201 1971 5270">
    <p class='ocr_par' dir='ltr' id='par_1_100' title="bbox 373 5201 1971 5270">
     <span class='ocr_line' id='line_1_100' title="bbox 373 5201 1971 5270; baseline 0.003 -18"><span class='ocrx_word' id='word_1_686' title='bbox 373 5203 431 5253; x_wconf 89' lang='lat' dir='ltr'><strong>in</strong></span> <span class='ocrx_word' id='word_1_687' title='bbox 462 5206 655 5255; x_wconf 87' lang='lat' dir='ltr'><strong>terram</strong></span> <span class='ocrx_word' id='word_1_688' title='bbox 684 5202 1111 5270; x_wconf 77' lang='lat' dir='ltr'><strong>repromissionis</strong></span> <span class='ocrx_word' id='word_1_689' title='bbox 1132 5201 1267 5253; x_wconf 84' lang='lat' dir='ltr'><strong>lacte</strong></span> <span class='ocrx_word' id='word_1_690' title='bbox 1294 5207 1343 5255; x_wconf 90' lang='lat' dir='ltr'><strong>et</strong></span> <span class='ocrx_word' id='word_1_691' title='bbox 1372 5201 1525 5256; x_wconf 87' lang='lat' dir='ltr'><strong>melle</strong></span> <span class='ocrx_word' id='word_1_692' title='bbox 1551 5207 1857 5256; x_wconf 86' lang='lat' dir='ltr'><strong>manantem</strong></span> <span class='ocrx_word' id='word_1_693' title='bbox 1882 5206 1971 5256; x_wconf 83' lang='lat' dir='ltr'><strong>in-</strong></span> 
     </span>
    </p>
   </div>
   <div class='ocr_carea' id='block_1_101' title="bbox 374 5272 1974 5343">
    <p class='ocr_par' dir='ltr' id='par_1_101' title="bbox 374 5272 1974 5343">
     <span class='ocr_line' id='line_1_101' title="bbox 374 5272 1974 5343; baseline 0.003 -20"><span class='ocrx_word' id='word_1_694' title='bbox 374 5272 751 5343; x_wconf 80' lang='lat' dir='ltr'><strong>troducendus,</strong></span> <span class='ocrx_word' id='word_1_695' title='bbox 798 5274 1081 5341; x_wconf 59' lang='lat' dir='ltr'><strong>zEgyptias</strong></span> <span class='ocrx_word' id='word_1_696' title='bbox 1116 5286 1319 5337; x_wconf 87' lang='lat' dir='ltr'><strong>carnes,</strong></span> <span class='ocrx_word' id='word_1_697' title='bbox 1371 5278 1423 5326; x_wconf 91' lang='lat' dir='ltr'><strong>et</strong></span> <span class='ocrx_word' id='word_1_698' title='bbox 1461 5288 1709 5343; x_wconf 75' lang='lat' dir='ltr'><strong>pepones,</strong></span> <span class='ocrx_word' id='word_1_699' title='bbox 1757 5274 1974 5342; x_wconf 84' lang='lat' dir='ltr'><strong>aliaque</strong></span> 
     </span>
    </p>
   </div>
   <div class='ocr_carea' id='block_1_102' title="bbox 375 5342 1968 5412">
    <p class='ocr_par' dir='ltr' id='par_1_102' title="bbox 375 5342 1968 5412">
     <span class='ocr_line' id='line_1_102' title="bbox 375 5342 1968 5412; baseline 0.003 -19"><span class='ocrx_word' id='word_1_700' title='bbox 375 5342 644 5395; x_wconf 80' lang='lat' dir='ltr'><strong>desiderat</strong></span> <span class='ocrx_word' id='word_1_701' title='bbox 676 5343 889 5411; x_wconf 62' lang='lat' dir='ltr'><strong>(Ea-od.</strong></span> <span class='ocrx_word' id='word_1_702' title='bbox 936 5356 1084 5410; x_wconf 73' lang='lat' dir='ltr'><strong>XVI</strong></span> <span class='ocrx_word' id='word_1_703' title='bbox 1110 5344 1268 5398; x_wconf 84' lang='lat' dir='ltr'><strong>Num.</strong></span> <span class='ocrx_word' id='word_1_704' title='bbox 1308 5354 1424 5412; x_wconf 74' lang='lat' dir='ltr'><strong>x1).</strong></span> <span class='ocrx_word' id='word_1_705' title='bbox 1461 5347 1698 5408; x_wconf 86' lang='lat' dir='ltr'><strong>Utinam,</strong></span> <span class='ocrx_word' id='word_1_706' title='bbox 1725 5344 1968 5412; x_wconf 85' lang='lat' dir='ltr'><strong>inquit),</strong></span> 
     </span>
    </p>
   </div>
   <div class='ocr_carea' id='block_1_103' title="bbox 374 5413 1903 5483">
    <p class='ocr_par' dir='ltr' id='par_1_103' title="bbox 374 5413 1903 5483">
     <span class='ocr_line' id='line_1_103' title="bbox 374 5413 1903 5483; baseline 0.001 -18"><span class='ocrx_word' id='word_1_707' title='bbox 374 5413 681 5466; x_wconf 84' lang='lat' dir='ltr'><strong>obiissemus</strong></span> <span class='ocrx_word' id='word_1_708' title='bbox 704 5415 946 5481; x_wconf 83' lang='lat' dir='ltr'><strong>percussi</strong></span> <span class='ocrx_word' id='word_1_709' title='bbox 977 5429 1012 5466; x_wconf 89' lang='lat' dir='ltr'><strong>a</strong></span> <span class='ocrx_word' id='word_1_710' title='bbox 1044 5415 1149 5467; x_wconf 89' lang='lat' dir='ltr'><strong>Deo</strong></span> <span class='ocrx_word' id='word_1_711' title='bbox 1175 5416 1234 5467; x_wconf 88' lang='lat' dir='ltr'><strong>in</strong></span> <span class='ocrx_word' id='word_1_712' title='bbox 1279 5418 1425 5469; x_wconf 87' lang='lat' dir='ltr'><strong>terra</strong></span> <span class='ocrx_word' id='word_1_713' title='bbox 1463 5416 1706 5483; x_wconf 68' lang='lat' dir='ltr'><strong>Egypti,</strong></span> <span class='ocrx_word' id='word_1_714' title='bbox 1758 5429 1903 5481; x_wconf 88' lang='lat' dir='ltr'><strong>quan</strong></span> 
     </span>
    </p>
   </div>
   <div class='ocr_carea' id='block_1_104' title="bbox 373 5484 1971 5552">
    <p class='ocr_par' dir='ltr' id='par_1_104' title="bbox 373 5484 1971 5552">
     <span class='ocr_line' id='line_1_104' title="bbox 373 5484 1971 5552; baseline 0.002 -16"><span class='ocrx_word' id='word_1_715' title='bbox 373 5498 534 5552; x_wconf 83' lang='lat' dir='ltr'><strong>super</strong></span> <span class='ocrx_word' id='word_1_716' title='bbox 560 5484 693 5538; x_wconf 86' lang='lat' dir='ltr'><strong>ollas</strong></span> <span class='ocrx_word' id='word_1_717' title='bbox 721 5486 965 5538; x_wconf 88' lang='lat' dir='ltr'><strong>carnium</strong></span> <span class='ocrx_word' id='word_1_718' title='bbox 989 5484 1314 5539; x_wconf 85' lang='lat' dir='ltr'><strong>sedebamus.</strong></span> <span class='ocrx_word' id='word_1_719' title='bbox 1346 5488 1416 5542; x_wconf 88' lang='lat' dir='ltr'><strong>Et</strong></span> <span class='ocrx_word' id='word_1_720' title='bbox 1452 5487 1665 5540; x_wconf 87' lang='lat' dir='ltr'><strong>iterum.</strong></span> <span class='ocrx_word' id='word_1_721' title='bbox 1705 5484 1834 5550; x_wconf 81' lang='lat' dir='ltr'><strong>Quis</strong></span> <span class='ocrx_word' id='word_1_722' title='bbox 1877 5499 1971 5539; x_wconf 87' lang='lat' dir='ltr'><strong>nos</strong></span> 
     </span>
    </p>
   </div>
   <div class='ocr_carea' id='block_1_105' title="bbox 369 5555 1970 5625">
    <p class='ocr_par' dir='ltr' id='par_1_105' title="bbox 369 5555 1970 5625">
     <span class='ocr_line' id='line_1_105' title="bbox 369 5555 1970 5625; baseline 0.002 -18"><span class='ocrx_word' id='word_1_723' title='bbox 369 5559 550 5625; x_wconf 86' lang='lat' dir='ltr'><strong>pascet</strong></span> <span class='ocrx_word' id='word_1_724' title='bbox 574 5555 861 5610; x_wconf 84' lang='lat' dir='ltr'><strong>carnibus?</strong></span> <span class='ocrx_word' id='word_1_725' title='bbox 888 5557 1117 5611; x_wconf 87' lang='lat' dir='ltr'><strong>Veniunt</strong></span> <span class='ocrx_word' id='word_1_726' title='bbox 1144 5560 1201 5610; x_wconf 86' lang='lat' dir='ltr'><strong>in</strong></span> <span class='ocrx_word' id='word_1_727' title='bbox 1211 5561 1437 5611; x_wconf 86' lang='lat' dir='ltr'><strong>mentem</strong></span> <span class='ocrx_word' id='word_1_728' title='bbox 1456 5557 1609 5609; x_wconf 84' lang='lat' dir='ltr'><strong>nobis</strong></span> <span class='ocrx_word' id='word_1_729' title='bbox 1628 5556 1821 5625; x_wconf 85' lang='lat' dir='ltr'><strong>pisces,</strong></span> <span class='ocrx_word' id='word_1_730' title='bbox 1840 5571 1970 5624; x_wconf 89' lang='lat' dir='ltr'><strong>quos</strong></span> 
     </span>
    </p>
   </div>
   <div class='ocr_carea' id='block_1_106' title="bbox 376 5627 1973 5697">
    <p class='ocr_par' dir='ltr' id='par_1_106' title="bbox 376 5627 1973 5697">
     <span class='ocr_line' id='line_1_106' title="bbox 376 5627 1973 5697; baseline 0.003 -20"><span class='ocrx_word' id='word_1_731' title='bbox 376 5627 435 5677; x_wconf 86' lang='lat' dir='ltr'><strong>in</strong></span> <span class='ocrx_word' id='word_1_732' title='bbox 461 5628 691 5695; x_wconf 71' lang='lat' dir='ltr'><strong>Egypto</strong></span> <span class='ocrx_word' id='word_1_733' title='bbox 729 5628 1126 5682; x_wconf 88' lang='lat' dir='ltr'><strong>comedebamus</strong></span> <span class='ocrx_word' id='word_1_734' title='bbox 1151 5630 1345 5695; x_wconf 87' lang='lat' dir='ltr'><strong>gratis,</strong></span> <span class='ocrx_word' id='word_1_735' title='bbox 1370 5632 1422 5681; x_wconf 89' lang='lat' dir='ltr'><strong>et</strong></span> <span class='ocrx_word' id='word_1_736' title='bbox 1448 5640 1761 5687; x_wconf 86' lang='lat' dir='ltr'><strong>cucumeres,</strong></span> <span class='ocrx_word' id='word_1_737' title='bbox 1794 5631 1844 5680; x_wconf 89' lang='lat' dir='ltr'><strong>et</strong></span> <span class='ocrx_word' id='word_1_738' title='bbox 1877 5643 1973 5697; x_wconf 83' lang='lat' dir='ltr'><strong>pe-</strong></span> 
     </span>
    </p>
   </div>
   <div class='ocr_carea' id='block_1_107' title="bbox 375 5699 1971 5767">
    <p class='ocr_par' dir='ltr' id='par_1_107' title="bbox 375 5699 1971 5767">
     <span class='ocr_line' id='line_1_107' title="bbox 375 5699 1971 5767; baseline 0.002 -18"><span class='ocrx_word' id='word_1_739' title='bbox 375 5711 554 5767; x_wconf 79' lang='lat' dir='ltr'><strong>pones,</strong></span> <span class='ocrx_word' id='word_1_740' title='bbox 581 5701 632 5749; x_wconf 90' lang='lat' dir='ltr'><strong>et</strong></span> <span class='ocrx_word' id='word_1_741' title='bbox 652 5700 826 5764; x_wconf 86' lang='lat' dir='ltr'><strong>porri,</strong></span> <span class='ocrx_word' id='word_1_742' title='bbox 847 5704 899 5751; x_wconf 89' lang='lat' dir='ltr'><strong>ct</strong></span> <span class='ocrx_word' id='word_1_743' title='bbox 912 5714 1069 5767; x_wconf 79' lang='lat' dir='ltr'><strong>cape,</strong></span> <span class='ocrx_word' id='word_1_744' title='bbox 1093 5703 1144 5751; x_wconf 90' lang='lat' dir='ltr'><strong>et</strong></span> <span class='ocrx_word' id='word_1_745' title='bbox 1160 5700 1293 5751; x_wconf 86' lang='lat' dir='ltr'><strong>allia</strong></span> <span class='ocrx_word' id='word_1_746' title='bbox 1315 5717 1330 5750; x_wconf 92' lang='lat'><strong>:</strong></span> <span class='ocrx_word' id='word_1_747' title='bbox 1353 5702 1401 5750; x_wconf 90' lang='lat' dir='ltr'><strong>et</strong></span> <span class='ocrx_word' id='word_1_748' title='bbox 1419 5713 1561 5749; x_wconf 88' lang='lat' dir='ltr'><strong>nunc</strong></span> <span class='ocrx_word' id='word_1_749' title='bbox 1585 5699 1768 5749; x_wconf 87' lang='lat' dir='ltr'><strong>anima</strong></span> <span class='ocrx_word' id='word_1_750' title='bbox 1787 5704 1971 5752; x_wconf 85' lang='lat' dir='ltr'><strong>nostra</strong></span> 
     </span>
    </p>
   </div>
   <div class='ocr_carea' id='block_1_108' title="bbox 374 5765 1971 5837">
    <p class='ocr_par' dir='ltr' id='par_1_108' title="bbox 374 5765 1971 5837">
     <span class='ocr_line' id='line_1_108' title="bbox 374 5765 1971 5837; baseline 0.002 -16"><span class='ocrx_word' id='word_1_751' title='bbox 374 5765 562 5831; x_wconf 82' lang='lat' dir='ltr'><strong>arida;</strong></span> <span class='ocrx_word' id='word_1_752' title='bbox 587 5767 730 5821; x_wconf 86' lang='lat' dir='ltr'><strong>nihil</strong></span> <span class='ocrx_word' id='word_1_753' title='bbox 756 5769 864 5822; x_wconf 82' lang='lat' dir='ltr'><strong>nisi</strong></span> <span class='ocrx_word' id='word_1_754' title='bbox 876 5765 1080 5822; x_wconf 80' lang='lat' dir='ltr'><strong>manna</strong></span> <span class='ocrx_word' id='word_1_755' title='bbox 1108 5768 1244 5820; x_wconf 82' lang='lat' dir='ltr'><strong>ocuh</strong></span> <span class='ocrx_word' id='word_1_756' title='bbox 1263 5769 1438 5820; x_wconf 86' lang='lat' dir='ltr'><strong>nostri</strong></span> <span class='ocrx_word' id='word_1_757' title='bbox 1463 5769 1808 5837; x_wconf 81' lang='lat' dir='ltr'><strong>conspiciunt.</strong></span> <span class='ocrx_word' id='word_1_758' title='bbox 1857 5771 1971 5823; x_wconf 87' lang='lat' dir='ltr'><strong>An-</strong></span> 
     </span>
    </p>
   </div>
   <div class='ocr_carea' id='block_1_109' title="bbox 2078 5061 3685 5185">
    <p class='ocr_par' dir='ltr' id='par_1_109' title="bbox 2078 5061 3685 5185">
     <span class='ocr_line' id='line_1_109' title="bbox 2078 5061 3685 5185; baseline -0.001 -71"><span class='ocrx_word' id='word_1_759' title='bbox 2078 5061 2315 5185; x_wconf 49' lang='lat' dir='ltr'><strong>gellprugn</strong></span> <span class='ocrx_word' id='word_1_760' title='bbox 2336 5062 2511 5116; x_wconf 85' lang='lat' dir='ltr'><strong>cibum</strong></span> <span class='ocrx_word' id='word_1_761' title='bbox 2539 5064 2939 5128; x_wconf 84' lang='lat' dir='ltr'><strong>contemnentes,</strong></span> <span class='ocrx_word' id='word_1_762' title='bbox 2969 5075 3155 5115; x_wconf 85' lang='lat' dir='ltr'><strong>carnes</strong></span> <span class='ocrx_word' id='word_1_763' title='bbox 3178 5062 3466 5131; x_wconf 66' lang='lat' dir='ltr'><strong>Egyptias</strong></span> <span class='ocrx_word' id='word_1_764' title='bbox 3496 5064 3685 5131; x_wconf 80' lang='lat' dir='ltr'><strong>suspi-</strong></span> 
     </span>
     <span class='ocr_line' id='line_1_110' title="bbox 2081 5150 2304 5185; baseline 0 0"><span class='ocrx_word' id='word_1_765' title='bbox 2081 5150 2142 5185; x_wconf 66' lang='lat' dir='ltr'><strong>i‘tl</strong></span> <span class='ocrx_word' id='word_1_766' title='bbox 2183 5150 2253 5185; x_wconf 88' lang='lat' dir='ltr'><strong>an</strong></span> <span class='ocrx_word' id='word_1_767' title='bbox 2291 5174 2304 5185; x_wconf 89' lang='lat'><strong>.</strong></span> 
     </span>
    </p>
   </div>
   <div class='ocr_carea' id='block_1_110' title="bbox 2081 5138 2304 5187">
    <p class='ocr_par' dir='ltr' id='par_1_110' title="bbox 2081 5138 2304 5187">
     <span class='ocr_line' id='line_1_111' title="bbox 2081 5138 2304 5187; baseline 0.004 -2"><span class='ocrx_word' id='word_1_768' title='bbox 2081 5150 2142 5185; x_wconf 84' lang='lat' dir='ltr'><strong>ra</strong></span> <span class='ocrx_word' id='word_1_769' title='bbox 2151 5138 2279 5187; x_wconf 89' lang='lat' dir='ltr'><strong>bant</strong></span> <span class='ocrx_word' id='word_1_770' title='bbox 2291 5174 2304 5186; x_wconf 93' lang='lat'><strong>.</strong></span> 
     </span>
    </p>
   </div>
   <div class='ocr_carea' id='block_1_111' title="bbox 2151 5203 3684 5276">
    <p class='ocr_par' dir='ltr' id='par_1_111' title="bbox 2151 5203 3684 5276">
     <span class='ocr_line' id='line_1_112' title="bbox 2151 5203 3684 5276; baseline -0.003 -17"><span class='ocrx_word' id='word_1_771' title='bbox 2151 5204 2176 5238; x_wconf 77' lang='grc' dir='ltr'><strong>ι¹</strong></span> <span class='ocrx_word' id='word_1_772' title='bbox 2205 5204 2352 5276; x_wconf 81' lang='lat' dir='ltr'><strong>_Vide</strong></span> <span class='ocrx_word' id='word_1_773' title='bbox 2380 5203 2692 5261; x_wconf 87' lang='lat' dir='ltr'><strong>Cassianum</strong></span> <span class='ocrx_word' id='word_1_774' title='bbox 2719 5203 2812 5259; x_wconf 90' lang='lat' dir='ltr'><strong>lib.</strong></span> <span class='ocrx_word' id='word_1_775' title='bbox 2845 5220 2878 5257; x_wconf 91' lang='lat' dir='ltr'><strong>v</strong></span> <span class='ocrx_word' id='word_1_776' title='bbox 2905 5203 3157 5276; x_wconf 13' lang='lat' dir='ltr'><strong>,lnstitut.</strong></span> <span class='ocrx_word' id='word_1_777' title='bbox 3199 5219 3318 5276; x_wconf 89' lang='lat' dir='ltr'><strong>cap.</strong></span> <span class='ocrx_word' id='word_1_778' title='bbox 3353 5210 3408 5269; x_wconf 88' lang='lat'><strong>8,</strong></span> <span class='ocrx_word' id='word_1_779' title='bbox 3460 5211 3516 5260; x_wconf 86' lang='lat' dir='ltr'><strong>et</strong></span> <span class='ocrx_word' id='word_1_780' title='bbox 3558 5218 3684 5258; x_wconf 84' lang='lat' dir='ltr'><strong>sen-</strong></span> 
     </span>
    </p>
   </div>
   <div class='ocr_carea' id='block_1_112' title="bbox 2079 5274 3105 5345">
    <p class='ocr_par' dir='ltr' id='par_1_112' title="bbox 2079 5274 3105 5345">
     <span class='ocr_line' id='line_1_113' title="bbox 2079 5274 3105 5345; baseline 0.002 -17"><span class='ocrx_word' id='word_1_781' title='bbox 2079 5274 2308 5330; x_wconf 86' lang='lat' dir='ltr'><strong>tentiam</strong></span> <span class='ocrx_word' id='word_1_782' title='bbox 2332 5278 2403 5329; x_wconf 95' lang='lat' dir='ltr'><strong>D.</strong></span> <span class='ocrx_word' id='word_1_783' title='bbox 2435 5276 2680 5345; x_wconf 87' lang='lat' dir='ltr'><strong>Gregorii</strong></span> <span class='ocrx_word' id='word_1_784' title='bbox 2711 5276 2781 5331; x_wconf 92' lang='lat' dir='ltr'><strong>ibi</strong></span> <span class='ocrx_word' id='word_1_785' title='bbox 2807 5275 3105 5331; x_wconf 88' lang='lat' dir='ltr'><strong>recitatam.</strong></span> 
     </span>
    </p>
   </div>
   <div class='ocr_carea' id='block_1_113' title="bbox 2151 5339 3685 5419">
    <p class='ocr_par' dir='ltr' id='par_1_113' title="bbox 2151 5339 3685 5419">
     <span class='ocr_line' id='line_1_114' title="bbox 2151 5339 3685 5419; baseline 0.001 -20"><span class='ocrx_word' id='word_1_786' title='bbox 2151 5355 2172 5380; x_wconf 72' lang='lat'><strong>°-</strong></span> <span class='ocrx_word' id='word_1_787' title='bbox 2200 5339 2651 5419; x_wconf 68' lang='lat' dir='ltr'><strong>Gastrimargiam</strong></span> <span class='ocrx_word' id='word_1_788' title='bbox 2682 5347 2785 5402; x_wconf 90' lang='lat' dir='ltr'><strong>hoc</strong></span> <span class='ocrx_word' id='word_1_789' title='bbox 2817 5348 2937 5403; x_wconf 91' lang='lat' dir='ltr'><strong>loco</strong></span> <span class='ocrx_word' id='word_1_790' title='bbox 2976 5339 3295 5419; x_wconf 71' lang='lat' dir='ltr'><strong>improprie,</strong></span> <span class='ocrx_word' id='word_1_791' title='bbox 3340 5349 3514 5419; x_wconf 86' lang='lat' dir='ltr'><strong>immo</strong></span> <span class='ocrx_word' id='word_1_792' title='bbox 3552 5346 3685 5401; x_wconf 84' lang='lat' dir='ltr'><strong>abu-</strong></span> 
     </span>
    </p>
   </div>
   <div class='ocr_carea' id='block_1_114' title="bbox 2080 5416 3683 5490">
    <p class='ocr_par' dir='ltr' id='par_1_114' title="bbox 2080 5416 3683 5490">
     <span class='ocr_line' id='line_1_115' title="bbox 2080 5416 3683 5490; baseline -0.001 -19"><span class='ocrx_word' id='word_1_793' title='bbox 2080 5416 2211 5482; x_wconf 90' lang='lat' dir='ltr'><strong>sive,</strong></span> <span class='ocrx_word' id='word_1_794' title='bbox 2234 5417 2404 5471; x_wconf 90' lang='lat' dir='ltr'><strong>sumit</strong></span> <span class='ocrx_word' id='word_1_795' title='bbox 2430 5416 2593 5471; x_wconf 88' lang='lat' dir='ltr'><strong>etiam</strong></span> <span class='ocrx_word' id='word_1_796' title='bbox 2639 5435 2738 5490; x_wconf 90' lang='lat' dir='ltr'><strong>pro</strong></span> <span class='ocrx_word' id='word_1_797' title='bbox 2784 5416 3090 5474; x_wconf 79' lang='lat' dir='ltr'><strong>necessaria</strong></span> <span class='ocrx_word' id='word_1_798' title='bbox 3131 5416 3376 5490; x_wconf 86' lang='lat' dir='ltr'><strong>corporis</strong></span> <span class='ocrx_word' id='word_1_799' title='bbox 3418 5417 3683 5473; x_wconf 86' lang='lat' dir='ltr'><strong>alimonia</strong></span> 
     </span>
    </p>
   </div>
   <div class='ocr_carea' id='block_1_115' title="bbox 2079 5490 3688 5562">
    <p class='ocr_par' dir='ltr' id='par_1_115' title="bbox 2079 5490 3688 5562">
     <span class='ocr_line' id='line_1_116' title="bbox 2079 5490 3688 5562; baseline 0.002 -21"><span class='ocrx_word' id='word_1_800' title='bbox 2079 5495 2133 5562; x_wconf 80' lang='lat' dir='ltr'><strong>et</strong></span> <span class='ocrx_word' id='word_1_801' title='bbox 2150 5502 2301 5562; x_wconf 80' lang='lat' dir='ltr'><strong>cura,</strong></span> <span class='ocrx_word' id='word_1_802' title='bbox 2326 5497 2389 5543; x_wconf 92' lang='lat' dir='ltr'><strong>ut</strong></span> <span class='ocrx_word' id='word_1_803' title='bbox 2409 5490 2957 5562; x_wconf 4' lang='lat' dir='ltr'><strong>supraqcenodoxiam</strong></span> <span class='ocrx_word' id='word_1_804' title='bbox 2999 5507 3098 5561; x_wconf 91' lang='lat' dir='ltr'><strong>pro</strong></span> <span class='ocrx_word' id='word_1_805' title='bbox 3136 5490 3529 5562; x_wconf 89' lang='lat' dir='ltr'><strong>cujuscumque</strong></span> <span class='ocrx_word' id='word_1_806' title='bbox 3568 5490 3688 5560; x_wconf 78' lang='lat' dir='ltr'><strong>glo-</strong></span> 
     </span>
    </p>
   </div>
   <div class='ocr_carea' id='block_1_116' title="bbox 2078 5559 3574 5632">
    <p class='ocr_par' dir='ltr' id='par_1_116' title="bbox 2078 5559 3574 5632">
     <span class='ocr_line' id='line_1_117' title="bbox 2078 5559 3574 5632; baseline -0.001 -18"><span class='ocrx_word' id='word_1_807' title='bbox 2078 5559 2176 5632; x_wconf 62' lang='lat' dir='ltr'><strong>ria;</strong></span> <span class='ocrx_word' id='word_1_808' title='bbox 2203 5559 2479 5632; x_wconf 85' lang='lat' dir='ltr'><strong>humana,</strong></span> <span class='ocrx_word' id='word_1_809' title='bbox 2522 5561 2685 5617; x_wconf 88' lang='lat' dir='ltr'><strong>etiam</strong></span> <span class='ocrx_word' id='word_1_810' title='bbox 2711 5562 2854 5617; x_wconf 89' lang='lat' dir='ltr'><strong>licito</strong></span> <span class='ocrx_word' id='word_1_811' title='bbox 2889 5570 2946 5617; x_wconf 87' lang='lat' dir='ltr'><strong>et</strong></span> <span class='ocrx_word' id='word_1_812' title='bbox 2970 5559 3282 5617; x_wconf 79' lang='lat' dir='ltr'><strong>rationabili</strong></span> <span class='ocrx_word' id='word_1_813' title='bbox 3306 5559 3574 5632; x_wconf 74' lang='lat' dir='ltr'><strong>appetitu.</strong></span> 
     </span>
    </p>
   </div>
   <div class='ocr_carea' id='block_1_117' title="bbox 2150 5618 3685 5703">
    <p class='ocr_par' dir='ltr' id='par_1_117' title="bbox 2150 5618 3685 5703">
     <span class='ocr_line' id='line_1_118' title="bbox 2150 5618 3685 5703; baseline 0.002 -19"><span class='ocrx_word' id='word_1_814' title='bbox 2150 5618 2494 5703; x_wconf 37' lang='lat' dir='ltr'><strong>d“Dionysius</strong></span> <span class='ocrx_word' id='word_1_815' title='bbox 2530 5632 2607 5686; x_wconf 91' lang='lat' dir='ltr'><strong>sic</strong></span> <span class='ocrx_word' id='word_1_816' title='bbox 2636 5633 2970 5703; x_wconf 91' lang='lat' dir='ltr'><strong>simplicius:</strong></span> <span class='ocrx_word' id='word_1_817' title='bbox 3010 5636 3211 5703; x_wconf 87' lang='lat' dir='ltr'><strong>Figura</strong></span> <span class='ocrx_word' id='word_1_818' title='bbox 3240 5618 3403 5700; x_wconf 62' lang='lat' dir='ltr'><strong>gula;</strong></span> <span class='ocrx_word' id='word_1_819' title='bbox 3449 5640 3558 5703; x_wconf 84' lang='lat' dir='ltr'><strong>etc.</strong></span> <span class='ocrx_word' id='word_1_820' title='bbox 3598 5633 3685 5687; x_wconf 89' lang='lat' dir='ltr'><strong>De</strong></span> 
     </span>
    </p>
   </div>
   <div class='ocr_carea' id='block_1_118' title="bbox 2078 5701 3684 5776">
    <p class='ocr_par' dir='ltr' id='par_1_118' title="bbox 2078 5701 3684 5776">
     <span class='ocr_line' id='line_1_119' title="bbox 2078 5701 3684 5776; baseline 0.002 -22"><span class='ocrx_word' id='word_1_821' title='bbox 2078 5701 2276 5776; x_wconf 78' lang='lat' dir='ltr'><strong>aquila</strong></span> <span class='ocrx_word' id='word_1_822' title='bbox 2296 5701 2509 5776; x_wconf 67' lang='lat' dir='ltr'><strong>natura,</strong></span> <span class='ocrx_word' id='word_1_823' title='bbox 2538 5704 2722 5776; x_wconf 85' lang='lat' dir='ltr'><strong>volatu</strong></span> <span class='ocrx_word' id='word_1_824' title='bbox 2748 5701 3021 5761; x_wconf 84' lang='lat' dir='ltr'><strong>altissimo</strong></span> <span class='ocrx_word' id='word_1_825' title='bbox 3043 5701 3098 5760; x_wconf 84' lang='lat' dir='ltr'><strong>et</strong></span> <span class='ocrx_word' id='word_1_826' title='bbox 3116 5703 3437 5771; x_wconf 84' lang='lat' dir='ltr'><strong>voracitate,</strong></span> <span class='ocrx_word' id='word_1_827' title='bbox 3477 5702 3547 5759; x_wconf 91' lang='lat' dir='ltr'><strong>de</strong></span> <span class='ocrx_word' id='word_1_828' title='bbox 3575 5717 3684 5776; x_wconf 88' lang='lat' dir='ltr'><strong>qua</strong></span> 
     </span>
    </p>
   </div>
   <div class='ocr_carea' id='block_1_119' title="bbox 2079 5772 2992 5844">
    <p class='ocr_par' dir='ltr' id='par_1_119' title="bbox 2079 5772 2992 5844">
     <span class='ocr_line' id='line_1_120' title="bbox 2079 5772 2992 5844; baseline 0.005 -18"><span class='ocrx_word' id='word_1_829' title='bbox 2079 5772 2190 5838; x_wconf 90' lang='lat' dir='ltr'><strong>hic,</strong></span> <span class='ocrx_word' id='word_1_830' title='bbox 2231 5772 2348 5828; x_wconf 92' lang='lat' dir='ltr'><strong>vide</strong></span> <span class='ocrx_word' id='word_1_831' title='bbox 2368 5773 2600 5830; x_wconf 90' lang='lat' dir='ltr'><strong>Plinium</strong></span> <span class='ocrx_word' id='word_1_832' title='bbox 2622 5774 2714 5829; x_wconf 87' lang='lat' dir='ltr'><strong>lib.</strong></span> <span class='ocrx_word' id='word_1_833' title='bbox 2740 5791 2771 5830; x_wconf 75' lang='grc' dir='ltr'>χ</span> <span class='ocrx_word' id='word_1_834' title='bbox 2797 5791 2917 5844; x_wconf 85' lang='lat' dir='ltr'><strong>cap.</strong></span> <span class='ocrx_word' id='word_1_835' title='bbox 2940 5782 2992 5831; x_wconf 85' lang='lat'><strong>3.</strong></span> 
     </span>
    </p>
   </div>
  </div>
