3982 6202
269 184 368 238 637

1059 182 1397 242 COLLATIO
1432 185 1500 243 V.
1540 215 1611 230 -
1650 188 1738 244 DE
1777 187 1958 245 OCTO
1997 190 2508 250 PRINCIPALIBUS
2546 196 2766 252 VlTllS.

3459 207 3564 260 638

265 312 286 340 ³
311 308 702 384 gastrimargite
725 309 979 382 spiritum
1001 324 1346 384 nequaquam
1375 327 1557 384 posse,
1577 321 1641 370 ut
1663 321 1853 372 caetera
1880 319 1935 382 Α
1964 315 2040 372 eis
2069 332 2193 374 sum
2211 305 2550 377 omnimodis
2571 319 2852 378 absolutus
2867 340 2887 388 ;
2905 322 3305 394 gastrimargim
3318 339 3448 381 vero
3467 328 3565 382 sti-

265 400 412 467 vitia,
435 402 692 470 resecari,
715 402 798 458 vel
823 417 919 474 per
945 403 1128 459 omnia
1167 405 1418 462 similiter
1441 407 1730 479 exstingui,
1761 408 1860 466 sed
1961 411 2128 468 mulis
2155 411 2310 468 nullo
2338 413 2504 470 modo
2530 428 2717 472 carere
2738 416 3018 488 praevalui.
3045 419 3160 474 Nec
3185 419 3329 474 enim
3365 433 3564 490 quam—

263 493 480 551 aculeos
503 493 621 566 ejus
645 510 712 552 ac
736 494 1049 588 superﬂpos
1072 497 1344 570 appetitus
1369 498 1566 558 virtute
1592 500 1758 558 animi
1783 518 1858 560 re-

263 587 414 644 tundi
443 597 660 647 tantum
687 598 850 664 atque
879 587 1146 649 cohiberi.

826 732 1068 790 CAPUT
1123 736 1285 791 XXI.

270 850 345 903 De
376 853 780 919 perseverantia
807 855 1203 984 gasS-imaiégit'w
1238 856 1496 915 adversus
1519 861 1859 933 philosophos

950 941 1073 984 isnu
1099 943 1136 981 a
1164 944 1217 984 a.

950 941 1217 996 isputata.

327 1059 474 1113 Nam
497 1057 661 1133 hujus
683 1059 796 1118 vitii
820 1071 1073 1121 naturam
1088 1067 1114 1102 ³³
1137 1065 1364 1140 quidam
1389 1084 1580 1126 senum
1605 1087 1730 1128 cum
1750 1072 1858 1144 phi-

257 1149 506 1224 losophis
548 1154 850 1229 disputans,
877 1159 971 1231 qui
1004 1175 1131 1217 eum
1172 1178 1273 1234 pro
1314 1163 1659 1238 simplicitate
1698 1166 1849 1224 Chri-

252 1247 432 1302 stiana
459 1249 608 1306 velut
633 1252 897 1309 rusticum
925 1255 1206 1313 crederent
1232 1257 1593 1332 fatigandum,
1623 1262 1726 1318 ub
1752 1262 1858 1320 hoc

252 1341 620 1412 problematis
640 1344 877 1419 ﬁgurans
893 1349 1075 1406 colore
1097 1351 1374 1424 eleganter
1389 1355 1686 1426 expressit:
1710 1355 1854 1411 Mul-

248 1435 340 1499 tis,
387 1437 585 1509 inquit,
637 1441 1002 1500 creditoribus
1048 1454 1200 1517 pater
1243 1462 1399 1504 meus
1439 1463 1529 1505 me
1568 1448 1851 1523 dereliquit

251 1530 588 1602 obnoxium;
629 1537 841 1592 caeteris
887 1537 958 1595 ad
1000 1539 1269 1613 integrum
1311 1540 1546 1611 solvens,
1585 1541 1849 1600 ab.omni

247 1627 627 1685 conventionis
650 1644 842 1687 eorum
871 1632 1124 1689 molestia
1157 1633 1420 1692 liberatus
1448 1651 1594 1710 sum,
1629 1639 1728 1694 uni
1759 1655 1850 1696 sa-

1963 499 2043 556 vis
2070 515 2191 557 eam
2222 501 2280 558 in
2310 517 2538 574 parvum
2559 503 2787 561 modum
2813 504 3234 578 vilissimamque
3259 507 3562 581 redegerim

1963 594 2338 665 quantitatem,
2386 595 2500 653 vim
2546 597 2880 668 quotidiana;
2929 600 3321 673 compulsionis
3365 603 3559 671 evado,

1963 689 2060 746 sed
2106 704 2329 748 necesse
2367 699 2454 748 est
2498 707 2585 748 me
2631 693 2906 765 perpetuis
2943 693 3061 766 ejus
3107 697 3560 756 oonventionibus

1965 785 2264 858 perurgeri,
2312 793 2368 841 et
2407 785 2869 844 interminabilem
2912 787 3212 860 quamdam
3237 790 3562 848 solutionem

1957 877 2076 950 jugi
2108 877 2388 936 functione
2425 877 2758 952 dependere,
2800 889 2963 953 atque
2999 883 3026 913 θ
3065 880 3387 953 inexplebile
3427 883 3566 940 indi-

1965 974 2235 1031 ctionibus
2259 975 2377 1048 ejus
2403 973 2603 1031 inferre
2642 975 2888 1048 vectigal.
2933 979 3076 1032 Tum
3105 975 3181 1032 illi
3221 975 3374 1034 hunc
3400 991 3564 1049 quem

1964 1067 2110 1125 velut
2131 1067 2357 1126 idiotam
2380 1084 2445 1124 ac
2471 1069 2742 1125 rusticum
2769 1076 2894 1125 ante
2910 1067 3288 1142 despexerant,
3318 1085 3564 1143 pronun-

1963 1163 2234 1219 tiaverunt
2260 1161 2464 1235 primas
2490 1160 2856 1234 philosophia:
2884 1170 3084 1233 partes,
3111 1162 3168 1219 id
3194 1171 3298 1231 est,
3327 1163 3561 1221 ethicam

1961 1257 2294 1330 disciplinam
2329 1256 2573 1330 apprime
2602 1255 3111 1328 comprehendisse;
3151 1258 3331 1314 mirati
3359 1259 3562 1330 admo-

1957 1351 2090 1408 dum
2113 1352 2348 1424 potuisse
2373 1367 2503 1407 eum
2530 1351 2852 1407 naturaliter
2875 1351 3109 1424 assequi,
3139 1351 3290 1424 quod
3317 1352 3464 1408 nulla
3507 1356 3556 1410 ei

1957 1447 2235 1504 saecularis
2260 1445 2494 1504 eruditio
2515 1445 2852 1514 contulisset,
2883 1461 3012 1502 cum
3037 1445 3136 1518 ipsi
3157 1445 3361 1504 sudore
3379 1445 3558 1503 multo

1959 1541 2226 1613 longaque
2274 1539 2522 1597 doctrina
2555 1539 2637 1596 ita
2680 1538 2800 1596 haec
2857 1539 3124 1612 attingere
3168 1539 3555 1612 nequivissent.

1958 1639 2095 1694 Haec
2148 1634 2450 1707 specialiter
2492 1633 2561 1691 de
2619 1635 2998 1708 gastrimargia
3053 1633 3254 1691 dixisse
3300 1633 3556 1692 sufﬁciat.

246 1717 498 1825 tifacere
534 1721 772 1794 quotidie
797 1724 1060 1783 solvendo
1089 1744 1200 1784 non
1228 1745 1476 1801 possum.
1505 1731 1753 1804 Cumque
1777 1732 1850 1790 illi
1883 1755 1932 1816 Β
1959 1736 2120 1788 Nunc
2141 1737 2484 1788 revertamur
2500 1729 2568 1784 ad
2593 1728 3022 1800 disputationem
3043 1743 3210 1800 quam
3229 1727 3297 1784 de
3323 1731 3557 1798 generali

247 1817 568 1886 ignorantes
603 1817 712 1872 vim
753 1822 1047 1892 proposita
1073 1823 1410 1894 quaestionis,
1450 1823 1850 1884 absolutionem
1961 1829 2224 1885 vitiorum
2253 1826 2566 1898 cognitione
2604 1825 2771 1895 [Lips.
2800 1827 2858 1878 in
2880 1838 3054 1891 marg.
3075 1822 3423 1894 cognatione]
3453 1838 3562 1880 cm-

245 1907 364 1980 ejus
391 1909 640 1979 precario
683 1913 1049 1982 postularent:
1083 1915 1296 1983 Multis,
1332 1917 1428 1985 ait,
1471 1916 1614 1974 vitiis
1642 1917 1717 1974 fui
1746 1934 1852 1974 na-

247 2001 410 2058 turali
435 2003 746 2062 conditione
778 2008 1139 2077 constrictus;
1166 2009 1261 2066 sed
1283 2009 1577 2082 inspirante
1609 2011 1850 2069 Domino

245 2093 579 2154 desiderium
605 2098 893 2171 libertatis,
935 2103 1150 2160 cunctis
1191 2102 1294 2160 illis
1321 2113 1608 2178 tamquam
1653 2107 1850 2164 moles-

249 2190 477 2247 tissimis
517 2193 909 2263 creditoribu,
963 2196 1286 2254 renuntians
1335 2197 1462 2254 huic
1511 2199 1743 2269 mundo,
1796 2208 1852 2257 et

248 2300 474 2343 omnem
498 2286 861 2345 substantiam
891 2304 1016 2362 quae
1034 2289 1168 2369 mihi
1195 2292 1535 2349 successione
1560 2295 1728 2366 patris
1755 2293 1852 2351 ob-

248 2389 492 2448 venerat,
537 2397 567 2437 a
607 2397 700 2439 me
737 2383 939 2457 pariter
983 2383 1265 2457 abjiciens,
1304 2385 1563 2456 satisfeci,
1590 2396 1751 2462 atque
1779 2389 1850 2447 ab

1958 1937 2212 1996 petamus
2239 1935 2530 1994 exponere.

2528 2023 2770 2078 CAPUT
2797 2022 2989 2077 XXI].

1957 2124 2064 2180 Cur
2085 2122 2325 2181 Abrahae
2339 2120 2662 2192 pmdiwerit
2680 2123 2822 2176 Deus
2846 2119 3228 2192 decemigentes
3253 2131 3563 2187 expugnan-

2451 2193 2554 2248 das
2579 2207 2615 2247 α
2637 2192 2836 2262 populo
2875 2191 3064 2246 Israel.
3117 2217 3126 2226 -

2025 2297 2164 2353 Cum
2193 2295 2262 2352 ad
2291 2293 2568 2353 Abraham
2599 2293 2872 2350 Dominus
2898 2290 2968 2349 de
2990 2289 3186 2347 futuris
3217 2289 3555 2362 loqueretur,

1957 2390 2107 2464 quod
2135 2405 2231 2447 vos
2278 2389 2507 2447 minime
2562 2387 2885 2462 requisistis,
2914 2387 3069 2445 nou‘l
3113 2394 3327 2460 septem
3370 2395 3560 2460 gentes

1343 2519 1596 2576 ALARDI
1632 2521 1857 2578 ΕΑΖΕΙ
1893 2521 2452 2578 COMMENTARIUS.

319 2641 917 2722 “‘DeLgastrimargiae,
965 2642 1080 2698 sive
1112 2643 1253 2715 gula:
1288 2641 1471 2722 vitio,“
1490 2643 1717 2717 ejusque
1743 2645 1850 2702 im-

243 2713 590 2784 portunitate
617 2721 672 2766 et
704 2713 952 2784 violentia
982 2729 1094 2784 pra:
1121 2713 1332 2771 caneris
1359 2713 1534 2781 vitiis,
1561 2713 1848 2772 consenta-

241 2781 348 2838 nee
364 2781 560 2864 scribit
585 2785 656 2864 ρ.
688 2781 1126 2864 _Gregoriusjul
1165 2789 1300 2864 Reg.
1333 2801 1550 2864 cap._x1
1576 2808 1587 2843 :
1629 2793 1705 2844 De
1737 2804 1852 2842 ser-

237 2859 424 2926 pente,
455 2854 734 2927 inquit,in
759 2854 948 2912 Genesi
960 2857 1159 2912 dicitur
1184 2854 1315 2927 quia
1332 2854 1580 2914 callidior
1597 2865 1715 2914 erat
1733 2876 1854 2914 cun-

240 2929 355 3000 ctis
379 2926 764 3000 anunantibus.
798 2928 962 2997 Cujus
982 2926 1224 3000 profecto
1253 2933 1513 3000 serpemis
1550 2932 1850 2986 similitudo

244 3000 298 3050 si
320 2999 386 3072 in
398 2998 546 3072 viitis
569 2999 850 3072 quieritur,
865 2998 1002 3072 quid
1015 3001 1247 3054 similius
1261 2998 1428 3072 quam
1445 3003 1732 3056 violentum
1749 3019 1852 3072 ga-

1958 2651 2113 2712 rent;
2137 2661 2276 2701 unus
2302 2649 2482 2698 autem
2501 2660 2536 2697 a
2559 2659 2642 2698 me
2664 2660 2768 2698 non
2795 2644 3038 2698 discedit.
3064 2644 3157 2698 Illi
3175 2657 3300 2710 ergo
3325 2643 3562 2698 studiose

1961 2721 2254 2787 quaerentes
2284 2716 2350 2769 de
2371 2715 2788 2787 feneratoribus,
2817 2718 2879 2768 ut
2899 2715 2974 2766 eis
2999 2715 3362 2787 satisfaceret,
3385 2715 3560 2787 ipsum

1962 2782 2260 2857 rogabant,
2289 2787 2389 2840 ubi
2408 2789 2584 2840 sunt?
2613 2786 2742 2852 Quis
2769 2789 2847 2838 est
2880 2787 2980 2857 qui
3001 2784 3108 2857 tibi
3133 2782 3342 2836 exhibet
3367 2783 3561 2857 moles-

1963 2853 2097 2914 tidm
2117 2861 2146 2913 ?
2175 2859 2404 2915 Ostende
2423 2857 2574 2912 nobis
2597 2872 2738 2919 eum,
2775 2859 2841 2910 ut
2861 2855 2966 2908 tibi
2988 2855 3232 2920 feramus
3259 2853 3558 2914 amcitiam.

1966 2933 2110 2986 Tunc
2141 2932 2216 2985 eis
2247 2930 2415 2984 dicit:
2443 2928 2744 2984 Molestiam
2779 2927 2920 2980 mihi
2942 2925 3188 2980 exhibuit
3225 2925 3482 2986 avaritia,
3515 2930 3565 2978 et

1959 3003 2108 3071 gula,
2131 3005 2182 3056 et
2207 3001 2517 3068 fornicatio.
2557 3001 2740 3071 Neque
2767 2999 2909 3071 enim
2943 3012 3139 3071 aurum
3169 2995 3563 3071 habeo,__neque

243 3063 606 3142 strimargiti,
629 3067 809 3142 idest,
837 3063 998 3142 gmw,
1021 3075 1218 3124 motum
1244 3063 1577 3126 inveni-mus?
1595 3063 1852 3128 Luxuria:
1881 3076 1925 3138 C
1959 3063 2176 3142 aliquid
2201 3063 2356 3126 aliud
2374 3063 2662 3142 possideo;
2689 3069 2984 3142 nonetiam
3009 3063 3404 3142 fruordeliciis
3443 3063 3564 3142 quia

185 3191 204 3202 ,
240 3139 694 3211 quidemmotus,
709 3140 854 3211 furti
869 3141 1082 3211 crimen,
1099 3143 1274 3210 turpis
1292 3143 1430 3195 lucri
1440 3146 1731 3211 appetitus,
1752 3147 1853 3198 ira:

239 3209 824 3276 impetus,amaritudo
835 3209 1105 3264 sweularis
1125 3209 1382 3274 tristitia,
1406 3209 1617 3265 desidia
1639 3215 1856 3277 acediee,

244 3281 533 3352 appetitus
553 3293 705 3352 vana:
729 3280 936 3346 glorice,
958 3284 1135 3334 tumor
1151 3282 1412 3350 superbire
1435 3287 1616 3352 aperte
1633 3284 1860 3337 detesta-

245 3351 382 3405 bilis
393 3353 492 3422 est;
501 3350 641 3417 gulce
650 3365 768 3404 vero
781 3352 976 3404 citium
990 3355 1140 3404 tanto
1150 3357 1228 3404 est
1239 3350 1649 3418 fraudulentius
1660 3359 1860 3422 quanto

243 3427 298 3476 et
327 3421 586 3475 occultius
609 3441 624 3493 _:
648 3423 778 3490 quia
799 3426 850 3476 et
869 3423 1031 3490 quasi
1044 3424 1398 3477 necessarium
1421 3421 1860 3493 suggerit’cibum

243 3493 499 3562 corpori;
530 3491 626 3547 sed
651 3493 781 3547 dum
810 3493 1154 3548 abundanter
1180 3509 1388 3549 carnem
1413 3491 1600 3564 reﬁcit,
1624 3495 1860 3550 Iud-urite

242 3564 492 3636 gladium
513 3566 572 3618 in
589 3569 818 3619 mentem
839 3565 1053 3636 mergit.
1071 3564 1272 3621 Suadet
1289 3567 1431 3636 quod
1447 3570 1724 3636 peccatum
1751 3583 1856 3622 non

244 3639 362 3719 esti;
389 3634 482 3688 sed
519 3636 930 3719 undecomestio
953 3634 1127 3719 quasi
1140 3652 1246 3719 non
1267 3634 1548 3719 peccat—um
1573 3640 1852 3719 recipitur,

245 3706 378 3760 inde
409 3711 622 3776 peccato
661 3708 898 3761 luauriee
931 3710 1116 3762 anima
1157 3706 1515 3778 subiugatur:
1547 3706 1696 3765 unde
1717 3715 1768 3765 et
1796 3713 1855 3764 in

242 3779 506 3852 paradiso
541 3779 616 3831 ad
635 3780 914 3852 mulierem,
933 3781 1230 3852 gulaevitio
1254 3782 1620 3850 decipiendam
1641 3797 1856 3852 serpens

243 3850 454 3904 venisse
474 3850 796 3912 ostenditur,
820 3851 918 3919 qui
942 3851 1099 3904 aliud
1116 3857 1446 3919 suggereret,
1477 3853 1634 3906 aliud
1661 3850 1854 3907 obtine-

245 3924 335 3974 ret
359 3937 374 3973 :
400 3924 463 3974 ut
486 3920 622 3973 dum
650 3919 972 3973 comedenda
994 3921 1312 3981 ostenderet,
1332 3923 1678 3988 improuisum
1701 3939 1857 3976 mor-

247 3995 357 4044 tem
380 3992 720 4060 propinaret.
745 3990 970 4060 Serpens
995 4003 1118 4054 ergo
1135 3989 1237 4040 iste
1260 3991 1399 4054 gula:
1419 3990 1666 4057 designat
1685 3994 1860 4044 avidi-

249 4057 440 4119 tatem,
453 4057 590 4128 “quia
607 4063 658 4110 et
673 4062 913 4126 respectu
916 4057 1084 4124 justo:
1110 4060 1437 4128 necessitatis
1454 4061 1614 4128 repit,
1643 4064 1692 4112 et
1710 4063 1860 4114 vinis

183 4149 196 4160 ί
251 4131 440 4198 impiis
469 4125 847 4199 delectationis
874 4128 1108 4196 spargit.
1151 4128 1286 4183 Hmc
1335 4125 1409 4182 ibi
1439 4125 1754 4199 Gregorius.
1799 4132 1864 4185 Et

257 4197 351 4254 lib}
393 4212 526 4254 xxx
554 4197 902 4270 Moral.rcap.
933 4201 1001 4251 28
1029 4216 1046 4252 :
1075 4199 1360 4270 Sciendum
1388 4203 1466 4254 est
1493 4197 1626 4270 quia
1663 4201 1741 4255 sic
1767 4217 1864 4254 vo-

253 4271 440 4341 luptas
472 4268 657 4340 (gulae)
684 4269 784 4323 sub
822 4270 1127 4325 necessitate
1152 4285 1207 4324 se
1237 4269 1456 4340 palliat,
1495 4268 1559 4325 ut
1591 4273 1690 4325 vim
1721 4273 1864 4326 enim

246 4343 524 4414 perfectus
549 4342 795 4414 quisquis
806 4341 1122 4414 discernat.
1136 4343 1273 4414 Nam
1303 4342 1434 4414 dum
1455 4343 1592 4398 solvi
1619 4343 1860 4398 debitum

249 4412 538 4468 necessitas
551 4413 709 4486 petit,
735 4412 980 4486 voluptas
997 4413 1207 4482 capiere
1225 4413 1554 4468 desiderium
1574 4417 1848 4486 suppetit;

249 4491 300 4540 et
323 4489 478 4539 tanto
503 4483 635 4551 gula
662 4485 896 4538 securius
917 4485 975 4537 in
988 4499 1227 4555 princeps
1251 4487 1383 4547 ruit,
1405 4489 1607 4555 quanto
1629 4483 1729 4541 sub
1749 4487 1848 4541 ho-

247 4561 397 4611 nesto
426 4555 642 4626 nomine
663 4557 918 4626 necessita
945 4555 1220 4626 cmplendee
1241 4559 1556 4626 secontegit.

1964 3137 2093 3198 sunt
2117 3145 2356 3197 nutrices
2374 3137 2547 3210 hujus
2570 3141 2762 3196 morbi.
2790 3141 3042 3208 Quocirm
3065 3137 3208 3192 nihil
3241 3137 3381 3191 mihi
3405 3138 3562 3192 eahi-

1968 3215 2085 3268 bent
2112 3215 2349 3284 amplius
2373 3214 2647 3268 molestiae.
2675 3213 2727 3268 A
2753 3213 2885 3284 gula
2913 3215 3096 3284 autem
3118 3223 3226 3263 non
3238 3223 3457 3284 possum
3481 3225 3565 3284 reg

1967 3286 2163 3338 cedere.
2190 3280 2312 3338 Iam
2336 3285 2476 3337 enim
2495 3287 2730 3352 quatuor
2748 3282 2934 3337 diebus
2956 3281 3095 3335 nihil
3109 3280 3329 3342 comedi,
3354 3283 3405 3334 et
3422 3280 3564 3334 mihi

1963 3357 2145 3424 pergit
2169 3359 2354 3409 venter
2373 3354 2666 3408 molestiam
2691 3354 2959 3417 emhibere,
2985 3366 3228 3420 quaerens
3256 3355 3560 3424 consuetum

1967 3421 2228 3488 debitum,
2268 3426 2384 3479 sine
2411 3439 2514 3493 quo
2541 3439 2648 3478 non
2678 3439 2896 3493 possum
2923 3425 3116 3476 vivere.
3153 3424 3298 3493 Tunc
3339 3421 3562 3490 quidam

1959 3496 2268 3567 philosophi
2283 3492 2545 3564 suspicati
2563 3492 2694 3549 eum
2711 3498 2816 3549 este
2836 3493 3156 3567 mendicum,
3177 3492 3322 3547 dant
3339 3494 3390 3546 ei
3399 3507 3566 3567 _num-

1965 3565 2134 3622 mum.
2165 3565 2333 3636 Daem
2369 3569 2639 3636 acceptum
2659 3567 2843 3637 posuit
2869 3567 2930 3618 in
2955 3565 3179 3634 ofﬁcina
3204 3565 3461 3637 panaria,
3487 3568 3558 3637 et,

1965 3634 2200 3710 accepto
2210 3653 2372 3709 pane,
2415 3634 2682 3693 recessitf
2695 3640 2839 3710 Tunc
2873 3640 3228 3710 cognoverunt
3255 3634 3563 3710 philosophi

1964 3705 2230 3784 eum—vere
2251 3711 2420 3778 fuisse
2428 3712 2628 3784 virtute
2635 3709 2952 3779 praeditum,
2968 3712 3150 3762 etcum
3164 3705 3365 3784 pistori
3380 3705 3561 3784 is-

1962 3777 2078 3837 sent
2093 3777 2332 3852 pretium
2355 3783 2538 3851 panis,
2567 3777 2888 3852 acceperunt
2907 3793 3208 3852 nummum.
3235 3777 3486 3852 Hacibi.

2035 3863 2057 3888 ε
2084 3845 2147 3928 id
2171 3861 2274 3920 est,
2308 3845 2705 3928 quotidianum:
2717 3849 2928 3928 solvere
2953 3849 3230 3928 debitum,
3269 3861 3371 3928 seu
3383 3845 3562 3928 .debi:

1964 3932 2078 3996 tam
2118 3917 2820 3996 impendet-ealimoniam.
2864 3918 3181 3996 Fuitienim
3207 3917 3456 3996 indictio,
3486 3917 3562 3968 ait

1967 3985 2272 4068 Ciaconius,
2315 3991 2710 4068 pensitationis
2735 3998 2832 4068 aut
2854 3987 3043 4068 tributi
3067 3985 3435 4068 genus,.g.uod
3463 3999 3563 4056 pa-

1969 4057 2268 4133 trimoniis
2289 4057 2382 4117 aut
2409 4063 2654 4133 personis
2694 4061 3058 4133 indicebatur,
3074 4057 3146 4113 'ut
3155 4057 3564 4133 _scribit._Asco—

1967 4133 2096 4186 nius
2115 4124 2426 4194 Paedianus;
2447 4139 2503 4186 et
2528 4131 2728 4186 Paulus
2753 4131 2813 4185 in
2839 4129 2877 4183 l.
2913 4131 3120 4195 Qum.
3153 4129 3238 4182 De
3259 4124 3455 4184 Usul'r.
3483 4125 3563 4182 Ie-

1972 4209 2089 4268 gat.
2119 4206 2193 4256 At
2219 4201 2308 4255 hic
2343 4217 2441 4271 pro
2479 4200 2761 4271 exactione
2789 4199 3089 4271 generatim
3113 4198 3292 4268 potius
3328 4196 3560 4271 videtur.

1971 4273 2168 4344 Agitur
2191 4271 2336 4344 enim
2347 4268 2448 4326 'hic
2477 4268 3228 4344 deventrisimportunitate,
3249 4285 3363 4344 _qua
3387 4270 3566 4344 quoti-

1971 4340 2196 4400 dianum
2225 4341 2408 4414 cibum
2419 4341 2611 4414 exigit,
2639 4341 2791 4414 quasi
2815 4340 3146 4414 perpetuum
3166 4349 3221 4414 et
3246 4340 3564 4414 inexplebile

1970 4415 2198 4486 vectigal
2218 4413 2322 4470 sibi
2345 4412 2609 4486 debitum.
2631 4412 2776 4486 Hinc
2796 4412 2953 4486 divus
2973 4412 3274 4486 Gregorius
3289 4413 3412 4486 (lib.
3433 4427 3560 4469 xxx

1877 4455 1927 4518 Β
1965 4455 2180 4543 ᾒῶἒὶῖῗ
2185 4455 2450 4559 ἱεῗῖὲῖἔᾶ
2454 4455 2742 4542 infidi;
2746 4455 2961 4559 3513;;
2971 4455 3120 4559 ἔιῖῗ
3123 4455 3562 4559 ξὲξὶῗὸὶιῖνὶὶοῖςὲτῆ

1959 4561 2223 4614 emactoris
2249 4556 2356 4614 non
2381 4559 2573 4614 audit:
2593 4559 2874 4622 Nonnulli,
2906 4556 3100 4628 inquit,
3126 4557 3218 4612 hoc
3237 4558 3344 4611 loco
3357 4571 3458 4630 per
3477 4573 3563 4630 ea:-

317 4628 342 4662 ¹³
389 4623 650 4682 Similem
694 4623 981 4681 historiam
1032 4625 1342 4749 Serapionis
1387 4623 1708 4694 Sindonitae,
1756 4637 1853 4685 aut
1959 4635 2191 4686 actorem
2217 4631 2452 4700 intelligi
2475 4635 2711 4686 uentrem
2734 4631 2939 4685 volunt.
2960 4623 3082 4699 Ipse
3104 4623 3388 4696 namquea
3413 4629 3561 4681 nobis

317 4706 394 4750 rte
444 4697 719 4750 eamdem.
777 4695 874 4750 sed
925 4695 1087 4750 naulo
1133 4696 1289 4750 aiter
1341 4702 1526 4750 narrat
1579 4699 1853 4750 Palladius
1959 4704 2228 4750 quoddam
2253 4703 2492 4750 debitum
2523 4705 2720 4750 ean'nit.
2763 4703 2895 4750 auia
2917 4699 3292 4750 quotidianum
3322 4699 3558 4750 fructum

245 4706 417 4778 certe
444 4697 730 4778 eamdem,
777 4695 904 4778 sed.
925 4695 1087 4778 paqu
1133 4710 1162 4778 a

1205 4703 1298 4771 ter_
1341 4702 1526 4771 narrat
1559 4699 1853 4771 _Palladius
1959 4704 2228 4770 quoddam
2253 4699 2492 4757 debitum
2523 4705 2720 4771 exigit,
2763 4703 2895 4770 quia
2917 4699 3292 4768 quotidianum
3321 4699 3558 4771 ΐηιοευτη

241 4768 522 4827 Lausiaca
547 4771 642 4834 83,
677 4767 759 4822 his
790 4765 976 4840 verbis
999 4769 1112 4840 :_Is,
1152 4765 1329 4836 inquit
1350 4767 1690 4840 (Serapion),
1735 4773 1852 4837 fre-
1959 4765 2068 4826 sibi
2084 4774 2308 4827 humani
2317 4775 2514 4827 laboris
2528 4765 2945 4840 imperidietiani
2962 4771 3328 4840 per-naturam
3345 4767 3562 4840 φωρῆς.

237 4840 544 4912 quentibus
579 4838 1112 4912 peregrinatiombus
1131 4839 1378 4912 peruenit
1401 4838 1462 4912 in
1485 4840 1763 4912 Graeciam,
1805 4846 1856 4896 et

243 4909 361 4968 cum
387 4912 570 4966 tribus
593 4911 777 4964 diebus
800 4913 1042 4964 moratus
1065 4912 1198 4963 esset
1219 4909 1468 4970 Athenis,
1489 4924 1593 4962 non
1620 4911 1732 4976 fuit
1759 4913 1858 4980 qui

249 4987 292 5036 ei
291 4998 504 5056 panem
511 4996 630 5051 pra:
635 4981 792 5036 beret.
809 4981 938 5037 Cum
949 4984 1129 5034 autem
1141 4981 1368 5034 venisset
1378 4984 1602 5048 quartus
1613 4981 1673 5034 di
1675 4983 1858 5046 es,val-

248 5055 304 5110 de
317 5056 512 5110 esurio
518 5055 582 5107 it.
600 5055 700 5108 Res
712 5055 790 5106 est
803 5053 942 5106 enim
955 5053 1138 5110 gravis
1152 5052 1326 5110 fames
1341 5051 1726 5110 involuntaria,
1739 5066 1858 5110 (meo

248 5052 312 5110 de
317 5056 512 5110 esurio
518 5055 582 5107 it.
600 5055 700 5108 Res
712 5055 790 5106 est
803 5053 942 5106 enim
955 5053 1138 5120 gravis
1151 5052 1326 5117 fames
1341 5052 1726 5112 involuntaria,
1739 5066 1858 5120 quae

247 5126 582 5197 adiutricem
606 5123 765 5197 habet
788 5121 1220 5197 incredulitatem
1241 5139 1257 5174 :
1279 5125 1332 5175 et
1348 5125 1500 5197 stans
1514 5136 1676 5191 super
1688 5126 1862 5197 tumu-

246 5193 358 5253 lum
392 5197 657 5261 civitatis,
683 5196 743 5248 in
761 5209 866 5264 quo
891 5193 1354 5264 congregabantur
1371 5194 1470 5262 qui
1491 5196 1646 5247 erant
1664 5194 1791 5246 viles
1810 5197 1862 5246 et

245 5269 454 5339 objecti
478 5269 550 5339 in
581 5263 820 5339 civitate,
861 5266 1027 5339 erepit
1041 5263 1382 5339 uehementer
1417 5267 1470 5318 et
1496 5279 1614 5339 cum
1634 5265 1861 5334 planctu

246 5335 574 5404 lamaitari,
605 5341 655 5391 et
681 5337 944 5391 clamare:
977 5337 1104 5391 Viri
1127 5335 1496 5401 Athenienses,
1525 5337 1665 5403 ferte
1686 5351 1856 5406 opem.

247 5412 337 5466 Ad
363 5423 528 5480 quem
551 5412 879 5462 occurrentes
905 5420 1084 5480 omnes
1098 5407 1208 5480 qui
1229 5407 1463 5480 pallium
1489 5408 1774 5477 gestabant
1811 5412 1861 5480 et

1962 4845 2302 4916 Abstinentes
2312 4845 2500 4916 igitur
2511 4833 2624 4916 piri
2641 4841 2762 4916 (qui
2776 4840 2871 4916 hoc
2889 4833 3001 4916 loco
3236 4833 3486 4915 vocabulo

1964 4912 2253 4992 gurantur)
2291 4903 2421 4992 dum
2465 4903 2704 4992 violenta
2752 4907 2906 4992 gula,
2939 4903 3558 4992 desidiueria‘r‘eprimunt,

1963 4975 2124 5051 quasi
2149 4975 2435 5034 clamantis
2463 4979 2730 5033 exactor-is
2751 4975 2911 5031 verba
2939 4979 3296 5030 contemnunt.

2015 5039 2063 5121 γά
2087 5053 2293 5121 Nempe
2307 5051 2538 5121 Cinaeos,
2559 5051 2870 5121 Cenemos,
2892 5045 3258 5121 Cethumaaos,
3274 5043 3560 5121 Hetbagos,

1964 5117 2302 5182 Pberesasbs.
2327 5119 2620 5191 Raphaim,
2651 5119 3025 5191 Amorrhaeos,
3050 5117 3404 5191 Chananaeos,
3435 5118 3564 5174 Ger-

1965 5206 2176 5264 gesaeos
2207 5198 2263 5246 et
2289 5188 2589 5246 Jebusaros.
2638 5194 2719 5246 Ex
2743 5190 2826 5264 his
2861 5191 3050 5264 decem
3092 5188 3344 5264 gentibus
3378 5195 3435 5244 et
3460 5205 3561 5260 po-

1966 5259 2124 5346 pulis,
2163 5277 2400 5346 quorum
2436 5271 2608 5346 terras
2642 5262 2898 5346 promisit
2925 5263 3074 5318 Deus
3101 5259 3168 5346 se,
3191 5259 3448 5346 daturum
3467 5259 3561 5316 'se-

1965 5333 2102 5390 ἰηίηὶ
2146 5333 2404 5399 Abrahae,
2437 5333 2662 5390 nonnisi
2682 5341 2890 5406 septem
2931 5339 3312 5406 memorantur
3338 5339 3394 5388 et
3431 5347 3562 5406 pro-

1965 5407 2260 5463 mittuntur
2279 5406 2482 5462 Judaeis
2509 5406 2681 5462 Exodi
2702 5405 2778 5462 ιιι
2796 5411 2851 5461 et
2869 5409 3096 5462 Denter.
3125 5417 3234 5459 vn.
3260 5405 3392 5459 Tres
3414 5405 3561 5460 enim

246 5473 479 5547 parum,
511 5480 698 5534 dicunt
724 5481 814 5534 ei:
846 5478 988 5546 Quid
1020 5473 1179 5533 habes
1196 5473 1519 5533 fundatam
1539 5494 1611 5542 es,
1642 5483 1693 5534 et
1719 5479 1858 5550 quid
1959 5478 2184 5550 reliqua:
2213 5478 2334 5534 aliis
2361 5485 2640 5550 cesserunt
2663 5477 2716 5532 in
2741 5476 3135 5550 hereditatem.
3163 5477 3432 5550 Nam_una
3460 5473 3564 5550 fuit

247 5554 458 5618 pateris
481 5553 511 5604 ?
537 5553 591 5605 Is
611 5564 738 5604 vero
762 5550 895 5604 dicit
911 5551 1076 5619 ipsis:
1101 5551 1298 5607 Genere
1324 5550 1541 5620 quidem
1561 5565 1680 5605 sum
1701 5554 1856 5619 Egy-

1961 5545 2140 5620 portio
2165 5551 2334 5620 Esau,
2361 5549 2454 5620 qui
2482 5548 2584 5606 fuit
2603 5562 2774 5620 nepos
2799 5547 3063 5620 Abrahae,
3097 5562 3128 5602 a
3156 5561 3267 5618 quo
3297 5545 3558 5620 Idumaei;

245 5617 432 5689 ptius;
453 5638 525 5678 ea:
545 5637 650 5691 quo
666 5625 849 5676 autem
865 5617 1050 5675 absum
1064 5636 1238 5676 acera
1258 5617 1375 5675 mea
1389 5625 1595 5692 patria,
1613 5617 1784 5676 incidi
1805 5617 1858 5676 in
1961 5617 2020 5676 et
2049 5622 2180 5692 dum
2213 5617 2432 5692 reliquae
2475 5617 2751 5692 portiones
2786 5617 3023 5692 ﬁliorum
3063 5617 3243 5692 Aman
3283 5625 3338 5672 et
3363 5617 3560 5692 ‘Moab,

253 5698 363 5749 tres
381 5697 736 5762 feneratores.
763 5695 834 5748 Et
851 5693 957 5746 duo
981 5693 1200 5761 quidem
1219 5709 1255 5745 a
1281 5709 1364 5747 me
1385 5697 1736 5755 recesserunt,
1758 5710 1856 5748 ear:-

255 5765 430 5820 soluto
447 5767 526 5820 eis
550 5764 747 5828 debito,
765 5778 884 5819 cum
907 5779 1013 5818 non
1038 5763 1298 5818 haberent
1320 5763 1384 5818 de
1403 5780 1507 5836 quo
1526 5781 1610 5818 me
1631 5779 1854 5818 accerse-

1965 5691 2060 5764 qui
2090 5690 2244 5748 fuere
2269 5687 2535 5764 liliiqLo'th
2567 5690 2783 5764 nepotis
2806 5690 3060 5757 Abrahae,
3083 5691 3280 5764 quibus
3304 5687 3470 5745 etiam
3491 5687 3561 5764 Ain

1965 5759 2196 5835 gratiam
2222 5762 2458 5820 Abrahae
2479 5761 2618 5820 duas
2638 5759 2776 5818 'illas
2801 5770 2988 5834 gentes
3019 5759 3246 5818 tradidit
3280 5764 3432 5818 Deus
3457 5759 3560 5814 sibi
