4024 6208
358 284 456 336 641

1092 239 1107 243 ’
1162 274 1500 332 COLLATIO
1542 274 1605 326 v.
1644 300 1719 315 -
1753 272 1844 326 an
1881 271 2064 328 oo'ro
2103 274 2617 336 remanemus
2657 282 2880 340 VlTIlS.

3566 300 3670 353 642

358 410 498 461 tam.
535 408 676 461 Tunc
701 403 857 459 vadit
886 406 938 458 et
958 404 1193 459 assumit
1215 403 1347 457 alios
1374 404 1573 471 septem
1600 401 1876 469 nequiores
1905 412 1959 454 se
1985 402 2039 465 Α
2069 398 2193 491 culo
2238 402 2522 473 gloriatur,
2563 404 2974 468 dominantibus
2999 411 3105 468 sibi
3141 423 3269 470 octo
3307 415 3471 482 vitiis,
3503 435 3671 491 quam

354 501 627 569 spiritus;
678 500 729 552 et
754 498 1020 551 intrantes
1051 496 1300 550 habitant
1321 494 1418 557 ibi,
1447 498 1497 571 et
1515 495 1653 563 ﬁunt
1674 494 1966 579 novissima

2060 490 2265 579 fuerat
2296 497 2577 568 quondam
2624 501 2679 556 in
2722 505 2923 559 saeculo
2965 510 3283 579 constituta,
3328 520 3351 546 °
3393 527 3519 567 cum
3566 530 3669 570 nec

356 597 590 652 hominis
626 596 778 650 illius
806 593 1001 665 pejora
1020 593 1305 665 prioribus
1327 586 1475 661 (Luc.
1505 596 1618 659 XI.)
1802 594 1869 655 tit
1891 584 1978 649 ibi
2024 636 2031 647 ,
2068 572 2415 658 disciplinam
2466 593 2722 649 monachi
2752 593 2942 653 fuisset
2982 598 3248 669 professa,
3272 572 3398 660 Inec
3438 622 3661 665 nomen.

355 698 565 763 septem
596 697 788 761 gentes
812 687 1064 760 legimus,
1087 695 1308 759 excepta
1340 686 1834 763 [Egyptiorum,de
1859 702 1969 767 qua
2002 758 2007 769 ί

357 784 555 857 egressi
592 782 811 839 fuerant
847 781 945 837 ﬁlii
979 781 1163 848 Israel,
1197 780 1270 836 ita
1303 788 1357 836 et
1384 779 1470 836 hic
1510 786 1720 851 septem
1770 772 1963 835 reverti

354 878 580 950 spiritus
595 878 852 935 dicuntur
877 874 1171 943 immundi,
1197 882 1428 947 excepto
1446 891 1510 931 eo
1530 876 1622 947 qui
1648 874 1716 931 ab
1743 874 1965 931 homine
1990 879 2001 903 "
2042 882 2047 891 ‘

353 971 508 1042 prius
545 981 805 1029 narratur
851 985 1119 1043 egressus.
1166 971 1249 1025 De
1281 968 1387 1025 hoc
1422 969 1729 1040 septenario
1771 968 1964 1025 fomite

355 1064 617 1122 vitiorum
638 1066 907 1139 Salomon.
922 1078 1143 1137 quoque
1163 1063 1219 1118 in
1239 1062 1549 1119 Proverbiis
1562 1062 1635 1118 ita
1663 1062 1917 1147 describit
1942 1081 1955 1117 :
2006 1066 2010 1070 ’

353 1166 380 1193 α
406 1160 472 1223 Si
511 1164 563 1215 te
596 1159 870 1231 rogaverit
896 1159 1144 1212 inimicus
1171 1161 1296 1211 tuus
1333 1172 1451 1212 voce
1481 1172 1695 1225 magna,
1740 1173 1805 1211 ne
1837 1173 1964 1210 con-

347 1234 580 1307 senseris
625 1254 693 1317 ei,
724 1239 923 1323 septem
952 1251 1095 1305 enim
1116 1250 1375 1319 nequitia;
1396 1234 1523 1304 sunt
1548 1251 1605 1303 in
1635 1234 1821 1303 anima
1849 1249 1963 1317 ejus

357 1324 541 1415 (Prov.
573 1328 781 1417 iuvi);
812 1343 866 1401 id
893 1328 994 1413 est,
1024 1343 1069 1400 si
1107 1326 1391 1415 superatus
1418 1332 1807 1415 gaStrimargiae
1840 1343 1957 1414 Spi-

352 1437 489 1492 ritus
511 1437 743 1508 coeperit
778 1436 879 1492 tibi
919 1452 1016 1492 sua
1056 1435 1435 1491 bumiliatione
1474 1422 1726 1505 blandiri,
1758 1451 1957 1509 rogans
1998 1434 2003 1451 '

354 1519 771 1603 quodammodo
801 1518 862 1586 ut
901 1528 1107 1603 aliquid
1139 1529 1395 1586 relaxans
1433 1534 1467 1585 a
1515 1538 1696 1603 empto
1742 1529 1956 1588 fervore

355 1626 641 1703 impertias
664 1626 737 1695 ei,
755 1624 903 1699 quod
929 1624 1287 1687 continentiae
1306 1622 1535 1703 modum
1557 1633 1611 1681 et
1639 1641 1955 1695 mensuram

346 1720 513 1793 justaa
558 1720 914 1778 districtionis
949 1719 1191 1786 excedat,
1224 1734 1298 1781 ne
1317 1720 1604 1778 resolvaris
1652 1722 1772 1794 ejus
1819 1723 1953 1778 sub-

2068 681 2225 751 Nam,
2260 684 2552 757 nequiores
2604 687 2659 743 hi
2702 698 2911 760 septem
2958 693 3182 763 spiritus
3211 695 3305 751 illo
3353 699 3531 768 priore
3570 703 3665 773 qui

2071 789 2322 845 egressus
2363 778 2541 835 fuerat
2585 780 2786 838 idcirco
2841 784 3121 855 dicuntur,
3168 789 3293 860 quia
3336 790 3668 851 desiderium

2070 870 2235 939 gulaé,
2260 872 2314 929 id
2339 880 2442 941 est,
2481 876 2864 949 gastrimargia
2892 894 2988 950 per
3013 895 3132 937 sese
3164 898 3276 939 non
3301 893 3441 941 esset
3484 889 3667 958 noxia,

2068 963 2175 1055 nisi
2217 966 2606 1023 intromitteret
2649 972 2925 1041 graviores
2951 974 3082 1030 alias
3111 977 3407 1047 passiones,
3455 981 3509 1037 id
3561 993 3662 1055 est,

2069 1053 2461 1128 fornicationis,
2488 1060 2849 1141 philargyriaz,
2894 1064 3009 1134 iraa,
3053 1067 3305 1140 tristitiae,
3344 1072 3454 1129 sive
3491 1053 3656 1148 super

2069 1148 2192 1214 biaa,
2224 1167 2347 1221 quae
2381 1168 2475 1223 per
2525 1164 2698 1209 semet
2735 1153 2896 1212 noxia
2943 1160 3142 1217 animm
3193 1178 3257 1217 ac
3303 1170 3669 1239 peremptoria

2070 1256 2183 1298 esse
2203 1256 2315 1299 non
2344 1243 2573 1302 dubium
2597 1256 2697 1304 est.
2734 1251 2799 1304 Et
2828 1249 3034 1307 idcirco
3086 1248 3439 1325 perfectionis
3459 1264 3668 1331 purita-

2066 1341 2177 1389 tem
2226 1350 2527 1408 numquam
2571 1338 2771 1411 poterit
2815 1340 3081 1411 obtinere,
3136 1346 3383 1419 quisquis
3428 1367 3550 1408 eam
3598 1355 3667 1411 de

2066 1424 2171 1483 hac
2192 1424 2313 1485 sola
2348 1432 2701 1504 continentia,
2732 1434 2789 1491 id
2834 1444 2940 1504 est,
2964 1436 3177 1509 jejunio
3216 1443 3509 1512 corporali,
3538 1461 3663 1518 spe-

2063 1525 2267 1580 raverit
2314 1527 2720 1598 acquirendam,
2764 1524 3135 1588 nisinove'rit
3192 1536 3263 1591 ob
3301 1536 3371 1593 'id
3413 1554 3475 1596 se
3522 1539 3663 1601 hanc

2065 1633 2314 1677 exercere
2343 1623 2509 1692 [Lips
2540 1626 2596 1677 in
2621 1641 2798 1701 marg.
2828 1625 3105 1696 exhibere]
3133 1626 3351 1701 debere,
3383 1641 3446 1690 ut
3479 1632 3663 1695 humi.-

2067 1712 2194 1769 liata
2219 1730 2380 1771 carne
2399 1716 2641 1788 jejuniis,
2674 1717 2889 1784 facilius
2908 1721 3083 1791 possit
3120 1726 3377 1782 adversus
3405 1728 3511 1785 alia
3539 1731 3664 1788 vitia

345 1814 607 1886 jectione,
671 1823 773 1871 nec
826 1813 1101 1871 arridente
1154 1814 1585 1887 impugnationis
1647 1815 1953 1884 securitate,
1986 1823 2034 1885 Β
2064 1807 2207 1863 inire
2251 1817 2563 1878 certamen,
2604 1827 2740 1868 non
2766 1813 3125 1872 insolescente
3159 1832 3325 1875 carne
3367 1824 3668 1882 saturitatis

359 1922 467 1979 qua
505 1905 721 1969 videris
758 1906 1026 1980 paulisper
1070 1922 1101 1965 a
1127 1906 1437 1964 carnalibus
1466 1907 1758 1965 incentivis
1788 1904 1961 1977 factus

355 2000 616 2072 quietior,
652 2000 722 2057 ad
766 2001 1051 2072 pristinam
1099 2001 1486 2058 remissionem
1523 2002 1605 2058 vel
1660 2003 1959 2073 praeteritas
2056 2042 2061 2049 ς

359 2094 507 2166 gulae
536 2094 1011 2164 concupiscentiae
1032 2095 1344 2151 revertaris.
1378 2097 1483 2150 Per
1513 2094 1621 2150 hoc
1656 2095 1805 2151 enim
1832 2095 1960 2152 dicit
2064 2140 2065 2143 η

363 2186 585 2258 spiritus
612 2186 699 2243 ille
723 2202 884 2259 quem
910 2187 1147 2243 viceras:
1182 2192 1439 2245 Revertar
1470 2190 1526 2243 in
1556 2189 1769 2244 domum
1789 2206 1958 2245 meam
2044 2214 2045 2217 η

364 2281 506 2336 unde
534 2272 685 2336 exivi
705 2272 855 2351 '(Luc.
879 2272 982 2347 in).
1014 2284 1085 2339 Et
1116 2281 1475 2353 procedentes
1497 2298 1643 2338 exeo
1666 2281 1956 2343 confestim

357 2382 571 2447 septem
593 2375 827 2446 spiritus
852 2376 1149 2443 vitiorum;
1176 2383 1342 2432 erunt
1382 2376 1477 2431 tibi
1505 2377 1744 2433 acriores
1788 2393 1957 2449 quam

357 2467 447 2525 illa
473 2470 646 2542 passio
669 2485 793 2541 quae
836 2470 890 2527 in
929 2468 1248 2544 primordiis
1276 2470 1453 2528 fuerat
1479 2478 1749 2545 superata,
1782 2474 1872 2548 qui
1902 2482 1955 2529 te

357 2578 487 2619 mox
509 2562 579 2620 ad
605 2564 875 2621 deteriora
900 2548 1224 2636 pertrahent
1246 2580 1440 2637 genera
1470 2572 1844 2637 peccatorum.

926 2662 1167 2718 CAPUT
1204 2662 1419 2718 XXVI.

362 2747 532 2814 Quod,
554 2748 1036 2825 devictapassione
1064 2749 1223 2818 gulae,
1262 2751 1650 2825 impendendus
1695 2753 1771 2807 sit
1799 2752 1953 2807 labor

696 2821 789 2881 ad
812 2824 1041 2875 virtutes
1058 2826 1270 2876 steteras
1291 2821 1629 2879 obtinendas.

428 2913 773 2987 Quapropter
788 2914 1013 2988 jejuniis
1040 2922 1095 2971 et
1123 2916 1477 2984 continentiae
1506 2916 1955 2975 incumbentibus

356 3008 540 3076 nobis,
582 3007 957 3065 festinandum
996 3018 1083 3065 est
1114 3018 1195 3078 ut,
1231 3011 1379 3083 gulae
1416 3013 1673 3083 passione
1706 3022 1957 3084 superata

356 3101 625 3173 protinus,
669 3101 909 3177 animam
940 3111 1189 3160 nostram
1231 3118 1454 3159 vacuam
1491 3118 1608 3161 esse
1655 3120 1684 3159 a
1714 3120 1955 3179 necessa-

355 3195 454 3251 riis
504 3194 788 3267 virtutibus
832 3212 947 3253 non
984 3196 1271 3267 sinamus,
1296 3197 1391 3255 sed
1417 3194 1503 3259 eis
1548 3196 1835 3257 universos
1871 3215 1953 3254 re-
1991 3187 2000 3195 ’

256 3360 269 3367 _
355 3305 540 3346 cessus
580 3289 764 3346 cordis
799 3292 971 3347 nostri
1017 3288 1316 3348 studiosius
1349 3305 1715 3363 occupemus;
1757 3307 1827 3347 ne
1873 3308 1957 3348 re.
1986 3306 2031 3369 ρ
2063 3285 2244 3342 cordis
2288 3293 2345 3341 et
2387 3282 2734 3356 perfectionis
2766 3286 3165 3356 plenitudinem
3195 3280 3501 3359 pervenire.
3544 3296 3667 3347 Huc

359 3398 544 3440 versus
585 3384 1033 3457 concupiscentiae
1073 3386 1295 3459 spiritus
1340 3386 1529 3443 inanes
1573 3402 1677 3443 nos
1716 3387 1784 3443 ab
1831 3388 1960 3460 ipsis

360 3487 711 3552 vacantesque
736 3481 986 3553 reperiat,
1043 3490 1099 3538 et
1145 3497 1255 3538 non
1302 3480 1409 3538 sibi
1438 3482 1559 3555 jam
1605 3481 1706 3538 soli
1746 3474 1959 3538 aditum

366 3588 549 3643 parare
577 3583 886 3644 contentus,
931 3575 1243 3633 introducat
1280 3592 1467 3634 secum
1506 3576 1563 3632 in
1591 3576 1837 3633 animam
1864 3593 1958 3633 no-

359 3676 527 3724 stram
573 3661 603 3701 1’
650 3671 1012 3742 septenarium
1063 3670 1210 3728 hunc
1260 3662 1517 3728 fomitem
1578 3671 1856 3740 vitiorum,
1905 3681 1961 3729 et

357 3759 521 3818 faciat
566 3772 755 3820 nostra
803 3763 1101 3841 novissima
1157 3764 1337 3837 pejora
1367 3764 1661 3836 prioribus.
1721 3765 1959 3838 Turpior

358 3856 506 3913 enim
536 3859 643 3914 erit
664 3866 788 3931 post
817 3858 935 3916 hazc
970 3866 1026 3914 et
1055 3857 1399 3912 immundior
1421 3857 1629 3924 anima,
1659 3873 1722 3913 ac
1744 3858 1958 3928 suppli-

359 3950 448 4006 cio
480 3951 727 4023 gravtam
755 3951 1045 4021 plectetur,
1082 3961 1207 4018 quae
1244 3961 1302 4003 se
1328 3947 1671 4002 renuntiasse
1698 3948 1830 4003 huic
1856 3966 1961 4006 sa:-

2066 1901 2323 1974 ingluvie.

2598 1978 2845 2037 CAPUT
2884 1981 3125 2039 XXVII.

2139 2064 2295 2130 Quod
2324 2081 2431 2120 non
2456 2064 2597 2121 idem
2636 2066 2767 2122 ordo
2790 2066 3109 2141 prteliorum
3136 2075 3231 2137 sit,
3271 2080 3371 2145 qui
3389 2081 3664 2140 vitiorum.

2137 2157 2433 2214 Sciendum
2477 2166 2665 2215 tamen
2710 2175 2822 2216 non
2862 2163 3118 2220 eumdem
3156 2182 3276 2223 esse
3314 2170 3369 2224 in
3409 2174 3668 2230 omnibus

2064 2250 2317 2308 ordinem
2354 2253 2688 2325 praeliorum,
2718 2253 2862 2325 quia,
2904 2255 3042 2312 sicut
3076 2257 3339 2330 diximus,
3362 2250 3389 2294 ἀ
3424 2280 3535 2321 non
3559 2283 3668 2324 uno
3712 2316 3721 2321 -

2066 2346 2236 2405 modo
2278 2347 2667 2422 impugnantur
2694 2336 2918 2419 omnes,
2957 2360 3015 2407 et
3042 2361 3259 2424 oportet
3298 2372 3665 2430 unumquem-

2066 2457 2170 2513 que
2209 2452 2461 2501 nostrum
2486 2444 2788 2513 secundum
2813 2445 3133 2517 qualitatem
3170 2449 3291 2506 belli
3322 2468 3432 2523 quo
3461 2456 3668 2526 princi-

2064 2536 2260 2607 paliter
2279 2536 2587 2607 inlestatdr,
2615 2540 3083 2595 concertationum
3102 2541 3377 2598 luctamen
3410 2546 3662 2619 arripere,

2063 2628 2139 2683 ita
2184 2636 2247 2684 ut
2285 2627 2454 2685 alium
2491 2644 2711 2687 necesse
2742 2630 2814 2684 sit
2861 2630 3124 2687 adversus
3152 2632 3343 2689 vitium
3372 2637 3522 2706 quod
3551 2648 3668 2693 ter-

2062 2721 2206 2777 tium
2250 2720 2490 2791 ponitur,
2540 2720 2779 2791 primum
2813 2737 3062 2778 exercere
3103 2725 3456 2795 conﬂictum;
3500 2730 3665 2785 alium

2061 2821 2254 2870 contra
2282 2822 2541 2885 quartum
2567 2828 2662 2869 seu
2684 2814 2962 2885 quintum,
2989 2824 3043 2871 et
3089 2816 3161 2873 ita
3191 2798 3357 2889 prout
3402 2819 3516 2891 ipsa
3546 2823 3667 2877 vitia

2063 2910 2119 2967 in
2139 2908 2302 2983 nobis
2331 2908 2583 2967 obtinent
2606 2910 2976 2993 principatum
3010 2931 3022 2965 :
3051 2906 3221 2984 utque
3242 2912 3671 2988 impugnationis

2066 3002 2234 3075 exigit
2270 3001 2492 3071 modus,
2512 3019 2846 3076 nosquoque
2872 3013 3095 3076 oportet
3115 3006 3365 3062 ordinem
3393 3010 3670 3066 instituere

2061 3096 2402 3168 praeliorum,
2435 3096 2737 3153 secundum
2760 3112 2925 3169 quem
2944 3106 3243 3169 proventus
3262 3114 3479 3174 quoque
3506 3103 3669 3159 victo-

2064 3190 2165 3246 ria:
2192 3189 2562 3262 triumphique
2590 3189 2882 3247 succedens
2925 3190 3084 3249 faciet
3118 3209 3222 3250 nos
3249 3193 3318 3251 ad
3367 3197 3666 3267 puritatem

2068 3393 2239 3450 usque
2279 3378 2449 3434 abbas
2494 3377 2758 3449 Serapion
2789 3377 2859 3434 de
2892 3386 3087 3435 natura
3131 3387 3255 3436 octo
3282 3382 3662 3456 principalium

2068 3474 2328 3531 vitiorum
2368 3471 2529 3529 nobis
2557 3470 2842 3539 disserens,
2875 3472 3163 3533 latentium
3206 3473 3261 3530 in
3287 3476 3450 3533 corde
3478 3486 3666 3535 nostro

2069 3570 2387 3642 passionum
2406 3582 2623 3641 genera,
2644 3584 2881 3640 quarum
2922 3583 3116 3626 causas
3156 3578 3319 3642 atque
3352 3570 3665 3638 afﬁnitates,

2068 3680 2198 3722 cum
2238 3663 2313 3719 ab
2350 3663 2481 3734 ipsis
2515 3661 2764 3734 quotidie
2798 3671 3154 3732 vastaremur,
3190 3678 3293 3719 nec
3339 3680 3669 3739 cognoscere

2066 3760 2283 3832 penitus
2326 3765 2485 3814 antea
2531 3772 2633 3812 nec
2669 3755 2972 3813 discernere
3020 3748 3356 3828 poteramus,
3387 3760 3461 3815 ita
3491 3759 3669 3817 lucide

2064 3855 2347 3921 reseravit,
2395 3834 2458 3909 ut
2489 3866 2580 3907 eas
2618 3850 3032 3923 quodammodo
3069 3860 3196 3907 ante
3231 3852 3422 3911 oculos
3463 3855 3668 3924 positas

2025 3980 2029 3985 ρ
2067 3948 2265 4004 intueri
2293 3946 2481 4015 nobis,
2512 3946 2659 4002 velut
2689 3945 2743 4000 in
2770 3945 3011 4017 specuto,
3042 3945 3377 4002 videremur.

1463 4032 1718 4104 ALARDI
1756 4044 1979 4103 GAZxEl
2016 4042 2574 4102 COMMENTARIUS.
2618 4038 2621 4047 ‘
2662 4050 2665 4057 ’

430 4149 454 4177 α
487 4147 692 4200 Textus
728 4140 964 4213 Vulgata:
992 4139 1281 4197 editionis:
1306 4141 1488 4197 Labiis
1506 4143 1621 4195 suis
1643 4142 1967 4211 intelligitur

360 4217 639 4275 animis-us,
662 4229 781 4267 own
796 4215 856 4267 in
882 4213 1035 4268 corde
1050 4216 1366 4269 tractaverit
1391 4213 1558 4268 dolos.
1600 4214 1819 4280 Quando
1842 4216 1966 4269 subd

361 4287 573 4340 miserit
591 4300 762 4338 vocem
785 4300 959 4346 suam,
986 4301 1051 4339 ne
1072 4286 1365 4343 credideris
1389 4286 1457 4347 ei,
1488 4287 1741 4353 quoniam
1765 4290 1964 4356 septem

362 4356 622 4459 nequitia:
640 4361 763 4412 sunt
790 4356 1230 4438 inoordeilliuss
1314 4427 1326 4437 .
1540 4380 1541 4385 π
1601 4429 1612 4440 ,
1772 4384 1793 4397 η

484 4425 543 4459 LI
580 4435 659 4459 nco
711 4435 916 4459 ganeam
950 4435 1071 4459 unhn
1116 4427 1358 4459 ..πωροι-ιι
1419 4428 1719 4459 ην.,ι...ιι..α
1761 4444 1790 4459 Δ

481 4425 544 4481 Id
579 4435 680 4494 est,
709 4435 917 4497 septem
950 4428 1071 4500 vitia
1115 4427 1381 4500 capitalia,
1419 4444 1501 4485 ex-
1522 4428 1728 4500 quibus.
1750 4435 1959 4500 remtera

359 4506 660 4581 nascuntur
719 4506 774 4555 et
832 4498 1195 4581 nutriunturf
1219 4499 1423 4581 Allndit
1456 4498 1690 4581 'Auctor
1740 4499 1963 4581 illiipa-

238 4585 257 4595 ‘
360 4568 565 4626 rabolaa
606 4584 730 4639 quae
775 4570 922 4640 apud
979 4570 1301 4628 Matthaeum
1356 4578 1429 4624 et-
1456 4572 1664 4625 Lucam
1705 4573 1785 4625 sic
1833 4568 1962 4625 inci-

364 4640 441 4710 pit
465 4640 679 4710 (Matth.
695 4656 818 4707 x11;
837 4644 962 4697 Luc.
988 4641 1082 4709 x1)
1112 4660 1126 4694 ;
1149 4642 1614 4698 Cumimmuudus
1625 4643 1863 4710 spiritus
1876 4658 1966 4695 ea:-

366 4714 492 4765 ierit
509 4713 576 4765 ab
604 4713 831 4777 homine,
860 4719 990 4776 etc.,
1010 4711 1105 4767 ubi
1134 4719 1187 4767 et
1210 4710 1461 4766 subditur
1494 4730 1506 4764 :
1544 4715 1688 4765 Tune
1719 4712 1876 4765 vadit
1914 4717 1966 4766 et

368 4786 595 4836 assumit
616 4788 815 4852 septem
839 4784 975 4837 alios
1004 4785 1237 4853 spiritus
1266 4784 1543 4851 nequiores
1569 4798 1651 4848 se;
1679 4786 1730 4835 et
1752 4784 1967 4835 intran-

368 4858 447 4906 tes
468 4854 717 4909 habitant
728 4855 827 4916 ibi,
845 4860 894 4909 et
903 4857 1045 4922 ﬁunt
1059 4855 1351 4908 novissima
1366 4853 1594 4907 hmninis
1610 4855 1761 4908 illius
1775 4853 1966 4921 pejora

362 4925 658 4995 prioribus.
686 4924 895 4994 Quibus
926 4924 1108 4980 verbis
1127 4924 1267 4979 nihil
1282 4923 1431 4995 aliud,
1449 4923 1783 4995 signiﬁcatur
1797 4939 1964 4995 quam

362 5010 458 5050 eos
487 4994 608 5066 qui,
636 4995 830 5066 optimi
876 5004 1026 5062 sunt,
1064 4996 1175 5050 sive
1200 4994 1459 5066 religiosi,
1503 4994 1961 5066 Sivesaeculares,

361 5066 409 5121 si
433 5064 1007 5137 quando,_contempta
1033 5065 1220 5137 divina
1236 5064 1432 5136 gratia,
1467 5065 1597 5137 mali
1622 5064 1774 5137 ﬁant,
1804 5065 1968 5137 pessi-

362 5134 489 5208 mos
526 5136 644 5208 ﬁeri
704 5134 1110 5208 solere;—quasi
1139 5134 1622 5208 proﬂuno'spiritu
1655 5134 1965 5208 immundo,

361 5206 456 5278 qui
503 5207 821 5278 priusquam
846 5206 1210 5275 boni'fierent,
1238 5208 1296 5262 in
1333 5206 1439 5263 illis
1475 5214 1611 5273 erat,
1656 5212 1867 5278 septem
1910 5206 1967 5278 in

362 5276 513 5351 illos
540 5276 930 5351 ingrediantur.
972 5279 1305 5351 ,Experimur
1349 5278 1456 5334 hoc
1512 5276 1774 5351 quotidie,
1830 5276 1965 5351 nulli

365 5350 581 5422 pejores
607 5349 740 5422 sunt
758 5350 994 5422 haeretici
1022 5349 1188 5422 quam
1215 5349 1332 5420 qui,
1364 5365 1488 5422 cum

368 5417 902 5492 catholicifuissent,
951 5417 1192 5477 divinam
1222 5417 1493 5492 aspernati
1532 5417 1776 5492 gratiam
1797 5427 1851 5492 et
1874 5434 1968 5473 ca-

368 5488 585 5564 tholicae
613 5491 739 5547 ﬁdei
780 5492 1219 5564 simplicitatem,
1234 5488 1388 5563 quasi
1415 5488 1603 5564 cibum
1634 5489 1968 5564 levissimum

370 5557 723 5635 fastidientes,
755 5570 817 5619 ut
844 5557 999 5635 juxta
1042 5563 1176 5620 ollas
1202 5557 1452 5620 carnium
1477 5561 1750 5635 sederent,
1791 5560 1971 5635 haere-

368 5631 490 5707 tici;
522 5633 659 5701 facti
700 5631 1060 5707 suun—idest,
1081 5634 1487 5707 indigyptum,
1500 5632 1644 5707 unde
1685 5648 1780 5703 per
1804 5631 1975 5707 ﬁdem

364 5705 631 5776 exierant,
656 5704 861 5776 perdita
882 5705 1007 5773 fide,
1040 5701 1338 5762 redierunt.
1357 5706 1510 5762 .Nulli
1543 5701 1752 5776 pejores
1777 5701 1973 5776 catho-

365 5774 480 5843 lici,
514 5772 689 5855 quam
704 5777 816 5847 qui,
838 5793 962 5833 cum
974 5776 1269 5855 aliquando
1291 5772 1690 5855 religiosissimi
1720 5772 1973 5855 fuissent,

364 5861 481 5904 non
532 5847 671 5907 bene
718 5854 1009 5904 tenuerunt
1055 5847 1207 5919 quod
1254 5847 1546 5917 habebant,
1574 5854 1646 5904 ut
1689 5847 1972 5903 verissime

1990 4536 2041 4597 D

1590 5346 1968 5419 niahquando
2046 5404 2049 5405 ν

2076 4142 2272 4200 dixerit
2314 4138 2648 4209 Augustinus
2683 4139 2876 4208 (Epist.
2931 4138 3053 4209 137)
3084 4155 3145 4194 se
3168 4156 3279 4195 non
3310 4140 3513 4203 vidisse,
3550 4160 3670 4202 me-

2077 4213 2241 4288 liores
2284 4226 2454 4281 quam
2484 4209 2665 4288 quiin
2695 4209 3038 4288 monasteriis
3082 4210 3450 4288 profecerunt,
3495 4232 3671 4288 neque

2077 4227 2241 4269 nores
2284 4227 2454 4281 quam
2484 4227 2576 4279 qui
2610 4227 2665 4264 in
2696 4227 3038 4265 monasteriis
3064 4227 3450 4337 (prorecerunt,
3495 4232 3671 4288 neque

2073 4284 2286 4355 pejores
2307 4296 2477 4355 quam
2507 4280 2655 4355 quia
2678 4281 3023 4355 monasteriis
3101 4281 3396 4340 eiecerunt.
3427 4288 3675 4343 Conversi

2071 4349 2219 4429 sunt,
2249 4349 2431 4429 inquit
2450 4349 2627 4429 David
2645 4349 3096 4429 psalmzmtxvu,
3128 4357 3185 4409 in
3208 4372 3395 4429 arcum
3412 4375 3669 4429 pravum,

2074 4426 2131 4481 id
2160 4435 2262 4492 est,
2294 4423 2352 4480 in
2377 4423 2607 4479 modum
2643 4438 2806 4479 arcus
2826 4423 2969 4492 duri,
2999 4433 3053 4480 et
3082 4427 3265 4483 manui
3290 4423 3672 4489 nonobediem

2074 4498 2166 4557 tis.
2209 4497 2303 4574 qui
2345 4496 2389 4551 si
2446 4492 2586 4574 forte
2637 4494 2968 4574 retendatur,
3007 4506 3104 4552 aut
3133 4499 3182 4554 vi
3224 4508 3278 4556 et
3314 4501 3525 4574 impetu
3566 4520 3669 4561 suo

2074 4567 2370 4640 rumpitur,
2392 4574 2490 4643 aut
2518 4567 2572 4622 in
2599 4567 2842 4639 pejorem
2872 4567 3115 4624 formam
3138 4586 3304 4641 quam
3330 4567 3534 4643 in'qua.
3564 4590 3670 4629 an-

2074 4638 2294 4712 tequam
2349 4638 2683 4712 tenderetur,
2741 4647 2876 4703 erat,
2934 4648 3083 4694 certo
3129 4638 3486 4712 convertitur.
3536 4646 3670 4698 Haec

2072 4708 2424 4783 doctissimus
2462 4708 2830 4783 Maldonatus,
2872 4724 2995 4777 quae
3047 4724 3174 4761 cum
3223 4710 3468 4783 doctrina
3508 4712 3670 4783 hujus

2072 4782 2265 4851 capitis
2292 4780 2498 4851 optime
2544 4778 2890 4851 conveniunt,
2917 4790 3148 4843 eamque
3191 4777 3552 4851 conﬁrmant;
3577 4777 3667 4834 at-

2074 4845 2180 4922 qu'e
2208 4852 2261 4905 in
2287 4845 2596 4923 eumjinem
2614 4862 2654 4923 .a
2683 4861 2775 4900 me
2789 4845 2967 4923 allata,
2990 4860 3176 4923 nemo,
3200 4861 3382 4915 spero,
3410 4847 3667 4906 fastidiet.

2147 4924 2281 4994 {En
2304 4916 2660 4994 professionis
2690 4915 3008 4994 monasticae
3034 4915 3291 4994 antiquus
3333 4934 3481 4987 usus,
3514 4923 3672 4994 cujus

2077 4991 2204 5065 alibi
2242 4984 2437 5065 saepius
2465 4985 2807 5065 mentionem
2834 4984 3063 5065 fecimus
3087 4984 3224 5065 (Lib.
3250 4984 3522 5065 Iv_Instit.
3550 4984 3669 5065 cap.

2079 5062 2164 5132 33)
2210 5080 2221 5115 :
2255 5056 2622 5132 ut'intelligas
2676 5071 2789 5111 non
2835 5056 3028 5132 solum
3054 5056 3383 5118 obedientiae
3422 5072 3477 5118 et
3511 5056 3671 5121 diséi‘

2076 5127 2240 5203 plina:
2296 5128 2613 5203 monasticae
2670 5142 2835 5184 usum
2889 5127 3033 5203 apud
3105 5140 3316 5203 veteres
3368 5137 3673 5194 monachos

2076 5198 2248 5331 fuisse
2286 5222 2298 5256 :
2328 5200 2425 5259 sed
2450 5209 2507 5256 et
2524 5209 2735 5271 votum,
2761 5198 3047 5272 quodper
3073 5199 3471 5273 professionem
3510 5208 3671 5264 intel-

2100 5286 2285 5331 igitur.

2100 5286 2285 5332 ιειιυτ.

2118 5293 2451 5415 g«limlrtepetit
2489 5351 2544 5400 et
2578 5342 2815 5399 inculcat
2859 5343 3281 5404 saluberrimum
3330 5347 3460 5406 illud
3502 5349 3669 5406 docu-

2077 5427 2351 5493 mentum,
2378 5431 2486 5493 quo
2529 5416 2782 5493 superius
2816 5415 3032 5493 monuit
3074 5416 3224 5493 (Cap.
3274 5424 3356 5493 l4)
3384 5421 3673 5493 unicuique

2079 5485 2504 5547 examinandum
2525 5494 2581 5542 et
2616 5485 3012 5555 explorandum
3038 5485 3229 5543 vitium
3261 5490 3346 5544 cui
3382 5491 3464 5545 vel
3495 5507 3525 5546 a
3568 5485 3673 5548 na-

2080 5568 2199 5615 tura
2228 5560 2307 5616 vel
2349 5573 2511 5629 prava
2554 5556 2947 5629 consuetudine
2975 5558 3212 5629 maxime
3257 5558 3331 5615 sit
3366 5561 3669 5629 obnoxius,

2080 5640 2136 5686 et
2168 5631 2222 5708 in
2270 5646 2334 5685 eo
2349 5626 2749 5708 Zexpugnan-do
2780 5635 2835 5682 et
2858 5628 3179 5708 corrigendo
3217 5626 3672 5708 prrecipueJaboé

2078 5702 2311 5758 randum
2338 5720 2350 5754 :
2366 5704 2433 5756 Ut
2447 5699 2841 5772 unusquisque,
2858 5699 3054 5769 inquit,
3076 5703 3289 5765 vitium,
3314 5699 3419 5772 quo
3437 5706 3673 5757 maxime

2079 5775 2399 5841 infestatur,
2431 5773 2739 5841 explorans,
2769 5771 3024 5827 adversus
3046 5773 3186 5829 illud
3213 5771 3449 5842 arripiat
3460 5773 3667 5841 pn‘nci—

2078 5847 2203 5915 pale
2222 5849 2508 5909 certamen,
2529 5851 2632 5900 etc.
3350 5884 3351 5887 η
