4024 6208
249 286 353 341 645
1206 275 1541 335 COLLATlO
1579 276 1670 332 vr.
1709 306 1782 319 -
1818 278 1909 340 ne
1944 278 2124 334 NECE
2159 277 2599 338 mucronum.
3469 291 3573 344 διδ

249 417 509 483 porrecta
545 408 667 477 [ΑΙ.
710 404 1001 479 porrecti].
1025 414 1052 441 ι
1097 406 1161 462 In
1203 404 1307 461 hac
1340 421 1573 463 summa:
1628 406 1756 464 vita:
1796 422 1861 464 ac
1884 410 1939 473 Α
1965 421 2161 469 eorum
2188 407 2216 442 ἀ
2256 408 2597 494 vulturem
2622 423 2688 464 ac
2732 409 2995 482 reliquias
3042 410 3397 483 possiderent,
3450 414 3575 473 aliis

252 504 568 562 sanctitatis
620 500 884 558 monachi
934 498 1241 557 diutissime
1303 509 1734 568 commorantes,
1774 517 1864 559 re-
1970 500 2178 558 scilicet
2212 499 2280 558 de
2296 501 2951 563 viciniacommorationis
2968 505 3234 578 ipsorum,
3253 506 3453 565 aliisde
3467 511 3578 566 ori-

253 606 416 670 pente
435 604 559 654 sunt
584 613 616 653 a
630 593 1067 652 discurrentibus
1078 595 1106 630 1’
1124 594 1521 651 Saracenorum
1549 594 1867 653 latrunculis
1972 594 2113 667 ginis
2130 595 2531 669 propinquitate
2550 592 2939 670 gloriantibus;
2961 616 3065 658 nos
3080 609 3283 670 tamen,
3303 600 3386 658 vel
3404 605 3577 659 nostri

252 692 583 765 interempti.
628 692 882 761 Quorum
928 703 1186 761 corpora,
1212 689 1340 745 licet
1375 690 1646 746 sciremus
1683 697 1801 745 tam
1835 704 1867 746 a
1974 690 2060 746 vel
2124 691 2491 763 quorumdam
2548 708 2659 750 non
2722 693 3073 753 mediocriter
3138 712 3205 753 ex
3260 695 3363 753 hac
3426 706 3577 769 parte

254 785 605 859 pontiﬁcibus
640 780 885 857 regionis
932 783 1076 840 illius
1116 798 1287 855 quam
1323 782 1395 840 ab
1436 783 1687 841 universa
1706 782 1863 856 plebe
1968 792 1990 818 ο
2022 783 2505 843 scandalizantium
2525 784 2763 844 fratrum
2781 786 3089 847 offensione
3109 791 3366 863 permoti,
3395 792 3575 864 inqui-

256 882 502 938 Arabum
530 891 553 918 °
633 887 786 936 tanta
846 878 1202 935 veneratione
1267 887 1552 952 praerepta,
1601 887 1657 935 et
1726 878 1864 935 inter
1969 886 2259 950 rentesque
2309 895 2408 936 cur
2455 880 2593 936 tanti
2641 882 2824 943 meriti
2870 898 2935 940 ac
2988 891 3265 942 tantarum
3308 884 3570 942 virtutum

256 975 512 1048 reliquias
553 979 865 1047 martyrum
904 973 1149 1040 condita,
1184 980 1246 1028 ut
1284 973 1560 1029 innumeri
1609 972 1790 1045 populi
1835 988 1865 1028 e

255 1068 475 1126 duobus
497 1069 709 1142 oppidis
735 1076 1125 1126 concurrentes
1145 1067 1532 1145 gravissimum
1558 1065 1664 1123 sibi
1694 1075 1864 1123 certa-

261 1179 390 1220 men
406 1163 720 1232 indixerint,
738 1169 796 1220 et
814 1177 987 1234 usque
1013 1160 1084 1218 ad
1106 1160 1410 1234 gladiorum
1434 1160 1750 1218 conﬂictum
1767 1176 1866 1233 pro

260 1266 452 1314 sancta
495 1257 682 1331 rapina
721 1256 796 1313 sit
843 1271 1038 1312 eorum
1083 1270 1367 1327 progressa
1403 1254 1690 1325 contentio,
1735 1254 1870 1311 dum

263 1352 347 1423 pia
410 1352 557 1408 inter
606 1368 666 1408 se
720 1350 1007 1409 devotione
1066 1349 1348 1406 decertant
1407 1350 1628 1421 quinam
1665 1349 1869 1421 justius

1972 970 2072 1028 viri
2132 972 2207 1029 ita
2260 973 2371 1031 sint
2424 990 2457 1030 a
2522 973 2841 1032 latrunculis
2893 977 3181 1047 interfecti,
3243 987 3571 1051 tantumque

1973 1066 2251 1124 Dominus
2285 1082 2474 1139 passus
2518 1066 2682 1124 fuerit
2727 1085 2856 1142 erga
2910 1075 3067 1142 suos}
3092 1074 3328 1130 famulos
3367 1075 3575 1131 facinus

1975 1161 2292 1233 perpetrari,
2319 1170 2379 1217 ut
2408 1162 2548 1219 viros
2575 1165 2784 1219 cunctis
2829 1164 3105 1222 mirabiles
3143 1169 3202 1223 in
3242 1183 3439 1225 manus
3460 1177 3575 1224 tra-

1975 1255 2127 1312 deret
2151 1254 2471 1327 impiorum,
2523 1257 2711 1312 moesti
2747 1256 2817 1313 ad
2865 1254 3169 1315 sanctumt
3217 1260 3573 1317 Theodorum

1975 1349 2309 1422 singularem
2370 1351 2426 1406 in
2491 1351 2901 1408 conversatione
2968 1353 3169 1409 actuali
3237 1353 3577 1425 perreximus
3650 1334 3661 1355 ’

1360 1530 1614 1604 ALARDI
1652 1549 1875 1604 GAZ;EI
1918 1549 2471 1605 COMMENTARIUS.

268 1729 488 1803 quidem
526 1728 676 1785 vallis
703 1727 772 1788 de
791 1727 942 1803 _cmlo
968 1735 1110 1784 tacta
1150 1725 1254 1803 fuit
1277 1746 1294 1803 _:
1325 1728 1553 1803 minima
1581 1738 1786 1798 tamen,
1817 1738 1873 1788 et

267 1799 507 1859 extrema
554 1816 699 1871 pars,
756 1800 873 1856 sive
924 1815 1045 1867 ora,
1082 1799 1328 1871 squalida
1379 1809 1435 1856 et
1474 1801 1654 1858 cinere
1693 1803 1870 1859 soluta

1981 1731 2402 1807 persecutiones,
2428 1738 2486 1807 _et
2521 1731 2924 1807 monachorum
2953 1732 3130 1807 casdes
3155 1733 3225 1807 ab
3273 1732 3352 1792 eis
3392 1743 3575 1807 patra-

1977 1811 2048 1858 ta:
2076 1821 2088 1855 :
2118 1802 2214 1859 sed
2248 1817 2329 1875 ea:
2356 1803 2441 1875 vel
2487 1802 2636 1870 alibi,
2684 1820 2848 1875 quam
2884 1804 2941 1859 in
2991 1805 3301 1870 Palaestina,
3356 1802 3434 1863 vel
3484 1809 3573 1864 diu

270 1873 472 1954 mansit
498 1891 512 1927 :
536 1871 683 1955 unde
700 1874 897 1955 cineres
919 1872 1266 1955 Sodomorum
1296 1871 1428 1955 dicti
1444 1872 1549 1955 ;.in
1576 1890 1683 1945 qua
1707 1874 1871 1929 etiam
1900 1950 1937 1955 _
1977 1883 2108 1955 ante
2134 1874 2376 1955 Cassiani
2395 1871 3027 1955 temporacdntigerunt.
3046 1880 3136 1955 _De
3176 1878 3373 1955 quibus
3400 1879 3577 1955 videre

267 1960 364 2000 ora
389 1944 642 2021 visuntur
667 1944 888 2021 arbores
928 1951 1096 1999 testes
1134 1943 1354 1999 ultionis
1376 1943 1610 2021 divinae;
1632 1959 1867 2021 _quarum
1899 1950 1947 2012 B
1976 1945 2103 2021 Licet
2139 1953 2296 2021 notas
2338 1943 2658 2021 Barqnii__ad
2706 1943 3460 2021 Maityrologiumflanuarii
3486 1956 3573 2021 l4,

269 2031 451 2086 poma,
507 2015 634 2070 licet
664 2014 889 2086 pulchra
929 2022 1153 2086 aspectu
1192 2023 1249 2070 et
1295 2023 1511 2086 matura
1561 2014 1868 2086 videantur,

266 2084 519 2158 contacta
546 2094 640 2142 aut
662 2084 859 2158 leviter
882 2084 1140 2158 manibus
1167 2101 1353 2158 pressa
1375 2084 1590 2143 fumum
1637 2085 1868 2144 fetidum

267 2156 550 2224 exhalant,
615 2164 670 2212 et
729 2157 786 2212 in
834 2156 1069 2213 favillam
1125 2156 1495 2214 resolvuntur.
1549 2160 1688 2214 Tota
1742 2174 1867 2215 vero

271 2228 426 2301 vallis
476 2227 721 2297 interior,
783 2236 839 2284 et
898 2228 1053 2301 longe
1108 2229 1335 2301 major,
1373 2237 1500 2301 post
1557 2226 1865 2301 incendium

270 2298 556 2371 submersa
582 2306 682 2364 est,
708 2308 760 2355 et
778 2307 961 2371 operta
992 2298 1146 2371 aquis
1173 2298 1523 2356 crassissimis
1558 2308 1612 2355 et
1655 2300 1869 2371 densis-

268 2369 424 2425 simis
449 2385 513 2424 ex
544 2370 658 2441 ipso
686 2369 846 2443 terra:
882 2369 1002 2443 solo
1039 2369 1451 2443 erumpentibus
1484 2390 1498 2425 ι
1527 2370 1675 2442 quod
1716 2387 1867 2427 mare

264 2439 891 2513 Nomium—appellatur.
907 2442 1041 2498 Haec
1061 2439 1238 2499 fusius
1256 2441 1527 2513 Josephus
1541 2439 1643 2498 lib.
1670 2459 1704 2497 v
1728 2443 1863 2500 Belli

259 2511 475 2639 fogdalci
516 2529 566 2568 c.
602 2511 658 2582 5,
694 2512 918 2569 Tertull.
943 2512 1002 2568 in
1046 2530 1217 2570 carm.
1244 2514 1311 2571 de
1348 2511 1611 2582 Sodoma,
1638 2514 1866 2572 Orosius

285 2600 303 2638 ι
350 2600 428 2639 .ι.

285 2600 361 2639 ID.
389 2600 428 2639 Ι.

341 2666 366 2691 ⁸
407 2658 663 2727 Magnam
708 2654 840 2712 huic
885 2655 1008 2712 loco
1055 2655 1213 2713 affert
1257 2656 1679 2728 auctoritatem,
1718 2657 1862 2728 quod

267 2727 471 2782 horum
511 2726 913 2783 monachorum
940 2728 1207 2785 memoria
1253 2727 1457 2785 tabulis
1493 2726 1867 2783 ecclesiasticis

261 2797 589 2871 consignata
614 2798 842 2857 habetur
865 2799 1050 2871 quinto
1068 2799 1330 2856 kalendas
1355 2800 1503 2855 Junii
1533 2798 1615 2854 his
1643 2798 1821 2854 verbis
1846 2820 1859 2855 :

270 2870 471 2927 Thecue
488 2873 547 2925 in
568 2870 1209 2933 Palwstina,’sanctorum
1238 2872 1613 2926 monachorum
1651 2875 1863 2940 marty-

270 2958 395 2996 rum
410 2945 527 3011 qui,
548 2947 777 3012 tempore
799 2942 1076 2999 Theodosii
1081 2943 1339 3012 junioris,
1361 2960 1395 2997 a
1410 2945 1687 3000 Saracenis
1704 2944 1868 2999 occisi

264 3019 434 3077 sunt;
460 3030 688 3084 quorum
702 3028 879 3069 sacras
894 3014 1156 3084 reliquias
1176 3015 1364 3070 accola:
1391 3016 1697 3084 colligentes
1721 3029 1868 3071 sum-

266 3101 364 3139 ma
379 3085 1048 3141 eenerationehabuerunt.
1072 3088 1207 3142 Haec
1223 3085 1320 3141 ibi.
1353 3085 1487 3153 Quae
1496 3085 1562 3141 de
1580 3084 1869 3141 monachis

286 3156 375 3237 hic
398 3174 429 3211 a
444 3156 704 3213 Cassiano
718 3158 1161 3214 commemoratis
1180 3155 1534 3227 intelligenda
1555 3155 1689 3212 dicit
1709 3158 1869 3212 Baro-

267 3243 417 3283 nius.

347 3300 373 3335 δ
402 3302 483 3373 De
505 3301 895 3373 Saracenorum
920 3308 1079 3373 gente
1101 3300 1340 3373 ;ejusque
1377 3297 1582 3373 origine
1608 3296 1726 3353 hate
1769 3294 1867 3351 ha-

273 3370 371 3427 bet
395 3371 732 3440 Nicephorus
757 3370 967 3428 Bistor.
996 3371 1091 3427 lib.
1120 3370 1173 3428 ir
1197 3370 1317 3441 cap.
1344 3376 1412 3426 47
1447 3370 1869 3429 {Saracerwrum

272 3460 421 3511 gens,
473 3445 729 3513 primum,
781 3446 1084 3513 cognomine
1130 3443 1197 3498 ab
1232 3443 1449 3499 Ismaele
1494 3445 1721 3513 accepto,
1774 3441 1873 3513 qui

276 3512 516 3571 Abrahae
542 3516 685 3585 ﬁlius
704 3512 1148 3582 fuit,’Ismaelita
1181 3514 1250 3569 ab
1295 3515 1556 3583 antiquis,
1594 3512 1661 3566 de
1704 3512 1874 3580 primi

278 3602 463 3639 eorum
504 3589 744 3656 parentis
775 3588 1151 3657 appellatione,
1190 3587 1363 3641 vocati
1406 3590 1551 3642 sunt.
1592 3586 1663 3640 Ut
1687 3587 1870 3657 autem

280 3654 543 3712 maculam
570 3654 1008 3728 illegitimiortus
1042 3662 1093 3714 et
1135 3660 1409 3714 servitutis
1446 3661 1632 3713 notam
1677 3654 1693 3725 (
1719 3670 1871 3710 sermo

277 3730 421 3784 enim
446 3730 557 3795 fuit
589 3734 763 3784 mater
778 3730 926 3786 illius
951 3732 1139 3801 Agar)
1171 3747 1205 3784 a
1239 3746 1293 3785 se
1322 3730 1688 3788 amolirentur,
1713 3728 1870 3801 Sara-

276 3816 429 3857 cenos
481 3803 676 3871 seipsos
727 3799 1085 3865 nominarunt,
1125 3799 1367 3871 peri-nde
1422 3806 1583 3869 atque
1643 3815 1677 3853 a
1732 3799 1871 3871 8am

277 3872 511 3928 Abrahae
549 3870 773 3943 conjuge
798 3875 1021 3942 stirpem
1060 3870 1330 3927 duberent.
1364 3874 1631 3943 _therum
1673 3870 1867 3943 seriem

275 3945 475 4011 generis
490 3944 615 3999 inde
638 3939 931 4005 trahentes,
943 3943 1122 3997 eodem
1136 3957 1256 3993 cum
1274 3941 1474 3993 Iudaeis
1494 3939 1713 4011 uiuendi
1728 3954 1870 3991 more

276 4008 528 4071 utuntur.
569 4017 708 4071 Nam
746 4014 1193 4067 circumcisionem
1229 4011 1311 4062 ita
1355 4012 1416 4060 ut
1463 4009 1551 4061 illi
1585 4008 1781 4072 colunt,
1822 4013 1872 4060 et

275 4103 309 4140 a
334 4088 509 4142 suillis
541 4085 793 4140 carnibus
833 4083 1122 4142 abstinent,
1160 4078 1436 4147 multaque
1452 4082 1717 4147 presterea
1752 4078 1872 4130 illo—

275 4173 394 4212 rum
419 4160 677 4215 instituta
696 4156 931 4214 servant,
961 4160 1078 4222 etc.
1109 4151 1359 4222 (Hieron.
1390 4150 1445 4203 in
1466 4150 1665 4222 Quiest.
1701 4148 1869 4222 ﬂebr.

274 4234 327 4283 et
359 4228 707 4301 epist._124_).
739 4224 920 4301 Porro
940 4221 1008 4278 de
1038 4218 1137 4277 hac
1159 4218 1645 4301 _Saracenorumin
1677 4221 1872 4299 {Egyp-

274 4292 420 4362 tuni,
452 4294 822 4366 Palaestinam,
852 4294 1086 4366 aliasque
1122 4292 1650 4366 vicinasuprovincias
1689 4292 1871 4359 irrup-

272 4371 432 4442 tione
458 4376 514 4423 et
539 4364 903 4442 grassatione,
939 4363 1044 4442 qua
1070 4363 1296 4442 contigit
1314 4363 1435 4442 illos
1480 4370 1698 4442 sanctos
1748 4375 1869 4415 mo-

272 4440 485 4497 nachos
514 4435 585 4493 ab
613 4436 720 4492 illis
744 4436 1007 4503 interimi,
1032 4436 1285 4492 meminit
1304 4435 1474 4491 etiam
1501 4436 1571 4489 D.
1604 4435 1870 4504 Hierony-

276 4527 401 4568 mus
426 4510 480 4565 in
502 4510 661 4580 epist.
689 4513 757 4564 82
782 4507 849 4580 ad
892 4508 1288 4580 Marcellinum,
1319 4507 1414 4563 ubi
1443 4522 1502 4561 se
1549 4505 1616 4561 ab
1650 4504 1759 4560 illis
1788 4505 1874 4558 vix

278 4582 509 4638 evasisse
535 4579 776 4636 testatur
803 4579 888 4634 his
927 4579 1104 4635 verbis
1135 4595 1146 4630 :
1182 4581 1289 4634 Hoc
1342 4582 1521 4632 autem
1570 4592 1709 4631 anno
1753 4592 1874 4630 cum

280 4662 383 4711 tres
416 4654 761 4724 eaplicassem
807 4652 970 4724 libros
1018 4649 1344 4724 (Ezechielis
1387 4647 1650 4724 sci_l_icet)__
1662 4648 1873 4724 subitus

1976 2015 2253 2072 Februarii
2284 2022 2350 2072 19
2377 2024 2433 2071 et
2454 2011 2582 2073 Maii
2613 2021 2693 2073 16.

2050 2097 2071 2123 ο
2100 2090 2183 2144 En
2211 2102 2488 2143 sacrarum
2533 2088 2908 2160 reliquiarum,
2938 2091 3243 2160 praesertim
3258 2101 3573 2151 sanctorum

1977 2167 2302 2231 martyrum,
2332 2159 2605 2215 veneratio
2634 2159 2852 2231 egregio
2875 2159 3213 2231 antiquitatis
3257 2165 3573 2222 testimonio

1977 2238 2033 2286 et
2050 2229 2307 2303 exemplo
2326 2229 2972 2303 comprobatalDamasc.
2999 2229 3035 2287 l.
3056 2248 3118 2288 ιγ
3135 2233 3200 2288 de
3214 2236 3343 2290 Fide
3360 2254 3405 2291 ε.
3431 2243 3497 2292 16
3515 2242 3534 2303 )
3556 2258 3569 2294 :

1975 2300 2316 2386 cujusoetiam
2340 2300 2587 2386 superius
2613 2318 2689 2358 ex
2736 2304 3123 2386 martvrologio
3173 2306 3339 2386 Rom.
3392 2300 3573 2364 habita

1974 2372 2203 2439 mentio,
2232 2388 2397 2443 quam
2421 2381 2475 2427 et
2496 2373 2754 2449 adversps
2791 2372 3154 2449 Vigilantiam
3198 2384 3416 2434 strenue
3446 2394 3571 2449 pro-

1975 2436 2264 2518 pugnatvet‘
2281 2444 2632 2518 commendat
2671 2436 2749 2518 7D.
2801 2436 3180 2518 Hieronymus
3216 2452 3406 2513 (Hom.
3441 2436 3472 2503 ἒὶ
3516 2453 3572 2505 in

1974 2517 2120 2591 Psal.
2145 2515 2396 2583 χχχιχ).
2418 2518 2588 2591 Porro
2604 2517 2880 2584 reliquias,
2906 2515 3083 2588 inquit
3096 2516 3374 2591 (kigenes,
3399 2521 3572 2575 dicere

1972 2587 2215 2648 solemus,
2248 2603 2366 2640 cum
2392 2588 2618 2656 spiritus
2648 2593 2929 2655 separatur
2942 2587 3216 2657 a’corporé
3231 2608 3247 2655 ;
3266 2591 3410 2646 velut
3429 2596 3571 2646 enim

1974 2658 2177 2725 majore
2198 2661 2356 2726 parte
2383 2657 2695 2731 hominisin
2717 2659 2917 2731 spiritu
2941 2659 3223 2727 deputata,
3260 2677 3374 2727 qua:
3397 2677 3573 2731 super

1974 2732 2050 2781 est
2082 2743 2213 2797 pars
2256 2728 2516 2796 corporis.
2554 2728 2799 2795 reliquia:
2825 2731 3190 2783 mminantur.
3226 2732 3295 2784 Et
3332 2728 3573 2786 Ambro-

1972 2797 2090 2853 sius
2113 2798 2167 2853 in
2196 2797 2333 2869 psal.
2359 2812 2549 2853 xxxvr
2580 2816 2592 2850 :
2626 2798 2887 2866 Reliquus
2913 2799 3165 2853 dicuntur
3186 2802 3384 2854 mortui
3407 2801 3572 2854 homi-

1971 2871 2058 2923 nis
2091 2872 2315 2924 ewuvice.
2342 2870 2462 2925 Ideo
2492 2870 2732 2938 reliquiw
2763 2872 2895 2937 quia
2926 2875 3050 2939 post
3083 2875 3305 2924 mortem
3349 2870 3573 2926 hominis

1972 2942 2220 2996 ridentur
2238 2956 2523 3011 superesse.
2555 2943 2852 3011 Supersunt
2865 2943 3026 3005 enim,
3049 2957 3171 3011 qua:
3191 2947 3477 2997 servantur
3498 2944 3575 2997 ad

1972 3015 2417 3071 resurrectionem.
2447 3068 2451 3072 .

2046 3084 2218 3155 cl,Alia
2247 3080 2585 3155 exemplaria,
2612 3081 2823 3155 habent
2860 3085 3135 3155 :sepulcra
3172 3083 3247 3138 ad
3286 3085 3568 3155 reliquias.

1976 3154 2465 3229 Videshichuam
2506 3154 2661 3210 avide
2694 3163 2749 3229 et
2791 3154 3090 3229 ambitiose
3120 3155 3216 3211 SS.
3264 3154 3573 3229 martyrum

1976 3226 2219 3296 reliquias
2260 3224 2462 3282 fuerint
2489 3240 2519 3280 a
2551 3226 2760 3297 populis
2798 3226 3126 3283 Christianis
3164 3224 3434 3297 expetitae.
3485 3229 3572 3285 Si-

1978 3295 2168 3357 milem
2197 3311 2325 3352 vero
2360 3295 2845 3358 contentionemet
2887 3295 3352 3354 concertationem
3397 3298 3571 3356 Picta-

1901 3338 1945 3402 C
1979 3338 2173 3423 mrum
2198 3376 2253 3423 et
2268 3366 2671 3439 fl‘uronensium
2695 3352 2791 3437 pro
2820 3368 3060 3439 reliquiis
3083 3370 3139 3423 S.
3169 3338 3573 3426 Martini‘aut‘e-

1974 3438 2157 3494 rendis
2189 3435 2360 3493 refert
2386 3435 2711 3509 Gregorius
2731 3435 3073 3495 Turonensis
3108 3438 3245 3509 (Lib.
3278 3440 3299 3493 Ι
3326 3442 3466 3496 Hist.
3524 3458 3569 3495 c.

1974 3513 2101 3583 43.)
2130 3509 2323 3583 Aliam”
2340 3507 2526 3583 itidem
2574 3507 2760 3583 videre
2779 3518 2862 3564 est
2900 3509 3045 3583 apud
3078 3507 3149 3564 D.
3182 3509 3574 3583 Hieronymum

1973 3582 2029 3636 in
2079 3582 2202 3637 Vita
2246 3580 2553 3645 Hilarionis,
2614 3579 2706 3636 ubi
2749 3580 2867 3637 haec
2897 3579 2953 3637 iri
2982 3581 3090 3637 line
3120 3600 3131 3635 2
3166 3579 3574 3653 Cernas'usque
3626 3586 3643 3605 '

1975 3654 2128 3708 hodie
2151 3656 2351 3713 miram
2378 3655 2516 3707 inter
2542 3653 2847 3707 Pallestinos
2861 3658 2912 3708 et
2925 3655 3146 3723 Cyprios
3172 3656 3571 3716 contentionem,

1976 3727 2059 3778 his
2085 3741 2274 3795 corpus
2318 3726 2633 3783 Hilarionis,
2658 3725 2762 3781 illis
2790 3726 3039 3794 spiritum
3063 3742 3115 3779 se
3150 3725 3338 3779 habere
3366 3732 3575 3780 certan-

1979 3798 2139 3852 tibus.
2160 3800 2227 3853 Et
2246 3802 2421 3851 tamen
2460 3798 2516 3848 in
2544 3798 2785 3864 utrisque
2816 3797 2940 3849 locis
2952 3812 3145 3862 nutgna
3165 3798 3404 3863 quotidie
3422 3799 3575 3863 signa

1977 3872 2112 3935 ﬁunt
2138 3888 2155 3922 :
2184 3868 2277 3923 sed
2302 3868 2473 3935 magis
2495 3868 2547 3920 in
2577 3867 2786 3920 hortulo
2811 3868 3002 3935 Cypri,
3026 3869 3278 3932 forsitan:
3297 3868 3430 3934 quia
3450 3869 3574 3934 plus

1978 3941 2132 3992 illum
2170 3940 2339 3993 locum
2367 3938 2639 3992 dilewerit.
2673 3938 2808 3992 Haec
2841 3937 2933 3991 ibi.

2051 4018 2071 4043 ο
2109 4008 2547 4063 Scandalizantes
2604 4007 2897 4063 Ciaconius
2943 4005 3258 4061 scandalum
3312 4004 3577 4074 patientes

1979 4078 2093 4131 sive
2146 4078 2533 4147 scandalizatos
2586 4077 2973 4147 interpretatur
3023 4075 3173 4147 quod
3226 4093 3256 4130 a
3307 4074 3577 4147 theologis

1980 4148 2176 4203 dicitur
2201 4146 2516 4202 scandalum
2562 4145 2851 4214 passivum.
2901 4150 2981 4201 Ita
3010 4145 3245 4201 Hilarius
3274 4147 3328 4201 in
3380 4146 3571 4201 Matth.

1980 4234 2100 4271 ean.
2137 4224 2241 4271 30:
2274 4221 2465 4271 Petrus
2490 4232 2587 4284 pro
2623 4217 2751 4283 ﬁdei
2772 4232 2883 4271 sua:
2917 4218 3085 4270 calore
3108 4218 3403 4286 respondit,
3424 4223 3573 4271 ecete-

1982 4293 2057 4344 ris
2086 4291 2207 4344 licet
2253 4286 2766 4349 scandalizantibus,
2819 4304 3113 4358 numquam
3138 4304 3195 4344 se
3235 4289 3575 4344 scanduliw-

1979 4368 2182 4419 turum.
2830 4398 2839 4409 .

2046 4430 2074 4470 θ’
2096 4433 2246 4488 Hunc
2294 4431 2444 4487 illum
2468 4429 2817 4487 Theodorum
2847 4446 2963 4487 esse
2988 4432 3212 4490 omnino
3230 4431 3481 4489 existimo
3510 4432 3577 4489 de

1983 4520 2091 4575 quo
2114 4504 2406 4560 Cassianus
2434 4502 2524 4558 lib.
2563 4518 2595 4575 v
2626 4517 2744 4574 cap.
2779 4509 2846 4559 33
2877 4511 2932 4559 et
2966 4502 3181 4560 duobus
3206 4506 3573 4575 sequentibus.

1982 4574 2144 4646 quem
2168 4577 2425 4631 abbatem
2447 4574 2699 4631 nominat
2727 4590 2945 4631 summa
2968 4576 3254 4631 sanctitate
3274 4574 3327 4631 et
3340 4576 3576 4646 perfecta

1979 4644 2201 4719 scientia
2225 4646 2538 4719 prmditum,
2584 4661 2697 4701 non
2740 4648 2919 4703 solum
2969 4646 3027 4699 in
3058 4647 3253 4719 actuali
3300 4644 3430 4713 vita,
3482 4645 3579 4700 sed

280 4718 509 4794 impetus
539 4725 906 4784 barbarorum,
933 4723 998 4776 de
1042 4722 1240 4791 quibus
1273 4724 1397 4777 tuus
1434 4719 1568 4794 dicit
1580 4719 1869 4794 _Virgilius
1900 4724 1948 4785 D
1978 4718 2141 4794 etiam
2170 4718 2365 4794 notitia
2392 4718 2824 4794 _Scripturarum,
2868 4731 3035 4787 quam
3056 4718 3107 4770 ei
3141 4731 3254 4794 non
3294 4723 3425 4794 tam
3456 4723 3577 4794 stu-

280 4791 530 4859 (Eneid.
580 4802 676 4859 ιν)
711 4813 724 4848 :
781 4795 989 4863 lateque
1014 4796 1272 4861 vagantes
1306 4791 1529 4847 Barccei.
1570 4791 1641 4863 Et
1685 4794 1873 4863 sancta

279 4856 560 4936 Scriptura
595 4856 668 4920 de
689 4856 914 4922 Ismaelé
939 4883 954 4918 :
1001 4856 1195 4917 Contra
1242 4864 1438 4936 faciem
1476 4861 1711 4936 omnium
1730 4856 1873 4936 Ira-

279 4931 428 4994 τηιγῆ
454 4952 671 4993 suorum
715 4936 975 4992 habitavit
1027 4936 1235 5006 (Genes.
1262 4947 1366 4989 xvr
1388 4932 1403 5003 )
1427 4953 1442 4997 ς
1470 4932 1690 5006 Ερῃρτί
1715 4931 1873 5006 limi-

281 5016 406 5073 tem,
439 5010 765 5070 Palwstinw,
794 5003 1082 5068 Phoenices,
1109 5007 1285 5074 Syriae
1305 5005 1600 5074 percurrit,
1628 5005 1678 5056 et
1700 5003 1876 5056 instar

280 5082 535 5137 torrentis
574 5084 759 5135 cuncta
798 5093 973 5133 secum
999 5079 1234 5138 trahens,
1264 5079 1328 5130 ut
1362 5076 1459 5128 ria:
1480 5089 1668 5129 manus
1696 5088 1876 5127 eorum

279 5153 653 5207 misericordia
708 5151 909 5207 Christi
950 5150 1286 5219 potuerimus
1322 5146 1561 5219 evadere.
1609 5142 1876 5199 Eamdem

279 5223 911 5297 quoque_calamitatem_
924 5216 1027 5275 sub
1047 5218 1238 5297 iisdem
1277 5216 1876 5297 temporib_us_cot_nme-

283 5286 465 5351 morat
491 5293 647 5366 divus
680 5292 1019 5366 Augustinus
1046 5290 1102 5366 in
1122 5290 1314 5366 _epist._
1347 5286 1447 5343 122
1490 5286 1562 5366 _ad
1588 5286 1875 5366 _Victoria-

284 5382 439 5430 num,
466 5364 561 5421 ubi
608 5356 987 5422 totius'ferme
1014 5356 1378 5418 orbis'clades
1411 5377 1444 5416 a
1490 5357 1733 5415 barbaris
1771 5356 1878 5411 illis

285 5436 457 5491 illatas
484 5436 556 5493 ita
600 5436 886 5508 deplorat:
917 5437 1073 5491 Totus
1096 5433 1351 5508 “mundus
1390 5433 1560 5508 tantis
1599 5431 1880 5508 affligitur

286 5508 543 5571 cladibus,
593 5502 830 5578 ut'pene
856 5522 987 5576 pars
1014 5506 1167 5561 nulla
1207 5510 1471 5560 terrarum
1496 5505 1587 5564 sit,
1641 5502 1740 5578 ubi
1773 5515 1878 5554 non

288 5578 451 5654 taliet,
482 5580 673 5649 qualia
688 5573 971 5647 scripsisti,
1006 5573 1877 5654 committantur_a_tque_plangun-

283 5644 533 5707 tur.Nain
544 5656 670 5706 ante
680 5644 916 5722 partium
927 5654 1128 5719 tempus
1137 5651 1299 5722 etiam
1310 5649 1365 5702 in
1378 5646 1487 5722 illis
1496 5644 1878 5722 solitudinibus

282 5726 527 5792 Egypti,
556 5723 650 5777 ubi
670 5718 991 5777 monasteria
1017 5718 1086 5775 ab
1108 5720 1493 5789 omnistrepitu
1514 5718 1882 5792 quasisecreta

280 5788 573 5870 degebant,
606 5794 908 5870 abarbaris
934 5792 1203 5859 interfecti
1217 5792 1581 5870 suntfratres.
1611 5788 1745 5842 Haec
1770 5790 1880 5839 Au-

280 5861 560 5936 gustinus.
622 5866 894 5923 Feruntur
937 5870 1118 5919 autem
1181 5872 1234 5918 et
1298 5861 1418 5917 alia:
1481 5862 1881 5916 Saracenorum

1979 4789 2129 4845 dium
2186 4788 2456 4853 lectionis,
2513 4783 2594 4842 vel
2649 4783 2946 4842 litteratura
2998 4783 3187 4839 mundi
3242 4783 3574 4853 contulerat,

1980 4875 2147 4930 quam
2160 4860 2274 4914 sola
2305 4851 2513 4929 puritas
2537 4857 3053 4930 cordisrquemque
3072 4855 3127 4908 S.
3161 4851 3439 4930 Pachomii
3491 4853 3578 4930 di-

1980 4921 2250 4999 scipulum
2278 4921 2334 4983 et
2360 4942 2733 4999 successorem
2740 4921 2813 4999 Lin-
2830 4921 3239 4999 monachorum
3274 4922 3343 4999 ab
3388 4940 3453 4981 eo
3498 4924 3577 4979 in.

1982 4993 2304 5055 stitutorum
2332 4996 2592 5068 regimine
2615 4996 2785 5051 tradit
2814 4993 3129 5068 Gennadius
3149 4994 3423 5068 de__script.
3476 5000 3576 5052 lic-

1981 5072 2111 5125 ales.
2141 5085 2257 5139 cap,
2288 5075 2342 5131 8,
2373 5065 2793 5139 eamdemquea
2822 5065 3167 5139 Cassianoin
3193 5066 3332 5123 libro
3348 5065 3428 5123 'de
3449 5070 3579 5139 Col-

1986 5137 2282 5196 lationibus
2304 5139 2452 5194 edito
2472 5137 2795 5194 multimode
2821 5137 3300 5204 commendatum;
3342 5138 3489 5207 quod
3507 5142 3576 5193 de

1987 5212 2086 5267 hac
2111 5211 2408 5267 Collatione
2444 5208 2586 5265 haud
2634 5210 2798 5266 dubie
2842 5208 3252 5279 intelligendum
3298 5217 3400 5275 est,
3450 5226 3577 5265 cum

1984 5283 2110 5339 alibi
2136 5282 2191 5337 in
2242 5282 2326 5338 his
2365 5280 2757 5337 Collationibus
2801 5297 2913 5339 non
2967 5288 3142 5336 exstet
3183 5279 3300 5352 ejus
3350 5281 3575 5352 mentio,

1984 5354 2190 5411 nedum
2216 5352 2642 5411 commendatio.
2672 5355 2842 5409 Porro
2881 5351 3382 5411 notavitCuvchius
3400 5351 3456 5408 in
3476 5370 3578 5408 an-

1985 5426 2310 5497 tiquissimis
2338 5423 2735 5496 exemplaribus
2754 5424 2881 5495 poni
2922 5422 3127 5497 abbatis
3147 5422 3418 5497 Theodori
3445 5425 3580 5497 col-

1988 5493 2243 5569 lationem
2294 5504 2418 5569 post
2437 5493 2729 5569 utramque
2755 5493 2769 5569 ξ
2795 5495 2981 5569 Sereni
3032 5493 3259 5569 abbatis,
3296 5494 3462 5569 quod
3527 5504 3579 5569 et

1988 5568 2167 5651 fhotii
2187 5564 2362 5651 elogio
2377 5568 2512 5651 satis
2538 5564 2811 5638 congruit,
2865 5565 2958 5651 qui
2981 5564 3352 5651 "collationem:
3370 5564 3579 5651 abbatis

1988 5639 2168 5695 Sereni
2189 5635 2349 5697 tertio
2377 5640 2499 5696 loco
2532 5635 2946 5696 commemorat.
2979 5635 3086 5694 Sed
3137 5635 3422 5708 Dionysius
3449 5639 3577 5692 Car-

1986 5710 2271 5769 tliusianus
2303 5711 2649 5769 collationem
2693 5708 2963 5767 Theodori
2993 5708 3099 5765 hoc
3125 5708 3244 5763 loco
3277 5706 3578 5763 nobiscum

1988 5783 2159 5853 ponit.
2198 5835 2202 5839 .
