3982 6202
293 345 384 405 649

1239 352 1576 411 COLLATIO
1611 353 1704 410 Vl.
1742 383 1817 395 -
1852 353 1942 410 DE
1979 352 2154 412 NECE
2191 354 2622 414 SANCTORUM.

3474 366 3584 418 650

289 471 395 530 lum
421 477 832 532 miserabiliores
858 479 1027 534 simus
1067 481 1308 536 omnibus
1349 482 1652 537 hminibus
1683 482 1725 552 (Ι
1755 483 1871 540 Cor.
1903 483 1957 546 Α
1987 479 2216 546 bonum,
2263 481 2492 549 malum,
2533 481 2798 538 medium.
2849 480 3126 538 Debemus
3177 481 3366 553 itaque
3417 497 3583 540 nosse

287 573 399 635 xv),
425 569 552 642 quia
579 570 790 628 scilicet
815 571 875 628 in
898 571 1004 629 hoc
1031 573 1238 632 mundo
1279 573 1413 630 nihil
1441 574 1871 646 promissionum

1978 573 2112 646 quid
2149 575 2369 648 proprie
2391 574 2623 643 bonum,
2653 573 2785 646 quid
2828 574 3062 643 malum,
3106 575 3305 646 quidve
3349 576 3422 633 sit
3454 591 3575 632 me-

281 662 608 736 recipientes,
627 666 790 722 etiam
815 666 872 723 in
898 665 1081 725 futuro
1105 684 1197 726 eas
1233 673 1332 742 pro‘
1359 669 1464 726 hac
1493 665 1872 728 incredulitate
1979 665 2155 736 dium,
2200 675 2265 724 ut
2293 677 2482 726 nostra
2527 668 2680 737 ﬁdes,
2717 683 2844 723 vera
2879 667 3106 725 scientia
3145 669 3484 725 communita
3519 668 3577 724 in

279 757 568 828 perdimus,
594 757 947 832 opinionibus
983 777 1174 819 eorum
1202 777 1316 820 non
1341 761 1610 820 debemus
1644 777 1866 822 errare:

277 863 338 906 ne
367 851 620 924 ignorata
655 867 796 910 vera:
819 852 1156 912 deﬁnitionis
1192 857 1458 914 sententia
1483 855 1779 914 titubantes
1805 874 1870 915 ac

274 945 488 1017 trepidi,
531 947 928 1006 tentationibus
964 965 1312 1015 moveamur,
1345 967 1474 1008 cum
1521 949 1726 1008 eisdem
1765 967 1868 1008 nos

274 1051 484 1110 quoque
521 1039 756 1098 traditos
795 1041 1110 1112 viderimus,
1161 1045 1246 1101 vel
1282 1045 1606 1117 iniustitiam
1634 1045 1860 1112 scilicet,

273 1130 347 1186 vel
387 1131 661 1190 incuriam
701 1133 1064 1192 humanarum
1101 1153 1290 1194 rerum
1332 1141 1472 1206 Deo,
1517 1137 1661 1210 quod
1712 1137 1865 1194 dictu

269 1239 482 1298 quoque
524 1225 683 1284 nefas
720 1237 823 1298 est,
877 1229 1230 1299 ascribentes,
1275 1230 1404 1303 quia
1455 1238 1672 1287 sanctos
1717 1229 1868 1286 viros

268 1327 522 1392 recteque
565 1320 799 1378 viventes
841 1323 900 1378 in
942 1323 1240 1379 tentatione
1283 1339 1394 1380 non
1445 1328 1734 1395 protegat;
1761 1337 1865 1378 nec

264 1411 424 1468 bonis
445 1427 507 1468 ea
535 1429 659 1485 qua
687 1413 830 1470 bona
855 1423 1003 1482 sunt,
1035 1431 1140 1472 nec
1165 1415 1306 1472 mala
1329 1415 1490 1471 malis
1516 1415 1783 1472 retribuat
1804 1415 1861 1471 in

267 1505 541 1577 praesenti,
579 1515 636 1562 et
661 1522 787 1563 cum
816 1506 922 1562 illis
951 1505 1198 1563 damnari
1226 1519 1560 1575 mereamur,
1591 1521 1732 1578 quos
1755 1507 1861 1564 So-

269 1598 497 1671 phonias
534 1599 796 1672 propheta
839 1599 1142 1674 castigans':
1177 1603 1285 1670 Qui
1322 1603 1530 1668 dicunt,
1576 1600 1774 1672 inquit,
1804 1602 1865 1655 in

267 1693 514 1749 cbrdibus
541 1695 675 1756 suis,
722 1697 840 1751 Non
875 1696 1042 1762 faciet
1081 1697 1338 1752 Dominus
1381 1695 1526 1759 bene,
1561 1695 1656 1751 sed
1693 1709 1865 1764 neque

265 1787 433 1853 faciet
458 1786 598 1840 male
627 1788 880 1856 (Sophon.
911 1790 1000 1856 1);
1033 1786 1116 1843 vel
1139 1795 1288 1845 certe
1315 1801 1444 1844 cum
1469 1787 1575 1844 illis
1616 1785 1862 1842 invenia-

1977 765 2188 822 cuuctis
2238 765 2652 832 tentationibus,
2718 765 3042 821 inconcussa
3095 763 3373 836 perduret.
3429 764 3577 821 Nihil

1975 857 2140 931 igitur
2175 858 2231 914 in
2269 859 2434 916 rebus
2458 859 2764 916 dumtaXat
2805 858 3062 914 humanis
3101 861 3128 890 ι
3155 857 3448 930 principale
3473 858 3575 915 bo-

1973 971 2108 1013 num
2151 971 2269 1013 esse
2317 955 2650 1013 credendum
2697 963 2800 1023 est,
2843 955 2946 1011 nisi
2995 955 3171 1012 virtus
3220 955 3391 1012 animi
3435 955 3576 1026 sola,

1971 1065 2096 1122 quae
2125 1048 2228 1106 ﬁde
2254 1049 2463 1105 sincera
2486 1063 2590 1105 nos
2611 1048 2680 1104 ad
2705 1047 2890 1105 divina
2917 1049 3238 1119 perducam,
3263 1049 3343 1105 illi
3369 1049 3578 1106 immu-

1969 1142 2122 1198 tabili
2174 1141 2321 1198 bono
2371 1141 2502 1198 facit
2542 1141 2748 1214 jugiter
2796 1141 3084 1198 inhaerere.
3145 1144 3216 1198 Et
3266 1144 3574 1200 econtrario

1968 1231 2104 1292 nihil
2144 1235 2351 1292 malum
2389 1250 2508 1292 esse
2547 1233 2840 1291 dicendum
2877 1241 2980 1303 est,
3021 1233 3129 1290 nisi
3165 1244 3576 1306 peccatum-so-

1971 1327 2106 1398 lum,
2135 1328 2286 1402 quod
2312 1343 2344 1385 a
2373 1329 2522 1386 bono
2546 1331 2666 1386 Deo
2692 1342 2796 1386 nos
2813 1343 3090 1400 separans,
3122 1327 3272 1384 malo
3293 1327 3424 1386 facit
3452 1329 3572 1386 dia-

1970 1420 2098 1479 bolo
2124 1423 2389 1491 eopulari.
2420 1415 2449 1454 ¹²
2492 1420 2671 1480 Media
2706 1430 2836 1478 sunt
2878 1437 3004 1494 quae
3031 1422 3086 1478 in
3115 1431 3403 1495 utramque
3439 1437 3572 1495 par-

1969 1521 2078 1571 tem
2117 1531 2215 1587 pro
2247 1513 2446 1571 affectu
2475 1523 2531 1572 et
2569 1515 2792 1572 arbitrio
2825 1516 3030 1572 utentis
3057 1515 3286 1573 derivari
3317 1526 3568 1589 possunt,

1971 1613 2032 1660 ut
2071 1614 2203 1676 puta
2254 1604 2479 1673 divitia,
2531 1614 2795 1677 potestas,
2843 1605 3042 1674 honor,
3091 1607 3262 1664 robur
3299 1608 3567 1680 corporis,

1969 1697 2191 1765 sanitas,
2223 1697 2592 1769 pulchritudo,
2629 1698 2739 1756 vita
2767 1698 2906 1770 ipsa,
2937 1699 3018 1756 vel
3049 1715 3220 1768 mors,
3260 1707 3572 1772 paupertas,

1969 1790 2258 1848 inﬁrmitas
2297 1791 2510 1857 carnis,
2568 1791 2806 1864 injuriae,
2864 1801 2920 1848 et
2967 1801 3165 1849 caetera
3213 1792 3296 1850 his
3343 1793 3571 1862 similia,

261 1895 411 1948 mur,
451 1880 544 1952 qui
597 1879 910 1952 hujusmodi
968 1880 1332 1953 querimoniis
1372 1884 1558 1938 Deum
1605 1879 1858 1950 blasphe-
1887 1895 1938 1958 Β
1967 1899 2110 1957 quae,
2136 1887 2161 1917 °
2178 1899 2278 1956 pro
2305 1883 2565 1957 qualitate
2586 1891 2642 1940 et
2667 1883 2871 1941 affectu
2899 1885 3118 1952 utentis,
3145 1886 3228 1942 vel
3257 1885 3329 1942 ad
3355 1885 3563 1944 bonam

263 1988 414 2030 mare
436 1971 692 2030 dicuntur
717 1994 732 2031 :
759 1976 942 2032 Omnis
965 1977 1064 2046 qui
1084 1977 1222 2044 facit
1251 1978 1474 2040 malum,
1504 1978 1668 2033 bonus
1696 1981 1775 2032 est
1801 1979 1861 2032 in

263 2072 538 2138 conspectu
564 2070 799 2133 Domini,
825 2074 877 2125 et
905 2071 1038 2125 tales
1067 2072 1120 2126 ei
1139 2071 1387 2140 placent;
1431 2075 1530 2125 aut
1563 2075 1720 2133 certe,
1763 2071 1861 2126 ubi

261 2167 338 2218 est
357 2166 500 2218 Deus
517 2163 753 2234 justitice
777 2163 1030 2236 (Malach.
1058 2169 1130 2230 ιι)
1156 2163 1350 2221 i’illam
1373 2180 1591 2238 quoque
1618 2164 1861 2237 blasphe-

258 2254 448 2325 miam,
487 2271 614 2327 qua:
655 2257 714 2312 in
749 2255 1210 2328 subsequentibus
1231 2256 1580 2326 describitur,
1605 2257 1862 2314 similiter

257 2349 646 2423 adjungeutes:
679 2353 866 2407 Vanus
886 2356 966 2407 est
991 2353 1090 2422 qui
1101 2355 1264 2408 servit
1277 2357 1413 2419 Deo;
1441 2358 1540 2408 aut
1558 2353 1704 2424 quod
1723 2368 1862 2408 emo-

257 2446 556 2500 lumentum
597 2447 728 2515 quia
768 2447 1154 2502 custodivimus
1177 2451 1446 2516 pracepta
1481 2447 1616 2516 eius,
1647 2449 1699 2500 et
1729 2447 1860 2516 quia

251 2541 650 2597 ambulavimus
674 2543 858 2597 tristes
867 2557 1046 2597 coram
1069 2545 1294 2599 Domino
1314 2544 1500 2612 ?Ergo
1518 2557 1657 2597 nunc
1681 2543 1857 2597 beatos

252 2636 486 2690 dicimus
513 2639 850 2706 arrogantes,
877 2637 1149 2706 siquidem
1167 2638 1334 2693 ditati
1351 2641 1480 2691 sunt
1496 2639 1752 2705 facientes
1767 2639 1860 2692 im-

245 2734 528 2801 pietatem,
557 2736 608 2788 et
627 2735 964 2788 tentaverunt
985 2735 1152 2788 Deum
1175 2737 1228 2787 et
1252 2732 1391 2788 salvi
1409 2732 1547 2798 facti
1585 2733 1714 2786 sunt
1732 2733 1863 2798 (Ha.

252 2826 394 2880 lach.
428 2826 550 2896 ιιι).
583 2823 954 2894 Quamobrem
997 2835 1058 2882 ut
1095 2827 1234 2882 hanc
1278 2825 1704 2903 ignorationem,
1737 2839 1862 2896 quae

252 2917 566 2989 pravissimi
610 2917 771 2992 hujus
808 2919 1011 2976 erroris
1037 2919 1194 2976 radix
1238 2929 1294 2976 et
1333 2935 1494 2977 causa
1539 2928 1642 2990 est,
1675 2917 1858 2991 possi-

1969 1987 2200 2052 possunt
2235 1987 2450 2051 partem
2498 1977 2782 2050 proﬁcere,
2823 1978 2905 2034 vel
2947 1978 3019 2036 ad
3065 1979 3290 2036 malam.
3327 1982 3470 2036 Nam
3505 1989 3562 2037 et

1968 2075 2173 2132 divitiae
2207 2073 2502 2146 proﬁciunt
2545 2071 2860 2145 frequenter
2899 2071 2971 2128 ad
2996 2071 3226 2142 bonum,
3267 2074 3570 2131 secundum

1969 2168 2321 2241 Apostolum,
2345 2167 2436 2240 qui
2459 2167 2722 2222 divitibus
2752 2165 2914 2235 hujus
2931 2167 3128 2220 mundi
3145 2169 3402 2237 pracipit
3415 2174 3476 2222 ut
3486 2169 3568 2236 fa-

1969 2264 2067 2319 cile
2093 2263 2355 2330 tribuant,
2381 2263 2764 2317 communicent
2789 2260 3176 2330 indigentibus,
3202 2259 3568 2316 thesaurizent

1968 2357 2078 2412 sibi
2097 2355 2510 2424 fundamentum
2532 2355 2726 2409 bonum
2745 2355 2806 2408 in
2823 2355 3094 2421 futurum,
3124 2357 3191 2409 ut
3219 2367 3314 2425 per
3341 2353 3441 2410 has
3469 2371 3568 2425 ap-

1961 2451 2304 2522 prehendant
2333 2465 2524 2504 veram
2557 2451 2728 2502 vitam
2766 2447 2807 2514 (l
2849 2450 2985 2503 Tim.
3015 2451 3123 2514 vr).
3153 2448 3227 2502 Et
3258 2446 3564 2505 secundum

1968 2543 2326 2616 Evangelium
2349 2541 2510 2597 bona
2533 2549 2662 2596 sunt
2679 2539 2786 2596 illis
2804 2539 2899 2611 qui
2922 2543 3137 2608 faciunt
3153 2541 3265 2596 sibi
3283 2544 3478 2598 amicos
3500 2543 3567 2598 de

1965 2640 2160 2707 iniquo
2177 2650 2482 2690 mammona
2495 2636 2624 2699 (Luc
2639 2673 2652 2686 .
2678 2639 2830 2698 xvr).
2856 2633 2993 2702 Quae
3018 2647 3242 2689 rursum
3257 2641 3570 2704 retorquen-

1969 2739 2064 2787 tur
2089 2729 2160 2786 ad
2195 2729 2430 2792 malum,
2461 2742 2590 2783 cum
2623 2725 2692 2782 ad
2731 2724 3141 2782 recondendum
3179 2725 3568 2782 tantummodo

1971 2827 2053 2883 vel
2089 2825 2159 2881 ad
2187 2821 2458 2879 luxuriam
2491 2827 2883 2899 congeruntur,
2912 2827 2966 2875 et
3004 2827 3125 2875 nou'
3145 2817 3216 2874 ad
3255 2832 3386 2875 usus
3429 2817 3572 2876 indi-

1963 2919 2210 2994 gentium
2255 2916 2665 2988 dispensentur.
2703 2917 2956 2970 Potestas
3001 2927 3217 2985 quoque
3263 2919 3320 2968 et
3369 2911 3568 2980 honor,

249 3028 384 3069 mus
411 3012 639 3068 evadere
658 3053 674 3080 ,
703 3013 945 3082 primum
985 3028 1148 3069 nosse
1173 3013 1438 3070 debemus
1465 3013 1597 3085 quid
1624 3025 1746 3068 vere
1783 3011 1860 3068 sit
1965 3013 2316 3088 corporisque
2353 3011 2532 3068 robur
2569 3025 2633 3066 ac
2677 3009 2902 3075 sanitas,
2945 3024 3114 3081 quam
3142 3009 3254 3064 sint
3293 3007 3475 3065 media
3515 3015 3572 3065 et

248 3105 490 3171 bonum,
531 3104 668 3177 quid
694 3104 927 3172 malum,
957 3113 1019 3161 et.
1049 3106 1124 3162 ita
1163 3106 1388 3162 demum
1428 3121 1590 3177 super
1633 3105 1720 3160 his
1749 3120 1861 3160 non
1970 3107 2257 3178 utrobique
2283 3104 2682 3172 convenientia,
2707 3103 2878 3160 etiam
2905 3117 2973 3158 ex
2996 3101 3103 3158 hoc
3121 3099 3280 3157 facile
3307 3115 3566 3173 compro-

249 3197 465 3254 falsum
493 3197 660 3270 vulgi,
696 3199 792 3255 sed
824 3215 1004 3255 veram
1037 3199 1440 3271 Scripturarum
1482 3198 1859 3254 deﬁnitionem
1965 3205 2148 3272 batur,
2175 3199 2326 3274 quod
2363 3199 2520 3257 multi
2549 3208 2866 3257 sanctorum
2901 3198 2955 3254 in
2998 3197 3168 3255 veteri
3211 3199 3570 3256 Testamento

252 3295 533 3362 tenentes,
588 3292 815 3350 minime
859 3291 1158 3350 inﬁdelium
1204 3291 1495 3350 hominum
1538 3290 1872 3364 decipiemur
1903 3288 1948 3351 C
1978 3297 2131 3370 potiti
2156 3295 2244 3352 his
2284 3295 2541 3352 omnibus
2567 3301 2624 3350 et
2659 3294 2714 3350 in
2736 3293 2973 3350 summis
3011 3293 3220 3350 divitiis
3247 3299 3304 3348 et
3330 3291 3570 3349 culmine

253 3401 465 3442 errore.
1441 3402 1450 3408 '
1966 3390 2292 3464 dignitatum
2339 3403 2402 3443 ac
2449 3385 2770 3443 fortitudine
2813 3387 3058 3459 corporis
3109 3385 3410 3452 constituti,
3447 3387 3566 3441 Deo

872 3521 1112 3580 CAPUT
1147 3520 1245 3578 III.

259 3649 335 3704 De
373 3650 548 3705 tribus
589 3665 712 3722 quce
746 3651 802 3705 in
829 3650 924 3705 hoc
964 3649 1166 3704 mundo
1190 3651 1338 3722 sunt,
1372 3645 1436 3702 id
1471 3620 1768 3711 est,‘bonis,
1809 3651 1862 3702 et

808 3721 990 3784 malis,
1017 3726 1068 3776 et
1095 3719 1304 3774 mediis.

325 3857 452 3916 Tria
478 3867 606 3917 sunt
633 3859 821 3916 omnia
857 3874 984 3930 quae
1011 3857 1068 3912 in
1099 3857 1207 3914 hoc
1245 3857 1458 3913 mundo
1483 3865 1631 3925 sunt,
1660 3855 1715 3913 id
1752 3864 1856 3923 est,

1970 3499 2189 3556 quoque
2226 3479 2590 3552 acceptissimi
2623 3477 2790 3536 fuisse
2825 3486 3142 3537 noscuntur.
3180 3479 3252 3534 Et
3292 3491 3322 3532 e
3348 3475 3568 3533 diverso

1967 3578 2060 3651 qui
2089 3577 2178 3634 his
2201 3575 2342 3632 male
2367 3575 2450 3632 usi
2491 3581 2636 3641 sunt,
2665 3581 2719 3630 et
2755 3587 2818 3629 ea
2841 3571 2912 3628 ad
2939 3570 3306 3628 ministerium
3329 3585 3445 3628 sua:
3469 3585 3568 3626 ne-

1967 3671 2158 3744 quitiae
2186 3669 2553 3737 detorserant,
2579 3682 2692 3723 non
2711 3665 2990 3723 immerito
3015 3665 3098 3722 vel
3121 3663 3292 3738 puniti
3326 3673 3456 3720 sunt
3483 3663 3567 3719 vel

1965 3767 2232 3833 exstincti,
2272 3764 2422 3838 quod
2466 3751 2775 3835 frequenter
2796 3765 3116 3834 Regnorum
3146 3760 3272 3816 libri
3321 3759 3576 3815 indicant

1965 3860 2191 3917 factum.
2230 3862 2314 3914 De
2349 3858 2464 3930 ipsa
2510 3855 2680 3912 etiam
2706 3862 2890 3911 morte
2931 3869 2995 3910 ac
3030 3853 3141 3909 vita
3167 3851 3340 3924 quia'1
3373 3849 3572 3906 media:

1355 3966 1610 4020 ALARDI
1647 3966 1876 4022 GAZlEl
1913 3966 2470 4024 COMMENTARIUS.

252 4067 489 4135 latioris
527 4083 592 4124 ac
617 4065 874 4136 felicioris
915 4066 1043 4121 vitae
1085 4065 1146 4120 in
1189 4061 1392 4136 futuro.
1425 4067 1500 4119 At
1526 4071 1683 4136 longe
1711 4064 1856 4120 aliud
1958 4071 2112 4122 sunt:
2137 4071 2319 4122 nianet
2335 4068 2478 4120 enim
2509 4066 2898 4136 dissimilitudo
2918 4076 3202 4136 passorum
3227 4063 3390 4116 etiam
3417 4062 3477 4116 in
3495 4063 3572 4117 si-

253 4131 541 4210 promittit
574 4139 688 4209 ipsa
729 4135 964 4210 Veritas,
1007 4149 1149 4210 cumq
1172 4131 1284 4210 ait;
1325 4137 1480 4210 Beati
1523 4131 1852 4210 qui'lugent,

251 4205 518 4280 quoniam
541 4205 649 4280 ipsi
668 4207 1098 4264 consolabuntur.
1116 4205 1376 4280 Beatiqui
1391 4205 1537 4262 nunc
1549 4208 1708 4274 ﬂetis,
1728 4223 1858 4277 quo.

249 4279 412 4336 niam
428 4279 700 4335 ridebitis.
721 4281 881 4334 Beati
891 4281 990 4348 qui
999 4279 1412 4348 persecutionem
1429 4279 1726 4349 patiuntur
1733 4293 1859 4348 pro-

245 4357 380 4422 pter
398 4351 696 4422 justitiam,
716 4352 974 4422 quoniam
989 4351 1229 4422 ipsorum
1252 4355 1331 4422 est
1349 4365 1571 4418 regnum
1583 4350 1852 4422 calorum.

328 4427 355 4456 ³
397 4418 692 4493 Principale
715 4418 924 4493 bonum
951 4418 1122 4476 virtus
1159 4418 1375 4493 dicitur,
1406 4435 1515 4493 non
1543 4421 1669 4493 quia
1697 4435 1857 4493 sum-_

252 4509 417 4550 mum
456 4500 511 4548 et
543 4490 769 4548 unicum
815 4490 1042 4558 bonum,
1089 4498 1153 4546 ut
1189 4491 1359 4547 Stoici
1405 4490 1715 4559 voluerunt,
1759 4491 1856 4547 sed

1962 4137 2270 4192 militudine
2306 4138 2640 4205 passionum,
2683 4140 2736 4190 et
2771 4135 2890 4190 licet
2918 4132 3024 4189 sub
3063 4132 3244 4187 eodem
3271 4137 3562 4205 tormento,

1961 4223 2070 4262 non
2092 4210 2171 4262 est
2191 4203 2334 4260 idem
2355 4208 2530 4261 virtus
2559 4211 2610 4262 et
2636 4206 2846 4260 vitium.
2874 4207 3014 4262 Nam
3039 4205 3178 4258 sicut
3195 4203 3296 4258 sub
3322 4218 3428 4274 uno
3453 4205 3573 4274 igne

1963 4293 2163 4334 aurum
2188 4277 2402 4341 rutilat,
2424 4277 2584 4348 palea
2607 4278 2812 4346 fumat,
2837 4280 2888 4332 et
2913 4275 3012 4332 sub
3039 4274 3221 4330 eadem
3251 4272 3451 4334 tribula
3468 4272 3572 4348 sti~

1959 4349 2110 4420 pulte
2153 4349 2604 4413 comminuuntur,
2641 4350 2920 4417 frumenta
2957 4349 3288 4420 purgantur,
3327 4362 3422 4420 nec
3451 4347 3570 4402 ideo

1965 4418 2085 4476 cum
2111 4421 2220 4476 oleo
2243 4436 2465 4476 amurca
2487 4420 2862 4488 confunditur,
2891 4418 3024 4489 quia
3047 4419 3227 4474 eodem
3250 4418 3415 4489 prati
3425 4434 3568 4490 pon-

2979 4505 3046 4546 ue
3066 4492 3148 4545 vis
3172 4491 3384 4545 irruens
3411 4491 3570 4547 bonos

1965 4492 2092 4548 dere
2115 4493 2447 4564 exprimitur
2473 4510 2490 4546 :
2515 4495 2594 4547 ita
2615 4507 2728 4547 una
2756 4491 2978 4561 eademq

254 4565 384 4636 quia
411 4563 754 4644 praecipuum
773 4559 1018 4644 hominis
1037 4563 1241 4642 bonum
1266 4563 1324 4616 in
1344 4563 1447 4618 hac
1473 4563 1600 4644 vita,
1622 4571 1678 4618 et
1693 4562 1857 4644 maxi-
1885 4581 1936 4644 Β
1959 4559 2475 4644 probatfpuiiﬁeat,
2501 4565 2742 4644 eliquat;
2767 4559 3208 4644 malostdamnat,
3239 4567 3567 4644 uastante?-

253 4633 352 4691 me
378 4633 776 4706 expetendum;
807 4648 918 4688 non
953 4640 1142 4686 tamen
1187 4633 1303 4703 ipsa
1332 4642 1564 4706 propter
1603 4649 1662 4689 se
1686 4633 1858 4706 virtus

255 4703 595 4778 expetenda,
618 4705 720 4778 sed
750 4711 973 4778 prppter
1010 4716 1295 4778 summum
1316 4703 1560 4778 bonum,
1590 4705 1735 4778 quod
1779 4713 1860 4760 est

255 4771 433 4843 Deus,
457 4792 554 4832 seu
584 4771 868 4832 beatitudo
885 4782 1089 4830 interna
1112 4771 1276 4844 (Aug.
1311 4773 1348 4828 l.
1383 4788 1448 4828 rx
1481 4774 1548 4828 de
1577 4771 1736 4832 Cioit.
1763 4777 1860 4830 Dei

253 4864 300 4902 c.
329 4855 396 4916 4;
420 4851 670 4904 Lactant.
698 4848 734 4900 l.
763 4860 838 4902 ut
866 4847 1046 4901 Instit.
1068 4860 1185 4916 cap.
1212 4847 1326 4916 22).

327 4913 357 4951 ι’
385 4913 469 4976 ⁷1).
502 4917 846 4990 Augustinus
895 4917 990 4990 lib.
1023 4913 1146 4990 ride
1165 4915 1320 4972 Civit.
1369 4930 1488 4986 cap.
1510 4921 1588 4990 ‘8:
1626 4916 1856 4990 Placuit.

391 5095 801 5125 ~JWOw,quovuo
823 5095 926 5113 ιυυιι
943 5095 960 5125 Ι
977 5095 989 5111 ι
1007 5095 1183 5112 “urvum
1217 5095 1429 5125 νιυυυυνν,

251 5126 461 5202 quibus
486 5147 592 5188 non
615 5126 1079 5202 Excruciabuntu-r
1104 5128 1240 5182 boni.
1269 5126 1356 5184 Ita
1390 5141 1514 5182 vero
1541 5126 1862 5202 temporalia

255 5199 402 5258 bona
429 5209 483 5258 et
525 5203 674 5257 mala
700 5202 875 5256 voluit
907 5200 1156 5267 utrisque
1179 5209 1308 5252 esset
1323 5199 1642 5265 communia,
1669 5201 1734 5251 ut
1769 5212 1864 5251 nec

252 5275 396 5330 bona
422 5275 676 5344 cupidius
694 5275 1020 5343 appetuntur
1041 5285 1164 5339 qua:
1177 5270 1534 5344 mali-equoque
1551 5269 1864 5344 haberecerf

250 5340 506 5412 nuntur;
519 5359 612 5399 nec
652 5340 800 5398 mdla
838 5343 1070 5412 turpiter
1107 5342 1374 5398 evitentur
1409 5341 1604 5410 quibus
1645 5344 1697 5394 et
1739 5340 1864 5394 boni

245 5417 580 5487 plerumque
587 5413 922 5486 afﬁciuntur.
949 5415 1169 5468 Interest
1181 5417 1362 5467 autem
1371 5413 1668 5487 plurimum
1683 5412 1863 5482 qualis

252 5490 335 5542 sit
368 5485 503 5543 usus
537 5487 620 5542 vel
652 5485 850 5541 earum
881 5499 1059 5539 rerum
1099 5499 1219 5553 qua:
1241 5499 1536 5554 prospera,
1563 5485 1648 5538 uel
1675 5498 1864 5538 earum

297 5575 385 5613 uce
409 5559 666 5614 dicuntur
675 5557 930 5612 adversm.
955 5557 1094 5614 Nam
1113 5556 1197 5610 his
1212 5556 1361 5610 bonis
1377 5555 1753 5626 temporalibus
1771 5569 1865 5609 nec

367 5644 435 5684 us
471 5628 772 5689 extollitur,
804 5642 897 5681 nec
936 5627 1092 5680 malis
1132 5629 1449 5695 frangitur;
1473 5627 1650 5681 malus
1679 5631 1863 5682 autem

251 5700 386 5755 ideo
407 5699 719 5771 hujusmodi
737 5699 1061 5771 infelicitate
1069 5699 1319 5771 punitur,
1341 5699 1474 5766 quia
1485 5699 1864 5771 felicitategcorf

255 5767 564 5842 rumpitur.
590 5772 661 5825 Et
679 5767 824 5824 infra
851 5785 863 5822 :
892 5769 1012 5842 Hac
1027 5784 1145 5822 cum
1161 5769 1240 5822 ita
1252 5770 1388 5842 sint,
1405 5771 1728 5842 quicumque
1742 5768 1866 5822 boni

256 5839 503 5912 malique
521 5843 724 5912 pariter
737 5841 932 5908 afﬂicti
941 5843 1087 5901 sunt,
1113 5854 1220 5892 non
1237 5839 1480 5912 ideaipsi
1492 5840 1739 5895 distincti
1751 5854 1864 5912 non

260 5909 429 5977 sunt;
453 5909 586 5984 quia
625 5912 938 5966 distinctum
975 5925 1082 5964 non
1107 5914 1186 5966 est
1213 5909 1356 5980 quod
1383 5913 1600 5980 utrique
1623 5911 1867 5982 perpessi

487 6003 750 6057 Ρλτιοι..
791 6000 998 6058 XLIX.

1966 4632 2240 4692 terminat.
2275 4632 2426 4692 Unde
2452 4638 2514 4690 in
2531 4632 2714 4692 eadem
2742 4635 3042 4704 efﬂictim
3069 4633 3208 4687 mali
3233 4632 3574 4704 Deumrdete-

1963 4712 2180 4779 stantur
2204 4711 2365 4776 atque
2405 4703 2813 4776 blasphemant,
2844 4705 2983 4779 boni
2996 4707 3176 4779 mrtem
3201 4703 3493 4779 preeantur
3520 4703 3574 4752 at

1967 4778 2213 4832 laudant.
2231 4768 2462 4850 Tantum
2471 4768 2693 4850 interest
2702 4768 2808 4828 non
2827 4773 3037 4850 qualia,
3050 4770 3143 4850 sed
3153 4768 3333 4850 qualis
3345 4768 3572 4850 quisque

1960 4850 2232 4916 patiatur.
2255 4849 2391 4902 Nam
2413 4849 2545 4914 pari
2560 4850 2708 4916 motu
2724 4836 3066 4916 exagitatam
3080 4841 3132 4892 et
3145 4836 3371 4916 exhalat
3389 4837 3573 4916 holri—

1971 4909 2156 4970 biliter
2181 4909 2493 4976 caenumfet
2515 4915 2758 4968 suaviter
2794 4913 3019 4978 fragrat
3048 4911 3399 4978 unguentum.
3431 4909 3574 4965 Huc-

1967 5000 2143 5056 usque
2185 4985 2560 5110 pereleganter
2591 4986 2659 5038 D.
2703 4979 3074 5063 Augustinus:
3113 4978 3207 5050 qui
3237 4987 3294 5034 et
3319 4981 3570 5063 sequenti

1969 5071 2088 5110 can.
2115 5054 2234 5110 hac
2259 5053 2362 5109 sub
2403 5062 2463 5110 tt.
2489 5062 2660 5108 etlam
2695 5051 2820 5108 huic
2846 5051 2965 5107 loco
2997 5057 3395 5106 consentanea:
3427 5051 3570 5110 Quid

1969 5051 2088 5124 cap.
2115 5051 2234 5110 haéc
2259 5051 2463 5120 subdit,
2489 5053 2660 5108 etiam
2695 5051 2820 5108 huic
2846 5051 2973 5124 loco,
2997 5057 3358 5124 consentanea
3382 5069 3395 5124 ς
3427 5051 3572 5118 Quid

1971 5123 2144 5196 igitur
2176 5126 2239 5180 in
2274 5123 2373 5178 illa
2412 5139 2596 5180 rerum
2629 5125 2882 5196 vastitate
2916 5123 3216 5196 Christiani
3240 5123 3392 5196 passi
3417 5125 3566 5196 sunt,

1971 5191 2116 5272 quod
2150 5197 2226 5251 eis
2260 5211 2366 5250 non
2387 5199 2577 5272 magis
2615 5195 2844 5265 ﬁdeliter
2869 5196 2980 5249 ista
3009 5191 3470 5272 considerantibus
3495 5193 3572 5248 ad

1964 5263 2268 5340 profectum
2311 5263 2556 5340 valeret?
2603 5263 2727 5340 quae
2765 5273 3090 5340 sequuntur,
3132 5263 3238 5340 ubi
3253 5277 3445 5340 causas
3472 5279 3570 5320 ex-

1971 5333 2129 5412 ponit
2161 5339 2232 5395 ob
2263 5353 2400 5410 quas
2426 5347 2481 5394 et
2516 5333 2660 5412 boni
2681 5345 2738 5392 et
2783 5333 2912 5392 mali
2955 5335 3158 5412 pariter
3201 5333 3565 5412 ﬂagellantur.

1970 5406 2132 5480 Quod
2163 5406 2550 5483 argumentum
2588 5407 2756 5465 etiam
2779 5406 3132 5480 sequentibus
3153 5406 3424 5478 cap.‘late
3448 5421 3574 5478 pro-

1968 5483 2230 5553 sequitur.

2045 5549 2068 5588 δ
2096 5552 2337 5610 Terentii
2379 5551 2652 5609 sententia
2694 5558 2780 5607 est
2825 5565 2892 5606 ex
2926 5550 3154 5608 Platone
3175 5591 3188 5604 .
3229 5551 3357 5617 Quae
3386 5549 3446 5603 in
3477 5549 3575 5604 ho-

1970 5625 2205 5679 minibus
2227 5625 2485 5680 dicuntur
2511 5626 2667 5688 bona,
2685 5627 2954 5694 parentes,
2975 5623 3218 5694 patriam
3238 5619 3572 5682 incolumem,

1971 5697 2190 5758 amicos,
2230 5711 2416 5765 genus,
2453 5691 2716 5765 cognatos,
2754 5691 2995 5768 divitias,
3015 5691 3245 5768 perinde
3277 5707 3384 5768 esse
3415 5695 3475 5744 ut
3495 5694 3576 5768 est

1969 5768 2122 5822 illius
2146 5763 2358 5822 animus
2389 5769 2488 5836 qui
2509 5763 2574 5822 ea
2588 5765 2848 5836 possidet.
2875 5767 2983 5832 Qui
3001 5766 3088 5818 uti
3103 5765 3226 5830 scit,
3257 5765 3307 5818 ei
3333 5763 3498 5821 bona;
3523 5763 3574 5810 ei

1971 5839 2070 5907 qui
2095 5853 2199 5892 non
2225 5841 2404 5893 utitur
2427 5844 2584 5907 recte,
2613 5839 2783 5893 mala.
2869 5905 2898 5907 η
3189 5899 3204 5907 _
3396 5895 3407 5905 .

2041 5908 2069 5944 ἀ
2089 5910 2301 5974 Media,
2341 5907 2396 5965 id
2425 5917 2531 5980 est,
2565 5899 2713 5965 inter
2753 5905 2935 5964 media
2971 5899 3280 5962 censendus.
3317 5899 3442 5964 quia
3479 5905 3572 5960 per
