3982 6202
395 360 493 417 ϐὅὶ

1471 336 1751 401 JOANNIS
1787 341 2087 407 CASSIANI
2125 338 2621 431 COLLATIONES.

3596 342 3695 396 652

393 485 523 553 sint,
570 482 655 539 vel
707 481 765 539 S.
813 477 1059 544 Joannis,
1097 475 1177 530 vel
1225 468 1385 529 Judm
1427 468 1681 525 nativitas
1728 476 1994 541 protesta-
2014 472 2069 535 Α
2096 483 2196 525 nec
2220 467 2425 525 malum
2465 467 2762 541 quidquam
2790 480 2907 523 esse
2947 463 3056 521 nisi
3089 472 3376 536 peccatum
3418 464 3605 521 solum
3642 475 3692 523 et

392 581 496 636 lur.
550 577 732 636 Unius
781 588 1019 644 namque
1073 571 1130 625 in
1172 576 1385 624 tantum
1437 564 1658 622 sibimet
1702 564 1814 621 vita
1864 579 1989 635 pro-

392 671 518 736 fuit,
548 680 613 728 ut
647 670 771 727 aliis
801 681 1021 741 quoque
1062 660 1325 736 gaudium
1353 669 1508 717 ortus
1545 659 1660 732 ejus
1689 659 1988 717 contulisse

394 765 630 829 dicatur,
660 760 961 819 secundum
988 757 1155 815 illud:
1183 761 1255 814 Et
1272 757 1436 811 multi
1458 770 1617 825 super
1641 756 1756 825 ejus
1782 755 1988 810 nativi—

393 864 502 915 tate
520 858 827 928 gaudebunt
855 858 1003 921 (Luc.
1020 856 1084 919 ι).
1113 853 1195 906 De
1221 849 1446 906 alterius
1470 863 1597 904 vero
1618 846 1824 904 dicitur
1851 848 1989 902 vita:

393 956 598 1009 Bonum
632 954 749 1007 erat
771 951 840 1011 ei,
864 950 915 1003 si
941 950 1103 1001 natus
1132 960 1237 999 non
1256 946 1450 1012 fuisset
1473 944 1623 998 homo
1644 944 1735 998 ille
1775 940 1991 1013 (Matth.

393 1045 591 1117 χχνι).
619 1047 702 1099 De
726 1050 906 1099 morte
937 1041 1103 1097 etiam
1142 1038 1368 1095 Joannis
1395 1037 1754 1109 omniumque
1782 1044 1994 1092 sancto-

393 1157 521 1198 rum
548 1139 785 1197 dicitur:
825 1139 1070 1194 Pretiosa
1100 1140 1178 1190 est
1210 1137 1269 1189 in
1295 1138 1572 1204 conspectu
1607 1136 1828 1190 Domini
1849 1149 1993 1188 mors

394 1239 698 1291 sanctorum
724 1232 838 1302 ejus
861 1230 1027 1301 (Psal.
1053 1233 1219 1294 cxv).
1245 1231 1328 1284 De
1352 1227 1513 1284 Judas
1531 1236 1716 1284 autem
1740 1244 1807 1284 ac
1831 1228 1991 1282 simi-

391 1329 554 1393 tium,
580 1329 725 1384 Mors
746 1329 1084 1396 peccatorum
1104 1324 1341 1395 pessima
1370 1323 1533 1393 (Psal.
1558 1323 1808 1389 χχχιιι).
1834 1321 1995 1377 Inﬁr-

391 1422 558 1477 mitas
601 1420 766 1476 etiam
810 1419 988 1475 carnis
1029 1416 1309 1475 interdum
1353 1430 1519 1488 quam
1543 1416 1637 1472 sit
1674 1414 1991 1481 commoda,

391 1514 586 1572 Lazari
611 1514 755 1570 illius
780 1512 1031 1584 pauperis
1065 1510 1298 1567 ulcerosi
1324 1509 1604 1567 beatitudo
1628 1509 1992 1565 demonstrat.

394 1610 563 1683 Cujus
620 1625 748 1665 cum
794 1607 942 1663 nulla
994 1606 1099 1662 alia
1143 1605 1410 1661 virtutum
1462 1603 1658 1660 merita
1712 1603 1993 1673 Scriptura

393 1710 816 1770 commemoret,
849 1715 951 1772 pro
977 1698 1082 1755 hoc
1104 1700 1221 1756 solo
1249 1698 1397 1771 quod
1421 1706 1722 1772 egestatem
1759 1705 1815 1753 et
1837 1696 1996 1754 infir-

394 1796 645 1852 mitatem
672 1794 916 1867 corporis
943 1793 1329 1865 patientissime
1348 1792 1619 1858 toleravit,
1639 1793 1792 1849 sinus
1814 1792 1993 1848 Abra-

2094 562 2494 634 separationem
2546 577 2575 617 a
2622 563 2767 628 Deo,
2809 558 3096 631 diligenter
3143 573 3290 614 nunc
3338 557 3698 616 discutiamus

2097 664 2284 713 utrum
2308 659 2458 713 Deus
2485 670 2749 728 umquam
2766 653 2968 731 sanctis
2997 653 3131 721 suis,
3153 661 3250 709 aut
3268 668 3364 724 per
3391 668 3472 722 se,
3494 662 3591 710 aut
3610 670 3698 726 per

2096 749 2263 806 alium
2290 748 2599 821 quempiam
2624 746 2813 804 inferri
2843 745 3153 820 permiserit
3170 746 3401 814 malum,
3422 746 3573 819 quod
3585 748 3699 805 sine

2099 841 2266 899 dubio
2292 855 2563 912 nusquam
2590 839 2813 895 omnino
2842 839 3095 910 reperies.
3126 848 3152 873 ⁸
3170 839 3289 894 Nec
3329 838 3480 894 enim
3524 839 3699 911 potuit

2099 934 2390 1009 aliquando
2428 933 2689 1007 cuiquam
2716 932 2919 989 nolenti
2944 948 3009 989 ac
3035 932 3312 990 resistenti
3334 932 3542 989 malum
3574 950 3700 1006 pec-

2099 1030 2204 1087 cati
2220 1030 2355 1087 alter
2377 1026 2600 1097 inferre;
2625 1027 2735 1084 nisi
2783 1026 2861 1083 illi
2887 1026 2992 1083 soli
3024 1027 3119 1098 qui
3157 1026 3293 1083 illud
3320 1027 3380 1083 in
3410 1042 3534 1084 sese
3575 1044 3701 1086 cor-

2098 1122 2183 1179 dis
2209 1122 2421 1196 ignavia
2448 1130 2503 1178 et
2529 1128 2786 1192 corrupta
2807 1119 3094 1192 :voluntate
3138 1118 3397 1191 suscepit.
3456 1121 3702 1193 Denique

2099 1232 2226 1273 cum
2249 1216 2409 1273 beato
2445 1212 2563 1272 Job
2591 1214 2862 1277 diabolus,
2915 1213 3167 1271 adhibitis
3210 1213 3475 1271 universis
3508 1217 3699 1288 nequi-

2098 1312 2191 1369 tiae
2214 1327 2331 1368 suae
2357 1292 2647 1378 machinis,
2684 1299 2901 1366 malum
2939 1308 3046 1364 hoc
3080 1308 3289 1381 peccati
3336 1308 3599 1366 voluisset
3620 1310 3702 1366 in-

2100 1406 2262 1476 ferre,
2289 1422 2354 1463 ac
2387 1421 2499 1463 non
2523 1395 2702 1463 solum
2726 1405 2952 1461 'cunctis
2987 1420 3117 1460 eum
3164 1403 3515 1462 facultatibus
3575 1420 3703 1479 spo-

2101 1501 2305 1569 liasset,
2330 1516 2518 1557 verum
2565 1499 2751 1567 etiam,
2800 1506 2927 1570 post
2973 1497 3131 1555 illum
3166 1497 3235 1554 de
3276 1507 3457 1555 morte
3495 1508 3704 1572 septem

2100 1596 2337 1652 filiorum
2367 1603 2485 1652 tam
2522 1603 2764 1651 atrocem
2787 1601 3014 1666 tamque
3056 1593 3398 1665 insperatum
3453 1595 3704 1653 orbitatis

2099 1690 2369 1758 dolorem,
2388 1688 2611 1747 vulnere
2630 1703 2756 1744 eum
2781 1688 3019 1760 pessimo
3042 1703 3075 1743 a
3098 1687 3294 1759 capitis
3313 1688 3512 1745 vertice
3535 1705 3707 1762 usque

2101 1786 2168 1844 ad
2192 1788 2436 1860 plantam
2463 1785 2690 1858 pedum,
2727 1792 2784 1841 et
2818 1782 3179 1841 intolerandis
3201 1782 3526 1840 cruciatibus
3567 1796 3703 1841 one-

396 1890 483 1946 hae
513 1888 789 1961 possidere
820 1888 1131 1944 beatissima
1151 1895 1303 1944 sorte
1328 1888 1635 1959 promeruit
1664 1887 1811 1957 (Luc.
1841 1896 1987 1953 χνι).
2029 1882 2295 1949 B-rasset,
2323 1894 2671 1953 nequaquam
2697 1878 2748 1935 ei
2775 1877 2978 1950 peccati
3022 1875 3294 1933 maculam
3333 1877 3506 1948 quivit
3546 1877 3700 1934 inlli-

400 1986 620 2058 F.gestas
661 1998 882 2056 quoque
923 1999 990 2039 ac
1035 1981 1437 2054 persecutiones
1483 1991 1540 2037 et
1575 1980 1814 2073 injuriae,
1869 1996 1996 2052 qua:

399 2081 542 2161 mala
602 2093 722 2133 esse
765 2077 934 2133 totius
976 2076 1122 2149 vulgi
1154 2074 1416 2147 opinione
1465 2082 1775 2137 censentur.
1827 2090 1997 2146 quam

397 2175 511 2231 sint
543 2172 701 2228 utiles
739 2186 803 2226 ac
824 2170 1167 2238 necessariae,
1206 2169 1372 2225 etiam
1395 2185 1458 2226 ex
1483 2168 1591 2225 hoc
1616 2168 1824 2241 liquido
1849 2184 1993 2226 com-

2103 1992 2259 2050 gere;
2299 1976 2391 2048 qui
2418 1975 2474 2030 in
2511 1972 2722 2031 cunctis
2772 1970 3073 2028 immobilis
3105 1985 3483 2042 perseverans,
3508 1973 3536 2007 δ
3581 1971 3707 2028 nul-

2103 2072 2219 2128 lum
2246 2069 2599 2143 blasphemiae
2627 2065 3067 2125 accommodavit
3115 2080 3418 2127 assensum.

2744 2173 2987 2230 CAPUT
3026 2172 3096 2226 V.

398 2268 682 2341 probatur,
712 2264 860 2338 quod
884 2265 1061 2321 sancti
1082 2264 1183 2320 viri
1214 2280 1326 2322 non
1358 2265 1542 2322 solum
1578 2280 1668 2322 eas
1691 2279 1998 2338 numquam
2105 2268 2357 2339 Objectio,
2393 2265 2842 2340 quemadmodum
2898 2266 3019 2341 ipse
3061 2268 3201 2321 Deus
3250 2265 3469 2321 dicatur
3534 2279 3707 2320 creare

394 2362 563 2417 vitare
605 2358 913 2421 voluerunt,
949 2373 1140 2414 verum
1181 2359 1347 2414 etiam
1390 2357 1591 2415 virtute
1627 2373 1865 2424 summa,
1905 2357 1990 2413 vel

350 2472 357 2479 '
390 2461 726 2529 appetentes,
765 2453 846 2509 vel
876 2451 1091 2509 fortiter
1131 2453 1427 2509 tolerantes
1461 2452 1623 2509 amici
1651 2454 1755 2509 Dei
1785 2452 1994 2522 effecti,

389 2558 615 2606 aeternas
635 2548 760 2604 vitae
780 2555 910 2604 sunt
926 2544 1192 2618 stipendia
1215 2545 1520 2613 consecuti,
1539 2544 1702 2601 beato
1722 2544 1989 2617 Apostolo

389 2643 727 2709 concinente,
759 2644 982 2713 Propter
1008 2640 1153 2711 quod
1179 2640 1362 2710 placeo
1403 2640 1544 2694 mihi
1570 2641 1628 2693 in
1652 2641 1988 2709 inﬁrmitati—

393 2738 507 2801 bus,
537 2739 598 2791 in
619 2735 972 2797 contumeliis,
998 2735 1057 2787 in
1076 2733 1500 2797 necessitatibus,
1522 2735 1582 2787 in
1598 2736 1988 2803 persecutioni-

394 2835 511 2903 bus,
527 2835 589 2888 in
605 2831 874 2902 angustiis
881 2844 982 2901 pro
1006 2829 1234 2886 Christo.
1260 2832 1393 2883 Cum
1416 2830 1559 2884 enim
1579 2830 1844 2898 inﬁrmor,
1864 2832 1991 2884 tunc

384 2931 574 2997 potens
586 2940 724 2987 sum,
742 2925 872 2993 quia
883 2924 1061 2977 virtus
1072 2924 1129 2976 in
1144 2923 1465 2991 inﬁmitate
1477 2923 1761 2991 perﬁcitur
1779 2921 1851 2991 (ll
1868 2922 1987 2977 Cor.

392 3023 488 3085 ιι).
527 3018 599 3072 Et
623 3016 830 3071 idcirco
874 3015 952 3070 illi
981 3015 1075 3086 qui
1106 3013 1341 3069 summis
1369 3012 1534 3085 hujus
1569 3013 1751 3070 saeculi
1782 3013 1987 3071 divitiis

390 3118 447 3166 et
469 3108 779 3165 honoribus
817 3123 880 3162 ac
907 3106 1265 3179 potestatibus
1293 3105 1649 3175 extolluntur,
1674 3123 1788 3164 non
1806 3123 1875 3164 ex
1896 3106 1985 3165 bis

389 3200 686 3274 principale
716 3200 927 3257 bonum
961 3198 1263 3256 obtinuisse
1295 3198 1548 3257 credendi
1581 3208 1730 3268 sunt,
1754 3201 1904 3276 quod
1928 3202 1984 3259 in

2784 2337 2992 2393 .mala.

2173 2442 2519 2498 Germanus:
2552 2440 2888 2511 Frequenter
2905 2437 3136 2511 legimus
3166 2436 3223 2494 in
3250 2436 3553 2511 Scripturis
3581 2452 3704 2495 san-

2099 2536 2201 2592 ctis
2226 2537 2405 2591 Deum
2439 2548 2651 2591 creasse
2688 2533 2855 2601 mala,
2887 2534 2971 2590 vel
3009 2532 3329 2590 hominibus
3356 2533 3629 2599 intulisse,
3651 2542 3711 2590 ut

2099 2639 2180 2687 est
2200 2629 2332 2687 illud
2363 2648 2377 2685 :
2403 2631 2667 2698 Quoniam
2686 2629 2888 2699 absque
2906 2645 2990 2687 me
3009 2645 3117 2685 non
3142 2633 3220 2685 est
3234 2633 3393 2693 Deus,
3422 2645 3518 2699 ego
3536 2631 3709 2686 Domi-

2101 2723 2221 2795 (nus
2241 2729 2291 2780 et
2308 2741 2415 2780 non
2436 2728 2513 2780 est
2528 2724 2685 2786 alter,
2707 2725 2952 2790 formans
2977 2724 3145 2778 lucem
3158 2728 3208 2777 et
3229 2738 3414 2778 creans
3437 2724 3677 2778 tenebras
3690 2761 3709 2790 ,

2095 2821 2302 2887 faciens
2328 2834 2518 2889 pacem
2545 2821 2597 2872 et
2616 2833 2799 2873 creans
2823 2815 3123 2887 mala(1sa.
3157 2832 3278 2873 χιν
3292 2818 3333 2884 ).
3364 2818 3437 2871 Et
3467 2815 3666 2871 iterum
3694 2833 3707 2867 :

2096 2922 2117 2947 °
2154 2914 2216 2969 Si
2242 2917 2321 2968 est
2346 2913 2564 2967 malitia
2591 2913 2650 2966 in
2691 2912 2908 2966 civitate
2935 2927 3100 2981 quam
3141 2914 3401 2967 Dominus
3427 2926 3539 2966 non
3582 2912 3710 2978 fecit

2094 3006 2258 3062 Amos
2301 3004 2449 3076 ιιι).

2711 3098 2957 3156 CAPUT
2996 3099 3090 3154 Vl.

2267 3193 2551 3264 Responsio
2577 3206 2736 3264 super
2776 3192 3195 3262 interrogatione
3224 3195 3529 3264 proposita.

387 3296 518 3354 solis
537 3311 657 3353 esse
678 3295 970 3353 virtutibus
995 3294 1273 3365 definitur,
1296 3294 1393 3353 sed
1408 3296 1655 3354 medium
1676 3297 1976 3370 quiddam:
2010 3283 2056 3346 Ο
2162 3295 2526 3354 Theodorus:
2556 3298 2980 3367 Nonnumquam
3010 3297 3157 3353 solet
3188 3297 3478 3369 Scriptura
3530 3298 3711 3357 divina

390 3391 514 3464 quia
540 3390 680 3447 sicut
694 3389 859 3463 justis
895 3396 1040 3446 recte
1078 3405 1142 3445 ac
1164 3389 1471 3447 necessarie
1508 3390 1790 3448 utentibus
1833 3391 1982 3450 utilia

391 3485 513 3542 hac
531 3499 650 3541 esse
684 3484 1029 3556 reperiuntur
1048 3491 1103 3540 et
1122 3484 1416 3540 commoda
1440 3483 1803 3555 (occasionem
1825 3502 1980 3542 nam-

390 3592 498 3650 que
524 3576 706 3647 operis
732 3576 862 3631 boni
907 3576 1231 3648 fructusque
1268 3576 1324 3632 in
1357 3577 1499 3633 illius
1526 3577 1651 3634 vitae
1686 3580 1994 3636 aeternitate

391 3670 738 3743 parturiunt),
769 3669 842 3727 ita
884 3668 987 3727 illis
1020 3670 1113 3741 qui
1149 3670 1293 3726 male
1324 3670 1523 3742 opibus
1559 3672 1882 3741 abutuntur,
1912 3674 1992 3729 in-

390 3764 549 3820 utiles
574 3772 703 3820 sunt
723 3772 886 3836 atque
909 3761 1299 3833 incommodae,
1326 3771 1384 3819 et
1406 3752 1756 3822 occasionem
1782 3768 1995 3838 peccati

392 3858 693 3932 mortisque
710 3858 1055 3915 concinnant.
1101 3850 1115 3867 ‘

987 3952 1232 4011 CAPUT
1292 3953 1388 4009 IV.

485 4052 635 4120 Quod
668 4052 873 4107 malum
900 4050 1044 4106 nulli
1068 4051 1236 4113 invito
1274 4049 1343 4104 ab
1361 4050 1468 4105 alio
1492 4051 1666 4120 possit
1686 4052 1907 4123 inferri.

459 4145 576 4201 Has
602 4145 784 4218 itaque
804 4143 1098 4202 divisiones
1132 4142 1270 4199 fixas
1301 4150 1465 4216 atque
1510 4143 1828 4205 immobiles
1862 4146 1993 4202 reti-

386 4246 579 4294 nentes
610 4239 944 4310 scientesque
966 4234 1105 4292 nihil
1152 4251 1270 4292 esse
1318 4235 1548 4303 bonum,
1594 4236 1699 4294 nisi
1738 4219 1993 4295 virtutem

386 4331 581 4400 solam,
604 4346 726 4404 quae
766 4346 833 4387 ex
861 4331 1061 4387 timore
1108 4330 1213 4386 Dei
1255 4346 1320 4386 ac
1358 4328 1646 4388 dilectione
1692 4330 1992 4407 descendit,

2092 3390 2320 3465 abusive
2336 3391 2483 3448 mala
2505 3407 2604 3464 pro
2632 3390 3021 3447 afflictionibus
3054 3406 3276 3463 ponere,
3294 3408 3409 3448 non
3446 3395 3578 3465 quia
3609 3411 3706 3467 per

2097 3494 2351 3542 naturam
2378 3485 2597 3558 proprie
2635 3483 2936 3564 malasint,
2962 3484 3057 3542 sed
3083 3484 3392 3542 secundum
3413 3486 3537 3544 hoc
3554 3487 3714 3560 quod

2100 3578 2171 3635 ab
2204 3579 2289 3635 his
2333 3578 2637 3635 sentiantur
2683 3577 2834 3633 mala.
2883 3577 3086 3649 quibus
3121 3578 3335 3635 utiliter
3374 3579 3711 3640 inferuntur.

2102 3673 2438 3729 Hominibus
2460 3673 2664 3728 etenim
2688 3671 2968 3745 disputans
2999 3672 3186 3729 divina
3213 3688 3460 3737 censura,
3491 3690 3718 3732 necesse

2100 3777 2184 3824 est
2219 3776 2282 3824 ut
2334 3766 2589 3823 humanis
2619 3766 2796 3824 verbis
2836 3774 2895 3822 et
2928 3766 3213 3824 affectibus
3253 3768 3555 3840 eloquatur.
3612 3773 3719 3826 Et-

2100 3863 2249 3920 enim
2274 3863 2445 3919 sectio
2464 3863 2547 3919 vel
2576 3862 2726 3919 ustio
2755 3862 3010 3919 salutaris
3054 3879 3182 3935 quae
3208 3863 3314 3920 illis
3334 3863 3427 3935 qui
3454 3863 3721 3920 ulcerum

2099 3957 2420 4030 contagione
2460 3954 2751 4028 putrefacti
2793 3963 2924 4011 sunt
2973 3955 3062 4027 pie
3099 3954 3333 4012 infertur
3378 3972 3411 4011 a
3462 3956 3717 4025 medico,

2102 4051 2248 4115 mala
2285 4068 2318 4108 a
2344 4049 2705 4108 tolerantibus
2743 4048 3014 4118 creditur;
3048 4064 3151 4105 nec
3177 4064 3320 4120 equo
3363 4042 3568 4118 calcar,
3612 4066 3717 4107 nec

2100 4144 2410 4202 emendatio
2426 4144 2613 4202 suavis
2650 4151 2733 4200 est
2754 4141 3108 4214 delinquenti.
3164 4145 3374 4200 Omnes
3412 4143 3585 4200 etiam
3607 4143 3720 4200 dis-

2101 4239 2314 4312 ciplinaa
2333 4238 2418 4295 his
2440 4238 2531 4311 qui
2555 4236 2880 4293 erudiuntur
2909 4252 3111 4294 amara:
3152 4238 3467 4294 sentiuntur
3485 4238 3555 4295 ad
3575 4253 3717 4312 prae-

2103 4348 2249 4401 sens,
2271 4333 2409 4389 sicut
2425 4330 2718 4403 Apostolus
2740 4328 2877 4387 dicit
2900 4349 2912 4386 :
2947 4331 3133 4388 Omnis
3153 4335 3333 4386 autem
3369 4331 3397 4366 ⁶
3422 4331 3719 4403 disciplina

1491 4454 1746 4513 ALARDl
1783 4457 2005 4515 GAZEI
2048 4456 2610 4516 COMMENTARIUS.

387 4577 447 4619 se
474 4575 574 4618 nec
610 4560 794 4626 bone,
817 4573 919 4614 nec
954 4557 1145 4625 malai,
1171 4558 1268 4615 sed
1291 4556 1352 4611 es

1358 4560 1552 4640 taqopa‘t
1574 4569 1638 4640 ut
1678 4563 1859 4640 graeci
1892 4580 1992 4621 vo-
2024 4572 2075 4635 1)
2105 4567 2201 4622 bus
2221 4567 2302 4622 his
2324 4582 2429 4621 non
2440 4566 2678 4640 peccavit
2703 4564 2798 4622 Job
2820 4564 2981 4623 labiis
2999 4569 3134 4634 suis,
3149 4581 3319 4639 neque
3341 4567 3718 4640 stultumquid

388 4643 535 4712 cant.
566 4632 711 4712 Scite
843 4629 1151 4712 Berﬂardus
1199 4629 1532 4712 inLEpi‘Stola
1561 4632 1631 4712 ad
1677 4635 1992 4712 Romanum
2025 4629 2065 4635 —
2101 4642 2287 4694 contra
2313 4629 2482 4712 Deum
2500 4639 2846 4712 locutuses‘ts
2875 4640 2949 4712 Et
2971 4654 3100 4712 cum
3122 4629 3158 4694 ἰι
3184 4629 3280 4712 sua
3322 4653 3543 4712 quoque
3572 4629 3719 4696 uxo'

390 4706 661 4777 (Epistola
700 4702 866 4776 105):
909 4702 1089 4777 _Volo,
1121 4701 1326 4777 inquit,
1352 4706 1424 4777 ite
1456 4708 1699 4766 mortem,
1746 4707 1849 4760 etsi
1886 4724 1993 4763 non

388 4774 657 4849 effugere,
678 4774 819 4832 certe
843 4774 925 4830 vel
947 4789 1053 4828 non
1084 4774 1287 4829 timere.
1331 4776 1517 4849 {ustus
1546 4778 1746 4846 quippe
1770 4784 1993 4835 mortem

386 4854 489 4905 etsi
508 4848 615 4904 non
641 4853 808 4915 cavet,
827 4852 1004 4920 tamen
1030 4860 1136 4920 non
1142 4851 1324 4916 pavet.
1338 4848 1573 4920 Denique
1600 4850 1652 4902 si
1666 4854 1831 4920 morte
1843 4866 1992 4920 ρνω-

387 4925 678 5000 occupatus
699 4921 893 5000 fuerit,
917 4919 981 5000 in
1006 4918 1290 5000 refrigerio
1317 4919 1420 4973 erit
1459 4918 1617 5000 (Sep.
1646 4934 1711 4975 ιν
1816 4918 1989 4977 Hori-

388 4998 482 5048 tur
506 4989 725 5062 quidem
751 4994 803 5045 et
810 4990 1015 5062 justus,
1046 4989 1140 5044 sed
1166 5005 1375 5055 secure;
1415 4993 1614 5061 quippe
1651 4989 1802 5061 cujus
1821 5009 1984 5057 mors,

387 5068 448 5119 ut
470 5061 757 5134 praesentis
782 5065 860 5116 est
877 5061 1053 5134 emittis
1072 5062 1217 5123 vitce,
1250 5063 1333 5115 ita
1360 5063 1612 5119 introitus
1637 5064 1890 5119 melioris.
1922 5066 1991 5119 Et

385 5131 524 5191 intra
553 5154 565 5188 :
589 5137 737 5190 Bona
754 5148 895 5188 mors
904 5131 1049 5201 justi
1071 5137 1300 5202 propter
1314 5136 1549 5202 requiem
1564 5136 1751 5190 melior
1766 5141 1990 5205 propter

386 5210 695 5269 novitatem,
718 5206 924 5277 optima
936 5208 1157 5277 propter
1173 5206 1524 5277 semritatem.
1543 5209 1613 5261 Et
1627 5210 1831 5273 contra,
1847 5221 1988 5261 mors

379 5284 721 5349 peccatorum
742 5274 980 5349 pessima
998 5274 1171 5349 (Psal.
1192 5290 1402 5349 χχχιιι
1418 5276 1460 5349 ί).
1477 5278 1551 5349 Et
1565 5277 1702 5331 audi
1712 5277 1854 5349 unde
1868 5290 1991 5349 pes-

385 5344 547 5405 sima.
579 5352 729 5406 Mula
742 5344 1025 5419 siquidem
1043 5350 1122 5401 est
1150 5347 1207 5401 in
1234 5347 1426 5401 mundi
1440 5348 1741 5419 amissione,
1761 5344 1917 5419 peior
1929 5348 1988 5419 in

384 5424 561 5479 carnis
577 5415 939 5495 separatione,
954 5419 1193 5495 pessima
1222 5419 1281 5495 in
1296 5418 1490 5495 vermis
1509 5418 1755 5495 ignisque
1778 5415 1988 5484 duplici

387 5485 717 5550 contritione.
749 5494 883 5548 Huic
906 5485 975 5545 Di
1008 5487 1312 5555 Bernartius
1355 5486 1484 5541 huic
1507 5485 1626 5541 loco
1668 5487 1809 5542 bene
1848 5502 1986 5543 con-

385 5575 801 5713 ῗιέθιῖἓὲᾇιὶιιιι·
832 5633 953 5713 haec
975 5630 1244 5713 sententia
1270 5642 1603 5713 rursuscap.
1635 5633 1689 5693 9,
1721 5633 1978 5713 quamD.

386 5703 808 5776 Chrysostomus
834 5703 951 5776 aliis
989 5703 1169 5776 verbis
1215 5703 1501 5773 expressit,
1540 5703 1728 5776 dicens
1755 5703 1987 5776 :__nemi-

386 5770 511 5830 nem'
527 5776 655 5829 lwdi
669 5777 779 5829 nisi
806 5791 841 5828 a
864 5775 1056 5843 seipso.
1089 5775 1174 5829 De
1192 5770 1301 5844 qua
1319 5770 1591 5828 sententia
1621 5770 1743 5827 vide
1776 5771 1983 5830 ibidem

388 5854 603 5901 notata.

458 5918 485 5952 ³³
510 5919 766 5973 Testante
791 5914 1096 5986 Scriptura,
1126 5927 1251 5988 qua:
1278 5914 1356 5972 ait
1402 5913 1546 5987 (Job.
1572 5916 1629 5991 ι)
1664 5935 1677 5973 :
1707 5918 1770 5976 In
1803 5918 1981 5975 omni-

2099 4724 2161 4765 re
2186 4710 2544 4783 compelletur
2577 4717 2638 4765 ut
2664 4709 2716 4783 v_i
2759 4707 2968 4783 doloris
3007 4709 3303 4783 impatiens
3337 4707 3558 4783 aliquid
3612 4711 3717 4767 ad-

2100 4796 2287 4837 versus
2316 4781 2485 4836 Deum
2510 4780 2736 4851 querula
2766 4792 2821 4835 et
2847 4780 3164 4851 blasphema
3209 4796 3341 4837 voce
3371 4780 3714 4852 loqueretur,

2098 4852 2382 4922 respondit
2409 4870 2421 4905 :
2451 4854 2619 4919 Quasi
2638 4868 2751 4907 una
2784 4852 2850 4907 de
2868 4853 3051 4907 stultis
3078 4852 3399 4907 mulieribus
3433 4854 3613 4909 locuta
3636 4869 3709 4909 es.

2098 4925 2157 4978 Si
2184 4923 2324 4978 bona
2355 4926 2676 4978 suscepimus
2694 4923 2760 4978 de
2782 4939 2951 4978 manu
2970 4925 3088 4978 Dei.
3110 4924 3259 4977 mala
3280 4939 3451 4978 auare
3468 4941 3579 4978 non
3597 4939 3709 4978 sus-

2094 4925 2157 4979 Si
2184 4925 2324 4978 bona
2355 4926 2676 5048 suscgzimus
2694 4925 2760 4978 de
2782 4939 2951 4978 manu
2970 4925 3088 4988 Dei,
3110 4925 3259 4977 mala
3280 4939 3451 4993 quare
3468 4941 3579 4980 non
3597 4939 3712 4980 sus.

2096 4994 2765 5076 σίρίιξῖηξιευρ-,ξι)εή.
3030 5065 3045 5076 .
3198 5067 3207 5076 .
3696 5038 3711 5076 -.

2168 5075 2189 5100 θ
2214 5062 2441 5136 Vulgata
2471 5062 2671 5121 lectio:
2703 5067 2765 5122 Si
2802 5067 2908 5121 erit
2933 5065 3139 5120 malum
3184 5067 3242 5136 in
3285 5065 3520 5136 civitate,
3566 5062 3711 5135 quod

2094 5134 2348 5192 Dominus
2374 5152 2481 5191 non
2505 5138 2714 5203 fecerit.
2758 5137 2971 5192 Malum
3000 5151 3179 5206 paene
3208 5134 3555 5207 intelligitur,
3574 5134 3712 5190 "non

2095 5208 2299 5278 malum
2323 5207 2517 5278 culpas,
2540 5216 2600 5263 ut
2620 5207 2777 5263 docet
2806 5208 2873 5263 ι).
2896 5204 3272 5278 Hieronymus
3290 5204 3346 5260 in
3366 5204 3494 5261 eum
3521 5207 3709 5262 locum

2094 5276 2338 5333 scribens
2366 5298 2379 5334 ε
2411 5276 2634 5342 Malum,
2654 5278 2855 5350 inquit,
2896 5278 3039 5348 quod
3066 5276 3323 5333 Dominus
3347 5279 3492 5343 facit
3540 5279 3710 5332 inci-

2094 5350 2261 5403 vitate
2275 5365 2379 5404 non
2394 5349 2819 5405 contrarium’est
2840 5351 3052 5412 virtuti,
3074 5350 3167 5404 sed
3185 5349 3414 5416 afﬂictio
3437 5354 3489 5405 et
3503 5351 3717 5404 crucia-

2094 5424 2201 5491 tus.
2220 5424 2296 5475 De
2317 5436 2420 5489 quo
2440 5421 2659 5488 legimus
2683 5442 2695 5478 :
2720 5422 2937 5491 Sufﬁcit
2964 5420 3078 5475 diei
3106 5420 3327 5474 malitia
3348 5434 3451 5473 sua
3467 5420 3709 5486 (Matth.

2094 5489 2216 5560 γι),
2252 5491 2309 5545 id
2332 5496 2429 5555 est,
2470 5492 2750 5547 tribulatio
2773 5489 2834 5548 et
2850 5494 3125 5562 angustia.
3159 5494 3229 5548 Et
3262 5492 3600 5560 inpropheta
3631 5491 3715 5546 le-

2091 5563 2268 5629 gimus
2300 5582 2313 5615 :
2340 5566 2450 5631 Ego
2472 5568 2609 5620 Deus
2646 5566 2743 5633 qui
2763 5566 2872 5630 feci
2894 5565 3061 5618 lucem
3095 5567 3145 5618 et
3166 5562 3440 5625 tenebras,
3480 5565 3582 5632 qui
3620 5565 3718 5629 fa-

2092 5636 2173 5688 cio
2191 5650 2393 5703 pacem,
2410 5640 2472 5701 .ct
2499 5635 2668 5691 condo
2691 5636 2857 5691 mala.
2881 5637 3033 5691 Sicut
3056 5636 3198 5689 enim
3228 5633 3457 5687 tenebrae
3490 5638 3715 5689 contra-

2094 5707 2193 5760 ria:
2215 5711 2343 5762 sunt
2362 5708 2471 5761 luci
2497 5712 2547 5762 et
2574 5708 2704 5768 diei,
2754 5708 2831 5761 sic
2871 5711 2922 5761 et
2955 5707 3087 5775 paci
3132 5704 3330 5759 bellum
3366 5707 3712 5759 contrarium

2091 5781 2189 5844 est,
2217 5778 2359 5847 quod
2382 5793 2486 5833 non
2510 5794 2607 5848 per
2633 5778 2833 5833 malum
2861 5781 2962 5845 est,
2989 5776 3084 5832 sed
3111 5775 3313 5832 malum
3341 5776 3567 5832 videtur
3620 5777 3708 5831 his

2092 5863 2201 5903 esse
2224 5851 2321 5918 qui
2343 5852 2629 5913 sustinent,
2658 5857 2765 5906 etc.

2161 5919 2188 5954 ει
2226 5916 2521 5989 Disciplina
2549 5935 2648 5990 pro
2687 5918 2789 5979 Dei
2820 5916 3172 5996 castigatione
3197 5916 3455 5982 sumitur.
3504 5919 3708 5981 Grcee
