4024 6208
279 352 376 408 653

1240 345 1579 406 COLLATIO
1618 347 1710 406 Vl.
1745 380 1818 394 —
1852 345 1944 410 DE
1980 351 2155 412 NECE
2193 355 2625 414 SANCTORUM.

3477 362 3582 440 654'

269 472 1282 548 inprwsentinonoideturessegaudii,
1295 475 1394 530 sed
1407 455 1676 545 maror-is;
1689 481 1878 548 postea
1903 483 1958 544 Α
1984 479 2174 536 animo
2202 478 2517 550 furibondo,
2545 481 2642 538 sed
2668 482 2850 556 qualia
2877 483 3113 542 senserit
3144 486 3232 544 ille
3273 488 3368 561 qui
3411 490 3577 546 susti-

268 575 446 626 autem
460 571 707 638 fructum
719 567 1135 639 pacatissimam
1163 568 1247 623 his
1261 570 1360 639 qui
1379 585 1482 639 per
1504 585 1559 625 se
1587 572 1873 627 exercitati

267 667 394 718 sunt
428 663 615 718 reddet
645 661 886 732 justitioe
917 661 1093 732 (Hebr.
1136 662 1275 734 xu).
1308 664 1380 718 Et
1407 672 1433 697 ⁸
1479 679 1638 734 quem
1683 665 1872 734 diligit

268 760 538 827 Dominus,
563 759 820 828 corripit;
843 757 1083 826 flagellat
1101 761 1280 812 autem
1300 773 1508 814 omnem
1523 760 1700 829 ﬁlium
1714 775 1872 830 quem

267 853 473 922 recipit.
514 854 644 920 Quis
671 853 817 907 enim
847 854 927 906 est
951 851 1100 920 ﬁlius
1127 867 1285 921 quem
1307 867 1415 907 non
1455 855 1683 925 corripit
1707 856 1870 910 Pater

271 948 428 1014 (Ibid.
473 952 524 1003 et
569 941 822 1004 Proverb.
862 949 1013 1014 III)?
1042 948 1236 1018 Itaque
1272 946 1419 1003 mala
1454 963 1868 1020 nonnumquam

265 1039 389 1112 poni
434 1055 536 1112 pro
563 1039 960 1098 afﬂictionibus
1002 1041 1202 1110 solent,
1249 1041 1552 1098 secundum
1582 1041 1716 1099 illud
1751 1063 1764 1098 :
1795 1047 1867 1100 Et

264 1137 514 1204 pwnituit
534 1140 706 1194 Deum
724 1151 886 1208 super
903 1137 1174 1190 malitiam
1193 1152 1355 1206 quam
1376 1137 1580 1192 locutus
1602 1141 1679 1192 est
1699 1141 1762 1191 ut
1778 1137 1866 1204 fa-

267 1234 416 1285 ceret.
438 1233 538 1295 eis,
567 1235 620 1285 et
660 1247 768 1286 non
799 1231 929 1297 fecit
970 1231 1198 1297 (Jerem.
1245 1234 1453 1296 XXVI).
1503 1233 1575 1285 Et
1615 1229 1863 1287 iterum:

265 1325 406 1392 Quia
427 1329 508 1388 tu,
542 1327 785 1389 Domine,
814 1325 1116 1379 misericors
1143 1329 1195 1378 et
1236 1325 1548 1387 miserator,
1572 1327 1788 1394 patiens
1814 1328 1866 1378 et

265 1416 490 1474 multum
513 1419 838 1479 misericors,
865 1421 916 1471 et
936 1417 1202 1486 paenitens
1223 1418 1285 1472 in
1320 1417 1548 1471 malitiis
1574 1417 1724 1483 (Joel.
1759 1419 1856 1486 II),

269 1509 322 1566 id
342 1517 442 1578 est,
471 1525 639 1582 super
663 1509 1114 1566 tribulationibus
1152 1518 1206 1566 et
1237 1509 1504 1566 aerumnis
1531 1524 1654 1582 quae
1693 1509 1858 1568 nobis

270 1618 364 1674 pro
398 1611 748 1675 peccatorum
779 1611 1099 1659 nostrorum
1125 1603 1336 1659 meritis
1373 1601 1576 1660 inferre
1609 1604 1859 1677 compel-

269 1695 411 1752 leris.
458 1699 606 1770 Quas
645 1695 827 1753 sciens
870 1695 1032 1752 utiles
1079 1709 1196 1752 esse
1239 1695 1540 1763 nonnullis,
1593 1695 1668 1753 ita
1722 1696 1862 1754 alius

268 1791 546 1865 propheta,
561 1791 753 1864 utique
779 1807 894 1849 non
913 1789 1164 1848 invidens
1179 1791 1344 1848 saluti
1372 1805 1587 1858 eorum,
1611 1791 1712 1849 sed
1733 1807 1864 1848 con-

267 1885 444 1944 sulens
472 1885 800 1959 imprecetur
831 1905 844 1941 :
881 1877 910 1916 δ
941 1886 1102 1944 Adde
1122 1887 1230 1942 illis
1255 1887 1420 1954 mala,
1448 1887 1688 1950 Domine,
1725 1887 1864 1942 adde
1895 1890 1943 1954 Β

268 1982 406 2037 mala
431 1981 678 2050 gloriosis
702 1985 880 2038 teme.
909 1981 982 2036 Et
1009 1979 1126 2052 ipse
1159 1980 1452 2049 Dominus,
1483 1983 1630 2046 Ecce,
1663 1979 1857 2053 inquit,

267 2075 516 2131 inducam
551 2089 712 2144 super
739 2089 820 2130 eos
856 2074 1000 2129 mala
1043 2073 1250 2144 (Jerem.
1278 2074 1388 2146 χι),
1417 2072 1474 2132 id
1503 2083 1604 2143 est,
1641 2071 1860 2132 dolores

267 2184 330 2224 ac
358 2167 658 2236 vastitates,
689 2165 888 2238 quibus
915 2166 970 2222 in
997 2167 1253 2240 praesenti
1281 2165 1572 2224 salubriter
1606 2166 1857 2239 castigati

267 2262 338 2320 ad
360 2277 475 2332 me,
505 2276 668 2334 quem
690 2261 746 2317 in
775 2259 939 2318 rebus
967 2261 1237 2336 prosperis
1260 2269 1728 2334 contempserunt,
1765 2276 1860 2338 re-_

271 2356 404 2415 verti
455 2355 678 2414 tandem
715 2373 779 2413 ac
825 2355 1082 2414 festinare
1127 2366 1412 2430 cogantur.
1457 2355 1696 2430 Ideoque
1741 2355 1859 2414 haec

264 2449 577 2524 principalia
605 2449 896 2507 essemala
921 2466 1038 2507 non
1075 2466 1362 2522 possumus
1395 2449 1638 2520 delinire,
1667 2450 1858 2509 multis

260 2547 408 2605 enim
429 2546 500 2604 ad
525 2547 736 2605 bonum
759 2548 1074 2620 proﬁciunt,
1100 2557 1155 2605 et
1187 2563 1374 2606 causas
1402 2556 1740 2606 aeternorum
1763 2563 1856 2620 pa-

260 2643 412 2699 riunt
435 2637 781 2716 gaudiorum.
809 2644 884 2700 Et
917 2642 1120 2701 idcirco
1141 2651 1202 2701 ut
1231 2641 1300 2700 ad
1327 2643 1688 2716 quaestionem
1728 2657 1858 2715 pro-

259 2735 495 2809 positam
537 2752 908 2805 recurramus,
953 2737 1202 2795 universa
1237 2753 1360 2812 qum
1405 2744 1665 2810 putantur
1713 2736 1858 2794 mala

260 2830 426 2888 nobis
445 2831 514 2888 ab
543 2831 778 2888 inimicis
810 2831 892 2888 vel
917 2849 950 2888 a
971 2832 1401 2906 quibuscumque
1445 2831 1566 2889 aliis
1602 2831 1854 2903 irrogari,

257 2940 376 2982 non
401 2934 530 2982 sunt
555 2925 826 2984 credenda
847 2925 992 2984 mala
1013 2943 1152 2998 esse,
1175 2927 1274 2986 sed
1301 2927 1506 2984 media.
1544 2928 1671 2985 Non
1705 2925 1856 2982 enim

255 3019 394 3078 talia
434 3019 774 3079 invenientur
821 3023 1000 3096 qualia
1051 3031 1205 3096 putat
1245 3039 1364 3082 esse
1406 3023 1492 3080 ille
1531 3022 1622 3095 qui
1669 3019 1857 3078 intulit

1979 580 2092 629 net.
2123 581 2144 608 ο
2164 573 2404 646 Ideoque
2429 591 2560 632 cum
2579 577 2724 634 illata
2739 577 2900 636 fuerit
2918 595 3069 638 mors
3093 581 3210 639 viro
3229 591 3445 650 sancto,
3465 599 3578 640 non

1979 665 2026 722 ei
2063 666 2274 724 malum
2315 668 2532 728 illatum
2575 686 2694 728 esse
2721 671 3056 732 credendum
3079 684 3185 746 est,
3208 675 3304 733 sed
3329 677 3577 735 medium

1977 760 2256 833 quiddam.
2273 763 2432 834 Quod
2445 780 2571 822 cum
2590 767 2858 836 peccatori
2877 768 3084 826 malum
3094 771 3187 839 sit,
3197 771 3347 844 justo
3363 773 3578 844 requies

1977 856 2330 926 eﬁabsolutio
2356 857 2421 914 ﬁt
2447 859 2738 918 malorum.
2780 862 2807 898 ά
2834 866 2978 920 Mors
3003 867 3146 920 enim
3171 868 3286 921 viro
3304 865 3456 936 justo
3491 883 3579 922 re-

1975 953 2142 1020 quies,
2169 953 2320 1023 cujus
2339 955 2455 1008 vita
2479 955 2794 1011 abscondita
2819 961 2896 1012 est
2923 959 3038 1025 (Job
3061 959 3181 1030 Ill).
3219 961 3287 1016 Et
3327 959 3451 1017 ideo
3472 975 3575 1016 nec

1974 1043 2056 1098 vir
2091 1045 2276 1117 justus
2318 1061 2384 1102 ex
2410 1045 2512 1102 hac
2537 1047 2745 1120 aliquid
2786 1051 3088 1122 perpetitur
3115 1053 3428 1110 detrimenti
3478 1054 3574 1127 qui

1973 1135 2102 1191 nihil
2135 1138 2354 1208 pertulit
2380 1139 2537 1206 novi;
2579 1140 2677 1196 sed
2717 1140 2772 1197 id
2814 1141 2961 1214 quod
3001 1143 3050 1199 ei
3079 1160 3421 1202 accessurum
3459 1145 3574 1202 fue-

1973 1236 2057 1284 rat
2105 1229 2426 1286 necessitate
2471 1239 2706 1298 naturae,
2750 1233 2957 1290 inimici
3005 1218 3245 1308 nequitia
3299 1253 3410 1294 non
3458 1239 3576 1296 sine

1973 1323 2200 1393 praemio
2245 1323 2368 1381 vitae
2403 1325 2654 1397 perennis
2692 1327 2926 1399 excepit,
2969 1343 3036 1384 ac
3081 1327 3331 1385 debitum
3377 1331 3574 1386 mortis

1973 1414 2248 1485 humanae,
2274 1417 2420 1490 quod
2442 1417 2791 1476 inexcusabili
2817 1419 2935 1492 lege
2948 1419 3290 1479 reddendum
3315 1429 3421 1490 est,
3443 1438 3572 1478 cum

1972 1509 2152 1566 fructu
2180 1511 2459 1568 uberrimo
2491 1513 2758 1585 passionis
2781 1529 2847 1570 ac
2873 1529 3088 1586 magna
3115 1513 3573 1572 remunerationis

1970 1603 2224 1662 mercede
2247 1604 2538 1677 persolvit.
2749 1678 2762 1692 '

2567 1709 2808 1768 CAPUT
2845 1713 2964 1767 VII.

1973 1805 2321 1873 Interrogatio
2351 1821 2426 1859 an
2463 1820 2588 1861 reus
2623 1807 2731 1870 sit,
2761 1809 2861 1876 qui
2886 1806 3039 1876 justo
3084 1805 3271 1865 intulit
3320 1811 3567 1874 mortem,

2192 1891 2310 1931 cum
2317 1875 2504 1946 justus
2520 1877 2714 1932 habeat
2737 1877 2804 1932 de
2829 1875 2999 1934 merte
3015 1879 3303 1934 mercedem
3315 1881 3344 1932 ?

2039 1973 2390 2031 Germanus:
2417 1977 2564 2049 Ergo
2592 1975 2637 2033 si
2665 1976 3032 2050 interemptus
3046 1978 3231 2051 justus
3247 1993 3360 2036 non
3389 1978 3569 2035 solum

1966 2065 2098 2122 nihil
2133 2067 2261 2124 mali
2287 2083 2575 2142 perpessus
2621 2079 2725 2139 est,
2765 2071 2864 2128 sed
2885 2072 3054 2130 etiam
3099 2073 3414 2138 mercedem
3440 2089 3569 2146 pas-

1965 2161 2135 2220 sionis
2155 2163 2476 2236 assequitur,
2497 2164 2782 2237 quomodo
2811 2165 2868 2222 in
2897 2176 3116 2224 reatum
3141 2167 3445 2230 vocabitur,
3477 2167 3570 2238 qui

1966 2270 2078 2313 non
2103 2257 2292 2314 nocuit
2315 2267 2551 2316 mortem
2577 2259 2877 2328 inferendo,
2911 2259 3012 2318 sed
3038 2260 3278 2334 profuit?

2525 2363 2768 2422 CAPUT
2804 2365 2957 2420 VIII.

2105 2456 2390 2527 Responsio
2407 2457 2483 2513 ad
2495 2458 2877 2528 praecedentem
2895 2461 3387 2530 interrogationem.

2033 2547 2357 2607 Theodorus
2388 2571 2400 2606 :
2429 2553 2544 2608 Nos
2565 2551 2635 2608 de
2675 2552 3004 2624 proprietate
3029 2553 3157 2610 boni
3185 2556 3446 2629 malique,
3479 2559 3566 2616 vel

1965 2642 2082 2714 ejus
2104 2643 2254 2713 quod
2292 2643 2532 2700 diximus
2557 2660 2675 2713 esse
2702 2645 2947 2702 medium
2968 2646 3337 2718 disputamus,
3364 2666 3479 2706 non
3497 2651 3568 2708 de

1963 2735 2169 2793 affectu
2209 2752 2404 2794 eorum
2447 2737 2540 2808 qui
2565 2737 2666 2794 ista
2691 2739 3066 2796 committunt.
3110 2743 3226 2796 Nec
3257 2741 3404 2797 enim
3447 2743 3570 2814 quis
3627 2767 3632 2772 -

1967 2829 2168 2902 impius
2195 2831 2278 2888 vel
2308 2831 2524 2904 iniquus
2552 2831 2609 2888 id
2631 2831 2779 2888 circo
2809 2833 3110 2905 impunitu
3125 2834 3248 2904 erit,
3263 2836 3391 2908 quia
3406 2837 3572 2893 mali-

1966 2923 2038 2980 tia
2077 2939 2172 2980 sua
2192 2923 2346 2997 justo
2371 2940 2571 2981 nocere
2593 2940 2703 2982 non
2747 2925 2942 2998 potuit.
2987 2928 3294 2985 Tolcrantia
3325 2929 3476 2986 enim
3514 2937 3570 2986 et

1964 3019 2136 3074 virtus
2154 3017 2288 3090 justi
2315 3034 2428 3075 non
2462 3018 2541 3074 illi
2564 3019 2667 3092 :qui
2691 3028 2931 3076 mortem
2953 3021 3040 3077 vel
3078 3021 3336 3094 supplicia
3363 3019 3566 3092 intulit,

1349 3165 1604 3220 ALARDI
1644 3164 1868 3219 ΕΑΖᾸΞΙ
1905 3161 2462 3218 COMMENTARIUS.

256 3251 478 3376 again,
523 3289 846 3376 vocabulum
868 3289 1180 3376 deductum
1205 3307 1238 3376 a
1273 3305 1469 3363 puero,
1499 3285 1862 3376 quaproprie
1891 3286 2412 3376 Csiiqgiubiguos
2438 3287 2678 3376 positum
2699 3303 2799 3376 p‘ro
2827 3305 3206 3376 quoscumque,
3239 3306 3374 3348 nam
3399 3293 3564 3350 Grae-

263 3361 614 3434 signiﬁcatur
663 3363 958 3435 institutio~
986 3359 1292 3435 conjuncta
1324 3377 1461 3435 cum
1501 3359 1860 3435 castigatione

255 3431 497 3507 morum
517 3449 582 3489 ac
624 3433 885 3489 vitiorum
913 3433 1041 3507 ejus
1073 3431 1167 3507 qui
1205 3432 1537 3507 instituitur,
1569 3431 1862 3507 qualisest

255 3502 536 3560 institutio
568 3520 880 3574 puerorum.
912 3502 1173 3562 Unde'D.
1211 3503 1444 3560 Basilius
1475 3505 1557 3574 (In
1584 3502 1858 3574 principio

256 3577 456 3647 Prov.)
485 3593 500 3630 :
525 3577 840 3647 Disciplina,
880 3575 1074 3646 inquit,
1105 3581 1184 3632 est
1211 3576 1458 3646 quaedam
1477 3575 1717 3630 inductio
1739 3574 1856 3628 uti-

258 3646 362 3708 lis,
391 3661 508 3715 qute
532 3646 678 3718 sape
696 3663 827 3702 “cum
869 3647 1046 3703 labore
1069 3650 1328 3704 vitiorum
1370 3648 1605 3702 maculas
1626 3650 1850 3718 purgat.

259 3719 401 3789 Qua
414 3717 623 3787 quidem
649 3721 706 3774 in
717 3721 1130 3789 praesentiarum
1148 3736 1255 3776 non
1281 3719 1494 3776 videtur
1511 3717 1852 3788 esse'gaudii,

252 3788 630 3844 sed-maeroris
659 3809 676 3846 :
714 3788 898 3846 verum
915 3797 1181 3861 postremo
1207 3794 1449 3860 fructum
1483 3791 1778 3849 salutarem
1805 3792 1857 3843 et

253 3861 502 3929 quietum
519 3877 622 3931 per
644 3864 820 3932 ipsam
840 3865 1144 3918 exercitatis
1172 3863 1374 3918 reddit.
1405 3861 1856 3932 Quemadmodum

253 3933 406 4004 enim
447 3935 611 4002 parvi
639 3931 806 4003 pueri
834 3933 1134 4004 doctrinam
1165 3932 1622 4004 despicientes,_ob
1649 3931 1857 4004 ferulas

250 3999 578 4074 ﬂagellan
603 3999 725 4073 qua:
749 4003 1004 4074 magistri
1018 4007 1069 4056 et
1087 4001 1374 4074 padagogi
1397 3999 1650 4056 adhibere
1667 3999 1855 4074 solent,

251 4068 520 4130 manus
547 4068 754 4129 dictata
773 4068 1072 4140 suscipiunt
1089 4068 1113 4123 7:
1134 4075 1185 4124 et
1205 4071 1318 4138 ipse
1337 4084 1504 4123 sermo
1531 4074 1656 4140 ante
1664 4068 1860 4137 plagas

248 4160 369 4198 non
398 4145 654 4209 auditur;
699 4147 820 4212 post
868 4139 1086 4195 verbera
1123 4139 1453 4209 doloresque,
1483 4139 1652 4193 veluti
1675 4140 1860 4212 statim

245 4218 466 4285 apertis
488 4209 736 4274 auribus,
758 4213 1028 4285 excipitur
1037 4213 1180 4266 ratio
1189 4212 1504 4285 etmemoria
1525 4209 1856 4285 custoditur;

244 4281 331 4341 sic
363 4285 564 4340 accidit
595 4289 644 4338 et
666 4285 739 4337 iis
781 4285 879 4352 qui
905 4283 1091 4337 divina
1127 4283 1360 4338 audiunt
1390 4286 1676 4353 prwcepta,
1710 4284 1762 4335 et
1786 4281 1860 4353 ad

242 4374 312 4414 ea
339 4354 614 4411 servanda
636 4368 692 4408 se
711 4354 1035 4424 negligenter
1055 4355 1265 4409 habent.
1297 4352 1434 4413 Nam
1461 4359 1748 4424 postquam
1767 4352 1857 4406 di-

240 4425 499 4498 sciplina
515 4426 592 4498 eis
605 4426 811 4498 inﬂicta
827 4431 904 4498 est
928 4443 963 4480 a
985 4429 1109 4494 Deo,
1134 4431 1261 4481 tunc
1282 4441 1404 4496 qua:
1419 4426 1630 4480 moleste
1649 4439 1858 4494 semper

243 4497 377 4554 illis
393 4497 800 4552 inculcabantur
811 4497 999 4552 divina
1008 4497 1286 4562 mandata,
1307 4499 1468 4566 quasi
1473 4498 1594 4567 jam
1613 4498 1856 4566 primum

247 4573 315 4626 in
342 4584 502 4624 aures
524 4569 764 4638 ipsorum
798 4568 1016 4632 cadant,
1046 4571 1433 4638 suscipiuntur.

1967 3355 2342 3413 ce’habetur’:
2379 3355 2484 3428 ἐγὼ
2523 3359 2666 3420 ὅσους
2704 3355 2790 3411 ἐὰν
2829 3355 2981 3430 ᾧιλῶ,
3024 3355 3155 3434 ergo
3192 3355 3567 3435 quoscumque

1967 3444 2113 3486 amo.
3040 3472 3046 3477 .

2036 3489 2063 3530 ¹³
2083 3503 2170 3574 Ita
2186 3501 2376 3574 LXX.
2391 3497 2620 3574 Vulgata
2637 3507 2820 3574 autem
2839 3501 3025 3558 versio
3052 3522 3064 3558 :
3084 3503 3374 3558 Indulsisti
3394 3507 3562 3574 genti.

2218 3571 2501 3628 indulsisti
2519 3571 2684 3655 geniti,
2711 3574 2978 3655 numquid
2991 3575 3322 3655 glorifing
3337 3571 3432 3631 es?
3453 3575 3562 3655 Ubi

1969 3645 2040 3701 D.
2068 3643 2434 3716 Hieronymus
2465 3662 2479 3697 :
2511 3642 2680 3716 Mala,
2712 3641 2904 3716 inquit,
2935 3641 3054 3715 quae
3080 3641 3222 3704 LXX
3242 3651 3562 3716 posuerunt,

1966 3716 2027 3786 in
2061 3713 2317 3770 ΙΙεὸναὶὁο
2353 3731 2460 3768 non
2505 3713 2802 3786 habentur;
2816 3717 2910 3772 sed
2933 3713 3060 3786 quia
3077 3713 3262 3786 supra
3283 3719 3500 3774 dixerat
3541 3713 3560 3772 .-

1963 3785 2087 3840 Ideo
2112 3787 2404 3849 indue-isti,
2436 3789 2485 3840 et
2493 3784 2808 3855 perdisditi,
2832 3792 2883 3842 et
2905 3784 3086 3844 tulisti
3099 3784 3250 3842 omne
3273 3787 3566 3844 masculum

1962 3871 2163 3922 eorum,
2203 3857 2444 3913 eumdem
2483 3871 2697 3911 sensum
2739 3859 2940 3920 secuti,
2978 3858 3314 3914 addiderunt
3343 3859 3410 3912 de
3445 3874 3562 3920 suo,

1963 3928 2144 3994 mala;
2184 3935 2248 3984 ut
2271 3930 2370 3998 qui
2395 3927 2616 3996 gloriosi
2636 3928 2695 3981 in
2715 3931 2858 3983 terra
2890 3933 3037 3992 sunt,
3065 3929 3228 3984 malis
3255 3927 3566 3996 duplicibus

1964 3999 2359 4066 opprimantur.

2037 4071 2422 4138 °Augustinus
2445 4065 2537 4122 lib.
2579 4082 2602 4123 ι
2627 4067 2696 4126 de
2734 4067 2892 4124 Civit.
2930 4067 3057 4133 Dei,
3095 4083 3216 4138 cap.
3255 4071 3316 4123 lt
3374 4081 3386 4117 ε
3419 4069 3566 4124 Mala

1966 4151 2108 4191 mors
2126 4137 2377 4207 putanda
2395 4152 2503 4190 non
2522 4143 2620 4200 est,
2643 4153 2809 4206 quam
2823 4139 2958 4192 bona
2975 4141 3088 4192 vita
3105 4137 3451 4207 praeessent.
3469 4141 3569 4195 Ne-

1965 4223 2066 4275 que
2091 4209 2233 4262 enim
2249 4209 2388 4276 facit
2408 4207 2610 4279 malam
2619 4212 2860 4269 mortem,
2874 4210 2986 4262 nisi
3001 4208 3144 4278 quod
3162 4211 3408 4279 sequitur
3423 4226 3569 4264 mor-

1965 4281 2088 4334 tem.
2121 4280 2252 4336 Cum
2299 4280 2475 4347 igitur
2512 4278 2809 4334 Christiani
2841 4282 3078 4335 noverint
3118 4278 3566 4348 longe‘meliorem

1964 4349 2136 4420 [uisse
2147 4351 2364 4419 religios
2370 4351 2391 4402 i
2393 4351 2647 4419 pauperis
2662 4354 2880 4404 mortem
2889 4351 3034 4405 inter
3050 4350 3565 4420 lingentiumcanum

1964 4419 2207 4494 linguas“,
2230 4436 2398 4492 quam
2424 4421 2583 4491 impii
2605 4420 2792 4476 divitis
2814 4423 2872 4494 in
2885 4419 3210 4493 purpuraet
3231 4424 3404 4494 bysso,
3437 4426 3561 4482 hor-

1960 4492 2131 4568 renda
2146 4493 2246 4568 illa
2265 4507 2462 4568 genera
2475 4494 2725 4568 mortium
2739 4493 2875 4568 quid
2892 4492 3117 4550 mortuis
3132 4492 3444 4568 obfuerunt,
3465 4500 3566 4568 qui

1965 4561 2410 4639 beneuimerunt?
2439 4561 2767 4620 Lactamtius
2784 4563 2875 4622 lib.
2910 4561 3262 4639 mplnstitut.
3293 4561 3516 4639 cap.'1'9
3545 4589 3558 4624 :

327 4649 359 4675 ⁸
389 4634 566 4695 Verba
593 4647 722 4696 sunt
746 4639 1056 4696 Salomonis
1079 4634 1244 4695 Pro—v.
1278 4653 1378 4705 In,
1407 4653 1529 4709 qua:
1557 4653 1709 4694 more
1745 4652 1848 4694 suo
1875 4687 1924 4709 τι
1960 4634 2024 4690 Si
2044 4637 2282 4709 quisnos
2299 4639 2454 4704 roget
2473 4640 2723 4709 utrumne
2736 4650 2877 4709 mors
2900 4639 2974 4692 sit
2997 4637 3211 4698 bonum,
3225 4653 3299 4692 an
3316 4634 3562 4709 malum?

248 4687 1217 4789 castitatis;satagimus
1230 4687 1846 4789 agaiiaaagatﬁ:
1874 4687 1926 4750 D
1953 4687 2715 4789 aestimetaestimat»;
2734 4687 3297 4789 annisannis

246 4795 391 4854 quae
399 4779 630 4854 tamenn
644 4782 872 4853 Vulgata
890 4779 1138 4837 versione
1156 4795 1271 4841 non
1287 4779 1688 4854 discrepat,nisi
1709 4779 1767 4833 in
1785 4795 1852 4835 eo

248 4849 697 4924 duodrsequitur
726 4849 1006 4922 {ﬂagellat
1031 4856 1211 4907 autem
1245 4849 1660 4924 omnem'ﬁlium
1695 4866 1853 4924 quem

251 4921 464 4992 recipit
487 4940 504 4975 :
526 4921 634 4979 Pro
651 4921 777 4994 quo
793 4923 1166 4994 Hieronymus
1193 4938 1256 4978 ex
1291 4922 1522 4978 Hebraeo
1546 4921 1624 4976 sic
1651 4921 1812 4976 vertit
1837 4939 1850 4975 :

249 4997 334 5050 Et
381 4995 544 5064 quasi
569 5001 727 5066 pater
769 4997 830 5050 in
863 4995 972 5066 ﬁlio
1013 4995 1299 5066 complacet
1339 4995 1463 5048 sibi.
1505 4994 1640 5066 Qua:
1671 4999 1855 5046 tamen

247 5063 491 5121 sensum
529 5063 924 5122 reddunt/non
974 5063 1142 5121 valde
1163 5063 1440 5134 diversum
1476 5063 1546 5119 ab
1580 5077 1654 5134 eo
1686 5077 1854 5134 quem

249 5135 433 5192 LXX
457 5145 858 5207 expresserunt.
888 5139 1092 5207 Parum
1120 5135 1264 5207 enim
1287 5133 1548 5207 differunt
1576 5149 1591 5187 :
1621 5132 1861 5205 ﬂagellat

250 5221 492 5280 omnem
529 5205 727 5280 tilium
757 5223 925 5280 quem
956 5206 1190 5280 recipit
1220 5213 1278 5263 et
1311 5205 1560 5277 castigat,
1586 5211 1673 5280 _ut
1707 5211 1860 5276 pater

247 5276 445 5352 filiuni
460 5277 515 5334 in
534 5293 645 5351 quo
667 5274 1110 5352 sibi'complacet',
1136 5275 1196 5334 id
1210 5285 1310 5344 est,
1332 5274 1669 5352 quemvalde
1685 5274 1854 5330 amat.

249 5348 625 5423 Similiasu'nt
636 5349 806 5423 verba
821 5348 1026 5423 Moysis
1033 5353 1256 5423 Denter.
1273 5362 1411 5417 vm,
1425 5348 1856 5423 ubi,_postqua_lp

251 5421 608 5493 meminisset
651 5419 1010 5493 afﬂictionum
1047 5419 1231 5493 populi
1275 5419 1593 5493 Israelitici',
1625 5419 1734 5475 ait:
1787 5421 1858 5476 Ut

255 5491 518 5558 recogites
545 5495 606 5547 in
639 5492 799 5548 corde
837 5498 928 5549 tuo
954 5491 1086 5564 quia
1112 5491 1252 5548 sicut
1277 5491 1456 5546 erudit
1481 5491 1654 5560 ﬁlium
1699 5506 1857 5546 suum

253 5559 447 5620 Immo,
476 5566 550 5618 sic
568 5567 828 5620 Dominus
847 5567 984 5620 Deus
1008 5571 1131 5620 tuus
1151 5563 1387 5620 erudivit
1411 5568 1480 5620 te.
1503 5567 1566 5616 ut
1592 5562 1858 5616 custodias

247 5630 523 5688 mandata
547 5637 766 5692 Domini
781 5637 880 5690 Dei
906 5638 1008 5699 tui,
1037 5643 1138 5691 etc.
1177 5637 1245 5690 Et
1271 5634 1533 5690 Proverb.
1561 5647 1680 5690 xm
1711 5651 1724 5686 :
1755 5633 1862 5700 Qui

245 5705 448 5776 parcit
488 5707 673 5776 virgae,
719 5707 836 5762 odit
885 5709 1056 5776 ﬁlium
1100 5721 1283 5770 suum;
1309 5707 1426 5776 qui
1461 5709 1642 5761 autem
1678 5705 1861 5776 diligit

247 5775 442 5843 illum,
485 5775 752 5834 instanter
791 5775 1012 5834 erudit:
1051 5777 1161 5836 Ubi
1192 5775 1409 5834 erudire
1447 5791 1547 5846 pro
1593 5775 1862 5846 castigare

246 5846 694 5921 mmitur,_sicut
715 5847 1000 5921 disciplina
1027 5863 1126 5920 pro
1150 5845 1520 5919 castigatione,
1556 5855 1623 5904 ut
1647 5845 1864 5903 dictum

248 5924 370 5976 est.
401 5919 650 5992 Denique
679 5919 872 5992 Apoc;
894 5933 972 5976 ιιι
1005 5919 1161 5987 {Ego
1191 5933 1322 5988 quos
1362 5934 1482 5975 amo
1503 5933 1672 5987 arguo
1699 5921 1752 5974 et
1778 5931 1864 5994 σαεξ

1959 4779 2096 4834 Nam
2121 4780 2258 4833 sicut
2282 4781 2395 4832 vita
2421 4779 2542 4845 ipsa
2571 4777 2762 4832 bonum
2791 4780 2888 4838 est,
2908 4779 2960 4831 si
2981 4792 3100 4831 cum
3117 4777 3320 4829 virtute
3335 4777 3558 4838 vivitur,

1959 4849 2162 4903 malum
2183 4851 2234 4902 si
2251 4863 2370 4902 cum
2401 4847 2625 4909 scelere;
2665 4849 2747 4900 ita
2773 4849 2822 4898 et
2849 4861 2990 4898 mors
3029 4859 3098 4898 ea:
3116 4845 3413 4914 prwteritis
3436 4847 3564 4900 vitae

1947 4920 2164 4973 actibus
2175 4916 2530 4986 ponderanda
2543 4920 2639 4970 est.
2658 4918 2746 4970 Ita
2760 4917 2823 4982 ﬁt
2839 4918 2901 4968 ut
2919 4916 2971 4968 si
2985 4915 3100 4968 vita
3117 4916 3176 4969 in
3191 4917 3291 4970 Dei
3305 4917 3565 4986 religione

1961 4992 2236 5044 transacta
2261 4989 2355 5054 sit,
2379 5000 2522 5040 mors
2549 4986 2752 5040 malum
2773 4999 2878 5038 non
2905 4986 2997 5048 sit,
3035 4989 3170 5055 quia
3191 4989 3460 5044 translata
3486 4994 3565 5046 est

1961 5060 2036 5114 ad
2063 5057 2560 5139 immortalitatem;
2597 5057 2682 5111 sin
2700 5056 3211 5139 aliter,_malum__si_t
3232 5074 3437 5139 necesse
3463 5067 3562 5139 est,

1961 5131 2215 5201 quoniam
2242 5127 2317 5182 ad
2343 5132 2544 5182 aeterna
2567 5127 2839 5200 supplicia
2880 5131 3200 5185 transmittit
3230 5131 3372 5200 (Luc.
3407 5136 3559 5198 xvr).

2031 5188 2059 5233 ἀ
2089 5200 2204 5281 εἰς.
2230 5197 2360 5281 legit
2397 5197 2566 5281 etiam
2599 5199 2976 5281 .huncnlocum
3021 5203 3108 5281 D._
3141 5201 3566 5281 Augustinusiu

1963 5268 2404 5344 annotationibus
2446 5269 2502 5344 in
2531 5268 2636 5326 Job
2682 5289 2696 5325 :
2739 5272 2914 5344 Mors,
2943 5271 3118 5343 inquit
3137 5312 3152 5340 ,
3179 5268 3296 5328 viro
3331 5277 3564 5344 requies,

1963 5344 2116 5414 cujus
2137 5341 2585 5418 vitaabseondita
2605 5347 2702 5398 est.
2730 5343 2829 5397 Vel
2848 5341 3180 5418 quiacoram
3203 5341 3419 5410 Deo,vel
3427 5350 3566 5418 quia

1957 5417 2146 5486 paucis
2171 5417 2320 5470 nota.
2349 5416 2424 5488 De
2451 5429 2656 5488 cepero
2691 5419 2858 5470 morte
2873 5416 3260 5488 accipiendum,
3284 5432 3386 5486 per
3405 5416 3566 5488 quam

1963 5483 2220 5542 morimur
2242 5485 2462 5540 mundo.
2492 5485 2626 5540 Haec
2655 5483 3013 5556 Augustinus.
3039 5489 3100 5540 In
3123 5483 3356 5556 Vulgata
3379 5483 3567 5544 autem

1965 5557 2206 5628 editione
2235 5571 2342 5612 non
2384 5555 2640 5628 leguntur
2666 5554 2754 5628 illa
2780 5555 2960 5628 verba,
3003 5571 3146 5628 mors
3185 5554 3299 5628 uiro
3332 5561 3564 5628 requies,

1964 5627 2064 5684 sed
2095 5629 2211 5684 haec
2231 5623 2644 5691 tantummodo,
2668 5626 2782 5680 viro
2813 5625 2965 5691 cuius
2983 5627 3298 5684 abscondita
3339 5623 3421 5686 est
3437 5633 3557 5686 via.

1967 5701 2115 5756 Sicut
2134 5699 2191 5754 in
2217 5689 2494 5770 Graecoe?)
2523 5689 2979 5770 iiébbtinaxpﬁn.
3010 5697 3173 5756 Unde
3197 5707 3347 5770 patet
3375 5715 3568 5758 vocem

1904 5835 1910 5841 ,
1957 5771 2108 5842 justo
2129 5767 2586 5842 esseaddititiam,
2612 5776 2668 5825 et
2687 5767 2978 5841 legendum
3003 5786 3019 5824 :
3049 5767 3324 5840 cujus—via
3355 5772 3574 5828 abscon-

1968 5838 2090 5898 dita
2110 5845 2207 5907 est,
2236 5855 2350 5898 non
2375 5838 2510 5918 vita.
