4024 6208
406 370 508 431 ess
1479 359 1761 417 JOANNIS
1797 346 2097 415 CASSIANI
2134 348 2620 414 COLLATIONES.
3603 345 3707 406 ese

402 504 495 561 sed
525 502 601 559 illi
630 497 845 573 proﬁcit
866 492 933 553 ad
960 484 1269 550 mercedem
1296 488 1387 561 qui
1423 488 1573 543 illata
1602 486 1705 542 sibi
1741 485 2006 558 patienter
2032 488 2087 550 Α
2112 486 2342 552 famam,
2371 487 2433 537 ut
2467 482 2765 536 seductores
2807 482 2859 533 et
2890 490 3095 532 veraces
3108 493 3142 573 ςΔ
3171 480 3233 531 ut
3268 477 3467 537 tristes,

401 600 630 670 excepit.
657 593 892 664 Ideoque
917 597 972 645 et
999 588 1086 642 hic
1112 585 1305 640 merito
1321 582 1572 653 punietur
1593 596 1690 651 pro
1710 579 1997 635 crudelita-

403 694 471 747 tis
488 688 717 749 savitia,
746 702 853 756 qua
877 682 1084 737 malum
1119 677 1286 733 voluit
1322 675 1542 741 inferre,
1583 682 1638 729 et
1680 673 1764 729 ille
1799 672 2001 728 nihilo-

404 785 584 838 minus
612 779 746 833 nihil
787 775 913 831 mali
949 785 1236 846 perpessus
1264 778 1366 835 est,
1411 768 1555 840 quia,
1596 768 1799 823 virtute
1834 766 2001 822 animi

403 877 489 931 sui
517 874 781 945 patienter
816 867 1141 924 tentationes
1186 864 1510 934 doloresque
1559 869 1892 926 sustentans,
1938 874 2002 914 ea

406 982 529 1039 qua
553 966 698 1021 malo
722 962 1006 1035 proposito
1031 959 1176 1016 illata
1199 966 1347 1024 sunt,
1373 956 1439 1012 ad
1468 952 1777 1027 profectum
1803 952 2006 1009 melio-

406 1061 479 1117 ris
515 1067 687 1116 status
727 1063 780 1115 et
821 1066 1049 1115 aeterna
1087 1054 1214 1109 vita
1246 1050 1376 1108 fecit
1414 1047 1807 1107 beatitudinem
1846 1044 2008 1120 perti-

405 1168 554 1210 nere.

1019 1251 1259 1307 CAPUT
1298 1250 1398 1305 IX.

408 1365 728 1433 Exemplum
770 1362 911 1416 beati
954 1362 1047 1417 Job
1087 1379 1123 1414 a
1159 1362 1371 1415 diabolo
1404 1361 1613 1421 tentati,
1649 1363 1699 1412 et
1734 1359 1950 1412 Domini
1969 1373 2009 1433 _a

479 1430 618 1492 Juda
638 1435 865 1496 traditi;
897 1438 948 1487 et
975 1434 1116 1503 quod
1131 1433 1282 1499 justo
1312 1436 1424 1487 tam
1437 1446 1699 1503 prospera
1723 1446 1890 1501 quam
1910 1430 2009 1483 ad-

479 1522 635 1561 uersa
657 1508 943 1575 proﬁciant
966 1505 1039 1559 ad
1060 1505 1311 1558 salutem.

480 1621 669 1688 Neque
705 1616 855 1671 enim
902 1624 927 1650 ι
968 1613 1224 1685 patientia
1259 1612 1366 1667 Job
1403 1610 1712 1667 mercedem
1753 1610 2005 1673 diabolo,

409 1712 503 1783 qui
534 1726 663 1766 eum
693 1708 1044 1765 illustriorem
1071 1707 1182 1763 suis
1212 1704 1604 1761 tentationibus
1626 1703 1884 1771 reddidit,
1913 1702 2009 1759 sed

409 1806 486 1862 illi
522 1806 624 1877 ipsi
668 1804 763 1876 qui
802 1819 894 1859 eas
940 1802 1159 1858 viriliter
1194 1800 1442 1872 pertulit,
1481 1797 1792 1870 acquisivit;
1840 1791 1869 1830 ¹³
1910 1814 2011 1853 nec

2107 584 2283 634 autem
2323 578 2639 647 gaudentes;
2685 578 2748 629 ut
2778 576 2987 641 egentes
3031 570 3222 625 multos
3253 573 3436 623 autem
3486 567 3709 638 locuple-

2110 676 2285 726 tantes
2312 672 2398 737 (ll
2431 670 2548 725 Cor.
2590 667 2713 739 vr),
2753 676 2860 722 etc.
2907 663 3077 721 Omni
3121 677 3251 734 ergo
3295 675 3420 733 qua
3454 676 3710 733 prospera

2108 771 2451 836 reputantur,
2477 771 2531 817 et
2558 761 2765 818 dextra
2802 759 3057 815 dicuntur
3105 756 3292 828 partis,
3316 769 3440 826 qua
3491 763 3715 812 sanctus

2112 862 2406 933 Apostolus
2433 859 2618 932 gloria
2642 865 2695 913 et
2726 854 2886 913 bona
2931 855 3095 912 fama:
3142 851 3409 909 vocabulo
3455 852 3706 925 designa-

2113 957 2209 1026 vit,
2230 956 2319 1012 illa
2354 955 2519 1012 etiam
2563 969 2686 1026 qua
2722 952 3119 1009 existimantur
3159 947 3408 1015 adversa,
3454 963 3578 1019 qua
3617 964 3710 1020 per

2114 1050 2509 1124 ignobilitatem
2535 1056 2589 1103 et
2616 1045 2895 1102 infamiam
2923 1043 3201 1100 evidenter
3232 1043 3514 1113 expressit,
3553 1057 3709 1112 qua-

2113 1159 2221 1215 que
2243 1160 2274 1199 a
2302 1141 2533 1199 sinistris
2561 1156 2679 1197 esse
2719 1137 2994 1205 describit,
3041 1136 3351 1192 etiiciuntur
3376 1134 3490 1191 viro
3531 1136 3710 1207 perfe-

2112 1240 2201 1287 cto
2226 1246 2375 1288 arma
2397 1231 2644 1304 justitia,
2670 1229 2715 1285 si
2742 1228 2894 1284 illata
2917 1225 3017 1282 sibi
3056 1224 3481 1297 magnanimiter
3497 1233 3711 1281 susten-

2112 1326 2326 1393 taverit,
2369 1325 2518 1398 quod
2561 1323 2814 1381 videlicet
2852 1337 2951 1393 par
2991 1319 3109 1376 hac
3151 1319 3439 1386 dimicans,
3503 1327 3559 1374 et
3597 1319 3713 1376 istis

2112 1420 2242 1493 ipsis
2299 1419 2498 1493 quibus
2545 1416 2857 1490 impugnari
2917 1421 3156 1487 putatur,
3205 1422 3496 1486 tamquam
3548 1413 3714 1469 armis

2114 1512 2340 1582 utendo,
2365 1513 2552 1583 eisque
2604 1509 2751 1567 velut
2789 1523 2919 1565 arcu
2962 1514 3018 1562 et
3058 1504 3235 1577 gladio
3277 1512 3543 1577 scutoque
3585 1506 3713 1561 vali-

2114 1607 2346 1664 dissimo
2374 1614 2567 1662 contra
2594 1605 2718 1660 illos
2749 1603 2843 1675 qui
2870 1601 2990 1657 hac
3032 1600 3285 1672 ingerunt
3321 1600 3713 1666 communitus,

2117 1698 2420 1772 profectum
2445 1713 2561 1756 sua
2585 1697 2857 1770 patientia
2874 1710 2939 1751 ac
2962 1694 3177 1750 virtutis
3199 1693 3466 1765 acquirat,
3513 1694 3718 1767 glorio-

2115 1794 2399 1874 sissimum
2416 1791 2743 1849 constantia
2770 1786 3116 1860 triumphum
3145 1787 3373 1857 exiipsis
3398 1803 3519 1858 qua
3536 1786 3718 1843 letha-

410 1895 579 1951 Judas
625 1892 812 1950 atemi
858 1891 1106 1963 supplicii
1143 1889 1489 1946 immunitate
1536 1886 1851 1951 donabitur,
1886 1886 2010 1957 quia
2040 1905 2089 1967 Β
2117 1890 2236 1947 liter
2258 1888 2565 1945 inferuntur
2584 1886 2803 1959 capiens
2833 1883 3083 1940 hostium
3107 1882 3263 1951 telis;
3303 1897 3397 1938 nec
3433 1884 3718 1955 prosperis

410 1987 652 2061 proditio
693 1987 810 2059 ejus
836 1985 919 2054 :ad
948 1986 1178 2041 salutem
1226 1982 1439 2056 generis
1485 1979 1712 2053 profecit
1759 1978 2007 2035 humani.

412 2087 538 2139 Non
579 2082 728 2137 enim
767 2087 1064 2151 proventus
1097 2073 1523 2133 considerandus
1546 2082 1632 2128 est
1674 2072 1883 2143 operis,
1912 2071 2011 2128 sed

410 2175 685 2246 operantis
728 2171 977 2227 affectus.
1017 2173 1363 2240 Quapropter
1397 2166 1515 2222 hac
1560 2165 1725 2222 debet
1746 2166 1801 2220 in
1848 2165 2011 2221 nobis

407 2266 656 2324 deﬁnitio
687 2263 1042 2319 immobiliter
1075 2260 1338 2317 custodiri
1386 2259 1534 2330 quod
1574 2259 1706 2316 nulli
1738 2268 1760 2295 °
1802 2260 2011 2316 malum

408 2360 478 2415 ab
508 2359 614 2415 alio
637 2357 806 2430 possit
844 2354 1197 2424 inferri,‘nisi
1228 2354 1323 2425 qui
1359 2353 1493 2411 illud
1527 2353 1732 2426 ignavis
1769 2354 1852 2410 sui
1881 2370 2010 2410 cor-

409 2452 493 2508 dis
547 2468 611 2507 ac
664 2449 1108 2523 pusillanimitate
1160 2447 1514 2515 contraxerit,
1566 2446 1707 2503 hanc
1757 2446 2008 2503 eamdem

409 2538 735 2604 sententiam
758 2546 917 2603 beato
947 2543 1215 2616 Apostolo
1239 2559 1349 2599 uno
1378 2541 1652 2598 versiculo
1672 2541 2010 2598 continuan-

408 2650 463 2697 te
490 2661 502 2696 :
529 2643 733 2698 Scimus
753 2645 935 2695 autem
962 2641 1221 2709 quoniam
1245 2638 1596 2708 diligentibus
1630 2641 1797 2693 Deum
1833 2640 2012 2692 omnia

408 2741 757 2807 cooperantur
780 2736 849 2791 ab
902 2736 1094 2789 bonum
1140 2736 1322 2801 (Rom.
1373 2732 1546 2803 vm).
1592 2731 1791 2788 Dicens
1825 2731 2010 2800 enim,

409 2834 589 2887 omnia
622 2834 970 2903 cooperantur
1008 2830 1077 2883 ab
1112 2830 1325 2891 bonum,
1370 2827 1620 2882 universa
1660 2841 1773 2880 non
1827 2825 2012 2881 solum

409 2942 535 2997 qua
560 2942 839 2997 prospera,
878 2938 1072 2979 verum
1115 2922 1285 2977 etiam
1331 2936 1455 2991 qua
1495 2927 1754 2990 putantur
1789 2918 2013 2973 adversa

410 3018 610 3088 pariter
639 3013 1076 3087 comprehendit.
1116 3015 1219 3067 Per
1256 3027 1380 3081 qua
1409 3020 1465 3065 et
1487 3011 1544 3065 in
1563 3009 1671 3065 alio
1701 3009 1819 3065 loco
1867 3009 2013 3066 idem

2116 1984 2399 2041 dumtaxat
2433 1982 2627 2045 elatus,
2662 1995 2763 2036 nec
2801 1978 3047 2050 dejectus
3084 1975 3345 2042 adversis,
3381 1976 3476 2032 sed
3512 1976 3723 2033 itinere

2117 2078 2279 2150 plano
2302 2093 2365 2133 ac
2417 2077 2503 2134 via
2538 2074 2682 2147 regia
2730 2087 2948 2144 semper
2988 2069 3269 2138 incedens,
3314 2070 3384 2125 ab
3427 2069 3519 2125 illo
3562 2078 3724 2126 tran-

2118 2171 2401 2242 quillitatis
2454 2177 2596 2225 statu
2643 2180 2992 2239 nequaquam
3040 2163 3226 2221 latitia
3290 2163 3722 2235 superveniente,

2118 2265 2274 2337 quasi
2305 2265 2362 2320 in
2385 2262 2632 2319 dextram
2674 2268 2877 2326 motus,
2908 2273 3012 2315 nec
3048 2257 3422 2330 ingruentibus
3460 2256 3721 2326 adversis,

2115 2357 2436 2430 tristitiaque
2475 2355 2815 2421 dominante,
2847 2354 2993 2409 velut
3023 2350 3093 2408 ad
3140 2351 3335 2408 lavam
3377 2364 3568 2406 rursus
3607 2350 3727 2405 im-

2118 2452 2323 2523 pulsus.
2358 2454 2472 2507 Pam
2498 2448 2645 2505 enim
2667 2450 2839 2504 multa
2864 2447 3213 2517 diligentibus
3250 2462 3447 2501 nomen
3491 2450 3637 2501 tuum
3667 2451 3725 2501 et

2115 2563 2221 2601 non
2248 2549 2326 2601 est
2347 2546 2459 2601 illis
2475 2533 2793 2599 scandalum
2816 2542 3043 2613 (Psalm.
3074 2540 3324 2611 cxvm).
3356 2542 3441 2595 De
3467 2539 3574 2596 illis
3591 2555 3727 2595 vero

2116 2640 2211 2713 qui
2242 2654 2336 2711 per
2361 2637 2604 2709 singulos
2623 2636 2964 2693 incurrentes
2992 2649 3151 2691 casus
3183 2649 3284 2706 pro
3319 2649 3516 2689 eorum
3552 2632 3728 2705 quali-

2118 2740 2229 2790 tate
2253 2749 2317 2789 ac
2340 2734 2596 2789 varietate
2621 2739 2921 2797 mutantur,
2945 2730 3019 2786 ita
3041 2729 3243 2785 dicitur
3265 2747 3278 2783 :
3301 2729 3517 2784 Stultus
3541 2732 3729 2783 mrtem

2116 2830 2253 2881 sicut
2271 2828 2401 2881 luna
2424 2831 2670 2881 mutatur
2687 2824 2856 2897 (Eccl.
2873 2839 3046 2880 xxvn
3064 2824 3103 2895 ).
3117 2824 3198 2879 Ut
3215 2823 3364 2878 enim
3378 2822 3449 2878 de
3468 2821 3732 2894 perfectis

2120 2920 2448 2992 sapientibus
2477 2919 2678 2975 dicitur
2720 2938 2733 2973 :
2762 2918 3118 2987 Diligentibus
3145 2921 3313 2973 Deum
3326 2920 3509 2971 omnia
3546 2932 3736 2988 coope-

2121 3018 2318 3068 rantur
2349 3014 2421 3068 ad
2464 3014 2675 3077 bonum,
2722 3013 2795 3068 ita
2841 3011 2909 3068 de
2945 3010 3181 3067 inﬁrmis
3227 3009 3610 3082 pronuntiatur
3662 3026 3734 3066 ac

411 3108 704 3179 Apostolus
733 3120 792 3163 se
815 3104 1078 3161 transisse
1103 3104 1382 3172 describit,
1408 3118 1535 3159 cum
1577 3102 1748 3158 dicit:
1789 3106 1894 3159 Per
1923 3119 2021 3158 (ω’-ι
2120 3105 2368 3172 εῐυὶῐίε,ί¹
2410 3108 2604 3164 Omnia
2644 3108 2873 3162 aduersa
2915 3108 3031 3160 viro
3076 3107 3386 3175 insipienti;
3412 3106 3526 3160 'nec
3574 3103 3733 3161 enim

408 3217 498 3255 ma
515 3200 751 3270 justitice
777 3215 897 3269 qua:
920 3214 954 3251 a
980 3198 1189 3252 dextris
1218 3202 1343 3252 sunt
1383 3201 1434 3252 et
1460 3213 1495 3251 a
1524 3198 1785 3260 sinistris,
1814 3195 1868 3252 id
1909 3202 2010 3262 est,

2120 3201 2392 3273 prosperis
2417 3201 2578 3257 rebus
2630 3199 2879 3272 proﬁcit,
2933 3214 3037 3255 nec
3088 3197 3410 3254 emendatur
3458 3197 3729 3253 adversis.

410 3313 507 3369 per
523 3295 753 3368 gloriam
780 3300 832 3353 et
849 3295 1267 3367 ignobilitatem,
1299 3310 1398 3366 per
1423 3295 1715 3363 infamiam
1744 3297 1795 3348 et
1824 3294 2013 3349 bonam
2044 3282 2090 3346 C
2122 3295 2383 3367 Ejusdem
2413 3309 2648 3367 namque
2676 3293 2888 3351 virtutis
2906 3301 2989 3350 est
3023 3292 3197 3350 tristia
3226 3290 3440 3349 fortiter
3464 3292 3731 3363 tolerare,

1497 3439 1753 3494 ALARDI
1792 3439 2024 3494 GAZEI
2061 3439 2623 3496 COMMENTARIUS.

482 3579 508 3607 ³
547 3574 863 3630 Patientiam
891 3572 994 3645 Job
1031 3573 1245 3645 egregie
1284 3571 1543 3645 describit
1592 3575 1662 3626 D.
1711 3571 2010 3645 Cyprianus

410 3646 508 3702 lib.
544 3645 613 3701 de
645 3646 797 3699 bono
839 3644 1139 3705 Patientia,
1165 3642 1222 3698 ἐι
1260 3643 1688 3713 Chrysostomus
1716 3642 1908 3698 homil.
1938 3649 2009 3700 28

411 3718 466 3772 in
479 3717 723 3785 primam
752 3714 822 3771 ad
845 3714 1177 3771 Corinthios.

479 3781 505 3820 δ
528 3786 758 3842 Pulchre
785 3786 839 3842 id
859 3785 1097 3856 explicat
1120 3787 1186 3839 D.
1220 3784 1556 3855 Augustinus
1581 3784 1637 3839 in
1667 3784 2011 3841 enarratione

411 3858 603 3930 psalmi
627 3871 787 3913 xcm
810 3857 896 3913 his
916 3857 1094 3930 verbis
1125 3874 1139 3911 :
1167 3858 1228 3930 Si
1251 3856 1476 3930 traditio
1499 3857 1675 3930 Judce,
1698 3861 1749 3911 et
1769 3871 1880 3930 non
1905 3860 2012 3930 ira:

409 3926 806 3986 dentisanimus
834 3928 1250 3984 considerandus
1279 3932 1379 3996 est,
1403 3929 1497 3983 hoc
1525 3929 1652 3994 fecit
1676 3927 1845 3983 Iudas
1865 3926 2011 3996 quod

409 4005 541 4069 fecit
554 4006 694 4058 Deus
710 4003 886 4063 Pater,
904 4001 970 4054 de
986 4016 1090 4070 quo
1103 4003 1363 4070 scriptum
1376 4004 1453 4053 est
1468 4017 1483 4052 :
1496 4000 1631 4066 Quia
1642 4001 1865 4069 proprio
1875 3999 2012 4053 Filio

410 4089 517 4128 non
543 4074 804 4143 pepercit,
847 4071 941 4125 sed
973 4086 1072 4142 pro
1109 4073 1263 4126 nobis
1303 4071 1546 4143 omnibus
1592 4070 1825 4125 tradidit
1852 4070 2011 4124 illum

411 4141 583 4208 (Rom.
602 4141 753 4211 vin).
778 4146 884 4198 Hoc
911 4141 1042 4211 fecit
1055 4144 1246 4210 Iudas,
1282 4141 1426 4211 quod
1464 4144 1593 4209 fecit
1617 4143 1730 4211 ipse
1752 4142 2011 4198 Dominus

412 4215 679 4275 Christus,
711 4215 777 4267 de
810 4231 913 4282 quo
944 4217 1206 4285 scriptum
1224 4221 1301 4268 est
1330 4232 1345 4267 :
1383 4215 1488 4280 Qui
1512 4215 1744 4285 serpsum
1780 4211 2015 4285 tradidit

410 4300 511 4351 pro
532 4286 685 4339 nobis
708 4285 1023 4338 oblationem
1048 4283 1099 4339 et
1123 4287 1352 4339 hostiam
1371 4288 1474 4339 Deo
1502 4286 1560 4335 in
1586 4284 1799 4338 odorem
1826 4283 2011 4337 suavi-

414 4356 563 4407 tatis.
590 4357 661 4408 Et
676 4356 869 4406 iterum
898 4374 910 4407 :
942 4356 1181 4410 Christus
1208 4356 1405 4408 dilexit
1431 4355 1719 4410 Ecclesiam
1748 4369 1921 4415 suam,
1963 4355 2013 4405 et

411 4426 645 4490 seipsum
675 4423 907 4475 tradidit
924 4439 1026 4493 pro
1055 4440 1117 4476 ea
1148 4426 1369 4493 (Ephes.
1402 4424 1479 4493 v).
1509 4428 1580 4478 Et
1602 4430 1779 4479 tamen
1805 4425 2013 4493 gratias

413 4495 630 4559 agimus
659 4494 971 4571 Deo.Patri,
998 4496 1094 4560 qui
1121 4496 1279 4546 unico
1302 4495 1447 4573 “Filio
1478 4508 1573 4547 suo
1602 4511 1706 4549 non
1748 4494 2009 4564 pepercit,

412 4562 507 4616 sed
529 4577 632 4632 pro
659 4562 809 4614 nobis
829 4563 1070 4616 omnibus
1099 4563 1333 4616 tradidit
1348 4564 1503 4615 illum
1526 4582 1541 4628 ;
1569 4568 1782 4631 gratias
1801 4567 2014 4633 agimus

414 4604 702 4703 ipsili’ilio,
732 4634 829 4701 qui
857 4636 1089 4704 seipsum
1109 4633 1344 4688 tradidit
1357 4649 1459 4704 pro
1483 4604 1656 4697 nobis,
1677 4640 1728 4689 et
1750 4638 1807 4688 in
1833 4604 1889 4689 ἕο
1916 4650 2012 4688 uo-

414 4706 674 4760 luntatem
707 4706 890 4760 Patris
922 4706 1164 4775 implevit
1204 4724 1217 4757 :
1250 4709 1302 4759 et
1328 4705 1656 4759 detestamur
1695 4706 1914 4768 Judam,
1948 4705 2015 4759 de

412 4779 565 4847 cujus
588 4778 735 4845 facto
754 4780 968 4831 tantum
995 4777 1142 4831 nobis
1164 4777 1469 4845 bene/icium
1492 4778 1754 4846 praestitit
1780 4781 1940 4839 Deus,
1967 4779 2018 4830 et

413 4854 550 4903 recte
569 4850 795 4902 dicimus
818 4867 834 4901 :
857 4848 1111 4905 Reddidit
1137 4850 1188 4903 ei
1214 4850 1471 4902 Dominus
1493 4849 1782 4903 secundum
1818 4850 2019 4918 iniqui-

414 4924 582 4971 tatem
625 4920 759 4987 ejus,
808 4925 860 4974 et
898 4922 1187 4975 secundum
1224 4920 1493 4974 malitiam
1530 4921 1643 4990 ejus
1678 4920 2010 4990 disperdidit

414 5005 553 5042 eum.
594 4991 711 5045 Non
730 4992 873 5043 enim
899 4993 989 5044 ille
1013 5008 1110 5060 pro
1134 4991 1285 5045 nobis
1321 4992 1561 5046 tradidit
1596 4993 1883 5054 Christum,
1915 4990 2009 5045 sed

412 5075 511 5128 pro
527 5064 745 5128 argento
759 5075 863 5128 quo
882 5063 1128 5116 vendidit
1144 5078 1280 5127 eum,
1298 5065 1545 5131 quamvis
1560 5064 1787 5118 traditio
1812 5063 2015 5119 Christi

411 5134 485 5185 sit
507 5136 689 5186 nostra
726 5131 1037 5200 redemptio.
1058 5134 1147 5187 Sic
1168 5138 1216 5187 et
1234 5134 1336 5195 illi,
1349 5136 1444 5202 qui
1462 5139 1726 5203 martyres
1743 5135 2013 5203 persecuti

412 5206 560 5263 sunt,
596 5203 956 5271 persequendo
982 5205 1041 5256 in
1080 5208 1260 5266 terra,
1296 5206 1353 5257 in
1391 5206 1575 5259 calum
1614 5206 1931 5269 mittebant;
1961 5207 2012 5257 et

413 5274 634 5325 scientes
662 5273 882 5340 quidem
916 5276 1198 5342 praesentis
1230 5276 1353 5327 vita
1373 5276 1634 5329 damnum
1668 5276 2005 5341 inferebant.

412 5344 669 5396 necientes
692 5347 869 5397 autem
888 5345 1091 5409 futurae
1106 5347 1229 5398 vita:
1256 5346 1460 5400 lucrum
1474 5346 1836 5412 conferebant.
1869 5347 2009 5412 Qui-

412 5428 636 5496 cumque
645 5418 820 5497 tamen
824 5421 1291 5497 perseuerauerunt
1302 5432 1360 5469 in
1369 5416 1490 5470 odio
1498 5418 1579 5485 inj
1584 5420 1701 5469 usto
1702 5416 1973 5482 justorum
1988 5455 2006 5482 ,

411 5484 653 5538 reddidit
678 5501 751 5539 eis
769 5488 1022 5540 Dominus
1040 5488 1325 5541 secundum
1342 5488 1655 5555 iniquitates
1673 5488 1931 5555 ipsorum,
1958 5491 2009 5541 et

411 5557 700 5609 secundum
727 5557 992 5611 malitiam
1020 5574 1199 5611 eorum
1216 5557 1542 5627 disperdidit
1568 5573 1671 5611 eos.
1697 5559 1842 5613 Sicut
1868 5560 2008 5611 enim

414 5627 572 5679 malis
589 5628 733 5681 obest
752 5629 959 5698 bonitas
969 5628 1264 5697 justorum,
1289 5631 1366 5683 sic
1389 5629 1536 5698 bonis
1557 5629 1779 5698 prodest
1796 5631 2004 5698 iniqui-

413 5699 498 5749 tas
532 5698 842 5768 impiorum.
895 5697 1096 5768 Similis
1139 5698 1285 5768 apud
1309 5697 1519 5768 eodem
1558 5697 1722 5754 locus
1765 5708 1848 5755 est
1887 5697 2007 5754 tra-

412 5773 565 5837 ctatu,
584 5766 815 5837 septimo
851 5767 907 5820 in
954 5766 1190 5836 primani
1221 5767 1520 5837 Epistolam
1550 5770 1778 5825 Joannis
1805 5790 1817 5826 :
1846 5773 2007 5826 Facta

412 5842 509 5901 est,
553 5836 748 5907 inquit,
781 5838 1003 5891 traditio
1045 5854 1079 5909 a
1110 5836 1291 5898 Patre,
1334 5839 1484 5902 facta
1510 5845 1586 5894 est
1607 5858 1639 5893 a
1666 5842 1821 5903 Filio,
1851 5843 2003 5909 facta

412 5915 495 5965 est
515 5926 549 5964 a
561 5910 721 5966 Juda.
743 5909 884 5978 Quid
899 5924 1024 5979 ergo
1038 5908 1297 5964 discernis
1319 5910 1455 5965 inter
1470 5926 1551 5966 eos
1567 5916 1594 5967 ?
1611 5914 1746 5980 Quia
1769 5908 1861 5968 hoc
1877 5915 2008 5980 fecit

2115 3579 2292 3637 Pater,
2317 3581 2368 3629 et
2395 3576 2568 3631 Filius
2607 3576 2666 3628 in
2687 3574 2970 3638 charitate,
2997 3574 3167 3630 Judas
3209 3577 3268 3629 in
3290 3574 3617 3645 proditione.
3648 3578 3732 3631 Et

2116 3646 2394 3701 concludit
2424 3664 2436 3697 :
2470 3648 2697 3701 Diversa
2727 3661 2850 3715 ergo
2886 3648 3108 3701 intentio
3131 3648 3345 3701 diversa
3378 3649 3525 3713 facta
3554 3649 3719 3713 facit,

2116 3722 2435 3771 cumtamen
2471 3718 2545 3773 sit
2580 3732 2689 3771 una
2723 3732 2808 3773 res
2843 3734 2912 3773 ea:
2936 3718 3165 3774 diversis
3196 3718 3602 3773 intentionibus.
3634 3721 3726 3773 Ita

2116 3788 2468 3859 Augustinus.

2185 3846 2444 3931 {Malum
2486 3858 2705 3931 scilicet
2734 3859 2963 3929 peccati,
3010 3866 3074 3915 ut
3116 3858 3364 3931 superius
3409 3858 3721 3931 expressit,

2117 3929 2240 4000 quia
2276 3945 2461 3998 nemo,
2490 3930 2595 3986 nisi
2627 3928 2835 3998 vdlens,
2860 3939 3066 4002 peccat.
3095 3928 3395 3987 Est‘autem
3425 3928 3546 3987 hac
3572 3946 3722 4002 pra-

2116 4002 2257 4056 clara
2286 4002 2661 4074 SS.,Patrum,
2696 4002 2975 4074 speciatim
3011 4017 3141 4057 vero
3169 4005 3239 4057 D.
3277 4002 3508 4057 Joannis
3533 4002 3717 4074 Chry-

2116 4073 2345 4145 sostomi
2374 4072 2619 4145 doctrina
2648 4072 3055 4145 (Apophtheg.),
3099 4073 3255 4145 cujus
3288 4088 3455 4145 supra
3480 4072 3718 4144 (0012(4)

2117 4144 2453 4200 mentionem
2500 4142 2749 4207 fecimus,
2779 4142 2899 4198 licet
2928 4144 3097 4213 prima
3127 4142 3306 4199 fronte
3343 4142 3597 4200 videatur
3615 4160 3715 4215 pa-

2118 4215 2325 4286 radoxa
2374 4235 2386 4270 :
2432 4214 2874 4286 Nminemlcedi,
2904 4216 3013 4268 nisi
3042 4231 3079 4286 a
3116 4217 3414 4284 semetipso.
3466 4216 3531 4269 ιιι
3559 4214 3717 4286 cujus

2118 4285 2583 4341 conﬁrmationem
2626 4284 2837 4355 scripsit
2862 4285 3209 4355 peculiarem
3245 4294 3538 4341 tractatum
3587 4284 3715 4341 cum

2117 4355 2190 4428 in_
2211 4356 2400 4411 exsilio
2421 4372 2606 4426 agens,
2636 4363 2692 4428 et
2712 4354 2901 4409 multis
2941 4356 3206 4428 arumnis
3240 4371 3554 4428 oppressus,
3600 4365 3715 4428 tam

2118 4426 2357 4499 seipsum
2380 4426 2786 4499 quamamicos
2814 4426 3188 4499 consolaretur
3220 4446 3245 4499 :_
3263 4426 3571 4499 etquidem
3607 4427 3717 4483 bu-

2112 4495 2490 4566 jusmodi,'ut
2517 4496 2605 4552 hic
2644 4497 2787 4553 inter
2817 4505 2999 4553 tantos
3041 4498 3177 4553 tanti
3215 4495 3461 4554 doctoris
3500 4498 3718 4555 labores

2118 4567 2249 4640 satis
2288 4583 2422 4640 esse
2458 4569 2660 4640 possit,
2707 4567 2776 4624 ad
2821 4568 3289 4640 absolutissimum
3343 4569 3716 4626 Christianum

2120 4635 2549 4707 eftormandu'm,
2573 4649 2635 4713 _et
2649 4635 2956 4713 quemlibet
2981 4639 3343 4713 alﬁiction‘um
3366 4644 3567 4713 abysso
3589 4642 3721 4697 sub-

2123 4724 2366 4783 mersum
2401 4710 2770 4783 consolatione
2813 4710 3137 4782 erigendum
3178 4727 3242 4767 ac
3266 4710 3495 4783 spiritali
3524 4712 3717 4769 latitia

2125 4780 2558 4853 perfundendum
2582 4780 2862 4853 (Baronius
2898 4780 3036 4837 temo
3072 4786 3140 4845 γ.
3160 4780 3313 4838 anno
3331 4784 3533 4840 Christi
3560 4790 3715 4846 407).

2126 4852 2469 4928 Novissimus
2485 4852 2614 4909 sane
2638 4854 2772 4908 tanti
2802 4854 2990 4928 Patris
3001 4862 3215 4928 partus,
3246 4854 3477 4926 ideoque
3506 4855 3715 4928 dignis-

2114 4922 2303 4995 simus,
2330 4924 2420 4994 qui
2439 4938 2657 4995 semper
2674 4994 2677 4995 ν
2694 4939 2805 4995 pra
2844 4922 3101 4980 manibus
3125 4922 3407 4993 habeatur;
3437 4922 3713 4993 volvatur,

2117 4991 2392 5070 foveatur.
2425 4991 2597 5070 Porro
2638 4991 2813 5070 simile
2840 5004 3235 5070 argumentum
3260 4991 3479 5070 egregie
3506 4991 3714 5070 tracta?

2122 5064 2196 5119 vit
2241 5066 2465 5121 Boetius
2505 5066 2800 5122 Severinus
2842 5064 3050 5123 in'suo
3098 5066 3275 5123 libello
3295 5064 3715 5124 'de'Consolat.

2120 5135 2513 5219 Philosophica.
2561 5138 2638 5219 ΙιιΔ
2664 5152 2826 5219 quem
2863 5139 3525 5219 egstat__Commentarius
3545 5140 3721 5219 Ibo-

2120 5220 2224 5281 tna
2279 5207 2561 5281 cujusdam
2610 5207 2843 5281 Anglici,
2902 5212 2967 5265 D.
3019 5208 3246 5266 Thoma
3291 5211 3559 5281 Aquinati
3618 5215 3723 5276 (ut

2118 5277 2223 5333 hoc
2247 5277 2428 5352 obiter
2454 5277 2728 5352 moneam)
2757 5279 2894 5336 falso
2923 5281 3209 5352 ascriptus.
3235 5277 3379 5338 Cum
3396 5283 3545 5338 enim
3571 5283 3723 5337 inter

2118 5348 2408 5422 Anglicum
2431 5359 2488 5422 et
2514 5350 2832 5422 Angelicum
2871 5348 3083 5422 magna
3099 5360 3243 5408 esset
3272 5354 3424 5409 vocis
3450 5354 3721 5409 similitu-

2117 5418 2504 5490 do,’paulatim
2534 5418 2796 5477 effectum
2825 5432 2927 5489 est,
2953 5418 3032 5489 ut,
3064 5438 3159 5490 per
3186 5423 3449 5480 incuriam
3478 5434 3532 5479 et
3559 5440 3726 5480 erro-

2116 5504 2263 5556 rem,
2296 5490 2525 5547 Thoma
2563 5494 2770 5567 _Anglici
2791 5490 3249 5567 scriptathomaﬁ
3279 5495 3519 5567 Angelici
3546 5496 3724 5552 titulo

2483 5563 2575 5635 qui
2602 5563 2834 5622 Thoma
2870 5563 3128 5638 A'quinati
3153 5581 3186 5621 a
3214 5563 3484 5638 theolégis
3512 5568 3725 5625 merito

2113 5647 2239 5686 ἱΙῐῑιῚ
2246 5647 2442 5689 nuntur.

2138 5773 2149 5783 .
2183 5703 2210 5737 ἀ
2235 5704 2315 5759 Ita
2338 5719 2404 5760 ex
2435 5707 2632 5783 Graeco
2664 5707 2869 5783 :‘névta
2893 5705 3254 5783 Evavrlu'dvbpl
3279 5709 3474 5780 ἄφρενι.
3506 5713 3588 5783 At
3614 5711 3726 5783 La-

2111 5777 2256 5857 tinus
2282 5783 2337 5830 et
2380 5777 2635 5857 vulgatus
2682 5777 2953 5857 interpres
2998 5798 3011 5833 :
3057 5777 3412 5857 Filzodoloso
3436 5782 3583 5836 nihil
3611 5781 3725 5836 erit

2274 5861 2468 5927 :‘servo
2484 5845 2683 5927 autem
2721 5845 2953 5921 sapienti
2973 5856 3223 5922 prosperi
3244 5857 3402 5912 erunt
3441 5858 3618 5923 actus,
3659 5857 3728 5908 et

2112 5916 2383 5984 dirigetur
2406 5920 2495 5974 via
2521 5920 2657 5989 ejus.

3928 3654 3937 3843 l
