3982 6202
273 247 364 300 657

1214 241 1552 301 COLLATIO
1587 242 1684 300 Vl:
1719 271 1792 284 —
1827 243 1918 302 DE
1953 241 2130 300 NECE
2167 243 2605 302 SANCTORUM.

3451 249 3559 306 .658

269 369 414 442 cujus
439 369 606 426 etiam
639 368 883 429 secunda
924 367 1220 438 moderari,
1264 378 1476 428 etcum
1518 371 1612 442 qui
1648 370 1710 426 in
1738 385 1854 426 uno
1880 375 1934 436 Α
1964 369 2133 426 etiam
2183 370 2380 426 clarius
2427 371 2686 440 intuetur,
2727 387 2854 428 cum
2906 371 3180 429 efficacius
3224 371 3559 445 Spiritalibus

271 477 458 519 eorum
478 470 787 535 superatur,
817 470 1074 520 neutrum
1095 461 1327 520 sufferre
1349 463 1726 520 certissimum
1752 471 1854 519 est.

273 557 500 616 Facilius
535 565 718 612 tamen
758 557 886 630 quis
913 556 1038 614 elidi
1070 565 1250 630 potest
1277 561 1550 632 prosperis
1574 575 1742 632 quam
1770 559 1856 616 ad-

269 651 449 708 versis.
491 654 628 708 ch
659 651 804 706 enim
857 651 1134 708 interdum
1176 653 1346 710 etiam
1387 653 1584 710 invitos
1613 654 1857 710 retinent

265 751 424 818 atque
462 744 781 812 bumiliant,
811 751 866 802 et
909 747 1330 818 compunctione
1373 747 1728 804 saluberrima
1774 748 1855 803 vel

263 839 446 896 minus
475 855 700 912 peccare
721 839 950 911 faciunt,
971 842 1054 898 vel
1081 843 1410 908 emendant;
1441 843 1532 900 illa
1559 859 1687 900 vero
1711 843 1856 900 mol-

263 932 406 990 libus
430 941 677 991 mentem
709 949 773 990 ac
801 935 1118 1006 perniciosis
1146 937 1464 993 extollentia
1507 936 1854 994 blandimen—

264 1027 349 1096 tis,
399 1043 622 1084 securos
668 1027 940 1086 felicitatis
982 1045 1096 1088 sua:
1139 1038 1410 1104 proventu
1443 1031 1601 1088 ruina
1649 1031 1854 1103 majore

261 1128 634 1195 prosternunt.

901 1217 1142 1276 CAPUT
1191 1219 1266 1273 X.

449 1325 525 1379 De
546 1323 743 1378 virtute
768 1323 879 1375 viri
904 1322 1176 1391 perfecti,
1205 1323 1306 1390 qui
1325 1321 1663 1378 ambidexter

715 1394 896 1463 ﬁgura
913 1393 1032 1446 (iter
1065 1397 1423 1462 nuncupatur.

325 1499 420 1556 Isti
449 1506 580 1556 sunt
610 1513 740 1572 ergo
773 1500 865 1569 qui
902 1498 1200 1570 figuraliter
1234 1499 1290 1554 in
1326 1497 1622 1570 Seripturis
1647 1498 1851 1554 sanctis

258 1591 280 1620 ³
312 1585 712 1658 ἇμφοτεροδέξινι
781 1587 834 1644 id
885 1595 1012 1664 est,
1057 1587 1391 1644 ambidextri
1441 1597 1848 1660 nuncupantur,

254 1688 314 1736 ut
351 1679 442 1735 ille
469 1673 498 1710 δ
521 1677 670 1736 Aoth
699 1679 756 1735 in
787 1679 928 1735 libro
967 1677 1225 1736 Iudicum
1278 1677 1450 1736 fuisse
1496 1677 1846 1746 describitur,

1966 465 2210 536 pascitur
2249 464 2500 534 theoriis,
2541 481 2671 522 cum
2698 465 2930 523 lucidius
2957 467 3057 523 sibi
3090 475 3325 524 reserata
3349 467 3558 538 conspi-

1963 559 2041 614 cit
2066 558 2316 614 coclestia
2343 567 2705 626 sacramenta,
2731 575 2858 616 cum
2883 549 3158 618 orationes
3181 561 3370 634 purius
3397 569 3561 633 atque

1964 652 2194 710 alacrius
2234 653 2436 710 emittit
2469 653 2540 710 ad
2579 655 2915 722 Dominum,
2946 671 3071 711 cum
3103 656 3176 712 ita
3221 657 3440 728 Spiritus
3472 671 3560 712 ar-

1965 745 2100 802 dore
2124 761 2417 804 succensus
2443 745 2512 802 ad
2542 763 2604 804 ea
2645 763 2771 821 qua:
2805 747 3086 804 invisibilia
3122 758 3250 804 sunt
3277 757 3330 806 et
3353 758 3554 806 xterna

1963 847 2081 896 tota
2109 841 2275 896 animi
2314 841 2590 898 alacritate
2616 843 2994 916 transmigrat,
3023 850 3083 898 ut
3122 859 3467 916 nequaquam
3501 860 3559 900 se.

1907 945 1922 968 ‘
1953 934 2072 1011 jam
2099 935 2286 992 credat
2306 936 2363 992 in
2383 951 2544 992 carne
2573 936 2890 992 consistere.
2926 937 3108 992 Habet
3133 935 3384 993 similiter
3411 944 3463 992 et
3485 937 3559 993 si-

1963 1025 2218 1092 nistram,
2263 1041 2389 1082 cum
2445 1025 2809 1081 tentationum
2862 1024 3172 1082 turbinibus
3230 1025 3558 1098 implicatur,

1963 1133 2090 1174 cum
2104 1118 2173 1174 ad
2191 1117 2456 1174 desideria
2477 1117 2656 1175 carnis
2675 1119 3074 1174 inccntivorum
3095 1119 3319 1177 aestibus
3341 1121 3560 1176 inﬂam-

1960 1217 2166 1278 matur,
2202 1225 2330 1265 cum
2369 1209 2438 1266 ad
2481 1209 2777 1266 iracundiae
2815 1208 3057 1266 furorem
3085 1211 3560 1283 perturbationum

1959 1303 2081 1375 igne
2108 1303 2478 1372 succenditur,
2503 1319 2633 1366 cum
2672 1303 2940 1374 superbia:
2970 1319 3066 1359 seu
3100 1304 3416 1362 cenodoxix
3446 1307 3560 1362 ela-

1959 1397 2108 1452 tione
2148 1396 2413 1468 pulsatur,
2451 1412 2578 1453 cum
2628 1395 2842 1453 tristitia
2885 1405 3122 1452 mortem
3158 1406 3420 1470 operante
3459 1399 3560 1456 de-

1959 1489 2234 1562 primitur,
2258 1506 2384 1546 cum
2403 1490 2674 1548 machinis
2690 1491 2894 1548 acedix
2917 1501 2970 1548 et
2985 1491 3396 1564 impugnatione
3419 1508 3559 1550 con-

1962 1584 2194 1653 cutitur,
2245 1569 2696 1656 cumque,-omni
2736 1585 2964 1656 spiritali
2991 1584 3208 1642 fervore
3253 1587 3554 1656 subtracto,

1959 1678 2201 1756 quodam
2229 1685 2420 1752 tepore
2443 1687 2613 1764 atque
2639 1678 2992 1734 irrationabili
3015 1694 3253 1736 maerore
3275 1682 3556 1752 torpescit,

253 1777 349 1847 qui
384 1778 617 1844 utraque
644 1791 811 1829 manu
838 1775 1091 1830 utebatur
1123 1790 1225 1846 pro
1249 1775 1478 1830 dextera
1506 1774 1701 1843 (Judic.
1733 1775 1846 1846 ιιι).
1879 1791 1928 1856 Β
1959 1779 2020 1828 ut
2045 1786 2158 1826 non
2182 1771 2362 1826 solum
2383 1769 2810 1842 cogitationibus
2837 1769 3000 1826 rectis
3027 1786 3091 1826 ac
3117 1768 3453 1828 ferventibus
3477 1771 3559 1828 de-

252 1871 432 1941 Quam
454 1868 708 1926 virtutem
726 1869 802 1924 ita
827 1869 1130 1941 poterimus
1153 1883 1254 1924 nos
1267 1881 1484 1939 quoque
1512 1867 1853 1925 intellectua-

252 1965 376 2020 liter
413 1961 712 2034 possidere,
741 1963 788 2018 si
835 1977 898 2018 ea
927 1976 1050 2034 qua
1079 1976 1337 2034 prospera
1361 1968 1490 2017 sunt
1521 1960 1852 2034 dexteraque

251 2065 564 2125 censentur,
595 2065 649 2113 et
675 2071 736 2113 ea
765 2072 886 2128 quae
915 2055 1142 2113 adversa
1169 2062 1300 2111 sunt
1324 2071 1388 2112 ac
1417 2055 1639 2111 sinistra
1663 2054 1850 2113 dicun-

249 2160 368 2217 tur,
411 2151 560 2208 bono
584 2158 844 2223 rectoque
871 2165 972 2206 usu
1007 2147 1079 2204 ad
1101 2157 1313 2221 partem
1347 2148 1634 2206 fecerimus
1657 2149 1848 2207 dexte-

249 2261 370 2302 ram
401 2244 694 2316 pertinere,
742 2251 804 2298 ut
855 2255 1217 2313 quaecumque
1259 2238 1465 2298 fuerint
1503 2241 1669 2309 illata,
1720 2243 1852 2298 fiant

247 2339 428 2416 nobis,
455 2337 759 2394 secundum
800 2335 1151 2409 Apostolum,
1191 2351 1350 2390 arma
1376 2336 1612 2406 justitix
1635 2336 1704 2407 (II
1731 2338 1846 2394 Cor.

249 2435 358 2500 vr).
406 2429 638 2487 Duabus
681 2443 924 2500 namque
971 2425 1218 2500 partibus
1254 2425 1426 2515 et.(ut
1464 2425 1538 2481 ita
1594 2427 1846 2496 dixerim)

245 2525 508 2582 manibus
540 2533 561 2560 ε
592 2523 904 2580 interiorem
950 2521 1233 2577 hominem
1266 2529 1519 2578 nostrum
1553 2522 1850 2580 subsistere

247 2618 596 2692 pervidemus
629 2635 642 2671 :
685 2631 788 2672 nec
825 2615 1114 2688 quisquam
1157 2622 1474 2671 sanctorum
1516 2629 1702 2670 carere
1744 2613 1850 2672 hac

243 2711 652 2784 sinistraquam
679 2709 914 2766 dicimus
940 2716 1141 2780 potest,
1170 2706 1270 2764 sed
1306 2707 1360 2762 in
1385 2705 1492 2763 hoc
1527 2707 1696 2764 virtus
1720 2723 1850 2780 per-

247 2803 389 2860 fecta
436 2801 782 2872 discernitur,
827 2789 856 2834 (¹
891 2801 937 2858 si
982 2810 1274 2872 utramque
1311 2799 1366 2855 in
1401 2799 1683 2857 dexteram
1710 2800 1850 2856 bene

245 2895 453 2954 utendo
481 2904 780 2952 convertat.
820 2897 890 2951 Et
913 2903 980 2952 ut
1017 2892 1498 2962 manifestiushoc
1529 2892 1676 2966 quod
1708 2892 1846 2950 dici-

244 3005 376 3045 mus
417 2989 590 3062 possit
636 2987 886 3060 intelligi,
933 2987 1097 3044 habet
1147 2987 1232 3042 vir
1279 2986 1498 3044 s'anctus
1541 2986 1844 3058 dexteram,

243 3097 536 3138 successus
568 3079 826 3136 videlicet
859 3079 1150 3152 Spiritales,
1183 3079 1241 3134 in
1287 3095 1393 3151 qua
1431 3089 1565 3136 tunc
1597 3081 1847 3138 consistit

1958 1873 2196 1932 seratur,
2229 1864 2322 1920 sed
2351 1864 2518 1921 etiam
2559 1865 2822 1936 psalmus,
2859 1864 3057 1932 oratio,
3097 1864 3280 1931 lectio,
3323 1866 3558 1922 remotio

1963 1959 2115 2016 cella:
2153 1959 2320 2016 simul
2349 1959 2633 2029 horreant,
2676 1967 2729 2016 et
2757 1957 3079 2014 intolerabili
3109 1959 3350 2032 quodam
3387 1967 3560 2015 tetro-

1955 2067 2065 2124 que
2088 2049 2312 2108 fastidio
2331 2052 2580 2108 universa
2609 2050 2870 2108 sordeant
2893 2051 3254 2108 instrumenta
3278 2053 3557 2122 virtutum,

1956 2144 2156 2218 quibus
2187 2160 2314 2201 cum
2338 2145 2582 2218 pulsatur
2623 2145 2943 2210 monachus,
2974 2145 3207 2202 sinistris
3233 2147 3474 2218 partibus
3499 2165 3558 2204 se

1958 2247 2257 2312 cognoscat
2298 2238 2498 2312 urgeri.
2543 2238 2802 2312 Quisquis
2829 2239 3002 2311 igitur
3045 2238 3098 2294 in
3127 2238 3231 2295 illis
3269 2255 3391 2311 quae
3417 2240 3553 2297 dex-

1955 2341 2059 2390 trae
2085 2332 2250 2404 partis
2269 2348 2388 2389 esse
2398 2332 2774 2404 praediximus,
2787 2333 3016 2389 minime
3034 2331 3194 2389 fuerit
3213 2333 3554 2393 subintrante

1956 2427 2130 2499 gloria
2172 2427 2421 2484 vanitatis
2469 2428 2667 2492 elatus,
2707 2427 2845 2486 etin
2888 2428 3005 2484 istis
3032 2443 3154 2500 quae
3183 2428 3412 2486 sinistrae
3435 2445 3556 2502 par-

1955 2521 2028 2577 tis
2051 2529 2200 2590 sunt,
2233 2521 2460 2578 viriliter
2495 2521 2779 2590 dimicans,
2810 2521 2956 2577 nulla
3002 2520 3379 2594 desperatione
3416 2541 3555 2580 con-

1957 2613 2169 2683 ciderit,
2185 2631 2249 2672 ac
2275 2617 2460 2687 potius
2481 2615 2550 2670 de
2577 2615 2864 2671 contrariis
2890 2631 3042 2672 arma
3068 2617 3320 2688 quaedam
3341 2619 3554 2689 patien-

1956 2713 2051 2768 tia:
2073 2713 2143 2770 ad
2161 2713 2478 2769 exercitium
2493 2713 2708 2768 virtutis
2734 2713 3112 2784 assumpserit,
3139 2721 3368 2785 utraque
3389 2730 3556 2771 manu

1956 2815 2142 2864 utetur
2183 2821 2284 2879 pro
2319 2805 2529 2870 dextra,
2568 2813 2624 2862 et
2645 2805 2703 2861 in
2746 2813 2982 2877 utroque
3019 2813 3144 2862 actu
3185 2805 3555 2877 triumphator

1955 2901 2206 2971 effectus,
2236 2909 2350 2956 tam
2383 2899 2452 2956 de
2479 2899 2697 2956 sinistro
2728 2905 2872 2954 statu
2897 2913 3065 2970 quam
3103 2897 3171 2954 de
3209 2896 3401 2954 dextro
3437 2899 3556 2970 pal-

1955 3011 2106 3054 mam
2135 2994 2384 3052 victoriae
2399 3001 2780 3065 consequetur.
2803 2991 3032 3062 Qualem
3052 2991 3270 3048 beatum
3295 2993 3327 3045 J
3330 2992 3402 3047 ob
3429 2992 3557 3065 legi-

1953 3104 2078 3146 mus
2101 3087 2388 3154 meruisse,
2410 3087 2502 3158 qui
2524 3086 2708 3158 utique
2737 3101 2836 3158 per
2853 3085 3133 3142 dexteram
3161 3085 3553 3153 coronabatur,

243 3175 470 3248 quando
505 3173 721 3230 fervens
747 3173 938 3246 spiritu
967 3171 1252 3229 desideriis
1293 3182 1346 3228 et
1389 3175 1843 3246 concupiscentiis
1879 3187 1926 3252 α
1954 3181 2172 3254 quando
2223 3189 2431 3254 septem
2473 3179 2717 3236 filiorum
2761 3186 2914 3251 pater
2953 3177 3244 3250 opulentus
3291 3193 3354 3234 ac
3405 3164 3566 3235 dives

248 3271 520 3328 omnibus
557 3269 898 3336 dominatur,
925 3268 1142 3342 quando
1173 3269 1239 3324 ab
1269 3269 1420 3326 omni
1449 3269 1713 3327 diabolica
1747 3271 1848 3327 im-

246 3365 584 3439 pugnatione
613 3379 839 3422 securus
863 3363 1068 3436 absque
1089 3364 1206 3420 ullo
1225 3363 1412 3420 labore
1443 3379 1506 3420 ac
1534 3363 1850 3425 difficultate

247 3459 384 3515 vitia
409 3459 586 3516 carnis
614 3459 696 3516 vel
724 3459 932 3532 respuit
955 3456 1039 3514 vel
1060 3455 1348 3528 abscindit,
1376 3473 1502 3514 cum
1526 3459 1848 3516 sublimatus

247 3569 280 3610 a
304 3562 472 3623 terra,
497 3553 750 3612 universa
775 3551 1068 3626 praesentia
1095 3560 1257 3624 atque
1285 3559 1502 3610 terrena
1549 3551 1696 3610 velut
1726 3553 1850 3610 ina-

243 3664 374 3705 nem
389 3647 609 3706 fumum
625 3647 988 3720 umbramque
1012 3661 1238 3703 vacuam
1259 3645 1682 3718 contemplatur,
1709 3656 1766 3704 et
1786 3655 1846 3704 ut

243 3757 372 3798 mox
393 3741 689 3799 transitura
719 3733 1048 3810 contemnit,
1079 3755 1209 3796 cum
1241 3738 1416 3798 futura
1441 3756 1534 3813 per
1556 3756 1841 3798 excessum

168 3873 175 3876 -
245 3835 469 3906 mentis,
497 3851 610 3893 non
639 3835 820 3893 solum
858 3834 1238 3894 ardentissime
1270 3835 1624 3908 concupiscit,
1652 3852 1841 3894 verum

1955 3273 2214 3331 incedens
2234 3273 2562 3346 quotidiana
2585 3289 2685 3346 pro
2715 3287 2909 3330 eorum
2937 3271 3320 3344 purificatione
3341 3273 3553 3328 sacrifi-
3586 3272 3592 3278 ’

1957 3368 2042 3424 cia
2067 3367 2308 3422 Domino
2329 3365 2625 3439 offerebat,
2651 3383 2763 3422 non
2783 3375 2898 3422 tam
2926 3367 3030 3422 sibi
3063 3379 3157 3422 eos
3183 3383 3350 3438 quam
3381 3377 3403 3402 ο
3431 3371 3552 3424 Deo

1957 3469 2237 3534 susceptos
2254 3477 2317 3518 ac
2331 3459 2625 3518 familiares
2655 3460 2879 3533 cupiens
2917 3459 3198 3528 exhibere,
3227 3459 3442 3532 quando
3463 3461 3549 3534 ja-

1954 3572 2064 3613 nua
2097 3555 2213 3628 ejus
2257 3555 2408 3612 omni
2435 3554 2736 3612 advenienti
2769 3554 3006 3628 patebat,
3045 3552 3264 3628 quando
3304 3563 3422 3611 erat
3455 3570 3550 3626 pes

1955 3648 2298 3714 claudorum,
2317 3657 2372 3705 et
2397 3649 2588 3706 oculus
2605 3663 2908 3716 cxcorum,
2930 3647 3148 3722 quando
3179 3647 3246 3705 de
3265 3647 3551 3706 velleribus

1950 3744 2138 3801 ovium
2165 3744 2300 3820 ejus,
2337 3742 2545 3800 humeri
2573 3741 2898 3800 calefiebant
2928 3741 3300 3809 inﬁrmorum,
3330 3741 3551 3814 quando

1950 3847 2069 3896 erat
2097 3837 2467 3912 orphanorum
2493 3845 2645 3910 pater
2672 3843 2728 3892 et
2749 3835 2829 3892 vir
2865 3834 3176 3900 viduarum,
3203 3834 3420 3906 quando
3448 3849 3550 3891 nec

1343 3976 1599 4030 ALARDI
1637 3977 1862 4032 (ἓΑΖιΕῙ
1901 3979 2455 4038 COMMENTARIUS.

321 4111 350 4137 ει
383 4096 970 4168 ’Δμφοτεροδέξιοςλεθιι
1026 4091 1386 4168 ambidexter,
1419 4094 1493 4168 ait
1513 4092 1726 4168 Suidas,
1756 4096 1850 4167 qui

249 4164 460 4227 laevam
488 4164 588 4240 pro
600 4164 808 4240 A'dextra
845 4165 1167 4240 habenuseu
1204 4164 1296 4236 qui
1333 4164 1544 4240 sinistra
1583 4164 1852 4240 utitur'ut

249 4243 456 4299 dextra
476 4235 506 4307 ,'
520 4238 610 4310 qui
639 4247 694 4295 et
718 4236 996 4310 ἀμφιδέξιος
1017 4235 1213 4310 dicitur
1235 4235 1604 4310 contractiore
1621 4235 1852 4292 vocabu~

245 4313 340 4380 lo;
367 4306 485 4381 quo
505 4306 704 4382 praeter
723 4306 860 4382 alios
876 4323 1011 4382 usus
1037 4315 1120 4382 est
1146 4306 1452 4382 Gregorius
1472 4306 1850 4382 Nazianzenus

246 4385 304 4440 in
329 4377 592 4438 'oi'atidne
625 4379 838 4436 funebri
873 4380 924 4434 in
957 4379 1012 4434 S.
1052 4377 1332 4439 Basiliurn,
1359 4377 1452 4432 ubi
1493 4394 1588 4434 eos
1626 4377 1718 4448 qui
1755 4385 1852 4433 aut

246 4455 365 4510 vita
406 4459 622 4507 tantum
664 4459 758 4506 aut
807 4449 1111 4506 eruditione
1163 4449 1450 4504 dumtaxat
1498 4450 1846 4518 excellerent,

247 4524 388 4581 nihil
416 4539 448 4578 a
483 4523 646 4578 luscis
667 4520 893 4578 differre
929 4520 1059 4578 dicit
1085 4539 1098 4574 :
1129 4521 1218 4590 qui
1251 4526 1378 4591 vero
1406 4534 1593 4591 parem
1618 4520 1848 4591 inutro-

251 4612 363 4668 que
388 4593 611 4668 laudem
637 4591 916 4649 consecuti
952 4589 1170 4668 essent,
1200 4605 1294 4668 eos
1316 4589 1626 4668 ἀμῴεδέξεους
1646 4590 1702 4647 id
1737 4599 1842 4655 est,

247 4659 648 4730 a'mbidextros,
701 4679 764 4718 ac
814 4661 1063 4718 numeris
1103 4659 1361 4715 omnibus
1396 4659 1676 4717 absolutos
1702 4677 1840 4717 esse.

1957 4098 2126 4158 mille,
2154 4102 2203 4151 et
2246 4099 2419 4152 decem
2460 4098 2636 4151 millia
2675 4113 2710 4150 a
2739 4096 2952 4150 dextris
2979 4095 3108 4149 tuis.
3134 4093 3222 4148 Ab
3245 4108 3324 4160 eo,
3351 4092 3550 4164 inquit,

1959 4169 2059 4236 qui
2077 4167 2290 4220 habitat
2307 4169 2367 4220 in
2378 4167 2654 4234 adjutorio
2669 4167 2959 4236 Altissimi,
2981 4165 3173 4218 cadent
3197 4179 3234 4216 a
3253 4164 3420 4219 latere
3435 4164 3552 4234 ejus

1958 4237 2126 4299 mille,
2157 4243 2206 4292 et
2236 4237 2412 4292 decem
2436 4238 2612 4290 millia
2629 4248 2672 4290 α
2708 4235 2914 4291 dextris
2941 4235 3074 4304 ejus.
3114 4237 3346 4290 Dextera
3377 4239 3553 4292 sancti

1958 4309 2188 4374 dicitur;
2225 4309 2450 4363 sinistra
2476 4322 2584 4361 non
2614 4307 2836 4369 dicitur,
2867 4307 2962 4362 sed
2991 4307 3154 4360 latus.
3198 4305 3387 4362 Videte
3412 4310 3552 4362 enim

1957 4378 2102 4448 quod
2116 4379 2320 4434 dicitur
2349 4399 2366 4434 :
2399 4380 2470 4435 Et
2486 4379 2662 4434 decem
2690 4377 2864 4432 millia
2885 4395 2920 4432 a
2948 4378 3156 4432 dextris
3181 4379 3306 4450 tuis.
3325 4381 3398 4434 Et
3419 4395 3550 4450 quo-

1957 4450 2112 4505 modo
2122 4451 2346 4505 dixeras
2371 4469 2387 4504 :
2404 4451 2610 4507 Cadent
2629 4465 2663 4504 a
2683 4451 2850 4506 latere
2865 4455 2956 4505 tuo
2973 4449 3120 4505 mille
3129 4452 3158 4505 ?
3169 4449 3394 4516 Quando
3407 4449 3548 4506 enim

1957 4521 2183 4596 dextera
2197 4523 2419 4584 dicitur,
2437 4527 2488 4578 et
2509 4524 2736 4596 sinistra
2747 4537 2853 4578 non
2865 4524 3193 4596 nominatur,
3207 4538 3310 4593 pro
3323 4526 3549 4578 sinistra

1957 4594 2099 4648 latus
2145 4596 2474 4650 nominatur.
2517 4596 2637 4652 Non
2665 4594 2807 4649 enim
2829 4600 3044 4664 poterat
3071 4594 3286 4663 justum
3324 4611 3454 4658 esse,
3485 4600 3548 4648 ut

1947 4664 2130 4733 justus
2159 4666 2373 4720 haberet
2393 4667 2686 4722 sinistram.
2716 4667 2821 4732 Qui
2847 4671 2915 4727 te,
2937 4667 3133 4733 inquit,
3147 4668 3475 4732 percusserit
3485 4665 3548 4733 in

249 4712 1089 4805 massacohaesa}
1113 4712 1613 4805 asseruisset};
1622 4712 1844 4805 ipsa;
1874 4712 1927 4775 D
1947 4712 2915 4805 taratantara;magis
2939 4712 3181 4805 suae
3191 4712 3410 4797 ῐῆιῖἱεῖξ
3433 4712 3542 4800 v.3;

252 4811 390 4878 (Lib.
432 4821 524 4862 VII
567 4805 634 4860 de
667 4805 936 4878 Legibus),
961 4798 1232 4878 ἀρτίποδές,
1254 4800 1339 4852 καὶ
1355 4798 1629 4870 ἀρτίχειρες
1647 4798 1847 4878 dirimi;

250 4875 364 4943 tur,
395 4879 748 4949 quiqutroq‘ue
757 4875 969 4949 pedeet
988 4877 1218 4949 utraque
1237 4887 1402 4949 manu
1425 4887 1570 4939 aque
1587 4875 1845 4949 utuntur,

248 4956 312 5006 ut
338 4941 471 5006 sunt
495 4941 778 5019 ἀμφιόἷξιοξ
793 4945 941 5000 nullo
954 4959 1053 5015 per
1083 4942 1507 4997 dissuetudinem
1537 4941 1728 4996 utendi
1757 4942 1848 4996 de-

255 5023 494 5076 bititato.

319 5094 349 5128 ι’
374 5088 714 5148 Nominatur
758 5085 846 5143 hic
899 5085 1044 5142 inter
1081 5081 1302 5140 Iudices
1341 5081 1528 5154 populi
1569 5081 1848 5154 Israelitici

249 5170 382 5236 post
403 5163 574 5236 Josue
597 5157 791 5236 tertius
818 5159 954 5236 :_l)e_
971 5154 1282 5236 quo_in_lib.
1313 5153 1496 5236 Judic:
1527 5168 1655 5236 cap.‘
1679 5167 1752 5236 ιι]
1777 5153 1852 5236 ita

248 5223 516 5290 scribitur
549 5249 563 5286 :
591 5231 882 5288 Suscitacit
901 5223 1324 5282 eis—salvatorem
1347 5223 1760 5285 uocabulo’Aod,
1790 5226 1856 5292 ﬁ-

251 5307 390 5360 lium
410 5305 573 5370 Gera,
604 5303 706 5372 ﬁlii
722 5301 954 5372 Gemini,
977 5299 1074 5372 qui
1097 5299 1328 5372 utraque
1347 5311 1518 5350 manu
1532 5309 1635 5372 pro
1659 5295 1855 5348 dextra

245 5377 528 5432 utebatur.
552 5367 717 5430 Unde
738 5367 1140 5442 ᾶμςροτιροῧέξιᾳς
1158 5367 1337 5424 dictus
1372 5375 1484 5442 est;
1508 5369 1640 5442 a‘l_)_.
1671 5374 1851 5442 autem

254 5448 602 5519 Bierqnymo
637 5435 894 5519 (Lib'in
931 5435 1202 5519 'Jo'tginian.
1225 5454 1276 5519 _c.
1315 5443 1398 5504 17)
1425 5435 1733 5509 ἀμφιδέξιος,
1760 5437 1854 5509 qui

258 5509 533 5593 interfecit
557 5529 742 5587 regem
771 5514 942 5593 Eglon
957 5509 1442 5593 pinguissimum;

329 5592 354 5620 °
374 5591 436 5644 ld
485 5593 591 5652 est,
618 5577 900 5650 "mentem,
929 5577 1039 5638 sive
1076 5577 1358 5638 'animam.
1389 5579 1478 5636 Sic
1519 5593 1665 5650 sxpe
1708 5577 1854 5650 apud

299 5659 512 5713 aulum.

254 5659 825 5786 Paglriligsdmodum
857 5731 1214 5780 consentanea
1251 5721 1442 5778 scribit
1476 5718 1850 5794 Hieronymus

254 5798 312 5855 in
360 5800 520 5856 illum
551 5796 874 5854 versiculum
908 5796 1053 5852 Psal.
1085 5809 1158 5851 xc
1187 5811 1202 5850 :
1246 5794 1450 5852 Cadent
1488 5807 1524 5847 a
1551 5791 1718 5849 latere
1761 5797 1851 5846 tuo

1954 4821 2061 4861 non
2083 4807 2250 4874 dixit,
2269 4813 2319 4860 et
2331 4802 2631 4874 sinistra-ni.
2646 4807 2770 4861 Non.
2781 4807 2922 4857 enim
2931 4808 3010 4874 est
3027 4802 3380 4874 sinistraque
3394 4815 3547 4869 prce-

1959 4877 2132 4936 betur,
2157 4869 2249 4929 sed
2275 4876 2500 4934 dextera
2535 4873 2726 4927 altera.
2758 4876 2904 4938 Ergo
2930 4869 3245 4940 simpliciter
3270 4869 3389 4926 dico
3415 4886 3546 4940 quo-

1957 4948 2110 4998 niam
2115 4943 2298 5012 justus
2313 4945 2451 4998 duas
2467 4940 2916 5012 dexterasghabet.
2931 4939 3236 5012 Deniqueet
3244 4943 3335 4996 ille
3357 4939 3546 5006 Aioth,

1959 5016 2056 5082 qui
2071 5010 2322 5082 scribitur
2338 5015 2398 5066 in
2423 5012 2667 5067 Judicum
2680 5010 2834 5072 libro,
2845 5015 3134 5080 propterea
3147 5010 3282 5068 duas
3297 5013 3548 5068 dexteras

1962 5081 2164 5138 habere
2194 5081 2420 5148 dicitur,
2449 5085 2581 5151 quia
2607 5082 2792 5151 justus
2829 5088 2965 5150 erat,
2998 5085 3050 5137 et
3094 5083 3366 5152 interfecit
3394 5085 3551 5138 illum

1954 5153 2376 5228 pinguissimum
2414 5169 2611 5222 regem.
2655 5154 2792 5210 Haec
2823 5153 3098 5210 moraliter
3123 5163 3180 5209 et
3220 5154 3550 5228 tr0pologiee

1967 5223 2036 5280 D.
2063 5223 2450 5296 Hieronymus.

2035 5303 2064 5370 °_
2089 5294 2439 5370 ltlanuscripti
2469 5294 2758 5370 nonnulli:
2789 5298 2894 5370 Deo
2940 5295 3220 5370 subjectos.
3252 5295 3552 5370 Dionysius

1964 5365 2093 5440 legit
2120 5365 2378 5439 acceptos
2405 5367 2575 5440 (Libr.
2617 5380 2658 5421 χ
2692 5369 2880 5440 Ιηδείτ.
2915 5366 2992 5432 6).
3023 5365 3131 5425 Sed
3169 5365 3550 5427 veriornotra

1964 5437 2147 5504 lectio,
2187 5437 2249 5493 ut
2278 5437 2640 5513 communior.
2673 5439 3466 5513 Susceptos_autem_intellige
3494 5443 3552 5498 in

1965 5523 2154 5582 curam
2184 5523 2280 5564 seu
2317 5508 2622 5582 clientelam
2655 5513 2918 5578 receptos.
2963 5511 3213 5582 suscepti
3251 5508 3553 5566 enim'olim

1965 5579 2284 5653 dicebantur
2325 5579 2576 5653 clientes,
2605 5579 3003 5653 quosﬁpatroni
3052 5579 3286 5639 tuendos
3314 5596 3557 5653 suscepe-

1958 5659 2102 5716 rant,
2133 5657 2192 5706 ut
2215 5651 2348 5706 alias
2390 5649 2720 5706 notavimus.
2753 5649 2888 5706 Hinc
2913 5652 2986 5706 D.
3033 5653 3362 5709 Ambrosius
3385 5649 3552 5708 scrin.

1959 5727 2028 5777 93
2053 5723 2134 5777 :In
2153 5725 2368 5777 tantum
2391 5721 2870 5795 uicinaprxsentia
2883 5724 3115 5792 efﬁcacis
3129 5723 3459 5795 prcebebitur
3471 5724 3560 5776 ad-

1957 5795 2152 5858 vocati,
2178 5795 2236 5848 in
2266 5799 2530 5863 quantum
2560 5795 2735 5860 fuerit
2757 5793 2889 5862 ﬁdes
2923 5795 3112 5850 derata
3130 5793 3384 5862 'suscepti.
