4048 6208
442 256 545 312 659

1519 247 1800 340 missis
1835 226 2139 305 CASSlANi
2176 239 2664 302 COLLATIONES.

3640 244 3746 298 660

440 385 499 441 in
526 383 691 441 corde
716 382 939 456 quidem
959 397 1062 439 suo
1090 396 1252 453 super
1280 377 1485 435 inimici
1515 378 1597 433 sui
1638 377 1794 433 ruina
1823 376 2039 449 gavisus
2060 377 2114 441 Α
2140 371 2360 428 sibimet
2384 368 2664 427 cohaerere
2688 375 2853 442 atque
2875 366 3240 425 insolabiliter
3266 368 3315 425 ei
3339 375 3493 440 optat
3521 368 3746 425 innecti.

439 486 526 535 est
572 477 701 549 (Job.
730 482 793 542 ι).
837 475 1099 549 Idemque
1148 489 1340 531 rursus
1366 488 1465 545 per
1504 472 1783 529 sinistram
1822 480 2033 545 partem
2139 466 2362 523 Erimus
2388 465 2550 537 igitur
2576 462 2922 531 ambidextri,
2949 461 3165 536 quando
3191 478 3294 519 nos
3323 478 3540 535 quoque
3561 478 3750 519 rerum

445 570 768 627 sublimiore
806 570 1005 625 virtute
1056 567 1125 623 de
1172 565 1591 623 adversitatibus
1637 565 2032 638 triumphabat,

442 681 570 721 cum
604 672 814 735 septem
837 661 966 718 ﬁliis
980 677 1091 718 uno
1120 659 1347 717 orbatus
1374 668 1678 729 momento,
1701 676 1812 715 non
1844 667 1907 715 ut
1928 674 2030 731 pa-

440 767 527 815 ter
564 757 763 813 acerbo
804 756 954 811 luctu
987 754 1395 823 conﬁciebatur,
1422 753 1517 810 sed
1542 761 1605 810 ut
1632 769 1793 810 verus
1827 752 1926 809 Dci
1956 751 2038 807 l'a-

442 852 626 907 mulus
648 864 809 923 super
826 849 1099 906 Creatoris
1118 847 1203 905 sui
1213 848 1490 904 voluntate
1514 846 1784 921 gaudebat
1806 847 1997 914 (Ibid)
2021 864 2033 899 :

443 962 574 1004 cum
613 962 681 1002 ex
713 946 984 1019 locuplete
1019 946 1416 1018 pauperrimus,
1442 945 1622 1001 nudus
1645 960 1718 1000 ex
1745 943 1937 1009 divite,
1972 957 2040 997 ex

446 1041 630 1099 valido
660 1040 895 1109 tabidus,
916 1055 982 1096 ex
1016 1040 1222 1113 inclyto
1252 1048 1305 1096 et
1329 1039 1570 1112 glorioso
1592 1037 1849 1110 ignobilis
1878 1045 2042 1109 atque

443 1133 755 1206 despectus,
802 1133 1176 1211 incorruptam
1222 1133 1390 1187 animi
1428 1131 1765 1188 fortudinem
1800 1138 2042 1186 retenta-

446 1228 574 1293 bat;
598 1242 729 1283 cum
762 1226 998 1297 denique
1018 1225 1169 1280 omni
1190 1225 1500 1281 substantia
1529 1232 1691 1297 atque
1719 1224 1915 1296 opibus
1943 1222 2043 1279 de-

447 1321 671 1397 stitutus
716 1317 1037 1390 sterquilinii
1076 1327 1193 1374 erat
1233 1316 1411 1375 factus
1458 1317 1747 1385 habitator,
1800 1325 1854 1373 et
1899 1316 2045 1373 velut

444 1412 663 1487 quidam
689 1411 936 1484 corporis
971 1412 1054 1467 sui
1084 1414 1467 1483 severissimus
1487 1412 1745 1480 carnifex,
1776 1420 1916 1468 testa
1950 1426 2039 1466 ra-

444 1496 608 1563 debat
653 1506 868 1562 saniem
914 1504 1308 1577 proﬂuentem,
1358 1514 1523 1578 atque
1571 1521 1633 1560 ex
1686 1504 1838 1560 omni
1893 1510 2045 1577 parte

444 1600 823 1658 membrorum
857 1598 1041 1671 glebas
1081 1600 1371 1667 vermium,
1392 1599 1575 1673 digitis
1614 1599 1811 1655 mersis
1834 1597 1889 1653 in
1916 1613 2041 1669 pro-

444 1693 613 1751 funda
660 1694 970 1760 vulnerum,
1009 1691 1345 1749 detrahebat.
1386 1694 1453 1748 1n
1499 1692 1695 1765 quibu
1739 1692 1946 1748 cunctis
1987 1691 2044 1745 in

445 1788 653 1845 nullam
692 1785 1032 1859 desperando
1067 1786 1356 1860 prolapsus
1384 1795 1468 1843 est
1504 1786 1919 1859 blasphemiam,
1946 1801 2048 1842 nec
2073 1791 2123 1854 B

445 1882 704 1940 adversus
714 1882 1029 1938 Creatorem
1038 1895 1200 1938 suum
1213 1880 1266 1936 in
1278 1880 1457 1952 aliquo
1470 1880 1836 1937 murmuravit
1852 1900 1867 1948 ;
1883 1879 2041 1952 quin-

443 1977 638 2046 immo,
681 1992 1025 2050 nequaquam
1055 1976 1425 2032 tentationum
1466 1976 1613 2032 mole
1648 1982 1809 2046 atque
1836 1972 2045 2029 acerbi-

444 2080 556 2128 tate
584 2072 931 2139 conterritus,
955 2070 1134 2143 ipsum
1161 2084 1379 2143 quoque
1402 2068 1550 2141 quod
1578 2084 1645 2125 ex
1684 2068 1838 2125 omni
1875 2067 2047 2140 pristi-

447 2181 517 2220 na
565 2164 815 2219 facultate
867 2178 968 2218 suo
1005 2163 1223 2234 corpori
1254 2162 1598 2234 superfuerat
1633 2162 2044 2228 indumentum,

450 2255 711 2327 quodque
737 2255 937 2322 solum,
967 2255 1093 2327 quia
1128 2255 1245 2326 ipso
1276 2254 1621 2321 vestiebatur,
1650 2270 1681 2310 a
1710 2253 1912 2310 diaboli
1948 2269 2047 2326 po-

448 2356 628 2403 tuerat
655 2349 955 2403 vastatione
974 2347 1187 2415 salvari,
1215 2346 1527 2403 rescindens
1569 2356 1732 2419 atque
1762 2346 2044 2418 abjiciens,

450 2441 648 2513 adjecit
663 2456 826 2514 super
860 2441 1009 2497 illam
1043 2458 1210 2513 quam
1238 2441 1565 2499 durissimus
1592 2444 1759 2513 [Lips.
1794 2445 1852 2496 in
1871 2458 2044 2511 marg.

448 2533 783 2606 dirissimus]
818 2535 999 2606 praedo
1039 2535 1294 2591 intulerat
1322 2543 1681 2606 spontaneam
1715 2535 2043 2592 nuditatem.

450 2630 682 2685 Comam
716 2644 936 2700 quoque
967 2629 1183 2700 capitis,
1213 2644 1336 2700 quae
1375 2629 1490 2685 sola
1515 2628 1584 2685 de
1628 2628 1827 2702 prioris
1858 2629 2048 2701 gloria:

450 2722 690 2797 reliquiis
738 2722 939 2779 intacta
984 2731 1343 2790 remanserat,
1377 2723 1621 2779 vexatori
1667 2738 1769 2779 suo
1820 2721 2049 2795 projecit

448 2819 735 2886 abcissam,
787 2827 841 2874 et
885 2826 1174 2889 amputans
1206 2816 1443 2873 etiamid
1467 2817 1617 2889 quod
1653 2817 1879 2874 saaviens
1926 2816 2051 2871 reli-

450 2921 644 2985 querat
681 2911 975 2979 inimicus;
993 2911 1081 2967 illa
1109 2911 1317 2967 cmlesti
1346 2909 1607 2966 adversus
1646 2926 1775 2966 eum
1798 2925 1932 2965 voce
1955 2908 2049 2964 tri-

450 3008 640 3079 pudiat
662 3016 715 3063 et
740 3007 965 3063 insultat
1001 3024 1014 3062 :
1042 3008 1106 3062 Si
1135 3007 1270 3060 bona
1308 3007 1633 3076 suscepimus
1664 3004 1731 3059 de
1756 3019 1921 3059 manu
1948 3006 2049 3057 Do-

448 3105 605 3164 mini,
652 3102 799 3155 mala
839 3117 933 3155 cur
963 3116 1068 3155 non
1102 3100 1522 3155 sustinebimus?
1571 3100 1761 3156 Nudus
1807 3113 2081 3177 egressus.

2141 561 2495 636 praesentium
2525 558 2682 631 copia
2712 558 2797 615 vel
2822 557 3002 631 inopia
3031 574 3142 614 non
3180 558 3417 614 mutarit
3438 566 3495 613 et
3529 573 3632 613 nec
3659 558 3748 614 illa

2143 672 2245 713 nos
2272 654 2341 711 ad
2367 654 2670 726 voluptates
2696 654 2876 710 noxiae
2920 651 3256 709 remissionis
3297 651 3604 724 impulerit,
3650 668 3751 708 nec

2146 750 2250 807 ista
2286 740 2355 805 ad
2399 747 2836 820 desperationem
2878 747 3163 804 attraxerit
3216 754 3272 803 et
3314 747 3614 818 querelam,
3654 748 3751 805 sed

2148 845 2403 903 similiter
2441 847 2561 901 Deo
2608 845 2807 916 gratias
2847 844 2906 900 in
2944 850 3178 914 utroque
3224 840 3516 899 referentes
3563 857 3750 914 parem

2148 938 2390 996 fructum
2414 936 2483 994 de
2514 935 2770 993 secundis
2802 935 3147 1009 adversisque
3183 936 3501 1007 capiamus;
3533 935 3749 1008 qualem

2148 1048 2207 1089 se
2232 1033 2322 1088 ille
2347 1046 2505 1087 verus
2534 1028 2873 1086 ambidexter
2923 1031 3135 1084 Doctor
3187 1027 3432 1101 gentium
3464 1026 3630 1083 fuisse
3671 1036 3755 1085 te-

2148 1135 2342 1191 statur,
2364 1125 2552 1182 dicens
2591 1143 2604 1177 :
2632 1128 2746 1193 Ego
2772 1125 2913 1181 enim
2934 1124 3105 1178 didici
3120 1126 3194 1195 .in
3213 1124 3407 1193 quibus
3442 1139 3565 1178 sum
3583 1125 3755 1195 suffl-

2150 1223 2292 1276 ciens
2316 1236 2455 1287 esse;
2478 1222 2584 1275 scio
2603 1224 2655 1275 et
2674 1219 2973 1282 humiliari,
3000 1220 3107 1272 scio
3135 1222 3186 1272 et
3211 1219 3517 1283 abundare;
3553 1220 3755 1290 ubique

2152 1320 2203 1370 et
2228 1317 2284 1369 in
2304 1315 2545 1369 omnibus
2568 1316 2852 1369 institutus
2879 1328 3016 1375 sum,
3044 1316 3095 1367 et
3118 1313 3362 1367 saturari
3378 1316 3429 1367 et
3451 1316 3679 1376 esurire,
3702 1320 3755 1371 et

2152 1408 2430 1463 abundare
2453 1412 2504 1461 et
2524 1410 2810 1478 penuriam
2838 1409 2993 1478 pati;
3014 1408 3195 1462 omnia
3214 1420 3435 1479 possum
3475 1408 3537 1462 in
3573 1421 3631 1462 eo
3658 1409 3758 1479 qui

2151 1519 2234 1558 me
2250 1503 2518 1570 confortat
2543 1502 2816 1574 (Philipp.
2843 1501 2957 1573 Iv).

2757 1606 2998 1662 CAPUT
3047 1605 3150 1660 XI.

2224 1712 2297 1764 De
2322 1690 2528 1777 duplici
2550 1721 2735 1776 genere
2759 1706 3127 1772 tentationum,
3147 1718 3265 1774 qua:
3298 1703 3509 1776 triplici
3528 1704 3683 1760 modo

2759 1778 3095 1843 inferuntur.

2224 1878 2363 1953 Ergo
2393 1877 2519 1934 licet
2546 1876 2853 1935 dixerimus
2893 1876 3210 1949 bipartitam
3228 1890 3345 1933 esse
3369 1875 3753 1946 tentationem,
3785 1922 3795 1931 .

2152 1973 2207 2029 id
2235 1981 2336 2042 est,
2359 1974 2416 2029 in
2441 1973 2603 2030 rebus
2629 1972 2709 2028 vel
2748 1975 3020 2045 prosperis
3047 1972 3129 2027 vel
3162 1970 3415 2040 adversis,
3460 1970 3760 2028 sciendum

2156 2076 2239 2122 est
2262 2074 2445 2123 tamen
2469 2082 2661 2123 omnes
2687 2066 2939 2122 homines
2983 2065 3178 2138 triplici
3230 2064 3438 2121 ratione
3479 2064 3682 2121 tentari
3706 2075 3754 2121 ⁸.

2157 2162 2479 2233 Plerumque
2503 2161 2576 2217 ob
2602 2161 3005 2233 probationem,
3034 2174 3451 2232 nonnumquam
3472 2157 3546 2215 ob
3574 2175 3760 2215 emen-

2157 2254 2454 2321 dationem,
2495 2253 2773 2311 interdum
2825 2255 2896 2310 ob
2948 2255 3142 2311 merita
3186 2253 3538 2311 delictorum.
3581 2256 3651 2309 Et
3684 2253 3760 2309 ob

2155 2349 2533 2421 probationem
2556 2349 2778 2422 quidem
2803 2349 3023 2405 beatum
3050 2348 3356 2417 Abraham,
3386 2357 3447 2404 ut
3465 2347 3595 2417 Job,
3615 2349 3760 2404 mul-

2151 2444 2346 2516 tusque
2388 2452 2706 2499 sanctorum
2753 2442 3133 2498 tribulationes
3175 2442 3490 2498 innumeras
3526 2441 3761 2514 legimus

2154 2536 2465 2610 pertulisse;
2493 2536 2575 2593 vel
2610 2535 2744 2593 illud
2786 2535 2933 2609 quod
2973 2536 3026 2591 in
3084 2538 3518 2592 Deuteronomio
3559 2535 3765 2593 dicitur

2153 2631 2221 2687 ad
2238 2631 2500 2704 populum
2521 2645 2617 2703 per
2630 2631 2873 2702 Moysen,
2891 2635 2961 2687 Et
2974 2631 3335 2686 recordaberis
3352 2634 3529 2685 cuncti
3546 2633 3764 2689 itineris

2155 2728 2324 2789 illius,
2337 2742 2439 2798 per
2460 2726 2603 2796 quod
2627 2725 2870 2780 adduxit
2894 2727 3362 2781 teDominusDeus
3383 2730 3509 2779 tuus
3528 2725 3766 2796 quadru'
3802 2762 3827 2802 _-

2130 2890 2139 2901 ο
2156 2821 2310 2886 ginta
2326 2819 2481 2872 annis
2490 2833 2587 2888 per
2597 2818 2890 2880 desertum,
2907 2822 2969 2872 ut
2981 2819 3250 2888 affligeret
3263 2823 3313 2873 te
3329 2823 3490 2889 atque
3506 2823 3760 2882 tentaret,

2155 2916 2204 2966 et
2227 2917 2353 2967 nota
2378 2913 2565 2981 ﬁerent
2605 2927 2724 2981 quia
2746 2913 2803 2966 in
2840 2915 2931 2966 tuo
2950 2915 3126 2966 animo
3165 2914 3548 2982 versabantur,
3574 2918 3761 2969 utrum

2154 3005 2439 3060 custodires
2448 3005 2713 3059 mandata
2727 3006 2898 3069 illius,
2908 3022 2980 3060 an
2993 3022 3097 3060 non
3110 3009 3346 3072 (Denter.
3361 3009 3526 3076 vm).
3543 3008 3615 3063 Et
3626 3006 3763 3064 illud

2155 3098 2302 3170 quod
2323 3098 2381 3153 in
2406 3097 2613 3171 psalmo
2640 3097 2842 3156 dicitur
2870 3120 2881 3154 :
2913 3101 3143 3156 Probavi
3173 3104 3224 3155 te
3241 3101 3394 3171 apud
3419 3116 3617 3172 aquam
3635 3118 3765 3157 con-

448 3209 567 3249 sum
593 3193 659 3247 de
676 3198 826 3248 utero
849 3196 1042 3248 matris
1062 3208 1210 3262 med,
1228 3193 1408 3248 nudus
1426 3197 1667 3249 revertar
1693 3195 1837 3249 illuc.
1863 3194 2049 3249 Domi-
2076 3172 2124 3237 (ἶ
2156 3195 2493 3249 tradictionis
2516 3193 2686 3265 (Psal.
2713 3192 2927 3265 Lxxx).
2951 3192 3039 3250 Ad
3065 3193 3174 3250 Job
3189 3208 3409 3267 quoque
3439 3216 3452 3252 :
3486 3198 3576 3252 An
3597 3201 3765 3267 putas

450 3303 552 3344 nus
575 3286 743 3342 dedit.
766 3288 1024 3341 Dominus
1048 3285 1293 3354 abstulit,
1313 3287 1571 3357 quomodo
1592 3291 1814 3344 Domino
1833 3291 2048 3359 placuit

450 3385 528 3438 sic
549 3384 759 3451 factum
778 3385 889 3438 est:
910 3383 1186 3437 sitnomen
1212 3384 1428 3438 Domini
1448 3382 1776 3439 benedictum
1792 3386 1910 3452 (Job
1924 3426 1938 3441 .
1957 3390 2042 3457 ιι).

451 3476 877 3535 Ambidextrum
901 3476 1095 3532 merito
1122 3475 1353 3532 dixerim
1378 3483 1435 3532 et
1462 3477 1666 3549 Joseph
1685 3521 1700 3547 ,
1720 3479 1813 3550 qui
1835 3478 1888 3534 in
1918 3496 2044 3551 pro-

452 3570 626 3642 speris
671 3568 872 3641 gratior
901 3568 1037 3640 patri
1059 3611 1074 3636 ,
1104 3568 1409 3641 religiosior
1446 3568 1708 3627 fratribus
1726 3612 1741 3639 ,
1774 3573 2048 3645 acceptior

452 3664 598 3730 Deo;
651 3662 705 3717 in
759 3661 994 3717 adversis
1035 3669 1239 3731 castus,
1296 3662 1525 3719 domino
1575 3663 1770 3733 ﬁdelis,
1818 3667 2049 3723 carceris

449 3757 776 3815 mitissimus
803 3755 1037 3822 vinctus,
1071 3754 1396 3828 injuriarum
1421 3757 1743 3826 immemor,
1768 3759 2050 3818 beneﬁcus

454 3850 708 3919 inimicis,
745 3850 962 3918 invidis,
993 3859 1048 3907 et
1075 3858 1338 3922 quantum
1362 3851 1419 3907 in
1456 3852 1589 3925 ipsis
1611 3851 1719 3909 fuit
1735 3854 2050 3911 interfecto-

450 3946 603 4003 ribus
646 3944 907 4003 fratribus
937 3962 1051 4002 non
1088 3946 1268 4003 solum
1298 3946 1437 4018 pius,
1474 3947 1571 4004 sed
1617 3947 1786 4005 etiam
1826 3950 2053 4006 muniﬁ-

454 4056 551 4097 cus
593 4040 881 4097 invenitur.
934 4040 1008 4097 Hi
1032 4055 1162 4113 ergo
1210 4055 1514 4114 eorumque
1545 4042 1863 4099 consimiles
1899 4052 2050 4102 recte

452 4134 779 4193 ambidextri
801 4143 1222 4207 nuncupantur;
1260 4143 1494 4208 utraque
1520 4137 1668 4193 enim
1696 4153 1864 4195 manu
1887 4147 2053 4195 utun-

451 4238 547 4285 tur
568 4244 669 4301 pro
697 4228 907 4295 dextra,
938 4236 994 4284 et
1020 4229 1166 4285 inter
1196 4230 1313 4286 haec
1328 4244 1451 4302 quae
1478 4230 1777 4301 Apostolus
1802 4230 2052 4288 dinume-

452 4329 541 4376 rat
564 4328 932 4387 transeuntes,
978 4321 1175 4392 pariter
1214 4320 1443 4379 dicunt:
1490 4325 1589 4379 Per
1630 4340 1785 4379 arma
1811 4325 2047 4394 justitiw

454 4428 574 4483 quae
602 4413 863 4467 ademtris
887 4417 1015 4466 sunt
1034 4418 1083 4468 et
1110 4430 1145 4466 a
1174 4416 1430 4482 sinistris,
1450 4431 1547 4484 per
1575 4416 1805 4483 gloriam
1829 4422 1879 4471 et
1904 4419 2051 4485 igno-

456 4507 742 4572 bilitatem,
761 4520 864 4574 per
884 4506 1171 4571 infamiam
1189 4512 1242 4560 et
1258 4505 1454 4561 bonam
1477 4510 1686 4575 famam
1703 4511 1771 4575 (ll
1799 4512 1916 4567 Cor.
1943 4512 2047 4583 vr),

2156 3303 2238 3342 me
2262 3288 2363 3342 tibi
2384 3286 2543 3341 aliter
2573 3287 2822 3350 locutum,
2854 3270 3015 3357 quam
3033 3292 3096 3341 ut
3122 3303 3415 3357 appareres
3426 3289 3650 3358 justus?
3673 3288 3763 3346 0b

2156 3380 2595 3437 emendationem
2643 3394 2792 3448 vero,
2842 3395 2970 3436 cum
3017 3379 3201 3452 justos
3248 3395 3379 3437 suos
3426 3396 3526 3453 pro
3579 3382 3764 3453 parvis

2155 3474 2487 3548 quibusdam
2517 3473 2831 3546 levibusque
2860 3474 3111 3546 peccatis,
3137 3489 3231 3530 seu
3260 3490 3359 3546 pro
3388 3474 3619 3530 elatione
3642 3490 3766 3531 suae

2156 3571 2408 3645 puritatis
2431 3569 2730 3626 humilians
2780 3568 3007 3624 diversis
3040 3568 3434 3625 tentationibus
3468 3569 3656 3637 tradit,
3696 3578 3767 3626 ut

2158 3681 2382 3723 omnem
2409 3664 2630 3721 sordem
2654 3663 3070 3736 cogitationum,
3099 3672 3174 3730 et,
3196 3672 3259 3720 ut
3282 3665 3458 3719 verbis
3480 3662 3768 3736 prophetae

2159 3760 2360 3828 dicam,
2380 3758 2617 3816 scoriam
2643 3773 2809 3830 quam
2834 3758 2891 3812 in
2912 3758 3140 3815 occultis
3167 3773 3358 3814 eorum
3379 3756 3621 3829 pervidet
3639 3773 3773 3813 esse

2156 3863 2488 3921 concretam,
2515 3868 2820 3925 excoquens
2844 3852 2903 3908 in
2923 3852 3202 3924 praesenti,
3242 3853 3383 3908 velut
3403 3866 3601 3906 aurum
3647 3867 3772 3923 pu-

2157 3967 2283 4009 rum
2301 3949 2487 4007 futuro
2510 3947 2852 4004 transmittat
2876 3945 3142 4014 examini,
3176 3945 3310 4001 nihil
3340 3945 3395 4000 iu
3418 3944 3496 4000 eis
3520 3944 3775 4001 residere

2157 4046 2481 4121 permittens
2502 4043 2653 4117 quod
2681 4051 2929 4099 scrutans
2947 4050 3071 4114 post
3103 4041 3222 4098 haec
3242 4034 3432 4114 judicii
3466 4040 3613 4113 ignis
3640 4026 3776 4113 pm-

2158 4141 2269 4198 nali
2295 4140 2543 4198 cruciatu
2570 4144 2976 4209 expurgaturus
3000 4135 3240 4192 inveniat
3266 4138 3410 4201 (Isa.
3453 4139 3534 4201 ι),
3566 4150 3774 4191 secun-

2157 4234 2292 4291 dum
2319 4231 2455 4289 illud
2482 4233 2689 4289 :Multa:
2702 4230 3358 4300 tribulationesjustorum
3375 4231 3391 4301 (
3408 4231 3557 4286 Psal.
3573 4245 3685 4286 xm
3702 4229 3718 4300 )
3740 4250 3767 4286 :

2158 4338 2231 4393 et,
2265 4328 2397 4395 Fili,
2418 4327 2535 4381 noli
2556 4326 2824 4394 negligere
2840 4325 3189 4394 disciplinam
3209 4326 3447 4387 Domini,
3472 4340 3643 4394 neque
3670 4326 3775 4391 fa-

2157 4424 2339 4491 tigeris
2353 4422 2485 4475 dum
2497 4420 2565 4473 ab
2587 4434 2647 4473 eo
2667 4420 2998 4489 increparis:
3022 4433 3180 4488 quem
3204 4420 3344 4472 enim
3374 4417 3565 4487 diligit
3587 4420 3774 4472 Domi-

2156 4530 2278 4578 nus,
2305 4515 2531 4584 corripit
2557 4532 2572 4567 :
2611 4514 2853 4582 ﬂagellat
2877 4517 3055 4568 autem
3071 4528 3278 4567 omnem
3296 4513 3470 4582 filium
3495 4529 3657 4583 quem
3676 4529 3774 4568 re-
3846 4558 3853 4565 .

457 4607 561 4657 etc.
596 4601 680 4655 De
716 4612 827 4672 qua
850 4597 1042 4655 dextra
1074 4601 1156 4655 vel
1179 4600 1401 4656 sinistra
1439 4601 1514 4657 ita
1542 4602 1806 4659 Salomon
1830 4620 1893 4660 ex
1930 4579 2049 4677 per-
2080 4579 2131 4641 D
2159 4610 2310 4679 cipit,
2346 4579 2466 4678 quis
2507 4579 2647 4662 enim
2681 4579 2759 4661 est
2796 4607 2942 4676 filius
2971 4606 3126 4676 quem
3153 4621 3258 4661 non
3296 4579 3528 4676 corripit
3562 4610 3780 4676 pater?

454 4710 588 4751 sona
612 4708 833 4775 sponsa;
869 4691 1114 4766 loquitur
1143 4695 1202 4750 in
1227 4692 1450 4752 Cantico
1481 4695 1828 4753 Canticorum
1854 4717 1865 4753 :
1895 4702 2053 4771 Laeva

451 4790 567 4860 ejus
592 4790 694 4845 sub
714 4789 889 4859 capite
923 4802 1056 4851 meo,
1086 4792 1139 4843 et
1167 4788 1391 4843 dextera
1406 4789 1521 4858 ejus
1549 4791 1955 4860 amplexabitur
1971 4809 2054 4848 me

455 4886 681 4956 (Cantia.
749 4883 834 4954 ιι).
890 4886 1038 4955 Quas
1086 4882 1214 4939 licet
1271 4889 1532 4956 utrasque
1566 4884 1729 4940 utiles
1763 4885 2053 4959 signiﬁcet,

453 4987 641 5034 tamen
658 4976 809 5033 illam
836 4978 937 5033 sub
957 4978 1130 5050 capite
1157 4993 1259 5034 suo
1285 4977 1467 5049 ponit,
1495 4978 1620 5050 quia
1645 4978 1924 5051 subjacere
1951 4979 2053 5035 de-

453 5073 586 5130 bent
612 5070 855 5129 adversa:
876 5079 1055 5143 partes
1083 5072 1362 5145 principali
1382 5072 1588 5130 cordis.
1620 5074 1706 5131 Ad
1743 5074 1850 5131 hoc
1877 5076 2051 5147 siqui-

456 5169 584 5229 dem
622 5176 843 5226 tantum
880 5167 1042 5223 utiles
1071 5177 1221 5235 sunt,
1247 5177 1312 5225 ut
1332 5186 1432 5242 pro
1474 5179 1723 5244 tempore
1750 5187 1855 5229 nos
1898 5187 2053 5228 exer-

457 5273 614 5321 ceant
640 5272 696 5320 et
721 5262 976 5320 erudiant
994 5261 1064 5318 ad
1085 5262 1335 5334 salutem,
1364 5280 1428 5321 ac
1448 5264 1715 5338 perfectos
1742 5266 1811 5322 ad
1842 5265 2051 5337 patien-

455 5358 593 5414 tiam
608 5356 874 5426 reddant;
909 5356 1192 5414 dexteram
1216 5374 1345 5415 vero
1375 5360 1445 5416 ad
1478 5358 1875 5416 confovendam
1905 5375 1964 5416 se
1988 5378 2053 5417 ac

2163 4702 2314 4770 Quod
2338 4703 2389 4755 si
2411 4705 2571 4757 clatra
2590 4699 2938 4770 dismplinam
2957 4703 3103 4764 estis,
3135 4701 3287 4770 cujus
3305 4702 3604 4771 participes
3629 4702 3780 4768 facti

2161 4800 2290 4851 sunt
2320 4809 2519 4861 omnes,
2546 4809 2665 4862 ergo
2700 4794 3017 4861 adulterini,
3046 4798 3096 4849 et
3123 4810 3227 4848 non
3249 4794 3357 4863 ﬁlii
3392 4796 3522 4848 estis
3552 4794 3578 4863 (
3602 4795 3774 4849 Hebr.

2161 4905 2255 4946 xu
2276 4894 2316 4959 >.
2352 4889 2421 4944 Et
2446 4888 2502 4943 in
2533 4886 2856 4960 Apocalypsi
2882 4904 2895 4940 :
2928 4888 3041 4956 Ego
3070 4903 3198 4958 quos
3228 4903 3370 4956 amo,
3399 4903 3579 4957 arguo
3602 4892 3659 4942 et
3682 4905 3774 4942 ca-

2158 4987 2300 5053 stigo
2320 4983 2520 5054 (Apoc.
2539 4979 2655 5052 ιιι).
2677 4980 2765 5037 Ad
2788 4996 2927 5053 quos
2949 4981 3118 5036 etiam
3132 4980 3236 5037 sub
3253 4980 3430 5052 ﬁgura
3452 4980 3773 5037 Jerusalem

2159 5093 2229 5133 ex
2260 5090 2493 5149 persona
2522 5076 2626 5132 Dei
2658 5074 2732 5131 ita
2760 5090 2857 5148 per
2905 5074 3206 5131 Jeremiam
3238 5089 3422 5130 sermo
3457 5075 3722 5148 dirigitur
3757 5094 3773 5129 :

2161 5174 2373 5229 Faciam
2392 5173 2533 5227 enim
2551 5173 3055 5227 consummationem
3081 5172 3143 5224 in
3168 5170 3411 5225 omnibus
3437 5172 3695 5240 gentibus
3712 5173 3779 5224 in

2160 5268 2355 5337 quibus
2383 5267 2687 5337 dispersite
2704 5286 2720 5333 ;
2738 5271 2789 5322 te
2813 5271 3111 5321 autemnon
3129 5267 3335 5333 faciam
3358 5267 3414 5319 in
3427 5280 3780 5321 consunnna-

2160 5364 2369 5422 tionem,
2392 5360 2485 5414 sed
2504 5360 2768 5429 castigabo
2791 5364 2841 5414 te
2867 5361 2927 5414 in
2937 5359 3171 5429 judicio,
3192 5362 3253 5414 ut
3275 5374 3383 5413 non
3411 5359 3515 5413 tibi
3529 5359 3784 5414 videaris

456 5462 717 5529 perpetuo
771 5454 1213 5511 'conservandam
1278 5453 1501 5510 salutari
1562 5454 1813 5526 amplexu
1864 5458 2050 5527 sponsi
2157 5456 2651 5524 innoxiusUerem.
2678 5455 2975 5523 xxx).Pro
3000 5470 3113 5526 qua
3134 5451 3359 5510 salutari
3374 5451 3784 5510 emendatione

1544 5560 1799 5616 ALARDI
1837 5562 2063 5619 GAZzEI
2101 5562 2662 5619 COMMENTARIUS.

524 5678 549 5703 ³
572 5670 788 5744 Scilicet
811 5686 840 5726 a
863 5674 1024 5744 Deo;
1051 5669 1122 5744 de
1136 5685 1225 5744 ea
1246 5667 1392 5744 enim
1431 5667 1732 5744 tentatione
1757 5668 1847 5725 hic
1873 5671 2054 5744 Ιοᾳυί-

455 5748 727 5814 turquam
756 5742 1038 5814 Scriptura
1092 5738 1881 5814 disciplinam,_eruditionem,
1930 5738 2054 5814 pro-

456 5813 756 5881 bationem,
782 5811 1216 5882 castigationem,
1242 5811 1649 5881 percussionem
1676 5821 1831 5869 vocat
1856 5834 1869 5867 :
1898 5811 2055 5887 cujus

2161 5673 2380 5801 (Ἥρωι,
2404 5672 2577 5731 immo
2605 5673 2938 5747 quadruplex
2986 5688 3146 5731 causa
3191 5671 3306 5729 sive
3338 5674 3479 5730 ratio
3504 5669 3596 5728 hic
3635 5669 3779 5726 red-

2202 5761 2215 5801 ι
2248 5761 2334 5801 ur.

2202 5761 2334 5801 ΙῐυΓ.
