4024 6208
373 161 473 220 661

1350 165 1686 222 COLLATIO
1723 167 1816 222 VI.
1855 197 1926 209 —
1964 167 2054 225 DE
2090 165 2267 224 NECE
2303 163 2738 224 SANCTORUM.

3593 171 3695 224 662

377 299 502 347 orat
522 289 724 358 David,
748 289 934 346 dicens
967 307 981 344 :
1013 290 1190 346 Proba
1211 305 1313 352 me,
1343 293 1593 356 Domine,
1631 297 1682 347 et
1709 296 1858 348 tenta
1883 309 1984 360 me,
2009 297 2063 361 Α
2089 307 2220 348 rans
2243 288 2654 364 quodammodo
2675 289 2788 362 jam
2814 288 2882 347 de
2917 303 3111 347 eorum
3139 289 3315 348 salute
3348 289 3649 362 proclamat
3677 312 3694 348 :

375 401 475 440 ure
499 401 648 442 renes
674 399 816 440 meos
840 387 891 438 et
913 399 1000 438 cor
1023 399 1201 438 meum
1239 385 1400 450 (Psal.
1444 390 1616 452 xxv).
1659 389 1686 419 ⁸
1715 389 1984 444 Jeremias

378 495 613 552 quoque,
643 479 932 535 utilitatem
956 477 1466 550 hujusteutationis
1495 479 1826 553 intelligens,
1859 482 1985 539 Cor-

375 577 512 644 ripe,
533 573 729 644 inquit,
747 589 852 635 me,
868 573 1107 638 Domine,
1129 577 1492 629 verumtamen
1506 575 1566 628 in
1573 574 1809 643 judicio,
1821 579 1984 630 etnon

376 671 436 722 in
451 669 636 736 furore
665 671 756 724 tuo
777 669 796 733 (
818 669 1010 724 Jerem.
1046 665 1145 738 x).
1175 667 1246 722 Et
1273 665 1471 723 iterum
1501 685 1515 722 :
1544 669 1841 738 Conﬁtebor
1864 670 1980 730 tibi,

379 765 622 830 Domine,
654 764 913 833 quoniam
939 763 1118 815 iratus
1147 775 1200 814 es
1220 762 1386 824 mihi,
1413 777 1693 818 conversth
1722 767 1801 818 est
1825 765 1986 832 furor

379 861 502 912 tuus
531 861 582 912 et
609 858 912 912 consolatus
937 871 990 910 es
1010 871 1094 910 me
1113 857 1244 922 (Isa.
1278 857 1412 928 χιι).
1441 859 1550 913 Pro
1577 857 1779 915 merito
1802 867 1983 915 autem

376 959 726 1022 peccatorum
768 950 920 1023 plaga
957 949 1278 1006 tentationis
1313 949 1563 1016 infertur,
1609 959 1670 1008 ut
1691 951 1768 1008 ibi
1803 953 1984 1025 plagas

377 1046 582 1117 populo
608 1044 791 1102 Israeli
813 1043 1196 1102 immissurum
1219 1059 1276 1100 se
1297 1045 1568 1102 Dominus
1592 1047 1980 1115 comminatur,

375 1137 570 1195 dicens
597 1159 610 1196 :
634 1144 826 1196 Dentes
847 1140 1145 1194 bestiarum
1161 1140 1454 1194 immittam
1472 1142 1531 1195 in
1553 1155 1636 1196 eos
1655 1157 1775 1196 cum
1798 1142 1984 1209 furore

377 1234 713 1288 trahentium
739 1249 899 1304 super
919 1237 1142 1294 terram,
1177 1237 1229 1287 et
1245 1234 1459 1300 frustra
1473 1238 1714 1304 percussi
1731 1237 1868 1306 ﬁlios
1887 1251 1980 1290 υθ-

373 1329 530 1388 stros,
598 1327 941 1398 disciplinam
981 1343 1086 1382 non
1128 1330 1399 1397 recepistis
1428 1332 1618 1397 (Deut.
1657 1331 1871 1398 χχχιι).
1915 1333 1979 1386 In

379 1417 607 1489 psalmis
655 1434 876 1491 quoque
924 1439 937 1475 :
969 1421 1148 1474 Multa
1175 1421 1392 1488 ﬂagella
1421 1425 1758 1490 peccatorum
1801 1425 1976 1494 (Psal.

377 1513 578 1580 xxxr).
601 1512 670 1566 Et
689 1510 744 1566 in
763 1511 1079 1582 Evangelio,
1097 1515 1224 1568 Ecce
1245 1528 1408 1568 sanus
1427 1515 1608 1581 factus
1639 1532 1713 1579 es,
1725 1517 1850 1587 jam
1873 1520 1984 1572 noli

373 1620 618 1675 peccare,
646 1620 714 1660 ne
730 1605 968 1660 deterius
1007 1607 1114 1659 tibi
1145 1607 1360 1676 aliquid
1382 1610 1657 1678 contingat
1681 1613 1866 1677 (Joan.
1893 1614 1978 1680 γ).

2090 390 2296 456 Defecit
2313 389 2680 456 sufﬂatorium
2693 387 2752 443 in
2770 389 2916 456 igne,
2928 389 3144 456 frustra
3153 388 3399 456 conﬂavit
3412 389 3694 456 con/lator;
3764 393 3769 398 '

2089 484 2316 538 malitia
2349 485 2492 538 enim
2519 487 2708 538 vestra:
2739 499 2846 539 non
2873 487 3000 539 sunt
3029 477 3370 554 consumptor,
3411 487 3693 553 argentum

2091 575 2574 647 reprobumpocate
2597 591 2702 639 eos,
2739 579 2872 646 quia
2895 577 3148 632 Dominus
3175 573 3404 646 projecit
3435 573 3558 628 illos
3592 572 3693 643 (Je-

2087 684 2220 726 rem.
2243 672 2352 734 v1).
2381 671 2538 753 Hanc
2561 667 2854 725 salutarem
2873 668 3014 742 ignis
3037 667 3413 740 purgationem
3437 666 3580 723 circa
3599 680 3692 722 eos

2090 757 2184 828 qui
2214 757 2506 830 prmdurati
2555 764 2686 814 sunt
2723 757 3018 814 sceleribus
3061 757 3196 824 suis,
3225 757 3460 813 inaniter
3493 770 3552 812 se
3579 757 3692 812 Do-

2089 851 2278 907 minus
2313 851 2630 908 adhibuisse
2667 851 2770 908 sub
2816 867 3045 924 persona
3079 851 3385 908 Jerusalem
3429 857 3696 907 concreta)

2090 943 2360 1016 profunda
2387 945 2640 1018 rubigine
2657 953 3011 1017 peccatorum
3031 943 3105 1001 ita
3131 943 3511 1018 conqueritur:
3534 946 3693 1007 Pone,

2089 1038 2360 1111 inquiens,
2375 1041 2537 1094 ollam
2567 1051 2958 1109 (eneamqsuper
2971 1053 3182 1108 prunas
3207 1054 3428 1094 vacuam
3462 1042 3526 1093 ut
3544 1040 3695 1093 inca-

2089 1131 2268 1195 lescat,
2300 1136 2352 1186 et
2369 1131 2616 1202 liqueﬁat
2634 1147 2706 1186 (es
2721 1133 2856 1200 ejus,
2880 1135 2930 1186 et
2951 1131 3281 1201 compleatur
3297 1133 3358 1186 in
3383 1133 3558 1188 medio
3581 1134 3700 1204 ejus

2085 1223 2548 1293 inquinamentum
2571 1223 2708 1292 ejus,
2735 1224 2906 1278 multo
2935 1223 3116 1277 labore
3134 1223 3393 1278 sudatum
3420 1227 3499 1278 est
3522 1227 3573 1277 et
3591 1239 3698 1280 non

2087 1319 2255 1374 exivit
2279 1319 2346 1373 de
2373 1333 2435 1372 ea
2460 1319 2631 1372 nimia
2657 1316 2851 1387 rubigo
2879 1317 3014 1387 ejus,
3055 1333 3233 1386 neque
3259 1333 3364 1389 per
3390 1318 3573 1386 ignem
3594 1319 3696 1372 im-

2086 1411 2358 1466 munditia
2387 1416 2486 1466 tua
2514 1411 2882 1474 exsecrabilis,
2911 1414 3039 1482 quia
3066 1411 3332 1466 mundare
3367 1415 3418 1466 te
3439 1411 3590 1466 uolui
3603 1455 3620 1475 ,
3648 1417 3700 1468 et

2086 1521 2194 1560 non
2221 1520 2273 1560 es
2297 1505 2562 1560 mundata
2583 1521 2618 1559 a
2639 1505 2886 1560 sordibus
2917 1508 3025 1560 tuis
3055 1504 3268 1576 (Ezech.
3299 1509 3452 1572 xxx).
3481 1504 3691 1576 Quam-

2089 1599 2283 1656 obrem
2351 1599 2720 1672 peritissimus
2767 1599 3051 1670 medicus,
3127 1600 3410 1672 expensis:
3441 1601 3698 1656 omnibus

380 1699 694 1756 Invenimus
723 1713 854 1754 sane
881 1705 938 1753 et
964 1707 1217 1770 quartam
1244 1699 1513 1757 rationem
1532 1743 1548 1770 ,
1575 1719 1682 1775 qua
1708 1703 1780 1760 ob
1808 1703 1984 1760 mani—
2013 1713 2063 1776 Β
2092 1693 2422 1751 salutaribus
2447 1693 2614 1767 curis,
2636 1709 2742 1751 nec
2759 1695 2936 1751 ullum
2960 1693 3325 1768 jamqremedii
3353 1709 3523 1766 genus
3551 1691 3700 1768 quod

381 1791 688 1849 festandam
727 1791 1087 1848 solummodo
1113 1791 1348 1866 gloriam
1384 1802 1440 1851 et
1472 1811 1639 1868 opera
1667 1799 1772 1854 Dei
1802 1798 1988 1855 inferri

2096 1788 2405 1846 inﬁrmitati
2450 1804 2642 1846 eorum
2689 1789 2857 1862 possit
2891 1790 3062 1862 aptari
3107 1789 3372 1846 Dominus
3415 1803 3700 1861 superesse

380 1885 705 1957 quibusdam
733 1885 938 1957 aliquas
978 1885 1261 1958 passiones
1299 1887 1705 1960 Scripturarum
1744 1891 1990 1948 auctori-

2098 1883 2454 1955 conspiciens,
2484 1881 2894 1957 quodammodo
2920 1882 3278 1955 iniquitatum
3325 1882 3702 1957 magnitudine

379 1987 496 2036 tate
521 1980 935 2051 cognoscimus,
962 1978 1264 2036 secundum
1293 1980 1428 2038 illud
1454 1983 1728 2057 Evangelii
1766 2002 1782 2040 :
1813 1989 1991 2056 Neque
2094 1986 2400 2048 superatur,
2431 1992 2498 2032 ac
2525 1975 2802 2032 discedere
2831 1977 2899 2032 ab
2933 1975 3021 2031 illa
3050 1975 3302 2032 clementi
3336 1991 3434 2033 sua
3465 1977 3701 2050 castiga-

385 2073 472 2126 hic
488 2074 746 2142 peccavit,
773 2083 946 2142 neque
959 2077 1207 2144 parentes
1227 2075 1362 2144 ejus,
1381 2075 1476 2130 sed
1495 2080 1557 2130 ut
1577 2079 1992 2145 manifestentur
2093 2070 2244 2126 tione
2267 2067 2634 2141 compellitur,
2673 2068 2853 2140 itaque
2896 2068 2946 2123 ei
2975 2067 3282 2136 denuntiat,
3307 2067 3495 2125 dicens
3532 2089 3546 2125 :
3581 2073 3699 2125 Jam

387 2181 557 2235 opera
584 2167 682 2221 Dei
713 2168 771 2220 in
804 2169 918 2236 ipso
947 2167 1113 2236 (Joan.
1153 2172 1262 2234 ιιι).
1303 2170 1374 2224 Et
1399 2168 1601 2224 iterum
1638 2187 1652 2222 :
1693 2173 1990 2240 Inﬁrmitas

391 2259 504 2312 hac
529 2274 633 2313 non
651 2263 729 2314 est
752 2259 827 2314 ad
844 2265 1088 2324 mortem,
1113 2259 1206 2316 sed
1224 2277 1327 2332 pro
1347 2263 1526 2330 gloria
1549 2265 1666 2326 Dei,
1696 2268 1761 2318 ut
1785 2257 1986 2334 glorifi-

387 2357 541 2406 cetur
574 2353 737 2408 Filius
762 2355 862 2408 Dei
877 2369 978 2423 per
1003 2355 1180 2424 ipsam
1205 2357 1380 2421 (Joan.
1417 2355 1529 2427 ιι).
1557 2356 1694 2412 Sunt
1713 2365 1766 2412 et
1785 2357 1890 2416 alia
1905 2359 1986 2413 ul-

383 2445 610 2502 tionum
650 2461 846 2518 genera
893 2447 1092 2518 quibus
1131 2448 1379 2504 nonnulli
1419 2449 1510 2521 qui
1545 2449 1770 2507 malitia
1795 2466 1985 2524 super-

383 2540 556 2613 gressi
590 2548 722 2598 sunt
751 2542 1065 2608 cumulum,
1106 2543 1480 2614 percutiuntur
1523 2544 1594 2602 ad
1621 2560 1896 2618 praesens,
1927 2555 1988 2604 ut

381 2635 604 2693 Dathan
651 2644 707 2692 et
747 2635 980 2705 Abiron,
1021 2644 1091 2693 'et
1129 2637 1273 2694 sicut
1319 2637 1496 2694 Chore
1547 2639 1779 2711 legimus
1822 2639 1989 2699 fuisse

385 2731 674 2788 damnatos
697 2731 878 2805 (Num.
909 2733 1068 2806 xvr),
1098 2741 1154 2790 et
1177 2733 1258 2790 vel
1290 2735 1530 2790 maxime
1549 2734 1670 2792 illos
1690 2734 1759 2792 de
1793 2735 1990 2807 quibus

387 2825 686 2898 Apostolus
711 2825 844 2882 dicit
877 2847 890 2883 :
927 2829 1152 2899 Propter
1182 2829 1328 2900 quod
1350 2828 1586 2884 tradidit
1622 2829 1740 2884 illos
1759 2833 1899 2885 Deus
1928 2831 1986 2883 in

384 2923 659 2992 passiones
681 2923 990 2990 ignominia:
1007 2927 1060 2977 et
1081 2925 1142 2976 in
1161 2924 1444 2994 reprobum
1470 2937 1683 2979 sensum
1707 2923 1882 2994 (Rom.
1914 2923 1980 2995 ι),

391 3013 544 3086 quod
580 3013 746 3070 etiam
790 3015 1006 3072 ceteris
1036 3015 1210 3088 poenis
1241 3017 1459 3088 gravius
1492 3017 1851 3088 judicandum
1883 3025 1984 3072 est.
2011 3085 2023 3094 ν

2094 2182 2199 2220 non
2227 2168 2432 2221 irascar
2471 2164 2590 2226 tibi,
2637 2165 2687 2218 et
2712 2163 2858 2216 zelus
2899 2176 3046 2216 meus
3087 2163 3300 2216 recessit
3324 2179 3359 2216 a
3395 2167 3446 2218 te
3485 2161 3696 2232 (Ezech.

2090 2261 2250 2330 xvr).
2279 2261 2362 2314 De
2386 2242 2516 2314 aliis
2531 2271 2658 2313 vero
2695 2270 2934 2330 quorum
2963 2270 3076 2311 non
3103 2254 3437 2328 praeduravit
3469 2271 3566 2312 cor
3591 2255 3698 2312 ire-

2092 2353 2310 2426 quentia
2353 2360 2732 2425 peccatorum,
2772 2366 2874 2408 nec
2915 2351 3009 2406 illa
3039 2349 3381 2406 severissima
3421 2355 3478 2406 et
3515 2350 3598 2422 (ut
3624 2349 3700 2406 ita

2092 2445 2344 2510 dixerim)
2365 2438 2394 2477 ¹⁵
2415 2443 2650 2501 caustica
2674 2447 2843 2514 [Lips
2877 2445 2938 2498 in
2962 2428 3131 2512 marg.
3157 2441 3531 2516 castigatione]
3565 2443 3702 2517 ignis

2093 2539 2336 2612 indigent
2361 2538 2633 2595 medicina
2653 2581 2669 2606 ,
2699 2539 2796 2594 sed
2824 2537 3054 2594 eruditio
3083 2537 3333 2594 salutaris
3355 2537 3504 2594 verbi
3537 2535 3700 2593 sufﬁ-

2096 2633 2170 2688 cit
2205 2632 2276 2688 ad
2316 2631 2544 2688 salutem
2569 2673 2584 2700 ,
2613 2631 2807 2686 dicitur
2854 2651 2866 2685 :
2913 2634 2938 2662 ο
2971 2630 3277 2687 Emendabo
3314 2644 3398 2684 eos
3422 2632 3482 2683 in
3509 2627 3702 2683 auditu

2097 2727 2469 2783 tribulationis
2479 2743 2589 2782 sua:
2609 2727 2746 2794 (Ose.
2760 2740 2874 2792 vn,
2897 2739 2998 2781 sec.
3013 2727 3222 2793 LXX).
3243 2725 3368 2802 Non
3387 2723 3704 2796 ignoramus

2096 2819 2225 2875 alias
2251 2834 2469 2892 quoque
2498 2818 3032 2876 animadversionum
3075 2817 3186 2874 sive
3211 2817 3486 2874 ultionum
3512 2830 3704 2872 causas

2090 2927 2214 2985 quae
2237 2911 2546 2968 inferuntur
2576 2911 2664 2968 his
2706 2911 2796 2983 qui
2839 2911 3162 2984 gravissime
3189 2909 3562 2982 deliquerunt,
3591 2925 3703 2965 non

2095 3007 2166 3064 ad
2189 3006 2447 3079 expianda
2483 3021 2679 3062 eorum
2704 3005 2957 3073 crimina,
2985 3021 3086 3061 nec
3112 3004 3181 3061 ad
3209 3003 3475 3060 abolenda
3507 3004 3700 3060 merita

391 3108 478 3162 De
514 3107 649 3180 ipsis
683 3123 924 3179 namque
960 3106 1248 3164 Psalmista
1294 3127 1309 3164 :
1348 3112 1410 3164 In
1439 3111 1712 3166 laboribus
1731 3155 1750 3176 ,
1777 3111 1954 3182 inquit
1975 3151 1991 3178 ,
2023 3104 2070 3172 C
2103 3109 2470 3172 peccatorum,
2491 3099 2588 3157 sed
2614 3099 2682 3157 ad
2701 3099 3142 3182 emendationem
3167 3107 3488 3170 metumque
3513 3097 3702 3152 viven—

391 3201 662 3256 hominum
681 3217 786 3256 non
807 3207 956 3263 sunt,
989 3205 1041 3256 et
1063 3217 1182 3256 cum
1203 3203 1504 3258 hominibus
1517 3217 1624 3256 non
1642 3205 1992 3272 ﬂagellabun-

392 3301 482 3350 tur
506 3297 675 3360 (Psal.
721 3296 908 3366 Lxx1).
937 3296 1057 3351 Non
1083 3295 1232 3352 enim
1273 3304 1554 3352 merentur
1577 3297 1772 3353 salvari
1805 3298 1991 3353 visita-

391 3388 546 3443 tione
573 3388 814 3457 Domini,
841 3404 942 3444 nec
975 3387 1369 3461 temporalibus
1394 3389 1564 3464 plagis
1591 3392 1848 3462 consequi
1872 3407 1990 3448 me-

393 3481 658 3551 dicinam,
725 3483 816 3554 qui
867 3481 1215 3555 desperantes
1271 3483 1600 3556 semetipsos
1651 3483 1994 3541 tradiderunt

398 3573 778 3646 impudicitiae,
815 3575 873 3632 in
917 3573 1286 3649 operationem
1328 3577 1508 3648 omnis
1537 3579 1738 3635 erroris
1759 3619 1774 3644 ,
1802 3578 1858 3633 in
1888 3578 1992 3634 im-

399 3667 718 3726 munditiam
740 3711 756 3738 ,
803 3669 1004 3744 quique
1049 3671 1410 3729 obduratione
1459 3671 1666 3740 cordis,
1706 3680 1768 3729 et
1799 3687 1900 3730 usu
1927 3687 1992 3730 ac

394 3760 690 3834 frequentia
715 3763 1059 3837 delinquendi
1085 3766 1462 3839 purgationem
1491 3765 1804 3824 brevissimi
1831 3766 1992 3839 hujus

395 3857 494 3912 aevi
533 3867 588 3914 et
626 3859 893 3915 ultionem
935 3859 1069 3914 vita
1113 3861 1390 3930 praesentis
1453 3860 1736 3915 excedunt.
1783 3861 1992 3928 Quibus

393 3952 559 4008 etiam
590 3969 684 4024 per
711 3952 1037 4024 prophetam
1057 3966 1239 4006 sermo
1262 3951 1479 4006 divinus
1502 3952 1798 4022 exprobrat
1822 3971 1834 4006 :
1859 3955 1994 4008 Sub-

391 4049 535 4102 verti
562 4062 684 4109 vos,
721 4036 858 4098 sicut
885 4045 1145 4098 subuertit
1185 4047 1325 4100 Deus
1359 4043 1640 4099 Sodomam
1681 4049 1732 4099 et
1773 4045 1996 4101 Gomor-

392 4140 574 4201 rham,
609 4143 660 4192 et
685 4139 826 4205 facti
846 4139 971 4191 estis
999 4137 1138 4191 sicut
1171 4139 1328 4192 torris
1357 4140 1552 4206 raptus
1575 4137 1641 4193 de
1664 4137 1924 4202 incendio,
1945 4143 1996 4194 et

2097 3195 2238 3251 tium
2260 3237 2279 3264 ,
2325 3210 2452 3266 quae
2477 3193 2757 3250 evidenter
2797 3194 2850 3249 in
2889 3175 3186 3251 Jeroboa‘m
3227 3191 3401 3247 tilium
3445 3189 3661 3247 Nabath
3685 3233 3700 3256 ,

2099 3289 2270 3343 Baasa
2295 3299 2512 3360 quoque
2537 3285 2709 3340 lilium
2742 3285 2938 3353 Achia,
2971 3294 3026 3340 et
3053 3283 3242 3340 Achab
3271 3293 3432 3355 atque
3461 3283 3702 3350 Iezabel,

2100 3377 2244 3434 illata
2283 3377 2706 3450 cognoscimus,
2745 3377 2820 3432 ita
2857 3377 3242 3448 pronuntiante
3281 3375 3462 3431 divina
3507 3391 3700 3431 censu-

2101 3483 2160 3528 ra
2184 3492 2196 3528 :
2229 3476 2378 3535 Ecce,
2410 3488 2505 3541 ego
2539 3471 2794 3526 inducam
2833 3487 2994 3542 super
3029 3475 3080 3526 te
3106 3471 3306 3525 malum
3322 3513 3338 3533 ,
3367 3472 3420 3524 et
3441 3470 3703 3524 demetam

2093 3571 2392 3638 posteriora
2413 3569 2528 3630 tua,
2549 3571 2600 3622 et
2626 3567 2946 3637 interﬁciam
2971 3566 3038 3629 de
3063 3563 3251 3623 Achab
3282 3565 3603 3632 mingentem
3629 3564 3704 3618 ad

2092 3657 2376 3732 parietem,
2407 3665 2459 3716 et
2481 3661 2723 3716 clausum
2747 3664 2798 3715 et
2816 3662 3157 3715 novissimum
3181 3660 3240 3712 in
3259 3659 3430 3713 Israel
3459 3677 3476 3712 :
3498 3661 3548 3712 et
3565 3657 3703 3712 dabo

2096 3755 2314 3810 domum
2341 3759 2493 3810 tuam
2519 3757 2656 3810 sicut
2691 3754 2912 3810 domum
2941 3753 3218 3808 Jeroboam
3249 3753 3354 3820 ﬁlii
3376 3752 3628 3814 Nabath,
3654 3755 3706 3804 et

2095 3853 2232 3906 sicut
2263 3852 2481 3906 domum
2503 3852 2680 3906 Baasa
2695 3849 2800 3919 filii
2830 3847 3034 3908 Achia,
3067 3847 3199 3914 quia
3219 3845 3380 3912 egisti
3415 3847 3477 3896 ut
3502 3858 3587 3896 me
3631 3843 3706 3896 ad

2097 3943 2443 3998 iracundiam
2456 3955 2792 4011 prouocares,
2820 3945 2870 3994 et
2887 3952 3110 4008 peccare
3129 3937 3310 4004 fecisti
3332 3934 3528 3998 Israel;
3553 3947 3706 3987 canes

2101 4041 2265 4092 etaim
2296 4033 2567 4092 comedent
2587 4037 2798 4092 Iezabel
2824 4039 2882 4089 in
2911 4049 3042 4102 agro
3065 4031 3304 4087 Jezrahel
3331 4049 3347 4084 :
3377 4031 3430 4083 si
3455 4029 3706 4107 mortuus

2097 4131 2272 4197 fuerit
2287 4129 2474 4185 Achab
2494 4131 2553 4182 in
2566 4130 2806 4189 ciuitate,
2833 4125 3098 4180 comedent
3113 4138 3233 4178 eum
3252 4136 3436 4188 canes;
3460 4123 3510 4176 si
3526 4124 3706 4175 autem

393 4248 490 4287 nec
516 4233 592 4284 sic
629 4229 846 4284 redistis
873 4229 948 4283 ad
972 4245 1086 4293 me,
1114 4230 1248 4286 dicit
1274 4232 1534 4288 Dominus
1572 4231 1758 4302 (Amos
1790 4236 1896 4298 1v).
1929 4233 1997 4288 Et
2100 4228 2342 4278 mortuus
2379 4223 2554 4290 fuerit
2577 4225 2638 4276 in
2663 4235 2796 4290 agro
2812 4263 2828 4284 ,
2860 4219 3135 4274 comedent
3161 4231 3280 4271 eum
3317 4215 3552 4270 volucres
3592 4215 3712 4268 caeli

397 4323 672 4380 Ieremias
704 4341 718 4378 :
750 4325 1000 4394 Interfeci
1017 4329 1068 4380 et
1080 4325 1303 4396 perdidi
1311 4326 1576 4397 populum
1598 4341 1794 4387 meum,
1824 4330 1875 4380 et
1903 4329 1993 4380 ta-
2103 4313 2519 4389 (IllReg.xx1).
2536 4316 2607 4370 Et
2625 4313 2756 4370 illud
2779 4311 2927 4385 quod
2946 4327 3044 4384 pro
3066 4311 3272 4384 ingenti
3283 4307 3707 4366 comminatione

399 4433 521 4472 men
535 4419 677 4472 aviis
693 4419 806 4472 suis
823 4433 928 4472 non
943 4422 1072 4474 sunt
1086 4421 1286 4474 reversi
1297 4418 1506 4490 (Jerem.
1529 4419 1649 4490 xv).
1673 4419 1743 4474 Et
1757 4417 1990 4474 iterum:
2101 4411 2450 4469 denuntiatur
2479 4430 2495 4466 :
2518 4398 2547 4442 δ
2573 4412 2691 4468 Non
2713 4410 2984 4477 inferetur
3019 4406 3245 4464 cadaver
3268 4410 3422 4462 tuum
3446 4407 3504 4460 in
3521 4405 3704 4474 sepul—

397 4513 717 4568 Percussisti
731 4527 814 4566 eos
834 4516 1005 4566 etnon
1023 4512 1328 4574 doluerunt,
1353 4513 1622 4567 attﬁvisti
1633 4527 1717 4568 eos
1735 4517 1788 4568 et
1801 4527 1992 4567 renue-
2027 4499 2080 4562 D
2102 4523 2254 4562 crum
2274 4511 2498 4577 patrum
2520 4509 2730 4560 tuorum
2760 4503 2863 4576 (III
2893 4506 3022 4573 Reg.
3067 4501 3216 4571 xm)
3253 4517 3268 4554 :
3302 4515 3414 4556 non
3439 4496 3587 4571 quod
3622 4499 3704 4554 vel

395 4609 524 4660 runt
548 4605 782 4676 accipere
817 4605 1162 4674 disciplinam
1181 4647 1198 4667 ,
1236 4605 1623 4660 induraverunt
1665 4607 1832 4672 facies
1870 4621 1996 4675 suas
2105 4600 2248 4658 illius
2279 4602 2408 4658 tam
2437 4597 2668 4672 profana
2705 4604 3021 4656 commenta
3052 4595 3144 4668 qui
3185 4593 3384 4650 vitulos
3413 4607 3609 4650 aureos
3635 4591 3706 4648 ad

397 4714 554 4768 super
571 4703 807 4770 petram.
825 4699 1111 4754 noluerunt
1129 4699 1326 4754 reverti
1347 4698 1552 4770 (Jerem.
1581 4703 1664 4763 v).
1693 4699 1834 4771 Erga
1855 4713 1998 4770 quo-

401 4807 525 4846 rum
564 4793 899 4849 curationem
939 4806 1163 4848 omnem
1189 4791 1452 4864 temporis
1473 4791 1634 4847 istius
1673 4791 1998 4849 medicinam

403 4883 589 4942 videns
602 4885 862 4960 propheta
875 4885 1150 4942 incassum
1175 4882 1348 4942 fuisse
1368 4893 1785 4958 consumptam,
1799 4884 1993 4957 despe-

2105 4707 2428 4771 perpetuam
2446 4695 2946 4770 praevaricationem
2972 4693 3142 4765 plebis
3168 4691 3498 4762 impiamque
3523 4702 3557 4743 ε
3586 4690 3701 4743 Ι)οο

2104 4793 2256 4849 mino
2281 4791 2682 4862 separationem
2706 4787 2915 4860 primus
2946 4785 3202 4851 instituit,
3233 4783 3316 4839 vel
3341 4783 3560 4839 illorum
3588 4787 3707 4837 tam

2106 4885 2392 4941 innumera
2410 4891 2635 4954 tamque
2659 4878 2881 4938 nefaria‘
2897 4877 3300 4952 sacrilegiorum
3333 4877 3563 4934 crimina
3589 4871 3710 4933 hac

1499 5003 1753 5058 ALARDI
1791 5003 2016 5057 GAZIEI
2055 4997 2612 5058 COMMENTARIUS.

470 5120 496 5145 ι
525 5111 664 5166 Sunt
690 5110 837 5166 enim
864 5109 1116 5166 Jeremiae
1139 5107 1448 5169 verba.nou
1466 5105 1638 5175 Isaiae,
1664 5124 1790 5164 cum
1811 5116 1996 5165 tamen

400 5180 758 5262 manuscripti
796 5179 1067 5262 plerique2
1094 5178 1334 5262 Cuy_ch_ip
1362 5187 1497 5262 teste
1515 5220 1533 5250 ,
1570 5179 1752 5262 legant
1782 5179 1994 5237 Isaiam.

402 5257 484 5324 At
505 5249 1103 5324 Diony'sius'pro'lsaia
1131 5249 1410 5307 substituit
1436 5249 1752 5324 Jeremiam.

472 5315 500 5353 ³⁵
524 5321 586 5378 Id
606 5315 709 5390 es't,
733 5315 925 5394 rigi'da,
942 5330 1250 5394 pungente,
1276 5330 1510 5394 austera.
1539 5325 1618 5378 Ita
1643 5323 1734 5394 lib.
1766 5339 1804 5380 Χ
1833 5321 2002 5378 Insti-

403 5401 514 5466 tut._
548 5408 668 5464 cap.
710 5400 744 5449 5
781 5392 1019 5450 caustica
1061 5393 1193 5450 dixit
1235 5392 1650 5460 medicamenta,
1697 5393 1766 5450 de
1809 5393 2006 5466 quibus

410 5463 840 5520 ibidem’actum.

478 5537 502 5567 ε
524 5535 756 5604 Vulgata
781 5535 976 5600 versio,
1005 5535 1219 5592 Cmdam
1246 5553 1330 5593 eos
1347 5539 1633 5593 secundum
1669 5538 2001 5592 auditionem

407 5611 566 5680 cretus
604 5622 807 5680 eorum.
851 5609 1018 5662 Notat
1045 5606 1328 5680 Ciaconius
1361 5609 1504 5679 apud
1545 5607 1860 5680 Origenem,
1892 5607 2002 5661 ho-

406 5677 646 5752 mil.7176
688 5677 742 5752 in
771 5680 1065 5752 Numeros,
1111 5679 1298 5752 vitiose
1348 5677 1448 5752 legi
1479 5695 1503 5752 τί
1531 5677 1711 5752 Ierr'et
1751 5682 1892 5735 Deus
1939 5680 2002 5752 ut

406 5751 668 5818 corripiat
703 5750 965 5804 hominem
997 5751 1057 5804 in
1086 5749 1382 5805 auditionis
1404 5749 1774 5813 tribulatione,
1818 5763 1914 5822 pro
1945 5750 2003 5802 in

2117 5109 2392 5164 auditione
2410 5106 2805 5172 tribulationis;
2833 5103 2912 5160 vel
2929 5111 2990 5160 ut
3003 5111 3086 5160 est
3103 5099 3248 5174 apud
3270 5097 3529 5174 eumdem
3548 5095 3708 5174 hom.

2105 5188 2132 5236 1
2169 5181 2226 5236 in
2270 5177 2610 5234 Ezechielem
2645 5197 2657 5234 :
2692 5171 2938 5248 Arguam
2985 5191 3072 5258 eos
3101 5171 3162 5230 in
3188 5171 3386 5227 auditu
3431 5172 3708 5239 angutina:

2105 5267 2304 5309 eorum.
2428 5265 2441 5280 '

2179 5311 2208 5355 ά
2240 5322 2467 5399 Dictum
2495 5319 2602 5399 hoc
2629 5327 2731 5399 est,
2761 5335 2874 5376 non
2902 5316 3015 5386 regi
3051 5313 3262 5399 Achab,
3291 5312 3594 5399 ut‘videtur
3616 5313 3711 5399 hic

2111 5398 2341 5459 Auctor,
2390 5391 2661 5464 prioribus
2705 5384 2822 5464 haec
2878 5384 3238 5464 cpu'nectensj
3293 5385 3562 5464 indicare;
3613 5384 3710 5442 sed

2115 5453 2404 5536 prophetae
2434 5461 2628 5536 illi‘qui
2659 5460 2858 5515 missus
2897 5457 3075 5536 fuerat
3102 5459 3156 5513 in
3199 5457 3392 5536 Bethel
3435 5453 3505 5508 ad
3526 5453 3710 5536 incre-

2107 5521 2351 5606 pandam
2397 5521 2710 5590 Jerob'oam,
2753 5537 2810 5584 et
2841 5545 2884 5606 _a
2935 5527 3072 5606 fal_so
3130 5527 3394 5606 propheta
3451 5521 3711 5606 seductus

2107 5593 2345 5662 comedit
2387 5611 2579 5658 contra
2620 5604 2952 5671 praeceptum
2995 5593 3206 5672 Domini
3225 5593 3638 5672 {quamobrem
3677 5608 3710 5646 a

2107 5675 2266 5732 leone
2303 5673 2514 5730 occisus
2561 5661 2666 5738 est,
2713 5678 2770 5725 et
2801 5661 3102 5743 peregrinae
3143 5661 3374 5726 traditus
3418 5661 3709 5732 sepulturae

2108 5749 2210 5813 (Ill
2235 5751 2364 5814 Reg.
2396 5745 2541 5811 χιι).
