4048 6208
390 186 493 240 063

1475 174 1755 234 JOANNIS
1790 171 2091 229 CASSIANI
2129 168 2616 247 COLLATIONES.

3589 169 3696 223 664

389 321 693 379 excoquere
728 306 907 363 brevis
937 319 1001 361 ac
1042 310 1429 360 momentanea
1462 316 1623 373 penna
1668 297 1979 366 sufﬁceret,
2010 301 2063 365 Α
2098 305 2260 370 atque
2285 296 2517 369 imagine
2540 294 2824 367 ﬁguratur,
2858 308 3132 367 quamque
3160 291 3215 349 in
3249 306 3310 349 se
3351 289 3563 348 tamdiu
3601 306 3697 347 re—

390 403 485 460 sed
509 410 569 458 ut
594 402 805 459 caeteris
833 416 1049 474 quoque
1076 400 1170 472 qui
1211 398 1396 455 futura
1420 397 1501 452 vel
1532 394 1881 469 negligentes,
1909 392 1988 449 vel

391 497 607 570 penitus
645 512 757 552 non
802 494 1082 551 credentes
1104 536 1119 561 ,
1150 490 1581 549 consideratione
1607 486 1990 545 tantummodo

392 588 743 661 prmsenﬁum
792 586 1206 659 frangebantur,
1250 592 1429 639 terror
1458 583 1681 638 istarum
1710 596 1843 652 quas
1870 595 1988 635 me-

390 682 616 739 tuebant
658 681 927 736 ultionum
980 680 1313 734 incuteretur
1358 676 1606 749 exemplo
1630 718 1647 743 ,
1695 690 1794 731 nec
1844 673 1988 746 apud

386 776 538 833 illam
577 774 779 832 summi
824 773 1063 829 numinis
1090 772 1430 845 majestatem
1473 787 1590 828 esse
1623 771 1988 827 humanarum

388 883 572 926 rerum
601 876 657 923 et
694 866 1021 939 quotidianae
1066 866 1485 940 dispensationis
1520 866 1789 921 incuriam
1821 862 1988 920 docu-

389 969 576 1017 mento
603 960 765 1033 hujus
791 959 1087 1017 severitatis
1114 967 1487 1031 agnoscerent,
1517 974 1581 1014 ac
1611 956 1992 1013 retributorem

387 1058 568 1111 Deum
597 1061 922 1110 cunctorum
964 1061 1189 1110 actuum
1238 1068 1331 1124 per
1389 1053 1507 1108 haec
1531 1066 1654 1123 quae
1678 1050 1994 1122 gravissime

304 1132 313 1137 ’
388 1144 765 1203 formidabant
819 1143 1164 1201 manifestius
1209 1143 1569 1216 perviderent.
1613 1146 1635 1174 ³
1682 1141 1994 1198 Invenimus

390 1254 519 1295 sane
555 1238 718 1294 etiam
760 1253 856 1308 pro
887 1236 1178 1293 levioribus
1204 1236 1374 1308 culpis
1415 1235 1708 1292 nonnullos
1743 1232 1993 1290 eamdem

390 1332 583 1388 mortis
608 1330 679 1387 ad
701 1346 938 1402 praesens
960 1330 1230 1402 excepisse
1263 1329 1609 1398 sententiam,
1652 1343 1757 1399 qua
1781 1334 1911 1383 sunt
1935 1334 1992 1381 et

397 1423 476 1479 illi
509 1422 682 1496 puniti
709 1438 848 1495 quos
892 1422 1251 1494 praediximus
1274 1422 1539 1486 exstitisse
1559 1421 1835 1493 sacrilega:
1856 1434 1994 1492 pra:-

388 1515 740 1573 varicationis
788 1523 1070 1585 auctores,
1098 1523 1161 1571 ut
1192 1513 1400 1570 factum
1431 1523 1513 1570 est
1546 1514 1602 1569 in
1626 1514 1715 1569 illo
1746 1514 1841 1585 qui
1882 1513 1996 1568 sab-

389 1612 519 1667 bato
563 1610 707 1683 ligna
735 1606 1025 1681 collegerat
1065 1591 1417 1680 (Num-xv),
1445 1608 1533 1663 vel
1578 1608 1635 1662 in
1676 1605 1890 1662 Anania
1935 1612 1991 1660 et

2095 391 2255 458 tinet,
2278 387 2452 446 donec
2475 390 2581 445 alio
2611 403 2801 444 rursus
2830 387 3093 459 impresso
3119 384 3395 457 signaculo
3421 382 3698 439 reforme-

2096 491 2205 552 tur,
2236 490 2397 554 atque
2423 483 2495 539 ita
2524 482 2619 538 ﬁet
2646 490 2729 550 ut,
2754 494 3056 552 numquam
3078 479 3136 534 in
3160 494 3259 535 sua
3285 477 3543 550 qualitate
3572 492 3694 548 per-

2098 576 2312 644 sistens,
2337 574 2404 631 ad
2434 576 2668 632 formam
2697 560 2895 631 eorum
2917 587 3041 646 quae
3067 572 3459 644 imprimuntur
3484 586 3702 643 semper

2101 677 2445 726 convertatur
2478 685 2541 724 ac
2580 676 2816 724 transeat
2869 687 2882 723 :
2946 666 3078 738 quin
3121 666 3303 737 potius
3329 662 3512 730 .debet
3551 662 3699 719 velut

2096 760 2376 834 quoddam
2406 777 2522 817 esse
2545 755 2574 792 ι’
2598 759 3007 817 adamantinum
3036 756 3413 831 signatorium,
3438 764 3499 811 ut
3521 756 3696 811 invin-

2096 855 2319 912 labilem
2352 870 2509 911 mens
2545 862 2732 911 nostra
2761 853 2993 923 ﬁguram
3023 850 3109 907 sui
3145 864 3359 920 semper
3386 846 3699 904 custodiens

2097 949 2453 1014 characteris,
2493 949 2745 1005 universa
2777 961 2899 1019 qum
2938 943 3264 1001 incurrerint
3290 941 3392 997 sibi
3415 941 3485 998 ad
3517 941 3697 1014 quali-

2098 1052 2267 1101 tatem
2297 1044 2379 1100 sui
2404 1051 2579 1099 status
2610 1042 2784 1116 signet
2806 1048 2966 1112 atque
2994 1036 3389 1104 transformet;
3423 1036 3539 1109 ipsa
3571 1050 3695 1093 vero

2100 1136 2336 1210 insigniri
2362 1136 2523 1193 nullis
2544 1135 2850 1192 incursibus
2872 1134 3063 1207 possit.

2676 1232 2914 1289 CAPUT
2951 1231 3107 1288 XIII.

2096 1334 2474 1402 Interrogatio,
2500 1335 2552 1389 si
2574 1335 2745 1404 possit
2774 1347 2919 1387 mens
2947 1334 3006 1386 in
3023 1346 3141 1404 una
3163 1334 3326 1401 atque
3354 1329 3538 1384 eadem
3564 1344 3698 1400 qua-

2580 1403 2752 1459 ‘litate
2764 1405 2975 1474 jugiter
2998 1403 3212 1458 durare.

2173 1505 2487 1582 Germanus
2521 1522 2534 1559 :
2578 1505 2837 1559 Potestne
2875 1517 3032 1559 mens
3061 1507 3249 1557 nostra
3283 1513 3457 1556 unum
3493 1505 3697 1555 statum

2088 1596 2291 1672 jugiter
2330 1596 2560 1653 retinere
2582 1638 2598 1665 ,
2632 1605 2687 1654 et
2723 1596 2778 1652 in
2805 1595 2994 1653 eadem
3021 1609 3238 1667 semper
3280 1592 3539 1666 qualitate
3585 1608 3701 1664 per-

389 1703 678 1776 Sapphira,
704 1703 796 1775 qui
826 1718 1017 1773 parum
1052 1702 1314 1774 quiddam
1342 1701 1410 1758 de
1434 1701 1733 1758 substantia
1772 1716 1869 1755 sua
1910 1698 1999 1755 in—
2028 1692 2078 1756 B
2104 1692 2329 1749 sistere?

392 1796 670 1854 ﬁdelitatis
697 1812 883 1853 errore
909 1803 1267 1852 servaverant
1309 1794 1508 1867 (Actor.
1547 1796 1607 1866 v)
1639 1816 1651 1852 :
1700 1810 1817 1851 non
1845 1793 1991 1867 quod

389 1890 618 1962 aequalia
639 1888 834 1946 fuerint
857 1890 1099 1962 pondera
1125 1899 1470 1963 peccatorum
1488 1932 1502 1958 ,
1536 1888 1631 1946 sed
1650 1889 1775 1962 quia
1795 1888 1991 1960 reperti

386 1997 546 2039 novae
582 1981 1024 2053 transgressionis
1051 1990 1492 2053 praesumptores,
1523 1981 1829 2036 debuerunt
1852 1995 1991 2052 prte-

388 2075 519 2131 bere
543 2074 779 2143 caeteris,
799 2072 1263 2145 quemadmodum
1282 2073 1508 2145 peccati,
1534 2072 1604 2127 ita
1625 2073 1791 2128 etiam
1813 2087 1992 2143 poenae

388 2184 454 2223 ac
486 2167 713 2223 terroris
735 2166 1046 2237 exemplum
1072 2206 1088 2231 ,
1132 2175 1193 2221 ut
1220 2166 1467 2238 quisquis
1508 2165 1697 2221 eadem
1739 2148 1994 2237 deinceps

388 2260 647 2316 affectare
686 2267 1209 2323 tentassetynosset
1249 2259 1354 2315 sibi
1397 2259 1699 2315 secundum
1741 2259 1991 2316 eamdem

387 2353 625 2410 formam
666 2369 773 2425 qua
811 2353 885 2411 illi
929 2351 1169 2409 damnati
1201 2361 1350 2419 sunt,
1387 2354 1559 2409 etiam
1584 2352 1628 2408 si
1658 2353 1711 2407 in
1737 2356 1989 2425 praesenti

384 2446 711 2519 supplicium
738 2444 1050 2513 differatur,
1080 2446 1131 2501 in
1161 2445 1334 2502 futuri
1370 2446 1559 2517 judicii
1589 2447 1990 2503 examinatione

387 2539 753 2598 reddendum.
795 2543 867 2596 Et
906 2539 1032 2612 quia
1061 2540 1307 2596 videmur
1350 2556 1633 2598 excessum
1658 2541 1988 2615 quemdam,

386 2634 520 2691 dum
557 2648 751 2707 genera
804 2634 1165 2690 tentationum
1215 2635 1297 2689 vel
1339 2634 1616 2691 ultionum
1676 2650 1991 2707 percurrere

385 2730 662 2797 volumus,
693 2745 723 2784 a
757 2728 1034 2801 proposita
1055 2728 1363 2784 narratione
1403 2728 1611 2795 fecisse,
1636 2744 1743 2801 qua
1771 2728 1990 2785 diceba—

386 2838 512 2880 mus
557 2823 737 2879 virum
791 2822 1091 2896 perfectum
1137 2822 1191 2878 in
1239 2832 1471 2894 utraque
1521 2824 1820 2880 tentatione
1874 2840 1989 2880 ma-

386 2933 516 2975 nere
542 2932 759 2989 semper
803 2916 1179 2984 immobilem,
1215 2915 1285 2972 ad
1330 2915 1580 2973 eamdem
1609 2932 1753 2974 nunc
1790 2918 1989 2973 iterum

390 3017 751 3065 revertamur.

991 3106 1231 3162 CAPUT
1256 3106 1389 3162 X11.

392 3209 658 3279 Quomodo
681 3209 766 3262 vir
782 3209 967 3283 justus
992 3225 1098 3283 non
1125 3225 1254 3264 certe
1270 3251 1286 3273 ,
1319 3210 1411 3265 sed
1439 3210 1793 3268 adamantino
1810 3215 1992 3283 signa-

773 3282 905 3334 torio
930 3280 1117 3336 debeat
1144 3296 1254 3336 esse
1282 3284 1590 3338 consimilis.

463 3387 651 3457 Itaque
677 3398 829 3439 mens
860 3384 956 3439 viri
976 3384 1112 3457 justi
1145 3400 1254 3441 non
1277 3384 1438 3441 debet
1461 3400 1580 3441 esse
1606 3384 1801 3442 similis
1823 3400 1987 3455 certe,

390 3478 471 3533 vel
501 3478 724 3534 alterius
746 3478 1072 3551 cujusquam
1103 3478 1347 3535 materiae
1371 3478 1660 3547 mollioris,
1682 3494 1805 3551 quae
1843 3494 1988 3535 sem-

392 3586 489 3646 per
531 3571 828 3628 characteri
876 3571 1210 3642 signantium
1258 3570 1453 3629 cedens
1494 3588 1594 3646 pro
1652 3572 1768 3645 ejus
1814 3572 1991 3629 forma

2676 1783 2920 1841 CAPUT
2958 1783 3114 1840 XIV.

2278 1884 2563 1955 Responsio
2581 1882 2656 1937 ad
2683 1885 3062 1952 interrogantis
3084 1883 3509 1953 propositionem.

2170 1981 2528 2039 Theodorus:
2552 1982 2782 2037 Necesse
2800 1988 2884 2055 est
2910 1988 2991 2048 ut,
3020 1979 3322 2036 secundum
3348 1978 3694 2051 Apostolum,

2100 2081 2194 2131 aut
2221 2079 2502 2130 renovatus
2527 2076 2649 2144 quis
2681 2076 2877 2144 spiritu
2903 2076 3096 2130 mentis
3124 2089 3235 2129 suae
3257 2073 3467 2144 (Ephes.
3491 2076 3575 2141 1v)
3602 2087 3700 2143 per

2097 2168 2340 2240 singulos
2363 2166 2479 2222 dies
2501 2166 2769 2238 proﬁciat,
2792 2167 2864 2221 ad
2887 2183 2947 2222 ea
2967 2182 3086 2237 qua:
3109 2170 3167 2220 in
3194 2171 3318 2221 ante
3339 2170 3467 2220 sunt
3488 2181 3544 2220 se
3562 2180 3700 2219 sem-

2093 2276 2197 2331 per
2223 2259 2509 2314 extendens
2538 2260 2791 2329 (Philipp.
2824 2259 2917 2330 ιιι)
2939 2276 2955 2326 ;
2981 2266 3078 2314 aut
3108 2259 3152 2314 si
3175 2257 3493 2330 neglexerit,
3524 2266 3545 2292 θ
3569 2272 3698 2312 cou-

2099 2368 2332 2425 sequens
2358 2362 2443 2409 est
2477 2360 2536 2408 ut
2569 2359 2715 2408 retro
2761 2352 2945 2409 redeat
2972 2360 3133 2425 atque
3185 2352 3243 2407 in
3275 2351 3515 2408 deterius
3560 2352 3696 2408 rela-

2100 2428 2295 2521 batur.’
2319 2446 2387 2500 Et
2423 2443 2621 2500 idcirco
2663 2444 2813 2500 nullo
2851 2444 3019 2502 modo
3069 2460 3229 2501 mens
3268 2445 3468 2518 poterit
3495 2445 3551 2500 in
3591 2459 3698 2500 una

2099 2545 2263 2609 atque
2303 2537 2496 2594 eadem
2535 2537 2795 2608 qualitate
2822 2536 3050 2619 durare,
3083 2538 3228 2594 velut
3257 2539 3303 2593 si
3352 2538 3474 2610 quis
3511 2546 3702 2595 contra

2100 2646 2267 2703 aquas
2318 2630 2557 2687 ﬂuminis
2604 2631 2823 2693 violenti
2872 2646 3067 2687 navem
3111 2631 3363 2704 subigere
3418 2647 3703 2688 remorum

2100 2722 2423 2797 impulsione
2460 2732 2713 2794 conetur,
2760 2739 2981 2781 necesse
3029 2734 3112 2781 est
3167 2741 3295 2780 eum
3364 2733 3462 2781 aut
3508 2726 3705 2783 virtute

2099 2817 2447 2874 brachiorum
2490 2818 2746 2874 torrentis
2794 2818 2929 2873 alvei
2965 2817 3234 2889 impetum
3263 2817 3606 2874 desecantem
3633 2822 3704 2875 ad

2096 2911 2370 2983 superiora
2396 2911 2779 2980 conscendere,
2804 2919 2898 2967 aut
2919 2911 3164 2967 remissis
3193 2910 3446 2968 manibus
3474 2912 3544 2968 ad
3564 2928 3703 2985 prm-

2098 3020 2224 3078 ceps
2261 3020 2437 3077 prono
2481 3021 2644 3062 amne
2692 3004 2953 3062 revocari.
3007 3006 3347 3078 Quapropter
3403 3005 3548 3063 istud
3601 3006 3708 3061 erit

2026 3107 2074 3174 (ζ
2100 3099 2322 3157 evidens
2348 3102 2520 3158 nostri
2544 3101 2804 3159 iudicium
2833 3101 3167 3173 detrimenti,
3192 3102 3238 3157 si
3275 3102 3706 3158 intellexerimus

2101 3210 2206 3251 nos
2229 3194 2358 3251 nihil
2397 3190 2635 3268 amplius
2658 3195 2985 3268 acquisisse;
3013 3211 3115 3252 nec
3156 3195 3466 3252 dubitemus
3494 3205 3703 3253 retror-

2101 3304 2228 3346 sum
2257 3304 2358 3346 nos
2384 3288 2716 3346 omnimodis
2754 3278 3069 3358 revocatos,
3101 3304 3207 3361 qua
3240 3288 3327 3346 die
3364 3305 3477 3345 non
3517 3305 3703 3347 sense-

2100 3383 2271 3440 rimus
2303 3384 2371 3441 ad
2400 3383 2675 3457 superiora
2704 3399 3040 3456 progressos,
3070 3384 3228 3456 quia,
3250 3391 3311 3439 ut
3345 3384 3489 3452 dixi,
3512 3400 3616 3440 nec
3642 3386 3700 3440 in

2100 3476 2293 3534 eodem
2312 3486 2461 3535 statu
2485 3493 2646 3534 mens
2670 3477 2911 3534 hominis
2934 3485 3114 3550 potest
3131 3478 3338 3550 jugiter
3360 3493 3696 3550 permanere,

2099 3587 2201 3629 nec
2242 3571 2297 3627 in
2336 3571 2441 3628 hac
2485 3586 2646 3628 carne
2693 3571 3016 3641 consistens,
3058 3571 3135 3629 ita
3171 3572 3437 3631 virtutum
3488 3572 3702 3645 apicem

1483 3706 1737 3765 ALARDI
1774 3707 2002 3762 GAZASI
2038 3706 2599 3763 COMMENTARIUS.

458 3830 484 3857 ι
526 3821 597 3876 In
646 3819 896 3877 eamdem
951 3820 1275 3877 sententiam
1308 3819 1550 3878 Isidorus
1594 3820 1866 3880 Pelusiota
1921 3820 1990 3877 ad

391 3891 657 3965 Orionem
681 3892 1013 3965 monachum
1028 3891 1101 3947 ita
1129 3893 1401 3965 rescripsit
1423 3894 1559 3957 (Lib.
1580 3907 1602 3947 ι
1626 3894 1784 3965 epist.
1820 3892 1941 3962 181)
1971 3910 1985 3946 :

391 3965 518 4020 Man
535 3963 1057 4034 credulitatis,atque
1070 3963 1318 4019 amentiae
1341 3965 1567 4032 fuit,vir
1578 3964 1988 4026 studiosissime,

391 4035 536 4104 quod
558 4037 984 4106 sapientissimus
1008 4037 1196 4090 Petrus
1219 4050 1301 4090 eos
1330 4038 1429 4106 qui
1454 4039 1805 4106 peccaverant
1822 4039 1992 4106 morte

390 4107 585 4173 affecit
604 4105 748 4172 (Act.
770 4107 847 4176 v),
872 4122 1055 4161 verum
1078 4105 1415 4177 prwscientis
1434 4105 1685 4162 doctrina:
1704 4106 1873 4159 multa
1900 4105 1989 4159 ho-

387 4179 595 4232 minum
611 4181 829 4247 peccata
850 4180 1233 4248 prwsanantis.
1256 4178 1393 4235 Nam
1431 4194 1548 4233 cum
1570 4182 1696 4232 tunc
1712 4177 1994 4244 Evangelii

389 4253 671 4303 sementem
697 4250 878 4316 facere
893 4250 1249 4319 incapissent,
1278 4265 1340 4303 ac
1373 4252 1563 4305 statim
1586 4252 1746 4303 enata
1773 4249 1991 4301 zizania

389 4321 804 4388 conspexissent,
824 4322 1063 4389 sapienti
1075 4320 1293 4373 consilio
1314 4335 1375 4373 ea
1391 4321 1671 4386 confestim
1691 4319 1994 4373 evulserunt

392 4404 460 4441 ne
486 4405 599 4441 una
639 4403 758 4441 cum
796 4390 979 4442 tritico
1021 4394 1181 4442 aucta
1205 4391 1397 4455 futuro
1421 4392 1544 4457 igni
1574 4390 1647 4443 ad
1669 4390 1999 4442 exustionem

390 4463 751 4512 servarentur.
774 4458 867 4512 Ad
890 4458 1130 4511 eumdem
1151 4459 1369 4512 modum
1388 4459 1600 4513 divinus
1622 4473 1830 4528 quoque
1847 4460 2001 4525 Moy-

390 4543 486 4611 ses.
498 4529 662 4594 legem
689 4528 760 4580 ab
774 4529 934 4611 initio
956 4530 1144 4610 statim
1172 4529 1429 4611 piolatam
1820 4530 1922 4611 etsi
1936 4528 1999 4611 ob

392 4613 483 4652 ean

396 4613 651 4680 eapguum
666 4613 961 4680 peccatum,
981 4613 1137 4653 saxis
1168 4613 1347 4652 tamen
1373 4615 1493 4653 eum
1516 4613 1668 4681 oorui
1680 4613 1869 4666 jussu,
1904 4614 2000 4667 qui

396 4669 484 4722 die
504 4668 717 4723 sabbati
756 4669 907 4737 ligna
934 4669 1233 4739 collegerat,
1264 4672 1425 4723 Deum
1444 4668 1685 4723 videlicet
1721 4669 1855 4722 hanc
1881 4683 2000 4722 sen-

391 4742 617 4795 tentiam
639 4741 826 4795 tulisse
841 4740 1087 4795 scribens.
1113 4742 1245 4795 Haec
1272 4739 1516 4811 Isidorus
1537 4740 1671 4811 (Lib.
1694 4754 1784 4811 vu
1808 4742 1985 4796 Instit.

388 4828 437 4867 ο.
465 4814 579 4892 014).
616 4813 790 4868 Porro
816 4811 885 4868 de
929 4812 1153 4869 Ananiae
1200 4819 1255 4868 et
1296 4810 1574 4883 Sapphirze
1613 4810 1833 4867 interitu
1859 4812 1989 4868 alias

393 4898 640 5035 eﬁmﬁ'gé
676 4951 1143 5035 es_t._s_igillutm._ex
1174 4953 1458 5035 adamante
1491 4952 1683 5035 lapide,
1714 4952 1867 5035 cujus
1891 4951 1987 5035 du-

388 5024 560 5089 rities,
592 5024 938 5095 teste'_Plinio
967 5024 1097 5095 (Lib.
1130 5040 1246 5080 xvu
1274 5029 1415 5081 Hist.
1441 5024 1560 5081 nat.
1586 5042 1701 5095 cap.
1736 5024 1983 5091 4),tanta

386 5101 493 5178 est,
526 5103 587 5178 ut
610 5092 884 5178 pec‘l’erro
914 5092 1091 5178 cedat,
1121 5111 1224 5152 nec
1251 5096 1384 5169 igni,
1410 5112 1510 5151 nec
1540 5092 1806 5178 umquam
1824 5096 1981 5178 inca-

387 5165 575 5221 lescat.
610 5165 775 5238 Unde
799 5167 1148 5238 proverbium
1194 5165 1408 5232 natum,
1438 5182 1547 5238 quo
1586 5165 1843 5238 quidquid
1873 5166 1982 5221 du-

377 5252 525 5305 rum,
555 5236 918 5311 indomitum,
950 5237 1395 5311 inexpugnabile,
1434 5236 1845 5311 ada‘mantinum
1859 5251 1981 5311 _vo_-

383 5303 596 5380 camus.
630 5309 769 5363 Hinc
808 5303 1464 5380 Origenes'AAdamantius
1493 5307 1669 5362 dictus
1694 5304 1766 5359 ob
1794 5303 1974 5359 infati-

378 5378 612 5449 gabilem
637 5380 732 5456 _in_
755 5378 1044 5456 scribendo
1083 5378 1427 5456 legendoque
1456 5386 1727 5456 naturam,
1776 5389 1977 5456 cogno-

378 5446 565 5506 mento
603 5449 671 5505 ab
717 5450 1009 5506 invincibili
1035 5446 1354 5506 adamantis
1389 5447 1578 5520 lapidis
1612 5446 1660 5501 vi
1711 5446 1980 5515 imposito

379 5524 465 5583 (D.
499 5524 715 5576 Hieron.
747 5524 907 5591 epist.
937 5522 1045 5590 18).

442 5600 464 5624 ο
488 5592 669 5664 Locus
707 5587 1023 5664 communis
1065 5589 1132 5646 de
1177 5587 1423 5664 profectu
1463 5587 1724 5664 spirituali
1747 5628 1761 5653 ,
1809 5601 1970 5659 quem

560 4612 651 4651 um
666 4602 961 4668 peccatum,
981 4600 1137 4653 sacris
1168 4602 1347 4652 tamen
1373 4615 1493 4653 eum
1516 4600 1671 4652 obrui
1680 4598 1869 4666 jussit,
1904 4601 2003 4667 qui

2098 3839 2220 3892 que,
2237 3823 2428 3894 inquit,
2453 3824 2539 3878 hic
2564 3822 2885 3890 vixerimus,
2911 3827 3392 3893 quantumcumque
3410 3824 3494 3878 hic
3508 3823 3697 3893 profe-

2096 3897 2497 3958 cerimus,nemo
2522 3894 2670 3948 dicat
2688 3911 2705 3947 :
2726 3896 2963 3964 Sufﬁcit,
2974 3894 3160 3963 justus
3180 3910 3322 3950 sum.
3351 3896 3453 3962 Qui
3471 3894 3701 3958 dixerit,

2096 3967 2356 4020 remansit
2383 3967 2439 4019 in
2460 3967 2572 4033 via,
2595 3980 2701 4020 non
2718 3968 2864 4020 nouit
2880 3968 3169 4034 pervenire.
3205 3967 3309 4020 Ubi
3327 3967 3561 4028 dia-erit,
3590 3967 3703 4032 suf-

2095 4038 2227 4105 ﬁcit,
2259 4037 2337 4090 ibi
2366 4036 2538 4092 Iussit.
2574 4036 2807 4092 Attende
2830 4037 3168 4106 Apostolum,
3204 4040 3296 4091 cui
3325 4053 3431 4090 non
3471 4039 3697 4106 sufﬁcit.

2098 4109 2346 4173 Fratres,
2385 4109 2584 4176 inquit,
2634 4122 2728 4175 ego
2753 4121 2835 4161 me
2875 4122 2979 4160 non
3013 4108 3251 4162 arbitror
3288 4107 3702 4177 apprehendisse

2100 4178 2362 4248 (Philipp.
2403 4180 2513 4247 ιιι).
2556 4179 2627 4232 Et
2652 4192 2869 4232 rursum
2900 4177 3035 4232 dicit
3084 4196 3096 4232 :
3142 4181 3249 4245 Qui
3268 4192 3324 4232 se
3356 4183 3524 4247 putat
3551 4181 3697 4244 scire,

2098 4248 2332 4303 nondum
2357 4250 2477 4312 scit,
2505 4248 2949 4317 quemadmodum
2969 4264 3089 4302 eum
3111 4254 3350 4318 oporteat
3375 4251 3511 4304 scire
3529 4249 3567 4317 (l
3586 4250 3696 4305 Cor.

2104 4325 2248 4385 vm).
2289 4322 2461 4374 Unum
2504 4324 2683 4373 autem
2712 4334 2831 4388 qua:
2852 4324 2991 4373 retro
3012 4335 3130 4373 sum
3165 4320 3382 4382 oblitus,
3415 4324 3475 4374 in
3495 4335 3557 4374 ea
3586 4335 3699 4389 qua:

2107 4394 2232 4461 ante
2264 4393 2410 4455 sunt,
2448 4393 2714 4451 extentus,
2741 4390 3027 4443 secundum
3052 4392 3393 4444 intentionem
3412 4406 3604 4461 sequor
3629 4389 3698 4443 ad

2099 4460 2341 4528 palmam
2390 4474 2633 4531 superna
2674 4462 2962 4515 vocationis
3007 4461 3265 4531 (Philipp.
3295 4463 3409 4531 ιιι).
3454 4460 3553 4517 Ille
3584 4475 3698 4529 ergo

2106 4476 2341 4541 palmam
2390 4476 2633 4542 superna:
2674 4476 2962 4543 vocationis
3007 4476 3265 4585 (FW.
3295 4476 3409 4531 ιιι).
3454 4476 3553 4517 me
3584 4476 3698 4529 ergo

2106 4535 2296 4602 curru,
2320 4534 2380 4583 tu
2409 4529 2653 4586 ὴωειεειῩ
2680 4531 2775 4587 Ille
2796 4531 2930 4585 dicit
2953 4545 3008 4585 se
3033 4547 3069 4585 n
3180 4548 3270 4585 um
3284 4534 3615 4602 perfectum,
3644 4538 3698 4585 tu

2107 4600 2173 4673 de
2194 4602 2521 4673 perfectione
2545 4602 2839 4669 gloriaris?
2862 4603 2917 4656 S.
2948 4603 3063 4657 Leo
3095 4600 3338 4673 pontifex
3383 4604 3436 4658 iu
3466 4618 3638 4659 serm.
3667 4608 3699 4655 2

2105 4671 2175 4725 de
2202 4670 2628 4740 Quadragesima
2653 4691 2666 4726 :
2683 4674 2897 4728 Natura
2907 4670 3112 4741 nostra,
3126 4678 3370 4728 manente
3383 4674 3563 4728 adhuc
3577 4688 3700 4727 mor-

2098 4742 2331 4808 talitate,
2342 4743 2645 4805 mutabilis,
2661 4745 2764 4797 etsi
2773 4745 2848 4796 ad
2860 4758 3067 4797 summa
3078 4759 3301 4813 quisque
3309 4747 3457 4798 virtu
3463 4751 3579 4799 tum
3593 4750 3701 4798 stu-

2094 4812 2190 4866 dia
2202 4813 2561 4881 provehatur;
2589 4828 2796 4885 semper
2815 4819 2993 4869 tamen
3015 4812 3155 4869 sicut
3172 4812 3349 4884 potest
3377 4816 3575 4871 habere
3600 4830 3699 4885 quo

2092 4885 2316 4957 resiluit,
2340 4887 2417 4938 ita
2436 4889 2611 4957 potest
2652 4884 2844 4940 habere
2870 4900 2972 4954 quo
3001 4892 3218 4940 crescat.
3243 4889 3314 4942 Et
3336 4887 3448 4941 tunc
3477 4892 3559 4942 est
3581 4901 3699 4957 per-

2092 4955 2352 5020 fer-torum
2374 4971 2498 5008 vera
2508 4956 2749 5023 justitia,
2773 4960 2836 5010 ut
2856 4972 3151 5025 numquam
3170 4963 3507 5025 praesumant
3523 4955 3698 5012 seesse

2084 5026 2385 5092 perfectos;
2424 5042 2489 5080 ne
2515 5028 2584 5080 ab
2613 5028 2823 5080 itineris
2846 5027 3083 5080 nondum
3110 5029 3255 5096 ﬁniti
3282 5030 3577 5083 intentione
3600 5041 3700 5082 ces-

2090 5100 2287 5168 santes,
2310 5098 2387 5150 ibi
2404 5098 2642 5151 incidant
2659 5096 3264 5168 deﬁciendipericulum,
3282 5098 3698 5168 ubiproficiendi

2090 5113 2287 5157 sanies,
2310 5113 2386 5150 tm
2404 5113 2642 5151 incidant
2659 5113 2937 5166 aenaenai
2990 5113 3264 5160 ertcumm,
3282 5113 3692 5168 umpronciena:

2089 5165 2428 5239 deposuerint
2471 5170 2786 5237 appetitum.
2817 5171 2881 5222 D.
2922 5113 3232 5224 gernardus
3252 5169 3306 5223 in
3325 5169 3566 5239 quadam
3590 5167 3692 5238 epi-

2087 5238 2225 5310 stola
2267 5240 2459 5310 (Epist.
2511 5244 2679 5310 255):
2729 5241 2771 5294 Ο
2797 5239 3069 5301 monache,
3126 5254 3234 5293 non
3275 5238 3355 5293 vis
3398 5240 3692 5310 proﬁcere?

2086 5308 2222 5362 Non.
2263 5309 2356 5361 Vis
2405 5324 2525 5375 ergo
2553 5308 2808 5377 deﬁcere?
2836 5312 3205 5379 Nequaquam.
3233 5310 3377 5377 Quid
3398 5308 3540 5379 ergo
3560 5312 3589 5364 ἵ
3610 5310 3691 5364 Sic

2060 5379 2237 5451 ‘mihi,
2268 5379 2471 5452 inquis,
2493 5381 2678 5452 pivere
2699 5380 2833 5443 volo,
2862 5385 2912 5435 et
2942 5396 3153 5452 manere
3188 5384 3246 5435 in
3273 5381 3419 5451 quod
3446 5381 3685 5452 perveni,

2082 5463 2176 5501 nec
2196 5448 2352 5522 pejor
2379 5450 2502 5517 ﬁeri
2533 5453 2736 5519 patior,
2768 5466 2861 5505 nec
2889 5451 3078 5506 melior
3108 5448 3298 5522 cupiof
3313 5455 3422 5507 Hoc
3446 5448 3574 5521 Ergo
3611 5452 3689 5503 ris

2082 5522 2225 5587 quod
2247 5534 2354 5573 esse
2392 5535 2495 5574 non
2520 5525 2714 5590 potest.
2745 5522 2889 5589 Quid
2932 5525 3072 5576 enim
3097 5527 3210 5577 stat
3232 5525 3290 5577 in
3330 5524 3424 5577 hoc
3455 5522 3688 5576 steculo?

2080 5594 2131 5642 et
2158 5593 2295 5661 certe
2320 5590 2385 5643 de
2412 5592 2627 5645 homine
2651 5593 2954 5661 specuiliter
2980 5594 3181 5648 dictum
3205 5599 3282 5648 est
3313 5612 3330 5647 :
3361 5595 3525 5661 Fugit
3550 5594 3688 5646 velut

367 5660 649 5736 nonpullis
692 5663 785 5716 SS.
823 5666 1050 5736 Patrum
1098 5659 1379 5736 sententiis
1396 5659 1864 5736 juvat_il|ustrare
1916 5666 1972 5713 et
2075 5660 2269 5736 umbra
2289 5664 2340 5715 et
2356 5676 2651 5736 numquam
2670 5659 2727 5716 in
2745 5664 3085 5719 eodemstatu
3100 5670 3376 5736 permanet
3395 5659 3686 5730 (Job.x1v.)

364 5730 714 5786 continuare.
745 5736 975 5804 August.
1004 5733 1060 5788 in
1090 5733 1286 5805 psalm.
1317 5730 1463 5787 inx
1495 5752 1506 5786 :
1548 5733 1966 5798 Quantumcum-

2077 5731 2216 5787 Vide
2242 5730 2521 5801 eumdem,
2552 5734 2710 5804 epist.
2745 5740 2875 5791 34!.
