4048 6208
289 235 386 290 665

1249 231 1580 289 COLLATlO
1615 231 1708 289 Vl.
1753 261 1818 272 —
1858 224 1948 288 DE
1983 231 2162 288 NECE
2199 229 2632 290 SANCTORUM.

3489 243 3592 298 666

287 353 590 430 possidebit
649 354 889 428 quisquis
932 355 1022 412 ille
1077 365 1410 425 sanctorum,
1471 367 1534 414 ut
1589 328 1886 414 immobilis
1911 361 1966 426 Α
1990 358 2204 430 quoties
2222 358 2290 415 ab
2320 357 2511 416 eadem
2551 358 2714 416 fuerit
2752 369 3027 434 evagatus.
3070 365 3095 396 α
3142 361 3300 420 Illam
3356 380 3593 437 namque

285 457 618 523 perseveret.
640 451 870 506 Necesse
893 458 976 507 est
1011 450 1162 506 enim
1200 458 1298 508 aut
1346 451 1551 526 aliquid
1591 451 1750 524 adjici
1779 452 1886 508 illis

284 559 502 617 semper
523 551 616 600 aut
643 543 836 610 minui,
883 543 1137 616 nullaque
1180 545 1237 601 in
1275 545 1426 601 omni
1464 553 1712 602 creatura
1759 545 1884 602 tali

285 637 486 709 poterit
507 653 626 694 esse
661 635 943 710 perfectio,
975 653 1096 710 quae
1129 637 1504 695 mutabilitatis
1538 655 1652 695 non
1692 639 1882 712 subje-

283 738 399 787 ceat
423 731 682 803 passioni,
708 731 1008 788 secundum
1037 731 1166 788 illud
1191 731 1339 804 quod
1359 733 1415 788 in
1441 731 1582 789 libro
1605 731 1750 788 beati
1777 733 1884 790 Job

282 824 515 897 legitur:
553 826 696 894 Quid
715 831 793 881 est
817 827 984 890 homo,
1015 827 1076 880 ut
1109 829 1483 882 immaculatus
1511 829 1584 882 sit
1615 831 1666 882 et
1699 827 1883 897 justus

281 922 556 988 appareat
580 922 741 974 natus
765 919 830 974 de
862 917 1130 974 muliere?
1171 922 1300 991 Ecce
1334 921 1474 974 inter
1509 923 1719 975 sanctos
1767 921 1882 990 ejus

279 1025 429 1068 nemo
444 1012 820 1074 immutabilis,
841 1016 892 1066 et
911 1012 1030 1066 caeli
1050 1027 1156 1067 non
1169 1017 1296 1067 sunt
1313 1013 1506 1067 mundi
1531 1015 1589 1068 in
1610 1017 1882 1083 conspectu

279 1105 393 1174 ejus
416 1103 558 1176 (Job.
587 1107 721 1175 xv).
771 1105 957 1162 Solum
997 1121 1238 1178 namque
1275 1111 1453 1164 Deum
1489 1107 1880 1164 immutabilem

276 1198 626 1269 confitemur,
656 1214 820 1272 quem
846 1201 1227 1258 tantummodo
1251 1202 1422 1258 sancti
1448 1201 1588 1258 illius
1605 1200 1879 1274 propheta:

276 1292 354 1349 ita
378 1293 672 1366 compellat
690 1295 907 1351 oratio:
945 1297 1024 1350 Tu
1063 1300 1242 1351 autem
1277 1297 1421 1352 idem
1462 1297 1578 1366 ipse
1599 1312 1651 1352 es
1696 1296 1874 1367 (Psal.

271 1384 391 1458 cr).
426 1388 498 1442 Et
527 1387 638 1458 ipse
661 1386 730 1443 de
765 1401 860 1444 se:
888 1391 1002 1457 Ego
1047 1403 1188 1452 sum,
1235 1389 1428 1460 inquit,
1477 1394 1640 1452 Deus,
1683 1393 1734 1444 et
1770 1405 1876 1446 non

271 1484 457 1536 mutor
487 1479 744 1551 (Malach.
767 1482 902 1553 ru),
935 1481 1058 1553 quia
1083 1481 1288 1539 scilicet
1321 1482 1435 1553 ipse
1475 1481 1547 1537 sit
1587 1482 1736 1538 solus
1771 1499 1874 1538 na-

276 1571 540 1640 turaliter,
571 1588 786 1645 semper
813 1573 1006 1642 bonus,
1045 1591 1263 1647 semper
1301 1574 1514 1647 plenus,
1554 1591 1875 1648 semperque

274 1665 564 1738 perfectus,
595 1667 681 1723 cui
701 1667 838 1724 nihil
879 1683 980 1724 nec
1001 1667 1163 1740 adjici
1205 1669 1373 1740 possit
1407 1669 1725 1742 aliquando,
1776 1684 1876 1725 nec

272 1760 471 1817 minui.
515 1759 752 1834 Ideoque
791 1761 1055 1820 debemus
1101 1763 1172 1820 ad
1208 1763 1474 1820 virtutum
1509 1763 1690 1820 studia
1740 1763 1878 1820 irre-

272 1857 440 1912 missa
465 1871 600 1913 cura
644 1873 708 1912 ac
732 1857 1089 1914 sollicitudine
1115 1860 1480 1932 nosmetipsos
1514 1875 1731 1932 semper
1775 1875 1874 1916 ex-

273 1949 520 2019 tendere,
549 1949 786 2022 ipsisque
805 1966 910 2008 nos
926 1951 1132 2025 jugiter
1169 1953 1436 2009 exercitiis
1469 1953 1769 2026 occupare:
1801 1969 1873 2010 ne

268 2050 518 2100 cessante
543 2043 812 2116 profectu,
853 2045 1141 2103 confestim
1167 2046 1458 2104 diminutio
1493 2047 1871 2119 subsequatur.

267 2141 350 2196 Ut
371 2138 523 2194 enim
547 2139 808 2206 diximus,
844 2140 906 2196 in
929 2155 1039 2197 uno
1072 2155 1228 2197 mens
1255 2139 1560 2212 eodemque
1584 2149 1731 2198 statu
1757 2157 1873 2196 ma-

265 2247 402 2288 nere
435 2247 548 2288 non
584 2233 863 2305 praevalet,
906 2233 962 2291 id
1001 2241 1103 2302 est,
1134 2241 1196 2290 ut
1225 2249 1328 2290 nec
1365 2241 1660 2306 augmenta
1704 2231 1874 2290 virtu-

263 2335 392 2382 tum
413 2326 614 2398 capiat,
643 2341 743 2382 nec
770 2325 1095 2384 detrimenta
1119 2327 1403 2384 sustineat.
1431 2331 1558 2395 l‘lon
1581 2327 1874 2400 acquisisse

265 2419 418 2476 enim
465 2418 580 2492 ejus
624 2418 890 2477 minuisse
935 2428 1038 2488 est,
1083 2421 1210 2492 quia
1255 2420 1510 2478 desin'ens
1554 2421 1870 2494 proficiendi
1893 2479 1911 2490 _

262 2515 541 2587 appetitus
564 2529 677 2570 non
697 2514 872 2571 aberit
888 2530 920 2571 a
949 2515 1189 2587 periculo
1210 2515 1512 2572 recedendi.

781 2650 787 2655 ι
868 2609 1112 2667 CAPUT
1147 2611 1270 2666 XV.

487 2702 639 2770 Quod
661 2703 1044 2758 detrimentum
1061 2707 1134 2759 sit
1161 2705 1430 2760 discedere
1446 2719 1473 2760 e
1506 2705 1654 2760 cella.

333 2795 572 2867 Ideoque
605 2795 754 2868 jugis
792 2797 940 2854 cella
985 2799 1346 2854 commoratio
1382 2796 1704 2854 retentauda
1765 2805 1868 2854 est.

267 2885 455 2942 Toties
515 2884 660 2940 enim
685 2886 848 2941 etiam
883 2902 1132 2944 reversus
1160 2887 1286 2958 quis
1319 2887 1468 2943 velut
1501 2902 1675 2943 novus
1711 2885 1766 2942 in
1807 2903 1868 2943 ea

219 2981 325 3033 [et
374 2976 636 3050 incipiens
688 2977 982 3046 habitator,
1033 2977 1293 3050 titubabit
1337 2987 1498 3051 atque
1541 2979 1867 3054 turbabitur,

1989 467 2155 522 quam
2184 451 2238 508 in
2267 451 2400 508 cella
2421 452 2660 510 residens
2683 455 3006 528 acquisierat
3019 456 3182 512 animi
3211 457 3586 530 intentionem,

1988 545 2034 602 si
2055 544 2222 603 fuerit
2238 547 2512 615 relaxata,
2545 564 2864 622 recuperare
2894 566 3082 607 rursus
3107 568 3219 608 non
3252 553 3367 608 sine
3407 553 3590 610 labore

1988 641 2189 713 poterit
2225 658 2290 698 ac
2316 643 2528 712 dolore,
2556 651 2617 699 'et
2655 660 2752 716 per
2785 645 2892 701 hoc
2923 645 3176 702 reductu
3204 656 3354 703 retro
3380 663 3490 704 non
3519 648 3589 705 de

1988 735 2188 792 amisso
2217 735 2477 810 cogitabit
2503 736 2751 809 profectu
2776 753 2936 810 quem
2958 741 3348 812 superadjicere
3373 743 3585 813 potuit,

1989 828 2033 884 si
2059 845 2089 885 e
2121 828 2255 885 cella
2284 845 2394 885 non
2433 829 2632 886 fuisset
2668 846 2950 900 excussus,
2987 831 3082 888 sed
3115 833 3371 903 gaudebit
3407 834 3591 904 potius

1987 922 2032 978 si
2059 922 2211 979 illum
2236 931 2440 978 statum
2473 923 2544 980 de
2581 939 2690 994 quo
2732 924 2926 980 recidit
2967 926 3324 996 semetipsum
3365 926 3591 982 senserit

1987 1017 2272 1088 recepisse.
2303 1019 2450 1072 Nam
2472 1017 2610 1072 sicut
2631 1016 2894 1072 amissum
2923 1033 2985 1074 ac
3009 1019 3347 1089 praeteritum
3375 1027 3590 1090 tempus

1987 1108 2212 1166 ulterius
2241 1109 2484 1164 revocari
2522 1124 2638 1166 non
2662 1116 2861 1180 potest,
2894 1109 2970 1166 ita
2998 1126 3067 1165 ne
3091 1111 3179 1166 illa
3215 1111 3433 1182 quidem
3463 1127 3586 1184 quae

1985 1201 2263 1272 perierunt
2292 1210 2522 1272 possunt
2554 1202 2926 1258 emolumenta
2961 1203 3195 1259 restitui.
3243 1205 3588 1272 Quantumli-

1985 1294 2078 1352 bet
2103 1293 2248 1352 enim
2277 1293 2540 1366 posthaec
2567 1295 2736 1351 animi
2764 1294 2992 1351 intentio
3017 1294 3183 1350 fuerit
3209 1303 3454 1366 operata,
3498 1296 3585 1351 in-

1982 1387 2179 1444 stantis
2206 1385 2310 1444 diei
2343 1386 2615 1459 profectus
2645 1397 2702 1444 et
2729 1389 3010 1461 praesentis
3043 1387 3309 1460 temporis
3344 1397 3586 1462 quaestus

1982 1489 2085 1550 est,
2106 1497 2221 1538 non
2247 1481 2385 1556 lucri
2411 1481 2578 1570 semel
2603 1481 2798 1554 perditi
2824 1483 3181 1556 recnperatio.

2563 1617 2804 1672 CAPUT
2839 1616 2994 1684 XVI.

1909 1750 1958 1813 Β
1986 1734 2061 1786 De
2093 1731 2455 1787 mutabilitate
2485 1746 2844 1803 supernarum
2881 1733 3271 1803 crrlestiumque
3297 1735 3582 1788 virtutum.

2050 1855 2406 1912 Mutabilitati
2447 1863 2632 1912 autem
2667 1856 2834 1912 etiam
2865 1871 3126 1928 supernas
3158 1855 3488 1928 'potestates,
3525 1866 3586 1937 ut

1979 1949 2242 2020 diximus,
2268 1949 2567 2022 subjacere,
2607 1949 2889 2007 declarant
2917 1951 2990 2006 illi
3014 1951 3105 2022 qui
3158 1951 3225 2006 de
3253 1967 3444 2007 eorum
3477 1967 3587 2007 nu-

1980 2059 2131 2100 mero
2181 2052 2456 2115 corruptae
2516 2043 2810 2101 voluntatis
2851 2044 2978 2100 vitio
3033 2053 3372 2104 corruerunt.
3423 2045 3584 2102 Unde

1977 2140 2004 2175 b
2032 2153 2207 2212 neque
2235 2138 2311 2194 illi
2364 2138 2718 2196 immutabilis
2755 2147 2965 2196 naturae
3004 2153 3124 2195 esse
3157 2138 3382 2210 putandi
3431 2149 3580 2208 sunt,

1979 2233 2070 2303 qui
2117 2232 2172 2287 in
2197 2232 2288 2288 illa
2321 2247 2426 2304 qua
2447 2232 2612 2288 creati
2656 2239 2788 2288 sunt
2827 2230 3163 2288 beatitudine
3213 2241 3578 2302 perseverant,

1975 2340 2043 2382 eo
2069 2325 2217 2398 quod
2245 2325 2301 2382 in
2334 2325 2666 2383 contrariam
2715 2333 2926 2398 partem
2952 2340 3062 2380 non
3103 2315 3300 2381 fuerint
3334 2325 3581 2380 similiter

1977 2419 2270 2491 depravati.
2325 2419 2490 2476 Aliud
2531 2435 2768 2491 namque
2820 2428 2906 2476 est
2957 2419 3314 2492 immutabilis
3367 2427 3578 2476 natura:
3645 2471 3654 2481 .

1976 2529 2114 2584 esse,
2153 2514 2302 2572 aliud
2346 2514 2566 2572 virtutis
2607 2515 2872 2570 industria
2909 2513 3146 2585 bonique
3189 2512 3440 2569 custodia
3484 2513 3581 2585 pei‘

1976 2607 2326 2666 immutabilis
2345 2609 2450 2664 Dei
2477 2607 2705 2679 gratiam
2724 2622 2835 2662 non
2860 2606 3081 2662 mutari.
3121 2605 3400 2676 Quidquid
3429 2607 3576 2660 enim

1977 2713 2075 2770 per
2120 2697 2459 2770 diligentiam
2502 2697 2586 2752 vel
2633 2696 2931 2768 acquiritur
2981 2697 3062 2752 vel
3114 2704 3346 2761 tenetur,
3400 2703 3579 2765 potest

1977 2791 2143 2848 etiam
2183 2807 2280 2864 per
2324 2789 2704 2863 negligentiam
2749 2787 3012 2861 deperire.
3053 2787 3291 2856 Ideoque
3334 2787 3530 2842 dicitur
3561 2807 3574 2843 :

2048 2894 2069 2920 °
2094 2887 2172 2942 Ne
2205 2885 2467 2956 beatiﬁces
2495 2886 2759 2942 hominem
2789 2887 2916 2938 ante
2949 2884 3158 2938 emitum
3190 2895 3348 2936 suum
3387 2881 3577 2951 (Eccli.

1975 2995 2041 3038 xl
2065 2979 2106 3052 ),
2141 2978 2290 3052 quod
2309 2978 2559 3036 videlicet
2580 2977 2756 3034 adhuc
2795 2977 2852 3033 in
2875 2977 2902 3012 (ι
2931 2974 3313 3040 colluctatione
3352 2973 3580 3048 quisque

1368 3109 1626 3166 ALARDI
1662 3109 1888 3166 GAZAEI
1927 3107 2484 3166 COMMENTARIUS.

343 3233 370 3262 ³
410 3228 711 3300 Quantum“
735 3225 998 3300 profectui
1037 3227 1300 3300 spirituali
1346 3235 1564 3296 noceat,
1607 3238 1871 3300 quantum
1903 3234 1948 3297 C
1979 3238 2035 3284 et
2063 3228 2203 3284 loco.
2244 3229 2364 3297 Qua
2405 3227 2614 3283 ratione
2641 3241 2672 3282 a
2697 3223 2952 3300 Patribus
2989 3225 3242 3300 (Dionyse.
3278 3220 3485 3300 Areop.
3510 3219 3580 3275 de

269 3299 588 3356 detrimenti
633 3295 823 3353 afferat
849 3295 1112 3369 frequens
1157 3313 1222 3354 ac
1249 3298 1414 3354 libera
1446 3295 1698 3354 monachi
1746 3315 1870 3354 eva-

271 3368 442 3442 gatio,
490 3377 544 3442 et
588 3383 848 3442 excursus
890 3368 1042 3442 extra
1067 3369 1488 3442 monasterium,
1530 3370 1620 3442 vel
1657 3385 1720 3424 ex
1771 3369 1876 3424 hoc

270 3438 448 3510 capite
483 3439 662 3495 discas
701 3438 838 3494 licet.
889 3439 1034 3496 Hinc
1083 3439 1225 3510 apud
1278 3443 1464 3496 Patres
1517 3438 1775 3510 frequens
1821 3449 1876 3494 et

271 3515 488 3582 vulgata
522 3511 611 3566 illa
637 3510 902 3567 sententia
945 3530 958 3566 :
987 3510 1138 3578 Quod
1163 3526 1306 3581 aqua
1326 3511 1582 3582 piscibus,
1621 3510 1715 3566 hoc
1741 3511 1874 3582 cella

265 3581 541 3637 monachis
589 3585 701 3647 (l6,
748 3598 803 3650 q.
844 3588 892 3646 l,
937 3598 982 3636 c.
1019 3583 1251 3648 Placuit)
1291 3601 1310 3636 :
1353 3581 1474 3652 quia
1520 3583 1661 3637 sicut
1716 3581 1874 3652 piscis

272 3661 426 3708 extra
473 3667 672 3724 aquam
722 3652 814 3724 diu
863 3653 1041 3708 vivere
1064 3669 1177 3708 non
1212 3661 1410 3724 potest,
1459 3653 1874 3724 itamonachus

221 3781 229 3788 κ
271 3732 425 3780 extra
463 3723 859 3795 monasterium
906 3725 1034 3780 vitm
1061 3724 1316 3794 spiritalis
1343 3723 1684 3795 dispendium
1713 3723 1872 3780 facile

273 3795 522 3867 incurrit.
578 3793 737 3861 Quod
782 3794 898 3850 aliis
952 3793 1132 3851 verbis
1176 3795 1354 3850 dicere
1388 3793 1597 3850 solebat
1638 3809 1872 3867 magnus

267 3865 564 3928 Antonius,
610 3873 752 3920 teste
800 3869 1110 3921 Sozomeno
1153 3867 1307 3932 (Lib.
1341 3881 1366 3920 1
1404 3868 1608 3921 Histor.
1651 3880 1697 3918 c.
1743 3865 1865 3934 i3):

265 3937 486 4006 Aquam
537 3936 786 4006 uidelicet
807 3937 1044 4003 piscibus
1083 3937 1340 3987 alimento
1377 3949 1506 3995 esse,
1529 3935 1873 4006 solitudinem

264 4003 450 4062 autem
467 4005 742 4060 monachis
764 4006 973 4069 afferre
999 4007 1367 4056 ornamentum
1387 4020 1404 4054 :
1427 4007 1587 4070 atque
1611 4003 1728 4056 illos
1756 4019 1875 4056 cum

266 4082 478 4132 terram
541 4076 840 4139 attingunt,
882 4074 1051 4124 ritum
1091 4073 1368 4134 amittere;
1407 4070 1497 4124 hos
1541 4075 1720 4124 autem
1757 4087 1876 4124 cum

256 4148 434 4200 urbes
457 4143 682 4203 adeunt,
703 4144 1052 4195 monasticam
1077 4144 1249 4195 vitam
1263 4139 1487 4210 perdere
1498 4140 1681 4194 solere.
1713 4141 1876 4195 Simi-

261 4217 400 4271 liter
417 4211 664 4268 etiamin
693 4210 828 4265 Vitis
847 4213 1069 4266 Patrum
1101 4210 1314 4282 legitur,
1335 4211 1480 4281 quod
1505 4211 1731 4281 quidam
1753 4213 1879 4278 fra-

259 4291 357 4341 ter
385 4299 507 4338 cum
523 4283 809 4352 empetisset
837 4296 1127 4338 sermonem
1147 4282 1215 4336 ab
1237 4282 1428 4336 abbate
1451 4284 1654 4352 Moyse,
1674 4283 1810 4336 dicit
1830 4283 1882 4336 ei

262 4371 434 4412 senem
461 4373 478 4408 :
517 4353 688 4418 Vade,
717 4357 769 4406 et
785 4353 905 4407 sede
929 4355 989 4408 in
1009 4355 1138 4408 cella
1161 4358 1278 4407 tua.
1307 4353 1448 4410 Cella
1461 4358 1640 4408 autem
1662 4356 1757 4422 tua
1775 4368 1876 4407 οτη-
1911 4415 1918 4422 _

267 4430 371 4482 nia
393 4431 446 4481 te
460 4427 641 4495 potest
662 4425 944 4495 instruere,
973 4427 1026 4479 si
1051 4425 1131 4478 ibi
1149 4426 1531 4494 per-manseris.
1554 4419 1708 4481 Sicut
1738 4427 1880 4479 enim

265 4499 435 4567 piscis
455 4493 526 4550 ex
549 4509 693 4564 aqua
717 4493 937 4567 eductus
947 4497 1134 4550 statim
1149 4493 1490 4567 morituer
1513 4499 1566 4550 et
1586 4495 1876 4550 monachus

268 4565 435 4636 perit,
459 4569 508 4621 si
536 4567 674 4632 foris
699 4565 881 4618 cellam
909 4581 1062 4620 suam
1083 4567 1311 4620 voluerit
1339 4565 1579 4620 tardare.
1613 4569 1748 4622 Haec
1772 4567 1865 4621 ibi.

276 4613 550 4693 siesse:
570 4613 1074 4706 serenitas.
1091 4613 1164 4688 ⁷έῆ
1174 4613 1320 4691 me
1341 4613 1418 4690 ’ἐξ
1434 4613 1871 4706 ”Ᾰᾶιὶὸγὲἇ”ρὶέὲί
1897 4613 1948 4674 Ι)

273 4709 458 4763 sertim
492 4722 619 4762 vero
649 4707 720 4760 D.
761 4706 1092 4762 Benedictus
1133 4707 1283 4774 (Cap.
1325 4709 1386 4758 5|
1431 4710 1479 4758 et
1513 4710 1583 4759 58
1614 4708 1868 4774 Regulae),

273 4779 626 4834 stabilitatem
659 4775 760 4830 loci
813 4777 925 4832 suis
959 4776 1245 4831 monachis
1273 4782 1556 4844 tantopere
1598 4774 1872 4844 inculcant

271 4859 324 4904 et
350 4845 766 4904 commendant.
801 4847 947 4902 Hinc
977 4853 1032 4902 et
1059 4845 1196 4901 sacri
1227 4843 1462 4900 canones
1485 4843 1540 4897 in
1571 4843 1870 4900 monachos

272 4929 525 4994 vagantes
552 4915 788 4994 graviter
805 4925 880 4994 _et
901 4932 1048 4994 sape
1069 4917 1377 4994 decernunt
1406 4915 1592 4984 (Apud
1619 4915 1868 4971 Gratian.

269 4985 368 5062 ubi
387 4985 603 5062 supra),
635 4988 710 5062 de
725 4985 1084 5062 quibusallbi
1108 4985 1420 5042 dicendum.

339 5055 368 5094 δ
401 5055 648 5120 Abgelos
695 5055 1052 5114 immutabilis
1101 5071 1218 5112 esse
1259 5064 1495 5120 naturae,
1530 5068 1628 5110 seu
1679 5061 1870 5110 natura

269 5126 667 5199 immutabiles,
731 5128 947 5185 duobus
975 5127 1154 5184 modis
1181 5126 1398 5199 intelligi
1437 5132 1651 5199 potest;
1677 5131 1730 5178 et
1758 5140 1870 5180 uno

207 5206 216 5212 '
269 5206 436 5260 modo
480 5195 671 5258 Patres
719 5199 1155 5272 negant,‘altero
1199 5195 1478 5272 affirmant
1523 5213 1536 5250 :
1572 5195 1773 5272 primo,
1811 5203 1874 5250 ut

269 5275 498 5330 omnino
539 5267 905 5331 Immutab'iles
941 5269 1209 5336 dicantur,
1251 5268 1302 5324 id
1331 5275 1448 5336 est,
1477 5267 1655 5322 omnis
1697 5273 1873 5321 muta-

267 5345 435 5402 tionis
473 5353 723 5415 expertes
765 5349 819 5397 et
864 5341 1165 5415 incapaces,
1211 5335 1493 5415 quomodo
1537 5346 1749 5393 certum
1789 5345 1872 5392 est

268 5430 441 5486 neque
467 5410 718 5482 angelos,
772 5428 944 5485 neque
975 5410 1146 5486 ullam
1172 5410 1351 5486 __aliam
1398 5416 1708 5486 creaturam
1751 5423 1870 5463 esse

273 5478 698 5552 immutabilem,
729 5493 785 5541 et
830 5478 1332 5554 incorruptibilem;
1365 5478 1643 5554 tum_quia
1671 5493 1870 5554 secun-

271 5554 402 5612 dum
432 5549 695 5612 naturam.
714 5573 744 5612 a
775 5557 893 5610 Deo
923 5549 1248 5624 dependent,
1275 5567 1313 5624 a7
1333 5549 1626 5624 quo_si_’vel
1654 5549 1722 5624 ad
1747 5564 1870 5624 rno-

265 5637 516 5684 mentum
554 5633 959 5691 desererentur,
993 5619 1260 5691 continuo
1302 5619 1366 5677 in'
1395 5621 1629 5677 nihilum
1653 5619 1867 5676 decide-

262 5707 420 5772 rent;
450 5709 572 5756 tum
603 5700 726 5770 quia
775 5697 901 5772 aliis
942 5689 1336 5750 mutationibus
1375 5701 1432 5749 et
1466 5691 1864 5772 motibussub-

245 5762 466 5840 jacent,
513 5762 644 5828 nam
679 5779 735 5826 et
777 5768 1054 5824 voluntate
1095 5772 1402 5832 mutantur,
1443 5771 1499 5819 et
1537 5762 1864 5834 cognitione,

1987 3301 2158 3354 Dicin.
2201 3292 2408 3352 nomin.
2439 3313 2484 3352 c.
2517 3305 2570 3364 4,
2616 3299 2882 3354 Nazianz.
2912 3300 3049 3350 orat.
3081 3300 3168 3364 35)
3191 3292 3444 3364 dicuntur
3471 3292 3577 3346 im-

1981 3369 2242 3424 mortales
2263 3375 2360 3422 aut
2383 3363 2752 3422 immutabiles
2779 3381 2892 3420 non
2915 3376 3134 3430 natura,
3155 3363 3253 3419 sed
3275 3363 3478 3434 gratia.
3494 3366 3575 3434 ita

1979 3447 2134 3495 sexta
2161 3438 2402 3510 synodu
2426 3445 2536 3510 art.
2577 3435 3157 3510 lt,A_mbrosius__lib.
3189 3431 3399 3510 m'de‘
3420 3431 3574 3510 Fide,

1979 3505 2350 3591 Hieronymus
2378 3507 2648 3589 adversus.
2663 3506 2975 3578 Pelagianos
3001 3505 3096 3560 lib.
3142 3519 3191 3560 ιῐ
3375 3507 3429 3568 3,
3461 3505 3577 3557 Da-

1980 3595 2268 3628 mascenns
2293 3579 2384 3628 lib-
2415 3593 2462 3628 ll
2495 3579 2562 3628 de
2591 3578 2722 3628 Fide
2739 3575 2971 3628 Orthod.
3003 3591 3123 3628 can.
3152 3581 3206 3628 3.
3238 3579 3284 3628 Α
3308 3589 3364 3628 lo
3391 3583 3577 3628 autem

1980 3575 2268 3652 mascerius
2291 3579 2384 3634 lib.
2415 3593 2464 3634 ιι
2495 3579 2562 3634 de
2591 3575 2971 3652 EideOi-thod.
3003 3591 3123 3652 cap.
3152 3581 3206 3652 3_.
3237 3575 3364 3630 Alio
3391 3583 3578 3630 autem

1979 3651 2148 3708 modo
2179 3650 2432 3707 dicuntur
2455 3649 2666 3722 angeli,
2702 3649 2841 3705 sicut
2873 3655 2929 3722 et_
2953 3646 3157 3722 animai
3180 3646 3452 3722 humanae,
3475 3660 3579 3722 .na-

1979 3733 2102 3796 tura
2147 3716 2556 3796 immutabiles:
2565 3729 2621 3776 et
2655 3718 3012 3782 immortales,
3041 3726 3097 3796 et
3135 3716 3575 3796 incorruptibles,

1977 3795 2106 3866 quia
2137 3793 2362 3866 nullum
2382 3792 2608 3866 __h_abent
2651 3806 2768 3848 suae
2813 3788 3178 3866 corruptionis
3225 3787 3579 3866 etj_i_nterit_us

1979 3855 2302 3937 principium
2349 3863 2452 3920 sibi
2473 3863 2761 3937 internum
2803 3869 2860 3916 et
2898 3855 3470 3937 intrinsecum..’U.nde
3502 3857 3573 3908 D.

1981 3928 2318 4010 Augustinus
2346 3933 2544 4004 passim
2569 3933 2794 4010 angelos
2819 3937 2975 3985 vocat
2991 3928 3324 3986 substantias
3347 3928 3579 3979 immor-

1982 4005 2118 4058 tales
2148 4005 2286 4072 (Lib.
2313 4018 2397 4058 xv
2418 4018 2520 4073 cap
2541 4043 2554 4056 .
2595 4007 2700 4072 17).

2053 4081 2075 4106 ο
2104 4065 2267 4142 Vulg.
2312 4065 2523 4126 editio':
2569 4065 2979 4142 Ante_mortem
3003 4083 3066 4123 ne
3097 4066 3283 4142 laudes
3312 4065 3579 4142 hominem

1984 4133 2324 4222 quemquam.
2352 4141 2709 4222 Prgtermisit
2729 4139 2877 4193 hunc
2907 4140 3090 4222 lpcuni
3107 4135 3396 4222 giacouius
3415 4134 3471 4188 in
3494 4133 3580 4188 in-

1985 4207 2106 4266 dice
2131 4207 2381 4266 locorum
2410 4209 2705 4280 Scriptura;
2735 4208 3038 4264 secundum
3062 4207 3244 4261 LXX.

2055 4269 2085 4314 ά
2108 4283 2188 4335 Ita
2215 4278 2534 4351 legendum,
2551 4287 2610 4334 ut
2647 4280 2784 4334 bene
2821 4277 3123 4334 observavit
3148 4274 3452 4342 Ciaconius,
3475 4275 3576 4341 vel,

1981 4360 2048 4408 ut
2076 4351 2170 4407 alii
2212 4348 2428 4406 codices
2447 4348 2650 4406 habent
2699 4369 2712 4405 :
2734 4353 2795 4406 In
2815 4351 3246 4409 colluctationum
3271 4351 3574 4410 scammate,

1982 4438 2094 4479 non
2129 4426 2390 4485 caumate,
2419 4430 2480 4477 ut
2503 4421 2819 4493 Dionysius,
2857 4421 2938 4477 vel
2965 4423 3246 4493 schemate,
3281 4423 3577 4493 stemmate,

1988 4493 2286 4549 stemmate
2307 4534 2326 4562 ,
2352 4501 2436 4564 ut
2477 4488 2587 4564 alii.
2632 4488 2702 4549 Et
2733 4493 2896 4564 enim,
2925 4493 3132 4564 σκάμμα
3157 4489 3572 4564 Gracisstadii

1981 4579 2170 4632 arena,
2199 4559 2316 4622 sive
2347 4563 2520 4630 locus,
2557 4563 2612 4619 in
2651 4579 2760 4635 quo
2789 4559 3034 4635 athletae:
3047 4559 3346 4635 certabant,
3359 4561 3455 4635 ita
3487 4559 3576 4616 di-

1977 4644 2126 4691 ctum
2154 4629 2186 4692 a
2218 4634 2382 4691 verbo
2425 4629 2685 4701 σκᾶπτεινξ
2705 4633 2854 4707 quod
2899 4643 2982 4689 est
3003 4633 3210 4698 fodere,
3231 4630 3379 4702 quod
3419 4629 3578 4707 fovea

1978 4707 2226 4789 valloque
2259 4697 2863 4789 circpmseptusjsset,
2904 4717 2936 4759 e
2958 4719 3067 4789 quo
3089 4697 3577 4789 .qertaiites‘leg‘rfdi

1982 4791 2091 4831 non
2119 4765 2322 4832 liceret.
2364 4779 2484 4830 Vox
2527 4765 2612 4830 lit
2637 4765 3212 4845 ‘Grmcis‘auétoribus
3254 4775 3310 4845 et
3335 4765 3578 4845 Chryso-

1977 4853 2162 4901 stomo
2216 4845 2802 4915 praecipuefrequens.
2844 4841 3149 4915 Utiturea,
3201 4833 3579 4915 metaphorice

1978 4921 2184 4980 tamen,
2209 4904 2270 4968 ut
2304 4904 2415 4968 fere
2439 4913 2550 4978 alii,
2570 4904 2938 4966 Tértullianus
2970 4907 3024 4962 in
3055 4905 3192 4960 libro
3219 4904 3286 4960 ad
3311 4905 3580 4980 Martyres

1979 4984 2057 5038 sic
2079 4976 2180 5038 eos
2203 4983 2486 5050 alloquens
2517 4976 2664 5050 (Cap.
2708 4983 2758 5048 3)
2800 4999 2816 5034 :
2843 4979 3118 5050 Epistates
3141 4981 3312 5032 vester
3339 4976 3578 5050 Christus

1978 5057 2148 5115 Iesus,
2179 5053 2276 5120 qui
2298 5048 2387 5105 vbs
2408 5048 2618 5120 spiritu”
2631 5053 2810 5113 unwit,
2837 5055 2888 5105 et
2905 5050 2978 5104 ad
3003 5049 3096 5103 hoc
3120 5048 3580 5120 scammaprodu-

1980 5127 2082 5178 mit.
2121 5117 2580 5194 S._'Hieronjm_us
2611 5121 2764 5194 epist.
2794 5127 2856 5176 61
2884 5129 3086 5194 contra
3118 5133 3330 5194 errores
3354 5117 3580 5194 Joannis

1979 5189 2457 5263 Jerosolymitaui':
2492 5191 2599 5246 Cur
2620 5193 2722 5254 ita,
2751 5191 2940 5262 inquit,
2979 5191 3184 5244 omissis
3203 5204 3364 5263 super
3387 5189 3580 5263 quibus

1975 5279 2168 5334 pugna
2194 5259 2291 5326 est,
2323 5263 2388 5317 de
2409 5266 2695 5334 scammate
2722 5267 2773 5334 et
2805 5259 2913 5334 loco
2942 5261 3264 5334 certaminis
3282 5259 3578 5334 egrediens,

1979 5331 2038 5390 in
2043 5331 2341 5406 peregrinis
2356 5338 2406 5389 et
2422 5335 2568 5406 longe
2581 5333 2772 5388 alienis
2783 5333 2940 5406 dispu
2947 5331 3236 5406 tationibus
3242 5333 3582 5406 impigr-aris?

1977 5401 2137 5477 Aliud
2159 5401 2418 5477 eumdem
2441 5401 3242 5477 in_Commentaﬂis_Espistola;
3265 5401 3336 5477 ad
3360 5401 3582 5477 Galatas

1979 5473 2102 5548 cap.
2130 5493 2160 5529 v
2191 5475 2379 5530 vitiose
2408 5475 2604 5548 legitur
2631 5490 2647 5526 :
2676 5475 2876 5548 Videris
2901 5473 3584 5548 plerosque.de_Scripturis

1979 5543 2120 5602 inter
2141 5561 2197 5600 se
2221 5543 2552 5608 contendere,-
2576 5550 2628 5600 et
2663 5543 2976 5600 athleticum
2999 5548 3222 5598 stemma
3269 5544 3368 5596 Dei
3403 5543 3582 5608 facere

1975 5633 2283 5680 sermonem,
2312 5633 2458 5689 _cum
2492 5617 2647 5689 plane
2663 5615 2960 5689 legendum
2997 5613 3090 5689 sit
3124 5614 3582 5689 scamma._A§qu_e

1978 5689 2173 5744 vitiose
2189 5687 2330 5760 apud
2345 5690 2398 5744 S.
2415 5683 2773 5742 Ambrosium
2796 5685 2891 5760 lib.
2913 5701 2938 5742 1
2981 5683 3147 5760 Ofﬁe.
3179 5687 3397 5760 cap._1_(_$
3418 5683 3582 5751 :Quid

1975 5761 2190 5830 epulari
2213 5753 2375 5829 gestis
2394 5763 2683 5829 antequam
2707 5758 2950 5814 stadium
2977 5753 3262 5814 solvaturir
3278 5753 3472 5810 Adhuc
3483 5767 3586 5822 po:
