4048 6208
481 228 581 283 667

1480 234 1483 243 ·
1561 223 1840 280 JOANNIS
1877 222 2180 280 CASSIANI
2217 223 2703 281 COLLATIONES.
2766 197 2786 217 '
3032 309 3036 313 θ
3672 228 3764 282 eos

479 361 535 408 et
558 358 655 422 (ut
681 352 752 407 ita
789 352 1045 424 dixerim)
1102 358 1403 409 scammate
1441 350 1787 419 constitutus,
1830 349 2079 423 quamvis
2102 354 2156 419 Α
2184 351 2428 409 nimenta
2460 360 2767 421 tectorum,
2797 352 2995 423 quibus
3042 367 3137 424 per
3166 357 3471 408 vestustam
3514 352 3771 425 negligen-

481 448 695 503 vincere
715 447 906 515 soleat,
936 463 1001 502 ac
1044 446 1299 518 frequens
1348 446 1556 517 palmas
1603 445 1845 502 victoria
1890 460 2080 501 censeo

478 551 701 614 quatur,
732 558 841 596 non
873 549 1050 612 potest
1078 549 1259 596 tamen
1291 557 1320 596 a
1352 546 1518 607 fmetu
1541 556 1604 596 ac
1649 540 1956 612 suspicione
1996 540 2081 595 in-

478 636 608 692 certi
651 643 944 706 proventus
971 648 1087 690 esse
1116 649 1361 690 securus.
1411 637 1480 689 Et
1506 633 1709 690 idcirco
1747 643 1772 668 ι
1798 637 1948 690 Deus
1995 649 2082 689 so-

480 731 567 785 lus
593 727 947 783 immutabilis
976 730 1000 761 δ
1040 728 1119 782 vel
1173 728 1350 784 bonus
1388 727 1606 797 dicitur,
1646 728 1736 800 qui
1780 728 2079 784 bonitatem

481 838 591 877 non
621 821 905 878 industria:
935 822 1143 889 studio,
1184 822 1280 878 sed
1316 822 1631 878 naturaliter
1658 822 1941 894 possidens
1972 837 2082 877 non

479 925 660 988 potest
686 916 831 972 aliud
861 916 996 988 quid
1021 933 1138 973 esse
1164 933 1330 988 quam
1356 919 1553 974 bonus.
1588 918 1749 974 Nulla
1780 918 1943 990 igitur
1972 917 2081 973 vir-

480 1020 569 1067 tus
598 1019 777 1081 potest
810 1011 1163 1067 immobiliter
1191 1011 1257 1066 ab
1289 1010 1514 1067 homine
1547 1011 1853 1083 possideri;
1883 1010 1978 1068 sed
2022 1016 2084 1066 ut

482 1115 667 1177 parata
685 1107 888 1178 jugiter
905 1114 1172 1171 teneatur,
1214 1120 1431 1161 necesse
1457 1114 1540 1161 est
1569 1108 1689 1161 eam
1732 1121 1950 1176 semper
1994 1105 2082 1160 illa

482 1215 589 1270 qua
624 1198 883 1270 acquisita
919 1207 1002 1254 est
1037 1198 1321 1253 sedulitate
1368 1206 1531 1270 atque
1581 1198 1847 1254 industria
1896 1208 2080 1255 custo-

483 1292 606 1360 diri,
632 1297 656 1325 °
684 1300 759 1361 et,
792 1293 938 1363 quod
966 1293 1137 1366 magis
1165 1308 1353 1349 verum
1382 1302 1483 1361 est,
1505 1293 1744 1367 juvantis
1770 1294 1960 1367 gratiae
1987 1293 2081 1349 be-

490 1387 685 1442 nelicio
711 1386 992 1443 custodiri.

1061 1520 1298 1575 CAPUT
1326 1520 1501 1574 XVII.

701 1636 852 1701 Quod
877 1650 1027 1689 nemo
1066 1637 1227 1689 ruina
1256 1635 1533 1691 subitanea
1561 1637 1870 1690 collabatur.

2186 446 2322 502 tiam
2344 447 2398 501 in
2424 447 2687 519 majorem
2730 444 2961 501 modum
3002 443 3276 516 patefactis
3313 454 3476 517 atque
3517 446 3771 517 collapsis,

2188 538 2425 595 ubertim
2470 548 2593 611 post
2642 539 2760 597 haec
2819 538 3001 595 inﬂuit
3055 539 3361 610 pluviarum
3424 537 3775 611 imbriumque
3813 590 3817 593 .

2189 644 2504 707 tempestas.
2532 640 2594 693 In
2605 638 2847 707 pigritiis
2866 638 3006 691 enim
3032 635 3414 689 humiliabitur
3432 637 3771 705 contignatio,

2189 735 2241 787 et
2268 734 2326 785 in
2363 732 2587 799 segnitie
2628 746 2888 785 manuum
2929 728 3162 784 stillabit
3205 728 3395 783 domus
3426 728 3662 800 (Eccles.
3686 732 3772 803 χ).

2188 823 2352 896 Quod
2380 824 2578 880 animae
2604 823 2891 896 spiritalier
2926 821 3143 878 evenire
3177 820 3320 876 idem
3368 821 3633 877 Salomon
3670 823 3774 880 aliis

2190 918 2366 975 verbis
2416 919 2487 974 ita
2527 917 2812 990 designat:
2863 921 2886 950 °
2914 917 3225 978 Stillieidia,
3257 915 3527 987 inquiens,
3569 917 3775 986 ejiciunt

2189 1015 2450 1069 hominem
2472 1014 2531 1067 in
2551 1014 2642 1069 die
2669 1013 2889 1068 hiemali
2911 1013 2976 1066 de
3007 1012 3161 1066 domo
3186 1026 3287 1066 sua
3318 1010 3506 1082 (Prov.
3556 1013 3770 1081 xxvn).

2188 1108 2480 1181 Eleganter
2513 1123 2644 1180 ergo
2677 1106 2878 1162 mentis
2904 1105 3177 1161 incuriam
3215 1102 3424 1159 domati
3455 1107 3776 1176 comparavit

2189 1208 2445 1271 tectoque
2491 1199 2758 1272 neglecto,
2816 1213 2908 1270 per
2934 1213 3115 1268 quam
3154 1196 3330 1269 primo
3376 1197 3600 1269 quidem
3641 1200 3775 1255 velut

2188 1295 2557 1350 minutissima
2584 1293 2835 1365 quaedam
2878 1294 3162 1364 penetrant
3200 1290 3270 1347 ad
3299 1291 3543 1347 animam
3578 1292 3769 1349 stillici-

2188 1387 2277 1444 dia
2310 1388 2644 1459 passionum,
2665 1401 2789 1458 quae
2813 1385 2858 1441 si
2883 1384 3026 1441 velut
3053 1400 3215 1456 parva
3238 1400 3301 1440 ac
3340 1385 3477 1442 levia
3506 1387 3772 1459 negligan-

2189 1490 2298 1550 tur,
2357 1488 2720 1553 corrumpunt
2755 1480 2903 1553 tigna
2942 1479 3226 1546 virtutum,
3280 1486 3335 1535 et
3373 1488 3501 1551 post
3542 1481 3658 1537 haec
3699 1482 3775 1537 in—

2191 1576 2371 1631 ﬂuunt
2389 1574 2562 1630 imbre
2601 1573 2902 1646 largissimo
2939 1572 3231 1641 vitiorum;
3268 1588 3364 1644 per
3391 1590 3558 1646 quem
3606 1576 3656 1630 in
3699 1576 3777 1632 die

2191 1670 2439 1739 hiemali,
2495 1668 2551 1726 id
2591 1676 2692 1736 est,
2740 1667 2796 1722 in
2845 1675 3094 1739 tempore
3139 1667 3455 1724 tentationis
3508 1668 3778 1742 ingruente

554 1764 761 1834 Lapsus
791 1779 919 1820 vero
949 1765 1217 1837 quispiam
1248 1780 1594 1837 nequaquam
1614 1764 1897 1821 subitanea
1925 1764 2079 1819 ruina
2106 1771 2155 1835 Β
2188 1762 2590 1838 impugnatione
2632 1760 2852 1829 diaboli,
2901 1760 3205 1832 expelletur
3253 1776 3413 1818 mens
3450 1761 3520 1819 de
3575 1761 3778 1820 habita-

481 1858 750 1913 corruisse
781 1857 1081 1914 credendus
1115 1867 1216 1929 est,
1250 1858 1346 1915 sed
1377 1867 1468 1915 aut
1504 1875 1684 1931 pravae
1729 1857 2080 1915 institutionis

481 1948 741 2020 deceptus
766 1950 1007 2019 exordio,
1046 1950 1159 2007 aut‘
1199 1967 1294 2023 per
1334 1952 1557 2024 longam
1584 1952 1779 2008 mentis
1815 1952 2081 2007 incuriam

483 2044 747 2114 paulatim
769 2044 965 2101 virtute
1001 2046 1164 2100 animi
1213 2045 1514 2112 decidente,
1563 2054 1618 2101 et
1657 2061 1753 2117 per
1799 2044 1905 2101 hoc
1951 2060 2079 2101 sen-

481 2139 586 2192 sim
613 2138 759 2193 vitiis
787 2137 1207 2195 increscentibu
1247 2155 1377 2195 casu
1424 2139 1716 2195 miserabili
1757 2138 2077 2196 concidisse.

480 2230 507 2264 ⁸³
537 2232 680 2284 Ante
706 2234 1067 2285 contritionem
1092 2235 1233 2287 enim
1250 2233 1512 2302 praecedit
1538 2236 1777 2302 ruina,et
1803 2237 1927 2288 ante
1958 2236 2080 2287 rui—

481 2340 610 2378 nam
640 2327 785 2379 mala
811 2327 1063 2395 cogitatio
1094 2326 1373 2399 (Proverb.
1402 2332 1575 2397 xvn);
1610 2327 2078 2400 quemadmodum

481 2418 681 2474 domus
728 2434 1029 2493 numquam
1070 2421 1355 2478 subitaneo
1404 2422 1475 2479 ad
1511 2424 1731 2479 ruinam
1778 2422 2084 2495 procumbit

484 2515 739 2587 impulsu,
799 2516 902 2573 nisi
951 2527 1046 2573 aut
1102 2519 1324 2591 antiquo
1374 2520 1505 2576 vitio
1532 2520 1928 2591 ,l‘undamenti,
1991 2527 2085 2575 aut

486 2607 645 2680 longa
670 2608 1092 2668 inhabitantium
1121 2611 1345 2681 desidia,
1375 2613 1664 2671 stillicidiis
1694 2614 1935 2687 primum
1964 2627 2087 2684 par-

485 2701 725 2761 vissimis
739 2705 1146 2777 penetrantibus
1181 2714 1435 2778 corrupta
1472 2708 1676 2764 sensim
1715 2707 1922 2764 fuerint
1957 2723 2087 2764 mu-

2186 1858 2331 1914 tione
2359 1857 2640 1923 virtutum,
2667 1855 2724 1910 iu
2753 1870 2857 1927 qua
2897 1853 3102 1910 scilicet
3126 1853 3415 1926 aliquando
3445 1855 3777 1929 circumspe-

2187 1959 2276 2008 cta
2312 1950 2583 2025 diligentia
2630 1963 2689 2005 se
2733 1948 2992 2012 retinens,
3035 1947 3184 2005 velut
3229 1947 3286 2003 in
3331 1947 3491 2004 domo
3543 1951 3778 2022 propria

2186 2044 2547 2118 possessionis
2571 2042 2928 2115 requieverat.
2970 2040 3071 2097 His
3108 2041 3288 2114 itaque
3329 2043 3625 2114 compertis
3667 2043 3781 2099 inﬁ-

2187 2144 2357 2199 nitam
2376 2141 2633 2214 spiritalis
2669 2139 2776 2196 cibi
2828 2139 3165 2211 percepimus
3212 2138 3571 2211 voluptatem,
3607 2140 3681 2196 ita
3726 2149 3778 2197 ut

2186 2250 2251 2290 ex
2276 2233 2376 2290 hac
2404 2232 2689 2297 collatione
2724 2232 2934 2303 majore
2976 2231 3143 2287 animi
3188 2231 3387 2305 gaudio
3427 2232 3776 2305 repleremur,

2185 2345 2352 2401 quam
2381 2336 2507 2384 ante
2533 2326 2748 2383 tristitia
2789 2341 2952 2397 super
2988 2340 3123 2381 nece
3154 2333 3473 2382 sanctorum
3513 2327 3781 2384 fueramus

2187 2421 2382 2478 affecti.
2418 2423 2542 2477 Non
2559 2420 2739 2476 solum
2757 2420 2906 2475 enim
2926 2418 2995 2476 de
3017 2420 3212 2490 quibus
3235 2419 3620 2477 hmsitabamus
3647 2421 3778 2478 edo-

2189 2516 2261 2573 cti
2308 2529 2518 2582 sumus,
2573 2528 2763 2569 verum
2819 2513 2983 2568 etiam
3033 2512 3125 2569 illa
3177 2530 3331 2586 quae
3361 2531 3461 2587 pro
3524 2514 3784 2572 tenuitate

2189 2624 2382 2668 sensus
2428 2606 2604 2664 nostri
2639 2607 2914 2679 inquirere
2957 2621 3070 2664 non
3103 2624 3452 2676 noveramus,
3493 2609 3596 2666 sub
3646 2610 3785 2669 illius

2195 2702 2508 2777 quaestionis
2528 2701 2951 2775 interrogatione
2969 2703 3345 2774 cognovimus.

1588 2815 1843 2869 ALARDI
1880 2816 2104 2870 GAZJEI
2140 2808 2694 2875 COMMENTARIUS.

479 2914 647 2983 putus
672 2916 895 2983 spectat,
928 2915 1104 2967 adhuc
1140 2914 1433 2967 athletaein
1460 2917 1736 2967 stemmate
1760 2917 1880 2983 (pro
1908 2928 2084 2967 scam-

484 2982 643 3050 mate)
673 2982 818 3045 sunt,
862 2988 913 3036 et
952 2988 1013 3036 tu
1031 2985 1153 3052 jam
1180 2985 1352 3037 cibum
1377 2986 1519 3052 petis
1537 2986 1565 3037 ?
1614 2983 1749 3037 Aliis
1786 2982 1923 3037 vero
1953 2982 2085 3039 locis

485 3052 630 3122 apud
657 3067 785 3105 eum
812 3052 1023 3123 integre
1062 3053 1274 3122 legitur,
1305 3061 1368 3106 ut
1398 3053 1487 3107 lib.
1515 3053 1584 3108 de
1618 3053 1735 3108 Elia
1765 3060 1821 3107 et
1865 3054 2082 3125 Jejunio

485 3137 605 3191 cap.
642 3128 708 3176 l3
735 3140 748 3175 :
788 3125 852 3176 In
879 3127 1181 3185 scammate,
1206 3125 1257 3176 si
1291 3125 1414 3192 quis
1434 3125 1500 3177 de
1526 3140 1689 3177 manu
1714 3125 1872 3189 levat,
1900 3141 2081 3180 exsors

487 3192 706 3265 quidem
717 3193 938 3261 palm,
963 3193 1057 3247 sed
1074 3195 1327 3247 immunis
1350 3194 1579 3263 injuria,
1602 3202 1704 3250 etc.
1734 3197 1802 3250 Et
1824 3210 1943 3265 cap.
1967 3201 2029 3250 21
2064 3216 2077 3252 :

2192 2909 2555 2976 immortales,
2581 2907 3046 2980 incorruptibiles,
3077 2917 3141 2965 ut
3174 2910 3423 2982 superius
3450 2908 3666 2967 dictum
3705 2919 3787 2969 est

2187 2982 2487 3063 (Sgl‘hom.
2514 2995 2544 3063 I_
2558 2985 2712 3063 part.
2736 2983 2906 3063 ‘q..._9).

2257 3046 2285 3085 δ
2313 3054 2433 3122 Qua
2466 3046 2682 3107 ratione
2720 3046 2919 3106 dicitur
2957 3054 3107 3106 Deus
3154 3050 3301 3108 solus
3337 3052 3699 3109 immutabilis
3733 3062 3788 3109 et

2186 3123 2537 3189 immortalis,
2586 3122 2792 3177 scilicet
2828 3137 2923 3192 per
2966 3122 3290 3189 essentiam;
3317 3126 3511 3180 eadem
3557 3133 3613 3179 et
3637 3124 3790 3180 solus

2185 3194 2363 3251 bonus
2408 3193 2610 3266 dicitur
2636 3209 2731 3266 per
2756 3193 3073 3266 essentiam,
3098 3192 3224 3263 quia
3260 3204 3346 3250 est
3382 3195 3502 3266 ipsa
3543 3194 3778 3251 bonitas.

487 3264 794 3336 frggressus
809 3265 866 3317 in
884 3279 1121 3319 scamma
1144 3279 1345 3319 necesse
1359 3271 1436 3320 est
1455 3270 1518 3320 ut
1537 3263 2073 3336 eamﬂaspulberem.
2183 3267 2325 3322 Hinc
2352 3264 2551 3321 Matth.
2593 3263 2732 3331 xix!
2744 3263 2941 3336 dicitur
2967 3282 2983 3319 :
3022 3268 3167 3320 Unus
3210 3272 3287 3320 est
3338 3263 3504 3321 bonus
3523 3269 3693 3333 Deus;
3735 3275 3790 3322 et

485 3334 558 3413 Et
574 3349 781 3413 rursus
801 3352 814 3388 :
837 3337 1089 3413 Luctator
1118 3338 1183 3413 in
1202 3342 1504 3413 scammatc,
1537 3342 1589 3392 et
1887 3340 2086 3413 stadio.
2121 3350 2165 3413 ρ
2198 3339 2363 3393 Lucae
2395 3351 2560 3392 xvm
2587 3354 2601 3390 :
2642 3338 2804 3394 Nemo
2851 3335 3032 3398 bonus,
3080 3338 3193 3391 nisi
3216 3338 3362 3391 solus
3392 3342 3551 3403 Deus,
3584 3338 3791 3394 scilicet

485 3403 741 3481 Paulinus
768 3405 825 3461 in
848 3408 1006 3481 epist.
1050 3411 1083 3460 2
1118 3406 1187 3462 ad
1212 3408 1472 3465 Severum
1516 3428 1528 3465 :
1581 3403 1728 3472 Noli,
1756 3408 1957 3481 inquit,
1992 3412 2082 3463 in-

486 3477 641 3530 terim
665 3476 797 3531 dum
833 3476 897 3531 in
923 3483 1206 3532 scammate
1232 3494 1436 3541 sumus,
1466 3486 1572 3536 etc.

558 3552 581 3575 ⁸
607 3547 767 3601 Solus
805 3551 953 3603 Deus
993 3548 1310 3604 omnimode
1350 3558 1405 3604 et
1436 3550 1682 3604 absolute
1726 3549 2080 3613 immutabilis

485 3622 589 3679 est,
614 3614 766 3685 juxta
791 3617 924 3672 illud
946 3618 1247 3674 .Malachim
1278 3633 1351 3674 ιιι
1382 3637 1396 3673 :
1428 3624 1539 3687 Ego
1586 3623 1857 3682 Dominus,
1903 3626 1953 3675 et
1976 3636 2079 3675 non

486 3690 704 3753 mutor;
734 3696 788 3742 et
816 3690 838 3741 Ι
865 3687 933 3743 ad
957 3688 1098 3747 Tim.
1125 3703 1189 3744 v1
1220 3708 1232 3742 ε
1266 3691 1373 3756 Qui
1394 3691 1535 3744 solus
1564 3691 1719 3745 habet
1758 3693 2081 3747 immortali-

489 3761 671 3811 tatem.
701 3759 841 3812 Nam
868 3758 1100 3827 perfecta
1123 3759 1510 3817 immortalitas
1533 3769 1616 3816 est
1638 3760 1957 3816 omnimoda
1981 3763 2083 3817 im-

487 3827 848 3885 mutabilitas.
877 3830 1043 3886 Unde
1089 3833 1159 3885 D.
1190 3830 1502 3887 Bernardus
1549 3846 1717 3887 serm.
1748 3836 1811 3886 8!
1852 3831 1910 3886 in
1934 3834 2082 3888 Can-

485 3898 588 3954 tica
619 3919 632 3954 :
674 3902 837 3965 Vera,
868 3901 1063 3971 inquit,
1093 3907 1143 3957 et
1178 3905 1391 3971 integra
1418 3904 1796 3957 immortalitas
1833 3907 1944 3957 tam
1974 3920 2080 3959 non

484 3972 677 4040 recipit
710 3974 1077 4041 mutationem,
1100 3989 1260 4042 quam
1283 3989 1376 4029 nec
1402 3978 1581 4042 ﬁnem,
1606 3974 1748 4043 quod
1775 3977 1942 4028 omnis
1965 3991 2082 4029 mu-

483 4042 618 4095 tatio
658 4044 909 4112 quaedam
935 4046 1125 4098 mortis
1152 4046 1384 4098 imitatio
1408 4047 1500 4099 sit.
1532 4042 1691 4115 Omne
1717 4048 1909 4100 etenim
1940 4047 2082 4115 quod

484 4115 751 4186 mutatur,
776 4115 909 4169 dum
935 4115 1001 4168 de
1021 4131 1126 4169 uno
1155 4115 1229 4168 ad
1252 4115 1410 4170 aliud
1425 4112 1633 4171 transit
1654 4132 1781 4183 esse,
1815 4112 2080 4186 quodam-

484 4184 639 4257 modo
669 4201 872 4240 necesse
909 4190 987 4241 est
1020 4189 1284 4241 moriatur
1320 4187 1464 4256 quod
1492 4192 1597 4252 est;
1622 4193 1684 4242 ut
1711 4184 1842 4242 esse
1854 4190 2079 4257 incipiat

485 4255 630 4328 quod
656 4271 763 4309 non
800 4262 895 4311 est.
940 4257 1092 4324 Quod
1130 4259 1179 4311 si
1223 4263 1300 4312 tot
1330 4255 1545 4321 mortes,
1571 4263 1699 4328 quot
1737 4255 2077 4324 mutationes,

435 4372 445 4382 .
487 4326 586 4378 ubi
597 4328 975 4381 immortalitas
994 4331 1022 4381 ?
1040 4330 1206 4397 Apud
1224 4333 1392 4384 Deum
1409 4326 1797 4384 autem—nonest
1812 4334 2081 4384 transmu-

488 4397 638 4455 tatio,
651 4410 745 4449 nec
763 4398 1155 4452 vicissitudinis
1181 4399 1725 4464 obumbratiancob.
1748 4414 1790 4453 1.
1815 4400 1869 4453 S.
1898 4399 2078 4455 Thom.

487 4477 535 4546 ι-
554 4468 700 4542 part.
727 4481 781 4546 q.
930 4466 1136 4546 Dicitur
1169 4468 1332 4521 etiam
1359 4470 1508 4522 Deus
1551 4469 1697 4522 solus
1728 4468 2084 4546 immutabilis

486 4540 543 4611 et
567 4534 907 4611 immortalis,
950 4535 1209 4611 nimirum
1235 4552 1300 4591 ex
1339 4552 1398 4611 se
1427 4547 1482 4591 et
1517 4547 1707 4611 natura
1734 4553 1851 4611 sua,
1883 4547 1943 4593 ut
1988 4540 2080 4611 qui

484 4603 935 4688 sit_essentialiter
960 4607 1074 4688 ipsa
1106 4608 1231 4673 vita,
1266 4607 1475 4688 nullum
1520 4607 1724 4663 habens
1755 4603 1913 4665 ullius
1950 4603 2079 4667 mu-

2193 3424 2257 3464 ex
2289 3423 2347 3463 se
2384 3417 2437 3463 et
2466 3422 2560 3478 per
2582 3415 2854 3478 naturam.
2903 3476 2911 3478 Α
3085 3476 3094 3478 _
3190 3477 3194 3478 ν
3292 3477 3300 3478 7
3742 3446 3751 3453 ,

2258 3483 2283 3512 θ
2322 3475 2541 3535 Notavit
2568 3475 2864 3549 Cuychius,
2898 3476 2955 3531 in
2977 3476 3393 3549 antiquioribus
3418 3478 3794 3549 librisexcusis

2188 3549 2489 3621 desiderari
2504 3549 2630 3621 hinc
2653 3547 2850 3607 verba.
2896 3562 3019 3621 qua:
3065 3547 3268 3621 tamen,
3312 3549 3501 3621 inquit,
3548 3548 3606 3621 in
3659 3558 3791 3606 octo

2190 3636 2321 3676 mss.
2372 3618 2671 3692 codicibus
2724 3626 2792 3692 et_
2831 3618 2975 3692 apud
3032 3618 3357 3692 Dionysium
3386 3618 3789 3692 ‘reperiuntur.

2190 3689 2424 3760 Proinde
2457 3689 2652 3745 merito
2695 3689 2995 3755 retinenda,
3043 3689 3328 3760 quia'sana
3356 3699 3411 3746 et
3453 3689 3790 3760 opportuna.

2260 3746 2289 3793 δ
2317 3762 2543 3832 Vulgata
2564 3768 2620 3815 et
2647 3746 2995 3815 Clementina'
3012 3746 3167 3816 lectio
3198 3746 3215 3816 ξ
3249 3746 3617 3821 Οοηενίτίᾰηέηι
3638 3746 3792 3831 prie;

2188 3833 2327 3887 cedit
2350 3832 2704 3902 superbia,_et
2732 3835 2854 3885 ante
2883 3835 3103 3902 ruuiam
3130 3834 3400 3889 emattatur
3426 3833 3682 3902 spiritus.
3713 3838 3792 3889 D.

2188 3900 2583 3974 Hieronymus,
2606 3900 2698 3957 lib.
2730 3916 2807 3957 ιιι
2833 3900 3095 3958 adversus
3124 3903 3382 3971 Ruﬁnum
3406 3900 3526 3974 cap.
3552 3903 3687 3969 ult.,
3716 3906 3794 3962 ita

2187 3974 2317 4030 citat
2351 3991 2365 4029 :
2398 3976 2543 4030 Ante
2568 3975 2937 4028 contritionem
2950 3976 3203 4043 pracedit
3230 3974 3567 4038 contumelia,
3588 3980 3642 4030 et
3665 3982 3791 4033 ante

2188 4049 2406 4100 ruinam
2422 4047 2569 4100 mala
2588 4046 2854 4112 cogitatio.
3296 4066 3309 4081 κ

2258 4125 2280 4151 °
2336 4119 2415 4171 lta
2456 4116 2598 4172 enim
2635 4115 2769 4170 citat
2796 4118 2862 4188 D.
2916 4113 3415 4188 Hieronymuslib.
3464 4132 3485 4172 I
3514 4117 3571 4172 in
3603 4119 3786 4173 Jovin.

2186 4188 2349 4243 LXX
2414 4194 2653 4249 secutus,
2714 4186 2814 4259 qui
2864 4200 3090 4259 sensum
3124 4186 3315 4259 'adagii
3386 4188 3788 4259 paraphrastice

2187 4264 2583 4328 exposuerunt,
2629 4255 2855 4325 quodin
2895 4256 3129 4312 Hebraeo
3174 4255 3270 4312 ita'
3295 4255 3460 4313 sonat
3515 4255 3537 4313 Ξ
3562 4260 3786 4316 Stillatio

2180 4329 2333 4397 jugis
2359 4331 2417 4382 in
2440 4329 2528 4383 die
2567 4328 2785 4389 imbris,
2817 4332 2868 4400 et
2890 4329 3083 4383 mulier
3109 4333 3528 4393 contentionum,
3575 4336 3786 4400 aequata

2189 4404 2286 4472 est.
2330 4403 2430 4453 Pro
2467 4414 2576 4472 quo
2602 4404 2790 4472 noster
2818 4398 3077 4472 interpres
3122 4400 3284 4459 vertit
3327 4420 3339 4455 :
3391 4404 3550 4456 Tecta
3572 4398 3785 4472 persta.

2193 4471 2366 4542 lantia
2390 4472 2448 4542 in
2474 4469 2561 4542 die
2578 4470 2822 4542 frigoris
2841 4471 3147 4542 etlitigiosa
3168 4472 3364 4525 mulier
3381 4469 3780 4542 comparantur.

2194 4540 2504 4613 Etgbrevius
2530 4539 2719 4595 itidem
2746 4539 3009 4595 Proverb.
3038 4556 3150 4613 tux
3178 4557 3194 4594 z
3231 4544 3387 4597 Tecta
3426 4539 3632 4612 jubiter
3652 4558 3781 4613 per-

2186 4611 2451 4665 stillantia
2479 4612 2952 4680 litigiosaimulier.
2980 4610 3089 4667 Ubi
3137 4620 3324 4667 tamen
3356 4610 3520 4670 LXX
3551 4610 3783 4669 multum

487 4674 705 4771 Eetionis
749 4674 1303 4771 principiumaneque
1344 4680 1641 4771 internum,
1671 4695 1848 4771 neque
1888 4691 2074 4771 exter-
2111 4709 2161 4771 Ι)
2190 4682 2260 4771 ab
2295 4682 2530 4771 Hebraeo
2567 4674 2632 4771 et
2678 4674 2866 4771 nostra
2908 4682 3154 4771 versione
3180 4682 3513 4771 discrepant.
3574 4689 3781 4771 Partem

487 4761 652 4811 num;
683 4748 859 4819 angeli
899 4764 1026 4804 vero
1072 4756 1126 4804 et
1149 4748 1343 4805 animae
1371 4749 1661 4805 rationales
1713 4748 2079 4822 participative

484 4824 719 4885 tantum,
772 4828 846 4886 et,
898 4829 959 4876 ut
998 4823 1187 4877 Patres
1225 4822 1541 4893 loquuntur,
1576 4836 1672 4894 per
1698 4823 1931 4894 gratiam
1958 4832 2087 4879 sunt

2190 4754 2372 4822 itaque
2397 4753 2677 4808 sententiae
2704 4753 2790 4809 hic
2820 4756 3091 4810 truncavit
3117 4761 3347 4819 Auctor,
3362 4753 3601 4813 alteram
3626 4755 3781 4812 dum-

2192 4831 2343 4879 taxat
2368 4839 2468 4880 suo
2494 4823 2740 4880 instituto
2767 4824 3091 4880 servientem
3110 4825 3370 4896 allegaus.

491 4939 3777 4967 .—_._____________—___________—____

1326 5021 2106 5123 COLLATIO
2176 5024 2922 5145 SEPTIMA,

1561 5186 1719 5258 Quae
1752 5186 1852 5248 est
1883 5182 2105 5269 prima
2142 5182 2376 5248 Sereni
2414 5181 2701 5249 abbatis.

1278 5304 1356 5355 DE
1392 5303 1611 5354 ANIMJE
1648 5305 2029 5357 MOBILITATE
2066 5306 2147 5356 ET
2184 5306 2627 5358 SPIRITALIBUS
2660 5306 2998 5371 NEQUITIIS.

944 5497 1205 5553 ‘CAPUT
1242 5498 1560 5552 PRIMUM.

483 5592 724 5647 Summae
782 5591 1080 5646 sanctitatis
1129 5600 1183 5646 et
1235 5591 1584 5647 conﬂuentis:
1648 5590 1826 5647 virum
1888 5592 2069 5646 nomi-

2106 5500 2160 5563 Α
2187 5496 2379 5568 nisque
2407 5499 2490 5553 sui
2519 5502 2797 5571 speculum
2822 5511 2848 5536 ι
2870 5501 3121 5559 abbatem
3153 5503 3445 5575 Serenum,
3485 5518 3641 5578 quem
3672 5501 3779 5556 sin-

2181 5590 2354 5664 gulari
2403 5608 2594 5649 sumus
2651 5595 3019 5652 veneratione,
3057 5612 3168 5668 prae
3215 5582 3445 5655 caeteris
3506 5593 3774 5658 admirati,

1575 5702 1826 5757 ALARDI
1866 5702 2089 5758 GAZEI
2128 5702 2684 5759 COMMENTARIUS.

487 5804 511 5830 ι
555 5794 691 5852 Haec
729 5793 919 5851 eadem
949 5796 1016 5852 de
1068 5799 1266 5853 Sereno
1311 5799 1505 5856 abbate
1553 5808 1607 5857 et
1651 5799 1843 5857 iisdem
1895 5800 2074 5858 verbis
2180 5784 2492 5859 referuntur
2515 5804 2571 5859 in
2595 5803 2734 5861 Vitis
2762 5806 2981 5862 Patrum
3008 5806 3103 5863 lib.
3135 5823 3203 5866 tv
3227 5824 3278 5865 c.
3306 5815 3401 5879 50,
3431 5809 3573 5867 unde
3610 5804 3775 5864 etiam
