4048 6208
323 255 413 309 669

722 249 1060 308 COLLATIO
1096 251 1211 308 VII.
1253 281 1322 292 —
1359 251 1449 308 DE
1485 251 1720 308 ΑΝΙΜᾸΞ
1757 251 2178 310 MOBILITATE
2213 255 2302 311 ET
2339 255 2806 315 SPIRITALIBUS
2845 261 3208 330 NEQUITIIS.

3521 275 3627 326 670

319 385 680 442 studiosorum
738 385 1018 444 mentibus
1081 385 1354 442 insinuare
1395 385 1672 458 cupientes
1695 427 1712 454 ,
1778 385 1912 452 alias
1943 393 1995 456 Α
2023 388 2263 446 sectione
2325 389 2608 448 detrahere
2629 434 2648 462 ,
2703 393 3149 468 quandoquidem
3193 395 3342 455 illam
3401 401 3627 472 spiritus

321 479 640 536 arbitramur
666 477 998 541 desiderium
1043 485 1299 534 nostrum
1360 493 1462 534 nos
1522 479 1738 550 explere
1791 495 1908 536 non

320 587 490 646 posse,
520 588 684 645 quam
707 573 755 629 si
783 572 1104 630 collationes
1130 572 1246 644 ejus
1271 571 1482 630 nostris
1501 572 1697 630 libellis
1725 581 1907 630 tenta-

319 667 546 723 verimus
593 667 853 725 inserere.
895 667 996 724 Cui
1050 682 1213 739 supra
1265 683 1457 725 omnes
1510 667 1738 726 virtutes
1786 685 1910 741 quae

316 777 419 818 non
449 762 635 819 solum
670 763 728 818 in
771 762 889 834 ejus
926 770 1050 818 actu
1081 762 1163 818 vel
1195 762 1446 820 motibus
1466 804 1482 832 ,
1512 762 1609 820 sed
1647 763 1816 820 etiam
1854 765 1910 820 in

315 855 427 927 ipso
453 855 608 911 vultu
635 869 734 928 per
759 855 856 911 Dei
881 857 1113 928 gratiam
1137 854 1510 928 refulgebant,
1539 855 1613 912 ita
1642 863 1724 913 est
1743 873 1908 929 pecu-

319 947 427 1006 liari
476 947 742 1004 beneﬂcio
775 947 984 1005 donum
1027 949 1291 1006 castitatis
1334 947 1606 1015 infusum,
1651 957 1713 1006 ut
1745 951 1909 1006 etiam

317 1057 372 1098 se
399 1056 469 1097 ne
505 1041 636 1114 ipsis
668 1041 891 1115 quidem
917 1041 1256 1100 naturalibus
1293 1042 1580 1100 incentivis
1623 1043 1907 1116 inquietari

319 1135 393 1190 vel
421 1134 479 1192 in
503 1149 702 1208 sopore
724 1135 969 1193 sentiret.
1000 1135 1090 1193 Ad
1111 1153 1278 1210 quam
1303 1145 1488 1193 tamen
1512 1137 1686 1194 carnis
1714 1136 1911 1209 praeci-

316 1245 478 1302 puam
515 1229 809 1302 puritatem
844 1231 1310 1303 quemadmodum
1338 1232 1514 1304 gratia
1548 1231 1643 1287 Dei
1669 1230 1912 1287 admini-

314 1319 527 1376 culante
589 1321 925 1392 pervenerit,
987 1321 1252 1392 quoniam
1322 1328 1488 1392 supra
1542 1319 1908 1376 conditionem

310 1420 519 1469 natura
577 1411 789 1469 videtur
844 1427 962 1471 esse
1014 1412 1299 1482 humanae,
1366 1413 1732 1470 necessarium
1782 1427 1910 1470 reor

311 1504 557 1586 primitus
578 1506 864 1580 explicare.

937 1622 1176 1680 CAPUT
1215 1625 1291 1678 II.

315 1729 633 1786 Praeclarum
654 1729 976 1783 miraculum
1007 1728 1074 1782 de
1091 1729 1339 1798 puritate
1355 1729 1590 1796 corporis
1616 1729 1836 1799 adepta,
1858 1735 1910 1784 et

2017 483 2311 556 puritatem
2347 502 2472 558 quae
2515 487 2806 545 sublimior
2843 497 2956 565 esta
2987 505 3261 564 quamque
3289 491 3624 565 impossibile

2017 586 2102 633 est
2127 577 2368 636 humano
2398 579 2583 638 labore
2613 583 2698 638 vel
2726 581 2909 640 studio
2931 585 3334 660 comprehendi,
3360 604 3460 645 suo
3498 605 3623 646 mu-

2017 688 2148 729 nere
2176 674 2514 731 contulisset.
2543 677 2793 750 Cumque
2835 679 3077 750 petitioni
3123 689 3319 751 coeptae
3357 683 3625 756 supplica-

2020 767 2172 824 tione
2209 768 2325 842 jugi
2349 785 2414 826 ac
2463 770 2717 844 lacrymis
2763 771 3062 829 indefessus
3104 775 3413 845 insisteret,
3463 778 3625 834 adve-

2020 860 2179 918 niens
2227 861 2298 919 ad
2321 877 2452 920 eum
2479 863 2701 936 angelus
2739 864 2796 920 in
2843 864 3050 922 visione
3091 875 3360 924 nocturna
3403 869 3625 941 ejusque

2021 955 2167 1011 velut
2205 955 2448 1028 aperiens
2500 965 2756 1026 uterum,
2813 959 3115 1030 quamdam
3171 959 3398 1032 ignitam
3449 963 3627 1018 carnis

2019 1041 2048 1079 ³³
2071 1057 2342 1104 strumam
2370 1047 2438 1104 de
2467 1049 2583 1122 ejus
2610 1049 2905 1107 visceribus
2927 1051 3162 1108 avellens
3202 1068 3267 1108 ac
3303 1052 3588 1124 projiciens
3605 1094 3621 1119 ,

2018 1141 2243 1213 suisque
2265 1141 2475 1208 omnia,
2501 1149 2565 1197 ut
2586 1140 2834 1210 fuerant,
2858 1143 2996 1199 locis
3014 1144 3268 1200 intestina
3287 1146 3583 1202 restituens
3607 1169 3620 1204 :

2019 1236 2193 1302 Ecce,
2224 1233 2437 1306 inquit,
2480 1235 2741 1291 incentiva
2770 1237 2944 1292 carnis
2979 1246 3092 1292 tua:
3118 1237 3352 1293 abscissa
3376 1249 3535 1304 sunt,
3569 1250 3624 1298 et

2023 1328 2319 1386 obtinuisse
2365 1337 2422 1384 te
2473 1329 2690 1386 noveris
2741 1329 3004 1386 hodierna
3053 1331 3171 1398 die,
3226 1339 3248 1367 °
3302 1343 3620 1405 perpetuam

2015 1423 2261 1496 corporis
2303 1422 2616 1495 puritatem,
2663 1438 2828 1495 quam
2856 1421 3088 1480 ﬁdeliter
3130 1424 3440 1496 poposcisti.
3485 1428 3620 1483 Haec

2013 1517 2084 1575 de
2108 1518 2280 1591 gratia
2304 1517 2430 1585 Dei,
2456 1531 2582 1588 quae
2607 1525 2919 1573 memorato
2947 1515 3062 1573 viro
3093 1517 3440 1590 peculiariter
3461 1519 3618 1576 attri-

2015 1615 2147 1670 buta
2169 1621 2271 1680 est,
2303 1611 2542 1670 breviter
2577 1611 2778 1668 dixisse
2814 1609 3072 1668 sufﬁciat.
3104 1613 3478 1670 Caeterum'de
3514 1614 3639 1670 illis

2016 1706 2308 1764 virtutibus
2327 1747 2341 1770 .
2383 1720 2518 1778 quas
2551 1719 2681 1760 cum
2723 1704 2940 1776 reliquis
2962 1705 3190 1760 summis
3213 1705 3340 1761 viris
3364 1721 3617 1763 commu-

373 1802 721 1886 intewogatio
738 1799 991 1872 praedicti
1013 1795 1154 1856 senis
1176 1814 1334 1874 super
1352 1795 1502 1856 statu
1525 1795 1905 1871 cogitationum
1935 1823 1985 1886 Β
2016 1801 2161 1858 niter
2189 1797 2531 1872 possidebat,
2561 1795 2767 1868 aliquid
2808 1797 3234 1852 commemorari
3279 1798 3617 1870 superﬂuum

375 1877 702 1928 nostrarum.

375 1985 487 2041 Hic
502 1983 670 2058 igitur
689 1999 790 2057 pro
813 1983 1029 2042 interna
1053 1981 1234 2040 cordis
1252 1990 1416 2056 atque
1439 1983 1634 2041 anima:
1657 1983 1904 2041 castitate

311 2077 587 2134 nocturnis
613 2076 943 2150 (diurnisque
1004 2075 1284 2149 precibus,
1317 2077 1541 2150 jejuniis
1582 2093 1800 2151 quoque
1840 2095 1906 2135 ac

311 2169 494 2242 vigiliis
515 2169 928 2244 infatigabiliter
968 2170 1255 2236 insistens,
1295 2185 1426 2226 cum
1455 2169 1672 2227 vidisset
1697 2171 1906 2228 oratio—

309 2281 441 2322 num
467 2281 688 2322 suarum
719 2265 1022 2322 obtinuisse
1059 2281 1119 2322 se
1167 2273 1288 2322 vota
1313 2305 1330 2330 ,
1361 2273 1694 2338 cunctosque
1741 2273 1906 2322 aestus

311 2359 364 2416 in
407 2359 572 2417 corde
639 2375 742 2417 suo
799 2357 1252 2432 concupiScentite
1293 2358 1524 2415 carnalis
1577 2357 1902 2429 exstinctos,

312 2454 457 2512 velut
497 2453 818 2510 suavissimo
857 2461 1020 2526 gustu
1055 2451 1304 2526 puritatis
1325 2466 1584 2509 accensus
1604 2493 1620 2521 ,
1645 2451 1700 2507 in
1724 2452 1900 2523 majo-

309 2563 428 2604 rem
470 2546 620 2604 sitim
664 2547 793 2603 'zelo
843 2546 1104 2604 castitatis
1153 2546 1377 2613 exarsit,
1422 2553 1480 2601 et
1529 2544 1905 2602 intentioribus

311 2641 474 2712 coepit
513 2639 730 2712 iejuniis
786 2648 949 2712 atque
996 2639 1462 2696 obsecrationibus
1509 2639 1767 2695 incubare
1789 2679 1805 2705 ,
1845 2648 1908 2696 ut

311 2732 654 2791 mortiﬁcatio
718 2733 980 2806 passionis
1041 2733 1200 2806 hujus
1260 2747 1385 2806 qua:
1415 2733 1663 2789 interiori
1699 2733 1908 2790 homini

310 2841 410 2882 suo
435 2825 581 2883 dono
607 2825 710 2883 Dei
745 2824 922 2883 fuerat
944 2826 1228 2899 attributa,
1259 2825 1327 2883 ad
1359 2825 1640 2886 exterioris
1665 2825 1909 2884 hominis

311 2919 473 2976 etiam
510 2919 802 2992 puritatem
826 2928 1045 2978 eatenus
1076 2920 1382 2993 perveniret
1401 2963 1418 2990 ,
1443 2928 1506 2978 ut
1535 2936 1606 2977 ne
1641 2919 1754 2993 ipse
1777 2921 1907 2994 qui-

310 3011 438 3068 dem
461 3011 546 3068 vel
572 3011 666 3067 illo
701 3011 934 3084 simplici
971 3028 1035 3068 ac
1069 3011 1305 3068 natuiali
1341 3020 1498 3069 motu
1539 3013 1632 3084 qui
1657 3013 1822 3070 etiam
1851 3013 1906 3070 in

310 3104 549 3177 parvulis
587 3111 750 3175 atque
781 3104 1108 3160 lactantibus
1138 3105 1421 3172 excitatur,
1469 3105 1694 3162 ulterius
1729 3107 1908 3178 pulsa-

2013 1905 2178 1976 puto,
2225 1909 2296 1950 ne
2335 1891 2583 1967 specialis
2611 1907 2775 1965 super
2799 1891 3025 1948 nomine
3061 1891 3224 1964 hujus
3251 1893 3351 1948 ista
3378 1893 3617 1950 narratio

2010 1994 2126 2052 aliis
2167 1991 2392 2049 demere
2437 1986 2686 2044 videatur
2741 1987 2799 2043 id
2842 1985 2990 2060 quod
3027 1986 3094 2043 de
3133 1986 3240 2043 isto
3277 1987 3620 2060 ingulariter
3675 2033 3680 2038 .

2010 2085 2370 2161 praedicatum
2422 2079 2602 2137 fuerit.
2655 2081 2816 2136 Hunc
2864 2080 3030 2152 igitur
3068 2095 3292 2137 summo
3351 2079 3616 2139 desiderio

2010 2177 2318 2236 collationis
2357 2174 2477 2247 ejus
2517 2181 2678 2245 atque
2723 2171 3080 2229 institutionis
3112 2173 3362 2239 accensi,
3417 2173 3616 2230 diebus

2011 2264 2040 2308 ⁶¹
2071 2269 2512 2344 Quadragesimae
2538 2267 2724 2324 videre
2746 2267 3081 2323 curavimus.
3105 2266 3223 2338 jQui
3249 2281 3377 2322 cum
3397 2282 3428 2322 a
3453 2267 3615 2323 nobis

2010 2367 2080 2424 de
2125 2363 2384 2438 qualitate
2429 2360 2823 2434 cogitationum
2875 2369 3194 2416 nostrarum
3251 2366 3307 2415 et
3337 2359 3614 2416 interioris

2010 2454 2248 2512 hominis
2273 2461 2418 2510 statu
2445 2451 2896 2524 tranquillissima
2925 2450 3345 2522 compellatione
3381 2451 3612 2523 quaesis-

2010 2557 2114 2617 set,
2139 2547 2221 2604 vel
2246 2546 2376 2619 quid
2404 2547 2562 2602 nobis
2596 2545 2667 2601 ad
2685 2546 2816 2616 [ejus
2853 2545 3146 2616 puritatem
3179 2545 3317 2600 tanti
3346 2543 3614 2616 temporis

2011 2639 2180 2696 eremi
2220 2637 2484 2694 habitatio
2534 2636 2891 2702 contulisset,
2957 2635 3044 2692 his
3085 2651 3214 2691 eum
3253 2635 3612 2707 querimoniis

2015 2731 2198 2788 adorsi
2229 2743 2437 2786 sumus.

2627 2821 2868 2879 CAPUT
2904 2821 3005 2875 III.

2182 2917 2473 2989 Responsio
2499 2920 2685 2972 nostra
2709 2929 2872 2986 super
2898 2916 3096 2969 animae
3121 2915 3435 2969 mobilitate.

2084 3011 2410 3086 Supputatio
2462 3019 2780 3082 temporum
2829 3025 2893 3065 ac
2937 3007 3248 3066 solitudinis
3307 3006 3570 3064 habitatio
3594 3050 3611 3077 ,

2013 3107 2166 3180 cujus
2229 3105 2690 3178 contemplatione
2759 3103 2981 3174 conjicis
3033 3100 3305 3159 interioris
3371 3099 3614 3157 hominis

309 3207 482 3262 retur,
521 3206 548 3232 ⁸
577 3195 782 3268 indepti
822 3193 1029 3252 scilicet
1062 3195 1306 3252 muneris
1345 3196 1736 3268 experimento,
1761 3200 1906 3270 quod
1933 3191 1980 3255 C
2017 3198 2404 3272 perfectionem
2431 3212 2534 3254 nos
2549 3195 2806 3270 consequi
2831 3194 3111 3261 debuisse,
3138 3194 3240 3251 hoc
3261 3193 3611 3251 solummodo

312 3305 374 3348 se
423 3297 655 3346 noverat
699 3304 810 3346 non
859 3289 1109 3345 laborum
1147 3289 1349 3344 merito
1369 3329 1386 3357 ,
1438 3288 1535 3345 sed
1589 3287 1691 3345 Dei
1742 3291 1909 3362 gratia
2012 3291 2248 3350 contulit
2272 3291 2466 3355 nobis,
2503 3299 2566 3347 ut
2591 3289 2924 3348 disceremus
2951 3287 3084 3361 quid
3111 3303 3228 3344 esse
3257 3302 3608 3360 nequeamus,

309 3390 699 3451 consecutum,
752 3382 1030 3440 ardentius
1076 3382 1348 3438 animatus
1398 3380 1470 3439 ad
1527 3381 1632 3440 hoc
1690 3399 1907 3458 quoque
2008 3400 2125 3442 non
2166 3395 2352 3442 tamen
2392 3383 2518 3440 fecit
2561 3397 2678 3438 esse
2719 3381 2866 3454 quod
2899 3396 3016 3438 esse
3050 3379 3464 3446 contendimus;
3507 3395 3612 3434 nec

309 3477 560 3535 similiter
607 3475 1006 3545 obtinendum;
1050 3475 1276 3533 credens
1321 3475 1498 3533 multo
1545 3475 1754 3535 facilius
1808 3480 1909 3536 hos
2013 3481 2162 3538 enim
2187 3488 2283 3537 aut
2308 3479 2630 3537 desiderata;
2656 3475 3093 3550 puritatisﬁxam
3135 3474 3483 3532 stabilitatem
3518 3481 3614 3529 aut

310 3571 566 3628 stimulos
617 3571 796 3628 carnis
837 3570 1094 3629 radicitus
1146 3573 1325 3628 Deum
1369 3586 1529 3644 posse
1575 3573 1906 3644 convellere,
2011 3576 2182 3634 robur
2239 3574 2463 3648 aliquod
2502 3571 2774 3630 ﬁrmitatis
2809 3585 2913 3628 nos
2962 3586 3028 3627 ac
3071 3564 3315 3627 scientiae
3362 3567 3613 3624 novimus

311 3680 448 3738 quos
498 3667 664 3723 etiam
709 3665 966 3724 humanae
1011 3667 1144 3724 artis
1181 3667 1446 3725 industria
1491 3685 1907 3743 nonnumquam
2013 3680 2324 3740 assecutus,
2355 3669 2452 3728 sed
2493 3665 2881 3740 tantummodo
2919 3665 3253 3722 confusionis
3297 3679 3360 3720 ac
3388 3661 3612 3736 pudoris

309 3758 452 3816 solet
474 3745 797 3834 quibusdam
825 3761 1041 3835 poculis
1072 3761 1153 3818 vel
1191 3761 1635 3832 medicamentis,
1661 3779 1755 3821 seu
1775 3764 1908 3823 ferri
2014 3775 2321 3840 augmenta.
2353 3765 2573 3825 Etenim
2597 3778 2724 3820 cum
2765 3763 3018 3819 omnium
3045 3759 3455 3833 disciplinarum
3495 3771 3613 3813 me-

1408 3872 1664 3928 ALARDI
1699 3874 1927 3930 GAZEI
1964 3875 2520 3933 COMMENTARIUS.

309 3967 520 4044 accepit
533 3969 681 4044 Petr.
701 3967 1008 4044 ῐξξιιμίιίιιιενι2
1025 3973 1080 4044 et
1093 3966 1286 4044 retulit
1292 3967 1347 4019 in
1355 3967 1656 4044 _Ca_talogo_(
1667 3971 1782 4044 Lib.
1803 3986 1882 4044 131
1889 4011 1909 4042 ,
2018 3977 2177 4037 vidit,
2204 3976 2422 4044 ejusque
2447 3975 2641 4028 visioni
2677 3972 2962 4044 apparuit,
3001 3966 3144 4044 quod
3162 3980 3368 4044 omnem
3396 3962 3615 4018 modum

307 4051 360 4092 c.
394 4033 548 4112 initi).
579 4033 824 4112 meminit
841 4045 898 4112 et
923 4035 1184 4112 _Ph_otius_
1203 4042 1319 4112 tam
1355 4033 1518 4112 hujus
1555 4033 1772 4112 abbatis
1819 4033 1910 4093 Sel
2019 4059 2086 4097 ea:
2115 4033 2442 4111 genitalibus
2471 4045 2584 4112 ejus
2612 4033 2860 4096 meinbris
2897 4033 3264 4112 abscinderet;
3293 4040 3456 4112 atque
3474 4047 3541 4086 ea:
3559 4048 3616 4086 eo

309 4109 433 4182 reni
471 4108 588 4182 (_In_
607 4107 853 4182 Cassiani
889 4106 1090 4172 elogio;
1127 4103 1444 4182 videjnitio
1484 4108 1710 4176 operis),
1745 4121 1910 4182 quem

2022 4103 2256 4182 tempore
2281 4116 2360 4166 ita
2397 4103 2606 4166 alienus
2634 4114 2846 4165 exstitit
2875 4109 3240 4182 aitentatione,
3271 4121 3333 4159 ac
3355 4107 3406 4158 si
3429 4117 3617 4182 sessum

310 4175 711 4250 abl)ati_1\-onsi
740 4175 882 4250 vith
912 4189 1109 4250 genere
1150 4183 1206 4230 et
1242 4173 1491 4250 doctrina
1510 4173 1530 4176 “
1539 4191 1729 4250 parem
1759 4173 1908 4242 facit,
2019 4173 2440 4237 non‘haberetin
2454 4196 2687 4250 corpore.
2720 4182 2840 4248 Qua
2860 4181 3063 4233 virtute
3088 4177 3260 4244 fretus
3283 4175 3616 4250 emromipo-

307 4261 486 4320 quam
513 4244 677 4320 hujus
705 4244 1010 4320 collationis
1037 4261 1161 4320 cum
1204 4260 1268 4302 eo
1314 4244 1724 4320 habitaa,fcujus
1757 4264 1914 4305 sum-
2023 4256 2184 4308 tentis
2221 4255 2322 4309 Dei
2368 4244 2598 4316 auxilio,
2628 4255 2691 4305 ut
2737 4244 2870 4304 ciris
2901 4252 3026 4304 ante
3048 4252 3305 4318 praeerat,
3344 4249 3423 4320 ita
3464 4249 3618 4316 capit

304 4316 491 4391 maria
535 4316 711 4391 “capita
768 4316 1100 4391 perstringit,
1149 4332 1379 4391 eamque
1429 4318 1592 4375 tertio
1624 4316 1745 4376 loco
1793 4329 1916 4391 post

301 4387 974 4461 duascollationesillius
1010 4387 1222 4461 fMoysis
1255 4387 1520 4446 recenset.
1559 4391 1725 4448 Unde
1759 4387 1913 4448 colli-

303 4461 462 4543 gitur
489 4459 683 4516 Graece
705 4458 909 4516 scilicet
943 4457 1130 4516 fuisse
1155 4461 1459 4530 translatas,
1500 4469 1562 4518 ut
1607 4461 1742 4520 alias
1783 4479 1912 4520 mo-

298 4549 399 4588 nlﬂ
407 4545 555 4586 mus.

379 4612 408 4638 ι
439 4603 677 4674 Indepti,
719 4618 820 4674 pro
866 4601 1068 4674 adepti,
1117 4601 1266 4673 quod
1311 4603 1568 4658 Cassiano
1617 4603 1910 4674 familiare,

297 4683 368 4730 ut
405 4672 540 4729 alibi
567 4672 1065 4745 ‘notavimus(Lib.
1088 4672 1151 4726 vi
1181 4676 1312 4728 Inst.
1345 4688 1390 4745 c.
1425 4675 1540 4742 13).

376 4746 405 4780 δ
435 4746 655 4801 Struma
682 4745 894 4818 proprie
916 4743 1104 4800 tumor
1137 4751 1221 4818 est
1246 4743 1512 4818 cervicem
1533 4745 1805 4818 praecipue
1825 4745 1912 4800 in—

300 4815 544 4884 festans,
575 4812 703 4895 cum
723 4812 871 4871 circa
893 4823 1086 4887 guttur
1108 4812 1379 4895 glandulae
1405 4812 1669 4895 quaedam.
1689 4812 1755 4869 ex
1780 4832 1915 4895 pure

300 4895 363 4942 et
415 4883 682 4955 sanguine
733 4883 1007 4942 concretae
1056 4883 1353 4940 oriuntur:
1399 4883 1603 4940 Gallice
1644 4883 1915 4942 ecrouelles

300 4957 648 5028 Colljﬂhod.
679 4961 860 5028 antiq.
893 4959 930 5012 ι.
973 4973 1026 5028 x,
1067 4959 1345 5028 cap._26).
1376 4955 1480 5009 Hic
1504 4968 1636 5028 vero
1671 4970 1770 5028 pro
1797 4970 1916 5026 par-

298 5025 506 5108 ﬁcula,
530 5038 628 5085 aut
654 5025 920 5108 frustum,
949 5027 1064 5108 sive
1104 5025 1324 5108 globulo
1367 5025 1547 5108 carnis
1591 5025 1818 5108 tumidae
1858 5035 1914 5082 et

297 5095 500 5156 noxiae
528 5100 780 5156 sumitur.
809 5099 978 5170 Cujus
995 5095 1354 5154 similitudine
1381 5096 1633 5170 dicitura
1656 5095 1918 5170 Cicerone

297 5180 532 5228 struma
559 5171 813 5235 civitatis,
850 5166 948 5241 pro
991 5177 1141 5241 peste
1178 5175 1272 5241 aut
1293 5167 1546 5241 pernicie.
1579 5166 1829 5241 Sicenim
1860 5167 1918 5241 in

297 5242 565 5298 oratione
613 5257 712 5314 pro
753 5238 937 5297 Sextio
978 5238 1009 5295 ε’
1023 5243 1098 5298 Hi
1129 5239 1409 5294 medentur
1425 5312 1431 5314 Α
1449 5238 1776 5314 reipublicw,
1823 5239 1919 5314 qui

301 5317 576 5384 exsecant
589 5311 790 5384 pestem
817 5314 1080 5384 aliquam,
1099 5316 1373 5384 tamquam
1382 5312 1645 5365 strumam
1661 5311 1914 5384 civitatis.

381 5395 410 5420 α
435 5380 625 5456 Simile
774 5380 925 5456 quod
933 5382 1013 5456 _de
1033 5383 1090 5438 S.
1141 5380 1387 5456 Eq'uitioA
1406 5387 1803 5456 commemorat
1850 5382 1914 5436 D.

301 5455 623 5529 Gregorius
642 5451 1040 5527 lib.I'Dialog.
1067 5451 1288 5529 cap.“
1332 5454 1506 5529 Hunc,
1560 5451 1754 5529 inquit,
1799 5467 1918 5529 cum

289 5525 618 5596 juventutis
637 5541 750 5581 sua:
759 5525 1013 5597 tempore,
1021 5527 1138 5580 acri
1150 5526 1438 5580 certamine
1455 5526 1629 5578 carnis
1651 5525 1919 5597 incentiva

297 5595 644 5667 fatigarent,
660 5600 792 5668 ipsa
810 5595 921 5652 sua:
948 5599 1256 5652 tentationis
1275 5598 1541 5665 angustia:
1563 5611 1684 5668 eum
1699 5595 1772 5649 ad
1795 5611 1920 5649 ora-

302 5673 480 5742 tionis
505 5667 748 5724 studium
769 5670 1096 5742 solertiorem
1117 5670 1392 5742 fecerunt;
1419 5683 1637 5736 cumque
1656 5667 1767 5742 [iac
1786 5668 1843 5720 in
1863 5681 1922 5720 re

304 5741 390 5794 ab
416 5743 770 5812 ornm'potenti
786 5745 890 5797 Deo
906 5738 1202 5795 remedium
1229 5740 1492 5812 continuis
1517 5738 1764 5812 precibus
1782 5753 1922 5812 quee-

309 5817 486 5881 τοτα,
510 5809 662 5870 nocte
687 5811 924 5884 quadam
961 5813 1242 5868 assistente
1262 5811 1469 5881 Angela
1506 5809 1854 5866 eunuchizari
1869 5824 1924 5865 se

1942 4783 1994 4844 D

2014 4325 2353 4395 postmodum
2372 4325 2536 4378 etiam
2553 4323 2771 4395 feminis
2787 4335 3010 4392 praeesse
3029 4317 3059 4386 ;’
3069 4335 3165 4395 nec
3189 4317 3619 4395 tamenaiscipu-

2023 4391 2100 4450 los
2122 4411 2244 4451 suos
2266 4396 2546 4451 admonere
2571 4391 2833 4460 cessabat,
2863 4407 2929 4446 ne
2949 4405 3004 4446 se
3029 4392 3142 4462 ejus
3167 4391 3406 4461 exemplo
3422 4391 3484 4446 in
3521 4391 3618 4446 hac

2018 4482 2078 4522 re
2104 4468 2271 4535 facile
2296 4466 2590 4529 crederent,
2613 4469 2664 4520 et
2705 4466 2885 4520 casuri
2910 4467 3183 4535 tentarent
3204 4463 3428 4535 donum,
3473 4464 3618 4535 quod

2019 4533 2124 4610 non
2149 4541 2486 4610 accepissent.
2519 4535 2686 4610 Aliud
2711 4536 2844 4610 item
2872 4533 3348 4610 exemplumhaud
3374 4533 3615 4610 multum

2019 4603 2282 4665 absimile'
2303 4607 2589 4681 singularis
2623 4606 2960 4681 castimonia;
2984 4603 3051 4681 et'
3076 4605 3327 4681 puritatis
3357 4603 3618 4681 divinitus

2018 4689 2074 4754 et
2091 4681 2330 4754 angelico
2363 4671 2698 4754 adminiculo
2735 4678 2850 4754 sive
2885 4671 3192 4754 ministerio
3216 4671 3619 4754 collataelﬁliabes

2019 4751 2073 4806 in
2097 4739 2394 4806 Sf‘Ihoma
2416 4749 2710 4822 Aquinate,
2741 4748 2831 4818 qui
2857 4750 3319 4822 cumnscortume
3362 4739 3618 4822 cpbicplo

2019 4821 2214 4900 titione
2267 4806 2502 4900 εττρριᾶ
2531 4806 2831 4900 fusa-aui,
2853 4811 3192 4900 ἓπξξάὶέὶιὲξί
3232 4806 3620 4900 εέἓὲέλξξπέηἰὲε

2021 4899 2191 4946 noctu
2208 4876 2972 4960 constrinxere‘iascialquaa
2997 4877 3194 4960 adhue
3232 4876 3494 4960 Yercellis
3530 4893 3619 4932 ex-

2023 4969 2167 5016 stare
2193 4958 2392 5013 dicitur
2409 4961 2450 5022 ),
2478 4971 2590 5025 quo
2615 4947 2930 5025 factumest
2957 4957 3017 5025 ut
3041 4947 3208 5025 nullis
3231 4947 3481 5025 deinceps
3493 4963 3619 5025 gar-

2020 5028 2106 5084 nis
2133 5019 2734 5098 stimulisgpungeretur
2759 5021 3008 5098 ⁵(ζιιξιιτιά.
3034 5023 3092 5075 in
3125 5019 3240 5098 eius
3276 5022 3458 5098 _Vita).
3493 5021 3622 5076 Huc

2024 5106 2232 5170 spectat
2253 5091 2678 5170 quod‘sace'rdos
2697 5091 3253 5170 celebraturus,_dum
3277 5091 3426 5158 inter
3443 5101 3620 5170 vestes

2025 5164 2204 5226 sacras
2228 5164 2508 5239 cingulum
2545 5166 2758 5236 accipit,
2788 5165 2862 5220 ita
2889 5171 3010 5239 orat
3035 5183 3047 5218 :
3075 5165 3474 5239 Praecmgeme,
3512 5164 3620 5217 Do-

2025 5243 2187 5307 mine,
2226 5232 2434 5309 cinéulo
2455 5232 2813 5310 puritatisjet
2833 5238 3114 5303 exstingue
3142 5236 3199 5310 in
3233 5248 3317 5310 me
3353 5232 3619 5310 humorem

2026 5306 2294 5375 libidinis,
2315 5306 2386 5365 ἀι
2412 5306 2628 5365 maneat
2657 5311 2716 5364 in
2743 5325 2824 5364 me
2835 5310 3010 5362 virtus
3029 5306 3364 5364 continentia:
3389 5310 3440 5360 et
3455 5308 3622 5361 casti-

2026 5387 2177 5440 tatis.

2097 5455 2124 5491 ἀ
2168 5457 2310 5512 Nota
2356 5453 2636 5524 antiquam
2677 5447 3118 5524 Quadragesimaa
3162 5445 3619 5524 observationem,

2026 5525 2095 5582 de
2119 5541 2222 5597 qua
2253 5533 2310 5581 et
2343 5518 2725 5597 alibi'saepius'
2750 5518 3000 5577 mminit
3054 5523 3280 5583 Auctor,
3329 5525 3393 5573 ut
3436 5518 3616 5597 collat.

2030 5602 2103 5672 10_
2124 5589 2175 5672 c._
2225 5601 2279 5664 2,
2318 5595 2500 5672 collat.
2533 5589 2606 5650 2f
2627 5611 2679 5672 c._
2709 5600 2741 5650 2
2770 5601 2824 5648 et
2855 5598 3134 5672 sequent.,_
3154 5603 3277 5662 quae
3299 5597 3402 5672 .est
3423 5589 3491 5644 de
3531 5606 3616 5672 re-

2027 5659 2285 5744 missione
2313 5667 2812 5744 Quinquagesimm,
2830 5659 2954 5744 qua}
2983 5659 3466 5744 Quadragesimam
3494 5659 3620 5744 sub:

2027 5739 2289 5811 sequitur.
2328 5732 2616 5812 Ubiplur'a
2644 5737 2712 5796 de
2756 5732 2946 5794 eadem
2973 5732 3286 5791 notabimus
3361 5732 3491 5800 Cap.
3549 5735 3612 5783 21

2027 5816 2076 5866 ct
2099 5827 2206 5882 seg.
2228 5815 2268 5877 ).
