4048 6208
411 244 507 297 671
1491 228 1770 288 JOANNIS
1806 226 2108 285 CASSIANI
2143 224 2629 285 COLLATIONES.

3612 229 3718 283 6‘72

409 365 599 423 ditatio
630 364 699 422 ad
739 363 847 422 hoc
890 361 1218 437 quotidianis
1257 357 1456 417 studiis
1504 363 1815 414 exerceatur
1842 362 2006 427 atque
2032 356 2087 421 Α
2112 355 2438 426 experientia
2486 352 2732 427 proferre
2761 352 3108 411 sententiam.
3156 355 3269 410 Nec
3316 351 3462 408 enim
3513 351 3559 408 si
3595 354 3720 424 quis

411 460 739 533 perﬁciatur,
779 467 839 515 ut
864 475 894 514 a
915 457 1111 530 tepidis
1138 455 1468 512 rudimentis
1502 451 1571 508 ad
1599 452 1851 524 peritiam
1884 465 2002 506 cer-

311 542 317 550 ’
409 561 525 610 tam
595 553 955 623 stabilemque
997 549 1356 622 perveniens,
1406 546 1627 619 incipiat
1677 560 1835 601 nosse
1885 560 2008 617 qua

413 648 665 720 primitus
694 647 774 703 vel
800 646 1054 716 ambigue
1079 651 1327 710 noverat,
1355 642 1434 697 vel
1462 641 1673 712 penitus
1703 639 2002 713 ignorabat,

410 751 466 799 et
506 742 671 797 ﬁrmo
710 745 793 807 (ut
837 739 912 794 ita
942 737 1190 808 dixerim)
1235 735 1410 808 gradu
1442 735 1499 791 in
1530 734 1675 790 illius
1712 732 2009 805 disciplina

411 834 669 905 qualitate
705 831 1002 903 procedens
1026 873 1042 899 ,
1071 829 1329 903 perfecta
1357 830 1412 884 in
1441 844 1503 885 ea
1530 844 1593 883 ac
1618 828 1730 883 sine
1759 827 1866 882 ulla
1896 827 2008 897 jam

410 927 727 984 difﬁcultate
756 935 1029 992 versetur;
1066 935 1092 961 α
1125 942 1154 981 e
1178 924 1449 981 contrario
1476 938 1563 978 me
1593 923 1648 977 in
1668 922 1831 993 hujus
1860 921 2011 992 puri-

408 1021 536 1076 tatis
581 1020 761 1077 studio
820 1020 1164 1076 laborantem
1224 1018 1275 1073 id
1323 1016 1674 1073 solummodo
1721 1014 2013 1088 profecisse

408 1114 657 1185 reperio,
701 1122 762 1168 ut
800 1115 969 1169 sciam
999 1112 1129 1183 quid
1173 1127 1289 1167 esse
1333 1127 1447 1166 non
1492 1111 1695 1182 possim
1747 1129 1759 1164 :
1806 1125 1871 1165 ex
1902 1123 2010 1180 quo

408 1207 544 1262 nihil
594 1206 733 1261 mihi
768 1205 916 1261 aliud
956 1204 1130 1259 sentio
1189 1219 1356 1274 quam
1395 1204 1604 1259 luctum
1638 1210 1789 1258 tanta
1832 1201 2013 1257 cordis

411 1298 734 1354 contritione
771 1295 1038 1362 conferri,
1078 1305 1141 1352 ut
1168 1311 1469 1368 numquam
1495 1296 1699 1351 scilicet
1727 1295 1864 1351 desit
1891 1310 2011 1350 ma-

409 1393 541 1448 teria
585 1392 979 1464 lacrymarum,
1034 1406 1135 1446 nec
1182 1399 1365 1446 tamen
1408 1406 1525 1446 esse
1565 1389 1817 1446 desinam
1864 1387 2012 1461 quod

409 1502 525 1542 esse
566 1501 680 1540 non
727 1484 917 1540 debeo.
973 1483 1290 1540 Etidcirco
1343 1483 1474 1556 quid
1518 1481 1722 1555 profuit
1766 1481 2013 1539 didicisse

409 1580 555 1651 quod
579 1595 843 1635 summun
866 1587 974 1647 est,
1002 1579 1049 1634 si
1076 1579 1356 1651 cognitum
1389 1586 1621 1649 nequeat
1645 1575 2013 1649 apprehendi?

411 1677 550 1730 Nam
597 1688 724 1728 cum
779 1672 1137 1728 directionem
1181 1672 1360 1728 cordis
1405 1671 1476 1727 ad
1511 1671 1834 1727 destinatam
1877 1686 2012 1726 con-

2114 448 2335 518 ignarus
2370 448 2629 515 natandi,
2679 448 2858 504 sciens
2899 446 3117 519 pondus
3161 445 3408 517 corporis
3443 446 3529 501 sui
3576 445 3720 504 ferre

2114 556 2379 612 aquarum
2410 540 2675 612 liquorem
2704 556 2814 596 non
2854 554 3032 612 posse,
3076 537 3452 610 experimento
3475 553 3592 594 sua
3621 554 3723 595 vo-

2119 635 2594 706 lueritimperitia
2637 634 2866 691 delinire
2892 634 3169 690 neminem
3202 633 3417 704 penitus
3457 648 3621 705 posse
3650 633 3720 690 li-

2118 728 2299 801 quidis
2326 729 2607 785 elementis
2628 729 2798 786 solida
2823 744 2986 785 carne
3008 727 3410 815 circumdatum
3438 728 3725 802 sustineri,

2120 823 2321 880 idcirco
2350 838 2473 879 vera
2501 823 2618 895 ejus
2656 823 2841 895 Opinio
2864 821 3154 894 judicanda
3186 829 3287 888 est,
3320 837 3486 894 quam
3523 838 3724 879 secun-

2120 918 2254 974 dum
2298 918 2681 990 experientiam
2722 934 2883 975 suam
2913 919 3061 979 visus
3096 923 3179 972 est
3213 916 3536 988 protulisse,
3596 932 3727 976 cum

2120 1012 2227 1068 hoc
2253 1028 2367 1091 non
2394 1012 2575 1068 solum
2615 1027 2726 1068 non
2752 1027 2870 1069 esse
2899 1009 3254 1083 impossibile,
3281 1010 3376 1067 sed
3400 1009 3569 1067 etiam
3595 1028 3724 1084 per-

2120 1107 2280 1164 facile
2318 1105 2387 1161 ab
2424 1104 2544 1161 aliis
2578 1103 2725 1173 ﬁeri,
2751 1105 2962 1160 ratione
2993 1102 3295 1159 certissima
3336 1111 3391 1158 et
3433 1104 3723 1163 oculorum

2122 1198 2229 1255 ﬁde
2273 1214 2386 1256 non
2420 1197 2586 1254 dubia
2633 1198 3042 1269 comprobetur.
3090 1197 3219 1258 Νοῦς
3263 1196 3483 1269 itaque,
3524 1198 3579 1254 id
3608 1208 3724 1268 est,

2121 1307 2277 1349 mens
2300 1334 2315 1358 ,
2342 1292 2421 1345 ἀεὶ
2448 1293 2672 1360 κινητδς,
2703 1292 2788 1345 καὶ
2828 1291 3218 1359 πολὶιοκινητὸς,
3260 1291 3315 1348 id
3357 1300 3474 1361 est,
3506 1308 3726 1366 semper

2121 1386 2358 1454 mobilis,
2390 1394 2448 1442 et
2476 1386 2711 1441 multum
2741 1385 2958 1442 mobilis
2984 1385 3260 1442 deﬁnitur.
3294 1385 3454 1455 Quod
3481 1387 3647 1445 etiam
3668 1389 3727 1445 in

2120 1479 2400 1551 sapientia,
2418 1494 2549 1551 ηοω
2559 1478 2758 1535 dicitur
2775 1478 3106 1547 Salomonis,
3129 1479 3395 1552 scriptum
3417 1490 3522 1543 est,
3543 1482 3725 1550 Γηίνον

2120 1574 2310 1647 οἴκημα
2337 1574 2533 1645 βαρύνει
2557 1577 2673 1627 νοῦν
2706 1574 2837 1627 πολῦ
2873 1574 3198 1646 φροντίζοντα
3216 1615 3230 1639 ,
3262 1574 3316 1631 id
3343 1584 3444 1645 est,
3472 1585 3495 1613 ⁸
3536 1582 3728 1633 Terre-

2124 1684 2256 1722 num
2280 1667 2641 1723 habitaculum
2659 1672 2920 1737 aggrauat
2946 1672 3173 1723 mentem
3200 1669 3374 1723 multa
3408 1674 3727 1740 cogitantem

412 1766 820 1838 templationem
866 1765 1184 1835 pertendere
1236 1765 1596 1833 senserimus,
1636 1764 2021 1821 insensibiliter
2043 1776 2092 1840 Β
2130 1761 2275 1833 (Sap.
2306 1762 2413 1833 Ix).
2448 1762 2742 1831 (Vidﬁlib.
2765 1776 2885 1817 vm
2917 1764 3157 1818 Institut.
3188 1780 3234 1818 c.
3264 1766 3371 1832 1x.)
3400 1765 3531 1820 Hac
3554 1766 3729 1838 igitur

409 1876 567 1917 mens
602 1860 728 1917 inde
761 1860 1011 1915 revoluta
1063 1858 1132 1915 ad
1169 1858 1376 1931 priores
1428 1858 1770 1932 evagationes
1810 1858 2019 1930 impetu

409 1952 803 2029 vehementiori
822 1952 1161 2025 fprolabitur,
1218 1958 1273 2007 et
1316 1952 1390 2007 ita
1433 1949 1764 2022 quotidianis
1805 1950 2018 2007 disten-

406 2047 649 2104 tionibus
677 2054 938 2119 occupata
970 2045 1278 2101 innumeris
1313 2043 1713 2115 captivitatibus
1740 2044 2020 2102 incessan-

410 2148 496 2195 ter
541 2138 851 2206 abducitur,
911 2147 973 2193 ut
1014 2137 1414 2209 propemodum
1460 2137 1579 2210 jam
1629 2137 1944 2210 desperetur
1989 2155 2022 2195 a

413 2233 572 2288 nobis
597 2231 897 2288 desiderata
934 2230 1230 2296 correctio,
1275 2238 1330 2286 et
1363 2230 1639 2303 superﬂua
1673 2231 1793 2289 hac
1821 2233 2013 2289 obser-

413 2326 592 2380 vantia
639 2324 906 2380 videatur.
952 2323 1235 2396 Siquidem
1266 2318 1294 2355 δ
1338 2339 1434 2396 per
1484 2334 1763 2382 momenta
1805 2327 2014 2399 singula

414 2417 634 2474 lubricis
679 2417 1012 2474 discursibus
1058 2418 1277 2474 animus
1319 2427 1595 2491 evagatur.
1640 2421 1887 2493 Cumque
1945 2422 2015 2478 ad

412 2512 668 2567 timorem
695 2511 826 2579 Dei,
858 2510 938 2566 vel
966 2512 1482 2583 contemplationem
1529 2511 1809 2569 reducitur
1849 2514 2017 2585 spiri-

415 2606 612 2674 talem,
665 2606 985 2678 priusquam
1029 2606 1280 2663 firmetur
1329 2607 1506 2675 inea,
1551 2622 1742 2663 rursus
1769 2606 2016 2681 fugacius

413 2702 702 2756 evanescit.
749 2682 1001 2773 Cumque
1041 2716 1169 2757 eum
1210 2700 1357 2757 velut
1403 2699 1761 2774 expergefac‘ti
1821 2702 2016 2775 depre-

412 2792 763 2850 henderimus
790 2795 858 2850 ab
906 2794 1210 2851 intentione
1246 2796 1524 2867 proposita
1553 2795 1822 2865 deviasse,
1857 2804 2017 2869 atque

413 2886 485 2942 ad
528 2887 675 2943 illam
735 2886 1044 2954 tbeoriam,
1084 2887 1229 2944 unde
1265 2887 1618 2955 discesserat,
1664 2886 2014 2955 reducentes,

413 2978 744 3035 voluerimus
780 2978 1119 3034 tenacissima
1146 2978 1326 3035 cordis
1355 2979 1684 3047 intentione,
1718 2979 1866 3034 velut
1890 2980 2017 3052 qui-

414 3069 648 3124 busdam
694 3068 918 3124 vinculis
975 3069 1236 3141 obligare,
1284 3070 1341 3125 in
1390 3071 1507 3142 ipso
1564 3079 1764 3127 conatu
1826 3080 2016 3131 nostro

2125 1870 2226 1928 pro
2255 1854 2569 1911 conditione
2592 1864 2801 1912 natura
2826 1870 3127 1927 numquam
3164 1863 3343 1928 potest
3374 1858 3545 1914 otiosa
3579 1875 3720 1915 con-

2127 1950 2338 2019 sistere,
2357 1948 2453 2005 sed
2480 1964 2705 2005 necesse
2740 1957 2824 2005 est
2850 1964 2970 2005 eam
2989 1990 3005 2017 ,
3031 1949 3136 2007 nisi
3169 1953 3436 2022 provisum
3459 1951 3725 2010 habuerit

2129 2042 2224 2099 ubi
2256 2057 2387 2098 suos
2414 2050 2663 2099 exerceat
2690 2050 2900 2109 motus,
2935 2050 2991 2099 et
3018 2042 3072 2098 in
3104 2042 3304 2115 quibus
3323 2044 3521 2117 jugiter
3550 2061 3729 2103 oecu-

2130 2144 2308 2208 petur,
2358 2135 2574 2208 propria
2612 2135 2914 2192 mobilitate
2952 2135 3286 2209 discurrere,
3338 2147 3392 2193 et
3418 2154 3513 2211 per
3540 2140 3725 2197 omnia

2124 2228 2385 2297 volitare,
2411 2228 2586 2285 donec
2629 2229 2790 2302 longo
2831 2230 3088 2286 exercitio
3109 2272 3124 2299 ,
3169 2247 3379 2304 usuque
3425 2234 3727 2291 assuefacta

2123 2323 2403 2393 diuturno,
2433 2324 2579 2395 quod
2603 2339 2701 2380 vos
2741 2324 3013 2381 incassum
3041 2324 3220 2382 dicitis
3260 2326 3530 2396 laborem,
3557 2344 3726 2400 expe-

2124 2418 2299 2473 riatur
2327 2426 2382 2474 et
2404 2416 2574 2473 discat
2605 2432 2739 2489 quas
2780 2419 3068 2476 memoria
3103 2435 3219 2476 sua
3247 2421 3509 2477 materias
3534 2420 3727 2478 debeat

2125 2526 2462 2584 praeparare,
2496 2527 2621 2584 erga
2647 2527 2780 2583 quas
2806 2513 3139 2586 circumagat
3166 2513 3471 2571 indefessos
3494 2515 3725 2581 volatus,

2126 2614 2182 2661 et
2204 2606 2553 2663 immorando
2581 2605 2753 2662 robur
2788 2608 3068 2678 acquirat,
3098 2617 3152 2664 et
3192 2609 3267 2664 ita
3306 2609 3600 2682 pravaleat
3630 2611 3730 2668 ad-

2125 2713 2308 2754 versas
2358 2698 2565 2754 inimici
2615 2699 3025 2772 suggestiones,
3060 2700 3261 2772 quibus
3297 2685 3726 2770 distrahebatur,

2126 2791 2433 2859 extrudere,
2460 2800 2623 2863 atque
2651 2792 2705 2848 in
2730 2792 2824 2848 illo
2850 2808 3012 2865 quem
3038 2794 3309 2852 desiderat
3335 2804 3485 2852 statu
3513 2805 3568 2852 et
3593 2812 3729 2868 qua—

2126 2884 2273 2938 litate
2302 2883 2515 2939 durare.
2540 2887 2666 2940 Non
2690 2900 2818 2959 ergo
2843 2886 2985 2943 hanc
3014 2889 3391 2960 evagationem
3419 2890 3601 2948 cordis
3627 2908 3730 2948 no-

2125 2977 2232 3033 stri‘
2246 2976 2327 3053 vel
2354 2985 2564 3035 natura
2590 2977 2878 3048 humana,
2909 2982 2992 3037 vel
3033 2985 3153 3038 Deo
3175 2984 3407 3040 creatori
3432 2986 3583 3057 ejus,
3623 2988 3731 3045 de-

2125 3072 2320 3128 bemus
2342 3073 2639 3130 ascribere.
2669 3076 2811 3131 Vera
2839 3084 2922 3130 est
2947 3076 3094 3133 enim
3118 3078 3412 3150 Scriptura
3433 3082 3731 3153 sententia,

416 3160 567 3216 ocius
603 3175 770 3231 quam
814 3161 1047 3233 anguilla
1073 3161 1143 3217 de
1180 3162 1487 3219 recessibus
1523 3165 1728 3221 mentis
1762 3165 2009 3223 elabitur.
2045 3174 2090 3239 ί]
2122 3165 2248 3237 quia
2274 3169 2528 3222 Dominus
2558 3169 2821 3223 hominem
2866 3171 2997 3237 fecit
3027 3176 3260 3235 rectum,
3292 3177 3341 3227 et
3368 3175 3478 3243 ipsi
3507 3179 3734 3243 quaesie-

417 3251 503 3306 Ob
531 3266 695 3322 quam
740 3266 857 3306 rem
903 3252 1232 3323 quotidianis
1262 3254 1574 3327 hujusmodi
1616 3257 2017 3315 observationi-

419 3343 522 3399 bus
547 3352 871 3413 astuantes,
923 3362 1025 3403 nec
1066 3356 1252 3403 tamen
1301 3364 1364 3404 ex
1407 3350 1540 3422 ipsis
1572 3350 1791 3424 aliquod
1826 3361 2016 3411 nostro

417 3438 566 3494 cordi
621 3439 933 3496 stabilitatis
1010 3441 1184 3520 robur
1233 3443 1526 3500 accessisse
1574 3455 1857 3502 cernentes
1880 3488 1897 3515 ,
1948 3447 2017 3503 ad

418 3531 557 3587 hanc
597 3533 911 3603 opinionem
958 3533 1116 3591 fracti
1169 3534 1547 3607 desperatione
1589 3538 2015 3611 transducimur,

420 3633 482 3679 ut
506 3640 618 3679 non
645 3632 829 3680 nostro
846 3626 985 3697 jam,
1017 3628 1113 3684 sed
1140 3636 1352 3684 natura
1380 3628 1505 3685 vitio
1532 3628 1631 3684 has
1663 3630 1862 3687 anima
1888 3648 2015 3704 per-

418 3717 729 3790 vagationes
756 3719 996 3775 humano
1020 3722 1200 3793 generi
1231 3722 1400 3777 inesse
1420 3721 1725 3779 credamus.

1044 3814 1287 3872 CAPUT
1317 3817 1413 3871 IV.
1559 3821 1562 3824 ’

526 3906 834 3978 Disputatio
853 3908 996 3964 senis
1015 3908 1081 3963 de
1101 3913 1247 3965 statu
1266 3913 1460 3965 animae
1478 3914 1754 3967 acvirtute
1770 3911 1905 3981 ejus.

488 3997 719 4054 Serenus
751 4020 763 4056 :
791 4001 1119 4057 Periculosa
1160 4003 1598 4075 praesumptionis
1628 4012 1739 4072 est,
1780 4003 2014 4061 necdum

417 4090 580 4147 rebus
607 4100 750 4148 recte
780 4093 1059 4163 discussis,
1090 4110 1191 4151 nec
1225 4104 1372 4154 certa
1401 4097 1614 4154 ratione
1653 4098 1881 4155 collecta
1902 4141 1917 4167 ,
1948 4099 2016 4156 de

421 4190 610 4239 natura
639 4184 927 4256 cujuslibet
953 4188 1031 4243 rei
1070 4204 1373 4260 proponere
1391 4233 1407 4259 ,
1431 4184 1683 4259 deﬁnire,
1713 4208 1776 4248 ac
1812 4192 1881 4249 de
1905 4191 2011 4247 fra-

419 4275 639 4345 gilitatis
666 4292 780 4335 sua
808 4280 1246 4339 consideratione
1274 4299 1464 4356 capere
1495 4286 1889 4357 conjecturam,
1917 4301 2017 4341 nec

419 4369 489 4426 de
517 4378 660 4426 statu
687 4381 743 4427 et
764 4373 1024 4443 qualitate
1049 4374 1216 4445 ipsius
1243 4376 1539 4449 disciplina
1567 4378 1648 4434 vel
1685 4378 1752 4435 de
1785 4379 2017 4435 aliorum

2122 3264 2253 3314 runt
2284 3262 2628 3330 cogitationes
2651 3248 2680 3293 ἀ
2703 3263 2877 3318 malas
2914 3263 3104 3334 (Eccle.
3137 3264 3261 3336 vn).
3295 3269 3318 3298 °
3341 3271 3391 3321 Α
3415 3266 3572 3324 nobis
3591 3283 3730 3341 ergo

2124 3366 2314 3408 earum
2345 3353 2575 3423 qualitas
2605 3354 2821 3425 pendet.
2863 3355 3000 3425 Quia
3037 3360 3285 3427 cogitatio
3316 3359 3486 3428 bona,
3519 3361 3729 3434 inquit,

2124 3447 2412 3503 scientibus
2440 3464 2555 3503 eam
2573 3450 2993 3519 appropinquat,
3016 3454 3103 3504 vir
3127 3455 3305 3507 autem
3326 3456 3563 3523 prudens
3578 3458 3730 3512 inve-

2122 3542 2235 3594 niet
2267 3556 2402 3596 eam.
2431 3540 2707 3613 Quidquid
2734 3551 2916 3598 autem
2955 3552 3017 3599 ut
3057 3544 3281 3601 inveniri
3325 3548 3497 3618 possit
3521 3558 3731 3609 nostra

2124 3630 2423 3703 prudentia
2449 3632 2845 3707 industriaque
2872 3636 3181 3709 subjectum
3208 3647 3293 3695 est
3310 3682 3325 3709 ,
3352 3641 3396 3697 si
3420 3657 3529 3698 non
3561 3640 3732 3701 fuerit

2125 3726 2424 3794 inventum,
2452 3726 2566 3782 sine
2594 3727 2760 3784 dubio
2786 3736 2995 3787 nostra
3023 3730 3252 3789 desidia
3290 3733 3369 3790 vel
3410 3734 3733 3805 impruden-

2123 3820 2241 3886 tia,
2267 3834 2378 3875 non
2421 3828 2633 3877 natura
2661 3821 2791 3877 vitio
2834 3823 3200 3893 reputandum
3244 3834 3340 3882 est.
3393 3826 3489 3881 Cui
3533 3829 3727 3886 sensui

2124 3912 2409 3970 Psalmista
2431 3928 2646 3986 quoque
2667 3916 2919 3987 congruit
2939 3957 2954 3983 ,
2986 3916 3174 3974 dicens
3204 3939 3217 3974 :
3244 3923 3431 3976 Beatus
3457 3922 3546 3975 vir
3566 3926 3733 3993 cujus

2124 4010 2201 4061 est
2228 4008 2497 4062 aumilium
2514 4008 2611 4062 abs
2640 4012 2709 4071 te,
2736 4006 2956 4065 Domine
2974 4053 2991 4074 ,
3018 4015 3345 4069 ascensiost
3372 4017 3430 4068 in
3454 4015 3609 4071 corde
3632 4033 3729 4073 suo

2123 4100 2391 4170 diaposuit
2418 4103 2577 4173 (Psal.
2603 4108 2889 4169 Lxxxm).
2928 4104 3140 4162 Videtis
3172 4121 3302 4179 ergo
3334 4108 3387 4163 in
3423 4117 3609 4163 nostra
3638 4110 3729 4164 di-

2123 4193 2271 4251 tione
2291 4194 2607 4263 consistere,
2625 4205 2685 4252 ut
2713 4198 2828 4252 sive
2842 4214 3117 4263 ascensus,
3137 4199 3195 4256 id
3226 4209 3333 4269 est,
3356 4203 3730 4276 pertingentes

2122 4287 2191 4342 ad
2220 4289 2398 4344 Deum
2439 4289 2833 4361 cogitationes,
2880 4292 2990 4348 sive
3032 4291 3347 4364 descensus,
3398 4295 3469 4352 ad
3512 4306 3725 4355 terrena

2124 4381 2330 4437 scilicet
2368 4390 2426 4437 et
2465 4383 2700 4440 carnalia
2746 4394 3064 4444 corruentes
3086 4428 3102 4455 ,
3138 4386 3193 4443 in
3221 4390 3424 4446 nostris
3464 4390 3727 4448 cordibus

1513 4521 1769 4576 ALARDI
1808 4521 2032 4578 ΕΑΖᾸΞΙ
2068 4523 2625 4583 COMMENTARIUS.

490 4640 518 4728 ξ
541 4636 1023 4728 ΑΙᾼιξξρεΙςξοοζίοηεῐη
1046 4726 1054 4728 _
1069 4655 1247 4728 suam.
1278 4650 1336 4698 et
1387 4628 1731 4726 fragilitatem
1781 4645 2013 4728 ingenue
2045 4652 2098 4715 1)
2127 4624 2293 4728 etiam
2313 4650 2518 4728 Gracis
2535 4651 2782 4728 Sapient.
2806 4669 2872 4711 rx
2890 4654 3187 4728 siclegitur
3211 4676 3229 4728 γε
3261 4656 3320 4710 τὸ
3342 4659 3528 4728 γεῶδες
3545 4662 3730 4724 σκῆνος

422 4709 667 4781 agnoscit
693 4712 1006 4787 Cassianus;
1035 4721 1090 4787 et
1122 4712 1341 4787 quidem
1380 4729 1445 4770 eo
1472 4709 1693 4787 majoris
1734 4709 2013 4774 modestia

419 4791 763 4866 argumento1
780 4782 927 4854 quod
950 4783 1002 4839 in
1023 4782 1281 4866 singulari
1301 4801 1532 4866 numero
1547 4782 2014 4866 lbquensseipsum

420 4854 825 4921 tantummodo,
864 4871 974 4910 non
1023 4854 1237 4911 socium
1287 4864 1383 4913 aut
1436 4854 1631 4913 alium'
1662 4854 1873 4915 incuset
1927 4868 2020 4915 aut

422 4929 589 4977 taxet.

491 4993 517 5027 ι’
549 4991 745 5047 Mentis
783 4991 1039 5051 humana
1062 4997 1423 5055 mobilitatem
1446 5000 1556 5056 sive
1590 5000 2014 5058 inconstantiam

419 5062 673 5135 graphice
694 5063 959 5138 depingit,
982 5083 1105 5138 qua
1138 5069 1266 5125 huic
1294 5071 1569 5127 collationi
1601 5073 1943 5129 occasionem
1965 5080 2020 5127 et

419 5142 803 5226 argumentum
832 5135 982 5192 dedit
996 5135 1026 5190 ἰ
1058 5140 1143 5226 cui
1178 5139 1382 5226 deinde.
1418 5143 1704 5226 conjuncta
1742 5151 1825 5199 est
1851 5145 2018 5198 altera

419 5205 1188 5294 de‘spiritualibusnequitiis,
1224 5210 1411 5294 idest,
1444 5205 1748 5294 _sp'iritibus.
1778 5228 2017 5294 nequam

420 5275 824 5352 sive‘malignis
850 5275 1122 5352 tractatio,
1153 5275 1299 5352 quod
1324 5275 1407 5338 illi
1440 5275 1749 5339 istiusmodi
1791 5275 2019 5337 levitatis

421 5353 472 5398 et
500 5345 877 5422 inconstantia
906 5345 1185 5422 pracipue'
1199 5352 1307 5407 sint
1342 5362 1591 5409 auctores
1616 5363 1671 5408 et
1711 5353 2013 5419 architecti,

317 5477 328 5489 ο
421 5429 584 5497 quam
613 5418 1053 5497 D._A_ugustinus
1074 5418 1475 5497 volubilitatem
1501 5423 1698 5479 mentis
1733 5428 1789 5476 et
1819 5424 2019 5493 cogita-

420 5485 602 5575 tio‘nues
622 5485 883 5575 volubiles
920 5492 1060 5575 solet
1086 5495 1375 5575 appellare.

492 5560 731 5634 FTextus
761 5559 1004 5633 Vulgata
1046 5559 1329 5620 editionis:
1361 5566 1558 5634 Corpus
1593 5563 1737 5633 quod
1781 5579 2015 5620 corrum-

413 5628 574 5706 pitur
595 5628 1153 5706 aggravatjanimam,
1174 5642 1225 5689 et
1256 5628 1473 5706 terrena
1485 5628 1814 5690 inhribitatio
1834 5637 2017 5706 depri-

417 5699 519 5751 mit
538 5699 751 5773 sensum
774 5704 945 5758 multa
966 5699 1306 5773 cogitantem.
1331 5704 1442 5761 Ubi
1467 5706 1752 5761 Ciaconius
1776 5725 1788 5759 :
1816 5699 1919 5762 Hic
1940 5711 2019 5763 lo-

416 5784 535 5837 cus,
584 5770 776 5843 inquit,
817 5773 869 5828 in
912 5770 1083 5831 Vatic.
1131 5775 1306 5830 codic.
1357 5776 1614 5847 Cassiani,
1657 5784 1718 5834 ut
1765 5778 1820 5834 in
1870 5779 2017 5836 libris

2127 4721 2281 4810 βείθει
2316 4727 2430 4810 νοῦν
2453 4721 2849 4810 ’πολυφροντίξφ
2874 4728 2931 4781 In
2974 4721 3471 4810 impressiivitiose
3503 4750 3516 4785 :
3542 4721 3725 4810 γήξνον

2129 4793 2318 4867 οἴκημα
2351 4793 2682 4867 βα-ρύνεμᾉνοῢν
2710 4796 2839 4848 πολῦ
2861 4793 3208 4867 φροντίζοντα.
3237 4801 3373 4855 Hac
3401 4793 3710 4857 Ciaconius.

2128 4864 2451 4943 Basileensis
2480 4865 2647 4943 editio
2677 4864 3091 4943 Graca'omisit,
3119 4876 3179 4924 ut
3192 4877 3248 4943 et
3275 4871 3573 4943 Dionysia
3603 4876 3727 4928 Ma-

2126 4934 2391 5017 nuscripti
2416 4951 2557 5017 quos
2584 4936 2758 5017 legere
2800 4939 3026 5017 quidem.
3068 4934 3238 5017 potui,
3261 4941 3346 5017 ita
3371 4934 3639 5017 cérrupti,
3666 4951 3725 4997 et

2126 5005 2396 5085 mendosi,
2430 5005 2508 5085 .ut
2544 5005 2674 5085 nihil
2715 5005 2848 5063 cerfi
2883 5025 2949 5085 ex
2981 5005 3275 5085 eis—haberi
3316 5012 3503 5085 possit.
3542 5005 3725 5085 itaque

2128 5075 2301 5155 Biblia
2320 5075 2508 5155 regia,
2554 5078 2686 5155 dum
2713 5081 3067 5155 consulo,__sic
3089 5081 3285 5155 inveni;
3304 5075 3589 5154 ε’Φοαρτὸν
3626 5075 3725 5155 {ap

2130 5150 2275 5223 σῶμα
2318 5146 2513 5223 βαρὶξνει
2547 5147 2733 5219 ψυχὴν,
2762 5150 2845 5203 καὶ
2889 5152 3043 5221 βρίθει
3084 5171 3143 5206 το
3169 5153 3353 5223 γεῶδες
3383 5146 3567 5223 exii-vo;
3609 5146 3727 5208 νοῦἶο

2128 5215 2515 5287 πολυφρονλτίδα.

2196 5287 2222 5321 ιι
2265 5289 2340 5342 ita
2380 5289 2545 5344 etiam
2579 5290 2896 5355 Dionysius.
2941 5291 3229 5349 Ciaconius
3259 5310 3388 5351 vero
3418 5313 3487 5353 ex
3524 5299 3733 5355 Graco

2126 5358 2383 5431 correxit,
2407 5363 2753 5431 cogitationes
2774 5365 3005 5431 multas;
3033 5366 3228 5421 Graec
3267 5367 3417 5422 enim
3447 5368 3685 5425 habetur
3716 5390 3731 5424 :

2125 5427 2666 5511 ἒοῖισμοὶιςμολλοὺς,
2694 5427 3367 5511 οδγυιεζδῐέέιεοῐίοῐηεςὶε
3394 5440 3693 5511 respondet
3717 5460 3733 5496 :

2124 5499 2460 5555 Solummodo
2479 5503 2570 5557 hoc
2612 5507 2813 5567 inveni,
2841 5499 2985 5575 quod
3015 5510 3203 5574 fecerit
3250 5499 3512 5566 Dominus
3550 5512 3740 5567 homi-

2269 5576 2487 5635 rectum,
2540 5579 2590 5629 et
2635 5578 2748 5645 ipse
2769 5591 2823 5631 se
2864 5578 3095 5647 inﬁnitis
3148 5581 3425 5636 miscuerit
3471 5586 3737 5652 quastio-

2124 5657 2180 5695 nz
2220 5657 2301 5695 us.

2124 5657 2301 5695 ηιοῑιε.

2196 5722 2217 5747 ο
2243 5715 2387 5794 Lege
2414 5715 2707 5798 septimam
2749 5719 3157 5777 annotationem
3187 5721 3414 5795 Cuychii
3448 5723 3523 5781 ad
3562 5725 3733 5782 tinem

2123 5797 2304 5855 operis
2330 5795 2587 5858 positam.
3017 5825 3027 5832 υ
