  <div class='ocr_page' id='page_1' title='image "/cluster/home/n/w/nwhite01/storage/ocr_20150623/49/hvd.32044096580709/344.png"; bbox 0 0 4048 6208; ppageno 0'>
   <div class='ocr_carea' id='block_1_1' title="bbox 321 369 426 427">
    <p class='ocr_par' dir='ltr' id='par_1_1' title="bbox 321 369 426 427">
     <span class='ocr_line' id='line_1_1' title="bbox 321 369 426 427; baseline -0.01 0"><span class='ocrx_word' id='word_1_1' title='bbox 321 369 426 427; x_wconf 78' lang='grc' dir='ltr'><strong>6Ἷ3</strong></span> 
     </span>
    </p>
   </div>
   <div class='ocr_carea' id='block_1_2' title="bbox 729 363 3216 448">
    <p class='ocr_par' dir='ltr' id='par_1_2' title="bbox 729 363 3216 448">
     <span class='ocr_line' id='line_1_2' title="bbox 729 363 3216 448; baseline 0.004 -24"><span class='ocrx_word' id='word_1_2' title='bbox 729 367 1069 424; x_wconf 73' lang='lat' dir='ltr'><strong>COLLATIO</strong></span> <span class='ocrx_word' id='word_1_3' title='bbox 1108 367 1224 425; x_wconf 84' lang='lat' dir='ltr'><strong>VII.</strong></span> <span class='ocrx_word' id='word_1_4' title='bbox 1263 397 1337 408; x_wconf 98' lang='lat'><strong>—</strong></span> <span class='ocrx_word' id='word_1_5' title='bbox 1369 365 1461 424; x_wconf 89' lang='lat' dir='ltr'><strong>DE</strong></span> <span class='ocrx_word' id='word_1_6' title='bbox 1498 367 1733 425; x_wconf 69' lang='grc' dir='ltr'><strong>ΑΝΙΜλΕ</strong></span> <span class='ocrx_word' id='word_1_7' title='bbox 1769 363 2194 424; x_wconf 84' lang='lat' dir='ltr'><strong>MOBlLlTATE</strong></span> <span class='ocrx_word' id='word_1_8' title='bbox 2232 369 2318 426; x_wconf 86' lang='lat' dir='ltr'><strong>ET</strong></span> <span class='ocrx_word' id='word_1_9' title='bbox 2357 367 2822 433; x_wconf 83' lang='lat' dir='ltr'><strong>SPlRITALlBUS</strong></span> <span class='ocrx_word' id='word_1_10' title='bbox 2857 378 3216 448; x_wconf 87' lang='lat' dir='ltr'><strong>NEQUlTllS.</strong></span> 
     </span>
    </p>
   </div>
   <div class='ocr_carea' id='block_1_3' title="bbox 3519 386 3626 443">
    <p class='ocr_par' dir='ltr' id='par_1_3' title="bbox 3519 386 3626 443">
     <span class='ocr_line' id='line_1_3' title="bbox 3519 386 3626 443; baseline 0.028 -3"><span class='ocrx_word' id='word_1_11' title='bbox 3519 386 3626 443; x_wconf 77' lang='lat'><strong>674</strong></span> 
     </span>
    </p>
   </div>
   <div class='ocr_carea' id='block_1_4' title="bbox 322 491 3625 582">
    <p class='ocr_par' dir='ltr' id='par_1_4' title="bbox 322 491 3625 582">
     <span class='ocr_line' id='line_1_4' title="bbox 322 491 3625 582; baseline 0.005 -34"><span class='ocrx_word' id='word_1_12' title='bbox 322 491 698 564; x_wconf 87' lang='lat' dir='ltr'><strong>disponamus.</strong></span> <span class='ocrx_word' id='word_1_13' title='bbox 727 494 864 562; x_wconf 68' lang='lat' dir='ltr'><strong>Quae</strong></span> <span class='ocrx_word' id='word_1_14' title='bbox 895 494 942 550; x_wconf 87' lang='lat' dir='ltr'><strong>si</strong></span> <span class='ocrx_word' id='word_1_15' title='bbox 970 509 1083 550; x_wconf 92' lang='lat' dir='ltr'><strong>non</strong></span> <span class='ocrx_word' id='word_1_16' title='bbox 1120 495 1178 551; x_wconf 89' lang='lat' dir='ltr'><strong>in</strong></span> <span class='ocrx_word' id='word_1_17' title='bbox 1218 502 1405 552; x_wconf 89' lang='lat' dir='ltr'><strong>nostra</strong></span> <span class='ocrx_word' id='word_1_18' title='bbox 1434 502 1708 567; x_wconf 81' lang='lat' dir='ltr'><strong>potestate</strong></span> <span class='ocrx_word' id='word_1_19' title='bbox 1735 495 1916 552; x_wconf 91' lang='lat' dir='ltr'><strong>consi-</strong></span> <span class='ocrx_word' id='word_1_20' title='bbox 1945 498 2000 561; x_wconf 87' lang='grc' dir='ltr'><strong>Α</strong></span> <span class='ocrx_word' id='word_1_21' title='bbox 2025 504 2140 552; x_wconf 90' lang='lat' dir='ltr'><strong>tem</strong></span> <span class='ocrx_word' id='word_1_22' title='bbox 2167 505 2328 569; x_wconf 88' lang='lat' dir='ltr'><strong>atque</strong></span> <span class='ocrx_word' id='word_1_23' title='bbox 2351 499 2632 570; x_wconf 80' lang='lat' dir='ltr'><strong>virtutem,</strong></span> <span class='ocrx_word' id='word_1_24' title='bbox 2681 517 2786 574; x_wconf 88' lang='lat' dir='ltr'><strong>qua</strong></span> <span class='ocrx_word' id='word_1_25' title='bbox 2812 520 2924 560; x_wconf 91' lang='lat' dir='ltr'><strong>non</strong></span> <span class='ocrx_word' id='word_1_26' title='bbox 2946 506 3144 578; x_wconf 85' lang='lat' dir='ltr'><strong>quibus</strong></span> <span class='ocrx_word' id='word_1_27' title='bbox 3181 506 3441 564; x_wconf 87' lang='lat' dir='ltr'><strong>nolumus</strong></span> <span class='ocrx_word' id='word_1_28' title='bbox 3470 510 3625 582; x_wconf 89' lang='lat' dir='ltr'><strong>cogi-</strong></span> 
     </span>
    </p>
   </div>
   <div class='ocr_carea' id='block_1_5' title="bbox 324 585 1925 662">
    <p class='ocr_par' dir='ltr' id='par_1_5' title="bbox 324 585 1925 662">
     <span class='ocr_line' id='line_1_5' title="bbox 324 585 1925 662; baseline 0.003 -22"><span class='ocrx_word' id='word_1_29' title='bbox 324 593 550 650; x_wconf 81' lang='lat' dir='ltr'><strong>sterent,</strong></span> <span class='ocrx_word' id='word_1_30' title='bbox 585 601 688 642; x_wconf 89' lang='lat' dir='ltr'><strong>nec</strong></span> <span class='ocrx_word' id='word_1_31' title='bbox 715 585 1012 658; x_wconf 66' lang='lat' dir='ltr'><strong>pharismos</strong></span> <span class='ocrx_word' id='word_1_32' title='bbox 1047 587 1321 644; x_wconf 87' lang='lat' dir='ltr'><strong>Dominus</strong></span> <span class='ocrx_word' id='word_1_33' title='bbox 1352 589 1684 662; x_wconf 85' lang='lat' dir='ltr'><strong>increpasset</strong></span> <span class='ocrx_word' id='word_1_34' title='bbox 1727 607 1740 643; x_wconf 89' lang='lat'><strong>:</strong></span> <span class='ocrx_word' id='word_1_35' title='bbox 1781 590 1925 658; x_wconf 80' lang='lat' dir='ltr'><strong>Quid</strong></span> 
     </span>
    </p>
   </div>
   <div class='ocr_carea' id='block_1_6' title="bbox 323 681 1926 755">
    <p class='ocr_par' dir='ltr' id='par_1_6' title="bbox 323 681 1926 755">
     <span class='ocr_line' id='line_1_6' title="bbox 323 681 1926 755; baseline 0.003 -22"><span class='ocrx_word' id='word_1_36' title='bbox 323 681 567 748; x_wconf 86' lang='lat' dir='ltr'><strong>cogitatis</strong></span> <span class='ocrx_word' id='word_1_37' title='bbox 599 681 750 734; x_wconf 87' lang='lat' dir='ltr'><strong>mala</strong></span> <span class='ocrx_word' id='word_1_38' title='bbox 778 682 838 734; x_wconf 88' lang='lat' dir='ltr'><strong>in</strong></span> <span class='ocrx_word' id='word_1_39' title='bbox 867 681 1117 736; x_wconf 76' lang='lat' dir='ltr'><strong>cordibus</strong></span> <span class='ocrx_word' id='word_1_40' title='bbox 1162 686 1354 738; x_wconf 81' lang='lat' dir='ltr'><strong>uestris</strong></span> <span class='ocrx_word' id='word_1_41' title='bbox 1387 683 1605 750; x_wconf 84' lang='lat' dir='ltr'><strong>(Matth.</strong></span> <span class='ocrx_word' id='word_1_42' title='bbox 1641 683 1775 755; x_wconf 77' lang='lat' dir='ltr'><strong>1x)?</strong></span> <span class='ocrx_word' id='word_1_43' title='bbox 1810 686 1926 739; x_wconf 88' lang='lat' dir='ltr'><strong>Nec</strong></span> 
     </span>
    </p>
   </div>
   <div class='ocr_carea' id='block_1_7' title="bbox 323 771 1925 846">
    <p class='ocr_par' dir='ltr' id='par_1_7' title="bbox 323 771 1925 846">
     <span class='ocr_line' id='line_1_7' title="bbox 323 771 1925 846; baseline 0.004 -20"><span class='ocrx_word' id='word_1_44' title='bbox 323 785 420 842; x_wconf 91' lang='lat' dir='ltr'><strong>per</strong></span> <span class='ocrx_word' id='word_1_45' title='bbox 447 771 774 844; x_wconf 82' lang='lat' dir='ltr'><strong>prophetam</strong></span> <span class='ocrx_word' id='word_1_46' title='bbox 803 773 1165 846; x_wconf 68' lang='lat' dir='ltr'><strong>praecepisset,</strong></span> <span class='ocrx_word' id='word_1_47' title='bbox 1194 773 1380 832; x_wconf 88' lang='lat' dir='ltr'><strong>dicens</strong></span> <span class='ocrx_word' id='word_1_48' title='bbox 1411 793 1426 830; x_wconf 91' lang='lat'><strong>:</strong></span> <span class='ocrx_word' id='word_1_49' title='bbox 1456 778 1694 844; x_wconf 76' lang='lat' dir='ltr'><strong>Auferte</strong></span> <span class='ocrx_word' id='word_1_50' title='bbox 1719 777 1925 832; x_wconf 79' lang='lat' dir='ltr'><strong>malum</strong></span> 
     </span>
    </p>
   </div>
   <div class='ocr_carea' id='block_1_8' title="bbox 323 869 1917 942">
    <p class='ocr_par' dir='ltr' id='par_1_8' title="bbox 323 869 1917 942">
     <span class='ocr_line' id='line_1_8' title="bbox 323 869 1917 942; baseline 0.003 -21"><span class='ocrx_word' id='word_1_51' title='bbox 323 869 713 936; x_wconf 68' lang='lat' dir='ltr'><strong>cogitationum</strong></span> <span class='ocrx_word' id='word_1_52' title='bbox 749 873 1048 924; x_wconf 81' lang='lat' dir='ltr'><strong>vestrarum</strong></span> <span class='ocrx_word' id='word_1_53' title='bbox 1074 871 1144 924; x_wconf 90' lang='lat' dir='ltr'><strong>ab</strong></span> <span class='ocrx_word' id='word_1_54' title='bbox 1179 871 1342 925; x_wconf 88' lang='lat' dir='ltr'><strong>oculis</strong></span> <span class='ocrx_word' id='word_1_55' title='bbox 1379 871 1510 925; x_wconf 87' lang='lat' dir='ltr'><strong>meis</strong></span> <span class='ocrx_word' id='word_1_56' title='bbox 1543 869 1670 941; x_wconf 90' lang='lat' dir='ltr'><strong>(Isa.</strong></span> <span class='ocrx_word' id='word_1_57' title='bbox 1705 871 1770 942; x_wconf 86' lang='lat'><strong>1).</strong></span> <span class='ocrx_word' id='word_1_58' title='bbox 1805 871 1874 926; x_wconf 83' lang='lat' dir='ltr'><strong>Et</strong></span> <span class='ocrx_word' id='word_1_59' title='bbox 1904 889 1917 926; x_wconf 90' lang='lat'>:</span> 
     </span>
    </p>
   </div>
   <div class='ocr_carea' id='block_1_9' title="bbox 331 963 1918 1034">
    <p class='ocr_par' dir='ltr' id='par_1_9' title="bbox 331 963 1918 1034">
     <span class='ocr_line' id='line_1_9' title="bbox 331 963 1918 1034; baseline 0.003 -19"><span class='ocrx_word' id='word_1_60' title='bbox 331 963 615 1032; x_wconf 82' lang='lat' dir='ltr'><strong>Usquequo</strong></span> <span class='ocrx_word' id='word_1_61' title='bbox 638 963 988 1018; x_wconf 83' lang='lat' dir='ltr'><strong>morabuntur</strong></span> <span class='ocrx_word' id='word_1_62' title='bbox 1009 967 1068 1018; x_wconf 88' lang='lat' dir='ltr'><strong>in</strong></span> <span class='ocrx_word' id='word_1_63' title='bbox 1093 969 1144 1020; x_wconf 89' lang='lat' dir='ltr'><strong>te</strong></span> <span class='ocrx_word' id='word_1_64' title='bbox 1161 967 1499 1034; x_wconf 86' lang='lat' dir='ltr'><strong>cogitationes</strong></span> <span class='ocrx_word' id='word_1_65' title='bbox 1523 967 1918 1032; x_wconf 68' lang='lat' dir='ltr'><strong>noxiceUerem.</strong></span> 
     </span>
    </p>
   </div>
   <div class='ocr_carea' id='block_1_10' title="bbox 325 1051 1923 1131">
    <p class='ocr_par' dir='ltr' id='par_1_10' title="bbox 325 1051 1923 1131">
     <span class='ocr_line' id='line_1_10' title="bbox 325 1051 1923 1131; baseline 0.003 -21"><span class='ocrx_word' id='word_1_66' title='bbox 325 1053 408 1126; x_wconf 82' lang='lat' dir='ltr'><strong>Iv)</strong></span> <span class='ocrx_word' id='word_1_67' title='bbox 424 1059 448 1111; x_wconf 84' lang='lat'><strong><em>?</em></strong></span> <span class='ocrx_word' id='word_1_68' title='bbox 463 1051 578 1112; x_wconf 89' lang='lat' dir='ltr'><strong>Nec</strong></span> <span class='ocrx_word' id='word_1_69' title='bbox 595 1053 650 1111; x_wconf 91' lang='lat' dir='ltr'><strong>in</strong></span> <span class='ocrx_word' id='word_1_70' title='bbox 669 1055 958 1131; x_wconf 87' lang='lat' dir='ltr'><strong>diejudicii</strong></span> <span class='ocrx_word' id='word_1_71' title='bbox 978 1073 1166 1116; x_wconf 90' lang='lat' dir='ltr'><strong>earum</strong></span> <span class='ocrx_word' id='word_1_72' title='bbox 1187 1057 1435 1130; x_wconf 84' lang='lat' dir='ltr'><strong>qualitas,</strong></span> <span class='ocrx_word' id='word_1_73' title='bbox 1457 1057 1923 1131; x_wconf 85' lang='lat' dir='ltr'><strong>quemadmodum</strong></span> 
     </span>
    </p>
   </div>
   <div class='ocr_carea' id='block_1_11' title="bbox 325 1151 1922 1226">
    <p class='ocr_par' dir='ltr' id='par_1_11' title="bbox 325 1151 1922 1226">
     <span class='ocr_line' id='line_1_11' title="bbox 325 1151 1922 1226; baseline 0.003 -21"><span class='ocrx_word' id='word_1_74' title='bbox 325 1163 556 1220; x_wconf 88' lang='lat' dir='ltr'><strong>operum</strong></span> <span class='ocrx_word' id='word_1_75' title='bbox 597 1151 850 1223; x_wconf 80' lang='lat' dir='ltr'><strong>exigetur</strong></span> <span class='ocrx_word' id='word_1_76' title='bbox 886 1167 918 1208; x_wconf 90' lang='lat' dir='ltr'><strong>a</strong></span> <span class='ocrx_word' id='word_1_77' title='bbox 955 1153 1146 1222; x_wconf 91' lang='lat' dir='ltr'><strong>nobis,</strong></span> <span class='ocrx_word' id='word_1_78' title='bbox 1189 1155 1263 1209; x_wconf 89' lang='lat' dir='ltr'><strong>ita</strong></span> <span class='ocrx_word' id='word_1_79' title='bbox 1303 1168 1402 1226; x_wconf 91' lang='lat' dir='ltr'><strong>per</strong></span> <span class='ocrx_word' id='word_1_80' title='bbox 1435 1154 1638 1210; x_wconf 87' lang='lat' dir='ltr'><strong>Isaiam</strong></span> <span class='ocrx_word' id='word_1_81' title='bbox 1677 1153 1922 1210; x_wconf 92' lang='lat' dir='ltr'><strong>Domino</strong></span> 
     </span>
    </p>
   </div>
   <div class='ocr_carea' id='block_1_12' title="bbox 325 1243 1925 1319">
    <p class='ocr_par' dir='ltr' id='par_1_12' title="bbox 325 1243 1925 1319">
     <span class='ocr_line' id='line_1_12' title="bbox 325 1243 1925 1319; baseline 0.004 -21"><span class='ocrx_word' id='word_1_82' title='bbox 325 1243 730 1312; x_wconf 88' lang='lat' dir='ltr'><strong>comminante,</strong></span> <span class='ocrx_word' id='word_1_83' title='bbox 759 1249 890 1302; x_wconf 83' lang='lat' dir='ltr'><strong><em>Ecce</em></strong></span> <span class='ocrx_word' id='word_1_84' title='bbox 921 1263 1044 1316; x_wconf 85' lang='lat' dir='ltr'><strong><em>ego,</em></strong></span> <span class='ocrx_word' id='word_1_85' title='bbox 1079 1247 1281 1319; x_wconf 84' lang='lat' dir='ltr'><strong>inquit,</strong></span> <span class='ocrx_word' id='word_1_86' title='bbox 1325 1251 1478 1304; x_wconf 82' lang='lat' dir='ltr'><strong>venio</strong></span> <span class='ocrx_word' id='word_1_87' title='bbox 1513 1254 1579 1305; x_wconf 90' lang='lat' dir='ltr'><strong>ut</strong></span> <span class='ocrx_word' id='word_1_88' title='bbox 1620 1265 1925 1319; x_wconf 81' lang='lat' dir='ltr'><strong><em>congregem</em></strong></span> 
     </span>
    </p>
   </div>
   <div class='ocr_carea' id='block_1_13' title="bbox 324 1345 1926 1415">
    <p class='ocr_par' dir='ltr' id='par_1_13' title="bbox 324 1345 1926 1415">
     <span class='ocr_line' id='line_1_13' title="bbox 324 1345 1926 1415; baseline 0.004 -19"><span class='ocrx_word' id='word_1_89' title='bbox 324 1357 494 1412; x_wconf 82' lang='lat' dir='ltr'><strong><em>opera</em></strong></span> <span class='ocrx_word' id='word_1_90' title='bbox 523 1347 574 1399; x_wconf 91' lang='lat' dir='ltr'><strong>et</strong></span> <span class='ocrx_word' id='word_1_91' title='bbox 607 1345 951 1412; x_wconf 73' lang='lat' dir='ltr'><strong>cogitationes</strong></span> <span class='ocrx_word' id='word_1_92' title='bbox 975 1360 1153 1400; x_wconf 88' lang='lat' dir='ltr'><strong>eorum</strong></span> <span class='ocrx_word' id='word_1_93' title='bbox 1179 1361 1298 1401; x_wconf 89' lang='lat' dir='ltr'><strong>cum</strong></span> <span class='ocrx_word' id='word_1_94' title='bbox 1333 1347 1576 1400; x_wconf 89' lang='lat' dir='ltr'><strong>omnibus</strong></span> <span class='ocrx_word' id='word_1_95' title='bbox 1599 1348 1846 1415; x_wconf 89' lang='lat' dir='ltr'><strong>gentibus</strong></span> <span class='ocrx_word' id='word_1_96' title='bbox 1873 1351 1926 1402; x_wconf 89' lang='lat' dir='ltr'><strong>et</strong></span> 
     </span>
    </p>
   </div>
   <div class='ocr_carea' id='block_1_14' title="bbox 325 1435 1922 1510">
    <p class='ocr_par' dir='ltr' id='par_1_14' title="bbox 325 1435 1922 1510">
     <span class='ocr_line' id='line_1_14' title="bbox 325 1435 1922 1510; baseline 0.004 -22"><span class='ocrx_word' id='word_1_97' title='bbox 325 1435 532 1504; x_wconf 84' lang='lat' dir='ltr'><strong>linguis</strong></span> <span class='ocrx_word' id='word_1_98' title='bbox 563 1436 683 1506; x_wconf 89' lang='lat' dir='ltr'><strong>(Isa.</strong></span> <span class='ocrx_word' id='word_1_99' title='bbox 716 1437 909 1508; x_wconf 80' lang='lat' dir='ltr'><strong>LXVI).</strong></span> <span class='ocrx_word' id='word_1_100' title='bbox 937 1437 1040 1494; x_wconf 90' lang='lat' dir='ltr'><strong>Sed</strong></span> <span class='ocrx_word' id='word_1_101' title='bbox 1067 1453 1168 1494; x_wconf 90' lang='lat' dir='ltr'><strong>nec</strong></span> <span class='ocrx_word' id='word_1_102' title='bbox 1195 1437 1550 1495; x_wconf 88' lang='lat' dir='ltr'><strong>condemnari</strong></span> <span class='ocrx_word' id='word_1_103' title='bbox 1578 1437 1800 1510; x_wconf 89' lang='lat' dir='ltr'><strong>quidem</strong></span> <span class='ocrx_word' id='word_1_104' title='bbox 1825 1453 1922 1494; x_wconf 90' lang='lat' dir='ltr'><strong>ea-</strong></span> 
     </span>
    </p>
   </div>
   <div class='ocr_carea' id='block_1_15' title="bbox 323 1527 1923 1604">
    <p class='ocr_par' dir='ltr' id='par_1_15' title="bbox 323 1527 1923 1604">
     <span class='ocr_line' id='line_1_15' title="bbox 323 1527 1923 1604; baseline 0.003 -21"><span class='ocrx_word' id='word_1_105' title='bbox 323 1542 451 1583; x_wconf 90' lang='lat' dir='ltr'><strong>rum</strong></span> <span class='ocrx_word' id='word_1_106' title='bbox 504 1527 822 1585; x_wconf 88' lang='lat' dir='ltr'><strong>testimonio</strong></span> <span class='ocrx_word' id='word_1_107' title='bbox 861 1529 946 1586; x_wconf 81' lang='lat' dir='ltr'><strong>vel</strong></span> <span class='ocrx_word' id='word_1_108' title='bbox 987 1529 1206 1587; x_wconf 84' lang='lat' dir='ltr'><strong>defendi</strong></span> <span class='ocrx_word' id='word_1_109' title='bbox 1254 1531 1309 1586; x_wconf 93' lang='lat' dir='ltr'><strong>in</strong></span> <span class='ocrx_word' id='word_1_110' title='bbox 1349 1531 1444 1588; x_wconf 93' lang='lat' dir='ltr'><strong>illo</strong></span> <span class='ocrx_word' id='word_1_111' title='bbox 1489 1531 1720 1588; x_wconf 85' lang='lat' dir='ltr'><strong>terribili</strong></span> <span class='ocrx_word' id='word_1_112' title='bbox 1759 1539 1923 1604; x_wconf 86' lang='lat' dir='ltr'><strong>atque</strong></span> 
     </span>
    </p>
   </div>
   <div class='ocr_carea' id='block_1_16' title="bbox 325 1621 1924 1696">
    <p class='ocr_par' dir='ltr' id='par_1_16' title="bbox 325 1621 1924 1696">
     <span class='ocr_line' id='line_1_16' title="bbox 325 1621 1924 1696; baseline 0.003 -20"><span class='ocrx_word' id='word_1_113' title='bbox 325 1621 622 1678; x_wconf 90' lang='lat' dir='ltr'><strong>metuendo</strong></span> <span class='ocrx_word' id='word_1_114' title='bbox 637 1623 908 1690; x_wconf 84' lang='lat' dir='ltr'><strong>examine,</strong></span> <span class='ocrx_word' id='word_1_115' title='bbox 920 1623 1221 1680; x_wconf 89' lang='lat' dir='ltr'><strong>secundum</strong></span> <span class='ocrx_word' id='word_1_116' title='bbox 1247 1623 1391 1680; x_wconf 87' lang='lat' dir='ltr'><strong>beati</strong></span> <span class='ocrx_word' id='word_1_117' title='bbox 1417 1625 1669 1696; x_wconf 86' lang='lat' dir='ltr'><strong>Apostoli</strong></span> <span class='ocrx_word' id='word_1_118' title='bbox 1699 1633 1924 1682; x_wconf 90' lang='lat' dir='ltr'><strong>senten-</strong></span> 
     </span>
    </p>
   </div>
   <div class='ocr_carea' id='block_1_17' title="bbox 325 1713 1922 1790">
    <p class='ocr_par' dir='ltr' id='par_1_17' title="bbox 325 1713 1922 1790">
     <span class='ocr_line' id='line_1_17' title="bbox 325 1713 1922 1790; baseline 0.003 -21"><span class='ocrx_word' id='word_1_119' title='bbox 325 1713 482 1781; x_wconf 88' lang='lat' dir='ltr'><strong>tiam;</strong></span> <span class='ocrx_word' id='word_1_120' title='bbox 512 1729 810 1784; x_wconf 86' lang='lat' dir='ltr'><strong>meremur,</strong></span> <span class='ocrx_word' id='word_1_121' title='bbox 841 1717 916 1772; x_wconf 88' lang='lat' dir='ltr'><strong>ita</strong></span> <span class='ocrx_word' id='word_1_122' title='bbox 942 1716 1192 1787; x_wconf 88' lang='lat' dir='ltr'><strong>dicentis,</strong></span> <span class='ocrx_word' id='word_1_123' title='bbox 1223 1721 1372 1775; x_wconf 80' lang='lat' dir='ltr'><strong>Inter</strong></span> <span class='ocrx_word' id='word_1_124' title='bbox 1399 1734 1454 1775; x_wconf 90' lang='lat' dir='ltr'><strong>se</strong></span> <span class='ocrx_word' id='word_1_125' title='bbox 1471 1721 1696 1775; x_wconf 77' lang='lat' dir='ltr'><strong>invicem</strong></span> <span class='ocrx_word' id='word_1_126' title='bbox 1725 1721 1922 1790; x_wconf 88' lang='lat' dir='ltr'><strong>cogita-</strong></span> 
     </span>
    </p>
   </div>
   <div class='ocr_carea' id='block_1_18' title="bbox 326 1809 1928 1881">
    <p class='ocr_par' dir='ltr' id='par_1_18' title="bbox 326 1809 1928 1881">
     <span class='ocr_line' id='line_1_18' title="bbox 326 1809 1928 1881; baseline 0.004 -17"><span class='ocrx_word' id='word_1_127' title='bbox 326 1809 557 1864; x_wconf 76' lang='lat' dir='ltr'><strong>tionibus</strong></span> <span class='ocrx_word' id='word_1_128' title='bbox 575 1812 966 1880; x_wconf 74' lang='lat' dir='ltr'><strong>accusantibus,</strong></span> <span class='ocrx_word' id='word_1_129' title='bbox 989 1816 1086 1867; x_wconf 89' lang='lat' dir='ltr'><strong>aut</strong></span> <span class='ocrx_word' id='word_1_130' title='bbox 1111 1815 1278 1868; x_wconf 90' lang='lat' dir='ltr'><strong>etiam</strong></span> <span class='ocrx_word' id='word_1_131' title='bbox 1297 1813 1734 1881; x_wconf 73' lang='lat' dir='ltr'><strong>defendentibus,</strong></span> <span class='ocrx_word' id='word_1_132' title='bbox 1759 1815 1821 1868; x_wconf 88' lang='lat' dir='ltr'><strong>in</strong></span> <span class='ocrx_word' id='word_1_133' title='bbox 1841 1814 1928 1870; x_wconf 89' lang='lat' dir='ltr'><strong>die</strong></span> 
     </span>
    </p>
   </div>
   <div class='ocr_carea' id='block_1_19' title="bbox 2031 589 3622 674">
    <p class='ocr_par' dir='ltr' id='par_1_19' title="bbox 2031 589 3622 674">
     <span class='ocr_line' id='line_1_19' title="bbox 2031 589 3622 674; baseline 0.011 -31"><span class='ocrx_word' id='word_1_134' title='bbox 2031 589 2322 648; x_wconf 90' lang='lat' dir='ltr'><strong>tationibus</strong></span> <span class='ocrx_word' id='word_1_135' title='bbox 2340 592 2704 664; x_wconf 89' lang='lat' dir='ltr'><strong>abducamur,</strong></span> <span class='ocrx_word' id='word_1_136' title='bbox 2731 596 2828 653; x_wconf 90' lang='lat' dir='ltr'><strong>sed</strong></span> <span class='ocrx_word' id='word_1_137' title='bbox 2854 595 2938 654; x_wconf 85' lang='lat' dir='ltr'><strong>his</strong></span> <span class='ocrx_word' id='word_1_138' title='bbox 2967 601 3165 671; x_wconf 81' lang='lat' dir='ltr'><strong>quibus</strong></span> <span class='ocrx_word' id='word_1_139' title='bbox 3192 601 3500 674; x_wconf 85' lang='lat' dir='ltr'><strong>spiritaliter</strong></span> <span class='ocrx_word' id='word_1_140' title='bbox 3525 603 3622 660; x_wconf 89' lang='lat' dir='ltr'><strong>de-</strong></span> 
     </span>
    </p>
   </div>
   <div class='ocr_carea' id='block_1_20' title="bbox 2032 681 3626 766">
    <p class='ocr_par' dir='ltr' id='par_1_20' title="bbox 2032 681 3626 766">
     <span class='ocr_line' id='line_1_20' title="bbox 2032 681 3626 766; baseline 0.011 -30"><span class='ocrx_word' id='word_1_141' title='bbox 2032 681 2296 740; x_wconf 88' lang='lat' dir='ltr'><strong>lectamur</strong></span> <span class='ocrx_word' id='word_1_142' title='bbox 2328 685 2616 744; x_wconf 85' lang='lat' dir='ltr'><strong>immorari</strong></span> <span class='ocrx_word' id='word_1_143' title='bbox 2669 689 2750 746; x_wconf 86' lang='lat' dir='ltr'><strong>vel</strong></span> <span class='ocrx_word' id='word_1_144' title='bbox 2797 689 3061 748; x_wconf 70' lang='lat' dir='ltr'><strong>inhaerere</strong></span> <span class='ocrx_word' id='word_1_145' title='bbox 3109 695 3412 766; x_wconf 88' lang='lat' dir='ltr'><strong>possimus,</strong></span> <span class='ocrx_word' id='word_1_146' title='bbox 3466 697 3626 753; x_wconf 89' lang='lat' dir='ltr'><strong>malis</strong></span> 
     </span>
    </p>
   </div>
   <div class='ocr_carea' id='block_1_21' title="bbox 2031 775 3624 859">
    <p class='ocr_par' dir='ltr' id='par_1_21' title="bbox 2031 775 3624 859">
     <span class='ocr_line' id='line_1_21' title="bbox 2031 775 3624 859; baseline 0.01 -28"><span class='ocrx_word' id='word_1_147' title='bbox 2031 775 2254 847; x_wconf 90' lang='lat' dir='ltr'><strong>quidem</strong></span> <span class='ocrx_word' id='word_1_148' title='bbox 2275 781 2707 859; x_wconf 88' lang='lat' dir='ltr'><strong>suggestionibus</strong></span> <span class='ocrx_word' id='word_1_149' title='bbox 2727 783 3080 856; x_wconf 88' lang='lat' dir='ltr'><strong>imperantes,</strong></span> <span class='ocrx_word' id='word_1_150' title='bbox 3107 787 3282 856; x_wconf 85' lang='lat' dir='ltr'><strong>Abite,</strong></span> <span class='ocrx_word' id='word_1_151' title='bbox 3305 797 3359 844; x_wconf 88' lang='lat' dir='ltr'><strong>et</strong></span> <span class='ocrx_word' id='word_1_152' title='bbox 3369 790 3624 859; x_wconf 87' lang='lat' dir='ltr'><strong>abibunt;</strong></span> 
     </span>
    </p>
   </div>
   <div class='ocr_carea' id='block_1_22' title="bbox 2035 858 3629 958">
    <p class='ocr_par' dir='ltr' id='par_1_22' title="bbox 2035 858 3629 958">
     <span class='ocr_line' id='line_1_22' title="bbox 2035 858 3629 958; baseline 0.013 -34"><span class='ocrx_word' id='word_1_153' title='bbox 2035 869 2193 928; x_wconf 93' lang='lat' dir='ltr'><strong>bonis</strong></span> <span class='ocrx_word' id='word_1_154' title='bbox 2221 858 2348 929; x_wconf 80' lang='lat' dir='ltr'><strong>vero</strong></span> <span class='ocrx_word' id='word_1_155' title='bbox 2375 874 2619 932; x_wconf 89' lang='lat' dir='ltr'><strong>dicemus</strong></span> <span class='ocrx_word' id='word_1_156' title='bbox 2651 896 2663 932; x_wconf 92' lang='lat'>:</span> <span class='ocrx_word' id='word_1_157' title='bbox 2691 879 2906 947; x_wconf 87' lang='lat' dir='ltr'><strong>Venite,</strong></span> <span class='ocrx_word' id='word_1_158' title='bbox 2935 889 2990 936; x_wconf 92' lang='lat' dir='ltr'><strong>et</strong></span> <span class='ocrx_word' id='word_1_159' title='bbox 3016 882 3252 938; x_wconf 89' lang='lat' dir='ltr'><strong>venient.</strong></span> <span class='ocrx_word' id='word_1_160' title='bbox 3287 886 3454 941; x_wconf 87' lang='lat' dir='ltr'><strong>Servo</strong></span> <span class='ocrx_word' id='word_1_161' title='bbox 3485 903 3629 958; x_wconf 89' lang='lat' dir='ltr'><strong>quo-</strong></span> 
     </span>
    </p>
   </div>
   <div class='ocr_carea' id='block_1_23' title="bbox 2031 967 3631 1046">
    <p class='ocr_par' dir='ltr' id='par_1_23' title="bbox 2031 967 3631 1046">
     <span class='ocr_line' id='line_1_23' title="bbox 2031 967 3631 1046; baseline 0.009 -26"><span class='ocrx_word' id='word_1_162' title='bbox 2031 979 2138 1035; x_wconf 90' lang='lat' dir='ltr'><strong>que</strong></span> <span class='ocrx_word' id='word_1_163' title='bbox 2187 975 2404 1035; x_wconf 90' lang='lat' dir='ltr'><strong>nostro,</strong></span> <span class='ocrx_word' id='word_1_164' title='bbox 2443 967 2498 1024; x_wconf 88' lang='lat' dir='ltr'><strong>id</strong></span> <span class='ocrx_word' id='word_1_165' title='bbox 2543 977 2644 1038; x_wconf 92' lang='lat' dir='ltr'><strong>est,</strong></span> <span class='ocrx_word' id='word_1_166' title='bbox 2685 972 2922 1043; x_wconf 86' lang='lat' dir='ltr'><strong>corpori,</strong></span> <span class='ocrx_word' id='word_1_167' title='bbox 2965 989 3029 1030; x_wconf 90' lang='lat' dir='ltr'><strong>ea</strong></span> <span class='ocrx_word' id='word_1_168' title='bbox 3075 990 3198 1046; x_wconf 75' lang='lat' dir='ltr'><strong>quae</strong></span> <span class='ocrx_word' id='word_1_169' title='bbox 3245 977 3506 1034; x_wconf 87' lang='lat' dir='ltr'><strong>castitatis</strong></span> <span class='ocrx_word' id='word_1_170' title='bbox 3547 979 3631 1035; x_wconf 85' lang='lat' dir='ltr'><strong>vel</strong></span> 
     </span>
    </p>
   </div>
   <div class='ocr_carea' id='block_1_24' title="bbox 2031 1059 3631 1140">
    <p class='ocr_par' dir='ltr' id='par_1_24' title="bbox 2031 1059 3631 1140">
     <span class='ocr_line' id='line_1_24' title="bbox 2031 1059 3631 1140; baseline 0.01 -27"><span class='ocrx_word' id='word_1_171' title='bbox 2031 1059 2378 1118; x_wconf 77' lang='lat' dir='ltr'><strong>continentiae</strong></span> <span class='ocrx_word' id='word_1_172' title='bbox 2415 1071 2544 1118; x_wconf 90' lang='lat' dir='ltr'><strong>sunt</strong></span> <span class='ocrx_word' id='word_1_173' title='bbox 2589 1063 2842 1121; x_wconf 85' lang='lat' dir='ltr'><strong>similiter</strong></span> <span class='ocrx_word' id='word_1_174' title='bbox 2867 1065 3236 1140; x_wconf 89' lang='lat' dir='ltr'><strong>injungemus,</strong></span> <span class='ocrx_word' id='word_1_175' title='bbox 3285 1080 3341 1127; x_wconf 90' lang='lat' dir='ltr'><strong>et</strong></span> <span class='ocrx_word' id='word_1_176' title='bbox 3379 1071 3496 1129; x_wconf 91' lang='lat' dir='ltr'><strong>sine</strong></span> <span class='ocrx_word' id='word_1_177' title='bbox 3525 1073 3631 1130; x_wconf 89' lang='lat' dir='ltr'><strong>ulla</strong></span> 
     </span>
    </p>
   </div>
   <div class='ocr_carea' id='block_1_25' title="bbox 2031 1149 3632 1230">
    <p class='ocr_par' dir='ltr' id='par_1_25' title="bbox 2031 1149 3632 1230">
     <span class='ocr_line' id='line_1_25' title="bbox 2031 1149 3632 1230; baseline 0.01 -23"><span class='ocrx_word' id='word_1_178' title='bbox 2031 1149 2456 1211; x_wconf 82' lang='lat' dir='ltr'><strong>contradictione</strong></span> <span class='ocrx_word' id='word_1_179' title='bbox 2498 1153 2945 1226; x_wconf 28' lang='lat' dir='ltr'><strong>deserviet,’non</strong></span> <span class='ocrx_word' id='word_1_180' title='bbox 2989 1159 3106 1230; x_wconf 88' lang='lat' dir='ltr'><strong>jam</strong></span> <span class='ocrx_word' id='word_1_181' title='bbox 3153 1164 3421 1221; x_wconf 90' lang='lat' dir='ltr'><strong>suscitans</strong></span> <span class='ocrx_word' id='word_1_182' title='bbox 3468 1167 3632 1224; x_wconf 88' lang='lat' dir='ltr'><strong>nobis</strong></span> 
     </span>
    </p>
   </div>
   <div class='ocr_carea' id='block_1_26' title="bbox 2030 1244 3632 1321">
    <p class='ocr_par' dir='ltr' id='par_1_26' title="bbox 2030 1244 3632 1321">
     <span class='ocr_line' id='line_1_26' title="bbox 2030 1244 3632 1321; baseline 0.009 -21"><span class='ocrx_word' id='word_1_183' title='bbox 2030 1244 2287 1303; x_wconf 89' lang='lat' dir='ltr'><strong>adversos</strong></span> <span class='ocrx_word' id='word_1_184' title='bbox 2319 1249 2774 1321; x_wconf 74' lang='lat' dir='ltr'><strong>concupiscentiae</strong></span> <span class='ocrx_word' id='word_1_185' title='bbox 2801 1251 3072 1319; x_wconf 86' lang='lat' dir='ltr'><strong>stimulos,</strong></span> <span class='ocrx_word' id='word_1_186' title='bbox 3103 1255 3199 1310; x_wconf 91' lang='lat' dir='ltr'><strong>sed</strong></span> <span class='ocrx_word' id='word_1_187' title='bbox 3229 1271 3452 1312; x_wconf 89' lang='lat' dir='ltr'><strong>omnem</strong></span> <span class='ocrx_word' id='word_1_188' title='bbox 3475 1259 3632 1315; x_wconf 83' lang='lat' dir='ltr'><strong>exhi-</strong></span> 
     </span>
    </p>
   </div>
   <div class='ocr_carea' id='block_1_27' title="bbox 2029 1337 3626 1421">
    <p class='ocr_par' dir='ltr' id='par_1_27' title="bbox 2029 1337 3626 1421">
     <span class='ocr_line' id='line_1_27' title="bbox 2029 1337 3626 1421; baseline 0.008 -27"><span class='ocrx_word' id='word_1_189' title='bbox 2029 1337 2162 1395; x_wconf 88' lang='lat' dir='ltr'><strong>bens</strong></span> <span class='ocrx_word' id='word_1_190' title='bbox 2197 1339 2406 1411; x_wconf 88' lang='lat' dir='ltr'><strong>spiritui</strong></span> <span class='ocrx_word' id='word_1_191' title='bbox 2443 1339 2792 1398; x_wconf 85' lang='lat' dir='ltr'><strong>famulatum.</strong></span> <span class='ocrx_word' id='word_1_192' title='bbox 2844 1343 3026 1416; x_wconf 84' lang='lat' dir='ltr'><strong>Hujus</strong></span> <span class='ocrx_word' id='word_1_193' title='bbox 3064 1347 3402 1404; x_wconf 88' lang='lat' dir='ltr'><strong>centurionis</strong></span> <span class='ocrx_word' id='word_1_194' title='bbox 3448 1350 3626 1421; x_wconf 86' lang='lat' dir='ltr'><strong>qualia</strong></span> 
     </span>
    </p>
   </div>
   <div class='ocr_carea' id='block_1_28' title="bbox 2030 1433 3632 1516">
    <p class='ocr_par' dir='ltr' id='par_1_28' title="bbox 2030 1433 3632 1516">
     <span class='ocr_line' id='line_1_28' title="bbox 2030 1433 3632 1516; baseline 0.009 -30"><span class='ocrx_word' id='word_1_195' title='bbox 2030 1447 2180 1488; x_wconf 88' lang='lat' dir='ltr'><strong>arma</strong></span> <span class='ocrx_word' id='word_1_196' title='bbox 2215 1435 2348 1503; x_wconf 91' lang='lat' dir='ltr'><strong>sint,</strong></span> <span class='ocrx_word' id='word_1_197' title='bbox 2376 1435 2456 1490; x_wconf 89' lang='lat' dir='ltr'><strong>vel</strong></span> <span class='ocrx_word' id='word_1_198' title='bbox 2497 1433 2566 1492; x_wconf 91' lang='lat' dir='ltr'><strong>ad</strong></span> <span class='ocrx_word' id='word_1_199' title='bbox 2607 1451 2730 1508; x_wconf 71' lang='lat' dir='ltr'><strong>qua:</strong></span> <span class='ocrx_word' id='word_1_200' title='bbox 2769 1436 3084 1509; x_wconf 78' lang='lat' dir='ltr'><strong>praeliorum</strong></span> <span class='ocrx_word' id='word_1_201' title='bbox 3125 1440 3376 1497; x_wconf 87' lang='lat' dir='ltr'><strong>exercitia</strong></span> <span class='ocrx_word' id='word_1_202' title='bbox 3425 1458 3632 1516; x_wconf 68' lang='lat' dir='ltr'><strong>prmpa-</strong></span> 
     </span>
    </p>
   </div>
   <div class='ocr_carea' id='block_1_29' title="bbox 2031 1526 3630 1604">
    <p class='ocr_par' dir='ltr' id='par_1_29' title="bbox 2031 1526 3630 1604">
     <span class='ocr_line' id='line_1_29' title="bbox 2031 1526 3630 1604; baseline 0.008 -24"><span class='ocrx_word' id='word_1_203' title='bbox 2031 1533 2240 1594; x_wconf 84' lang='lat' dir='ltr'><strong>rentur,</strong></span> <span class='ocrx_word' id='word_1_204' title='bbox 2291 1526 2421 1582; x_wconf 89' lang='lat' dir='ltr'><strong>audi</strong></span> <span class='ocrx_word' id='word_1_205' title='bbox 2480 1526 2705 1584; x_wconf 88' lang='lat' dir='ltr'><strong>beatum</strong></span> <span class='ocrx_word' id='word_1_206' title='bbox 2774 1530 3103 1601; x_wconf 82' lang='lat' dir='ltr'><strong>Apostolum</strong></span> <span class='ocrx_word' id='word_1_207' title='bbox 3170 1533 3552 1604; x_wconf 70' lang='lat' dir='ltr'><strong>praedicantem</strong></span> <span class='ocrx_word' id='word_1_208' title='bbox 3617 1556 3630 1592; x_wconf 94' lang='lat'>:</span> 
     </span>
    </p>
   </div>
   <div class='ocr_carea' id='block_1_30' title="bbox 2032 1619 3635 1694">
    <p class='ocr_par' dir='ltr' id='par_1_30' title="bbox 2032 1619 3635 1694">
     <span class='ocr_line' id='line_1_30' title="bbox 2032 1619 3635 1694; baseline 0.008 -21"><span class='ocrx_word' id='word_1_209' title='bbox 2032 1620 2226 1682; x_wconf 83' lang='lat' dir='ltr'><strong>Arma,</strong></span> <span class='ocrx_word' id='word_1_210' title='bbox 2257 1619 2450 1691; x_wconf 81' lang='lat' dir='ltr'><strong>inquit,</strong></span> <span class='ocrx_word' id='word_1_211' title='bbox 2479 1622 2694 1677; x_wconf 69' lang='lat' dir='ltr'><strong>militia:</strong></span> <span class='ocrx_word' id='word_1_212' title='bbox 2721 1627 2919 1678; x_wconf 65' lang='lat' dir='ltr'><strong>nostrae</strong></span> <span class='ocrx_word' id='word_1_213' title='bbox 2959 1640 3065 1680; x_wconf 88' lang='lat' dir='ltr'><strong>non</strong></span> <span class='ocrx_word' id='word_1_214' title='bbox 3093 1629 3330 1682; x_wconf 77' lang='lat' dir='ltr'><strong>carnalia</strong></span> <span class='ocrx_word' id='word_1_215' title='bbox 3362 1635 3507 1694; x_wconf 86' lang='lat' dir='ltr'><strong>sunt,</strong></span> <span class='ocrx_word' id='word_1_216' title='bbox 3541 1631 3635 1686; x_wconf 88' lang='lat' dir='ltr'><strong>sed</strong></span> 
     </span>
    </p>
   </div>
   <div class='ocr_carea' id='block_1_31' title="bbox 2027 1715 3639 1790">
    <p class='ocr_par' dir='ltr' id='par_1_31' title="bbox 2027 1715 3639 1790">
     <span class='ocr_line' id='line_1_31' title="bbox 2027 1715 3639 1790; baseline 0.006 -21"><span class='ocrx_word' id='word_1_217' title='bbox 2027 1717 2274 1784; x_wconf 84' lang='lat' dir='ltr'><strong>potentia</strong></span> <span class='ocrx_word' id='word_1_218' title='bbox 2298 1723 2320 1750; x_wconf 89' lang='lat'><strong>°</strong></span> <span class='ocrx_word' id='word_1_219' title='bbox 2348 1719 2474 1771; x_wconf 90' lang='lat' dir='ltr'><strong>Deo.</strong></span> <span class='ocrx_word' id='word_1_220' title='bbox 2503 1715 2650 1771; x_wconf 79' lang='lat' dir='ltr'><strong>Dixit</strong></span> <span class='ocrx_word' id='word_1_221' title='bbox 2674 1717 2853 1788; x_wconf 87' lang='lat' dir='ltr'><strong>qualia</strong></span> <span class='ocrx_word' id='word_1_222' title='bbox 2877 1719 3008 1788; x_wconf 90' lang='lat' dir='ltr'><strong>sint,</strong></span> <span class='ocrx_word' id='word_1_223' title='bbox 3041 1719 3093 1777; x_wconf 91' lang='lat' dir='ltr'><strong>id</strong></span> <span class='ocrx_word' id='word_1_224' title='bbox 3126 1729 3228 1790; x_wconf 89' lang='lat' dir='ltr'><strong>est,</strong></span> <span class='ocrx_word' id='word_1_225' title='bbox 3265 1739 3370 1777; x_wconf 88' lang='lat' dir='ltr'><strong>non</strong></span> <span class='ocrx_word' id='word_1_226' title='bbox 3393 1727 3639 1780; x_wconf 77' lang='lat' dir='ltr'><strong>carnalia</strong></span> 
     </span>
    </p>
   </div>
   <div class='ocr_carea' id='block_1_32' title="bbox 2033 1807 3638 1884">
    <p class='ocr_par' dir='ltr' id='par_1_32' title="bbox 2033 1807 3638 1884">
     <span class='ocr_line' id='line_1_32' title="bbox 2033 1807 3638 1884; baseline 0.007 -21"><span class='ocrx_word' id='word_1_227' title='bbox 2033 1824 2135 1864; x_wconf 89' lang='lat' dir='ltr'><strong>nec</strong></span> <span class='ocrx_word' id='word_1_228' title='bbox 2170 1807 2408 1877; x_wconf 79' lang='lat' dir='ltr'><strong>inﬁrma,</strong></span> <span class='ocrx_word' id='word_1_229' title='bbox 2451 1809 2546 1866; x_wconf 90' lang='lat' dir='ltr'><strong>sed</strong></span> <span class='ocrx_word' id='word_1_230' title='bbox 2588 1810 2843 1882; x_wconf 88' lang='lat' dir='ltr'><strong>spiritalia</strong></span> <span class='ocrx_word' id='word_1_231' title='bbox 2889 1821 2946 1870; x_wconf 90' lang='lat' dir='ltr'><strong>et</strong></span> <span class='ocrx_word' id='word_1_232' title='bbox 2975 1818 3222 1884; x_wconf 88' lang='lat' dir='ltr'><strong>potentia</strong></span> <span class='ocrx_word' id='word_1_233' title='bbox 3265 1821 3392 1874; x_wconf 89' lang='lat' dir='ltr'><strong>Deo.</strong></span> <span class='ocrx_word' id='word_1_234' title='bbox 3438 1817 3638 1874; x_wconf 88' lang='lat' dir='ltr'><strong>Deinde</strong></span> 
     </span>
    </p>
   </div>
   <div class='ocr_carea' id='block_1_33' title="bbox 327 1899 3635 1993">
    <p class='ocr_par' dir='ltr' id='par_1_33' title="bbox 327 1899 3635 1993">
     <span class='ocr_line' id='line_1_33' title="bbox 327 1899 3635 1993; baseline 0.004 -41"><span class='ocrx_word' id='word_1_235' title='bbox 327 1920 437 1975; x_wconf 74' lang='lat' dir='ltr'><strong>qua</strong></span> <span class='ocrx_word' id='word_1_236' title='bbox 448 1905 726 1974; x_wconf 70' lang='lat' dir='ltr'><strong>judicaba</strong></span> <span class='ocrx_word' id='word_1_237' title='bbox 748 1911 889 1964; x_wconf 66' lang='lat' dir='ltr'><strong>Deus</strong></span> <span class='ocrx_word' id='word_1_238' title='bbox 905 1899 1108 1965; x_wconf 62' lang='lat' dir='ltr'><strong>omina</strong></span> <span class='ocrx_word' id='word_1_239' title='bbox 1124 1909 1727 1975; x_wconf 56' lang='lat' dir='ltr'><strong>hminumsecundu&#39;m</strong></span> <span class='ocrx_word' id='word_1_240' title='bbox 1739 1912 1927 1967; x_wconf 67' lang='lat' dir='ltr'><strong>15mm-</strong></span> <span class='ocrx_word' id='word_1_241' title='bbox 1955 1929 2004 1993; x_wconf 78' lang='grc' dir='ltr'><strong>Β</strong></span> <span class='ocrx_word' id='word_1_242' title='bbox 2035 1899 2104 1956; x_wconf 87' lang='lat' dir='ltr'><strong>ad</strong></span> <span class='ocrx_word' id='word_1_243' title='bbox 2143 1915 2285 1993; x_wconf 87' lang='lat' dir='ltr'><strong>quos</strong></span> <span class='ocrx_word' id='word_1_244' title='bbox 2323 1899 2442 1957; x_wconf 86' lang='lat' dir='ltr'><strong>sint</strong></span> <span class='ocrx_word' id='word_1_245' title='bbox 2485 1901 2790 1958; x_wconf 83' lang='lat' dir='ltr'><strong>exercenda</strong></span> <span class='ocrx_word' id='word_1_246' title='bbox 2834 1907 3002 1976; x_wconf 64' lang='lat' dir='ltr'><strong>[Lips</strong></span> <span class='ocrx_word' id='word_1_247' title='bbox 3042 1908 3100 1961; x_wconf 90' lang='lat' dir='ltr'><strong>in</strong></span> <span class='ocrx_word' id='word_1_248' title='bbox 3140 1923 3312 1977; x_wconf 89' lang='lat' dir='ltr'><strong>marg.</strong></span> <span class='ocrx_word' id='word_1_249' title='bbox 3347 1909 3635 1980; x_wconf 81' lang='lat' dir='ltr'><strong>exerenda]</strong></span> 
     </span>
    </p>
   </div>
   <div class='ocr_carea' id='block_1_34' title="bbox 329 1999 1045 2074">
    <p class='ocr_par' dir='ltr' id='par_1_34' title="bbox 329 1999 1045 2074">
     <span class='ocr_line' id='line_1_34' title="bbox 329 1999 1045 2074; baseline 0.006 -20"><span class='ocrx_word' id='word_1_250' title='bbox 329 1999 530 2068; x_wconf 86' lang='lat' dir='ltr'><strong>gelium</strong></span> <span class='ocrx_word' id='word_1_251' title='bbox 550 2015 728 2056; x_wconf 89' lang='lat' dir='ltr'><strong>meum</strong></span> <span class='ocrx_word' id='word_1_252' title='bbox 757 2003 926 2069; x_wconf 85' lang='lat' dir='ltr'><strong>(Rom.</strong></span> <span class='ocrx_word' id='word_1_253' title='bbox 958 2003 1045 2074; x_wconf 85' lang='lat' dir='ltr'><strong>Il).</strong></span> 
     </span>
    </p>
   </div>
   <div class='ocr_carea' id='block_1_35' title="bbox 957 2085 1319 2162">
    <p class='ocr_par' dir='ltr' id='par_1_35' title="bbox 957 2085 1319 2162">
     <span class='ocr_line' id='line_1_35' title="bbox 957 2085 1319 2162; baseline 0.006 -2"><span class='ocrx_word' id='word_1_254' title='bbox 957 2085 1209 2160; x_wconf 79' lang='lat' dir='ltr'><strong>CAPUT</strong></span> <span class='ocrx_word' id='word_1_255' title='bbox 1254 2106 1319 2162; x_wconf 87' lang='lat' dir='ltr'><strong>v.</strong></span> 
     </span>
    </p>
   </div>
   <div class='ocr_carea' id='block_1_36' title="bbox 409 2201 1864 2276">
    <p class='ocr_par' dir='ltr' id='par_1_36' title="bbox 409 2201 1864 2276">
     <span class='ocr_line' id='line_1_36' title="bbox 409 2201 1864 2276; baseline 0.003 -20"><span class='ocrx_word' id='word_1_256' title='bbox 409 2201 478 2256; x_wconf 88' lang='lat' dir='ltr'><strong>De</strong></span> <span class='ocrx_word' id='word_1_257' title='bbox 493 2201 818 2271; x_wconf 74' lang='lat' dir='ltr'><strong>perfectione</strong></span> <span class='ocrx_word' id='word_1_258' title='bbox 835 2204 1030 2257; x_wconf 73' lang='lat' dir='ltr'><strong>animo:</strong></span> <span class='ocrx_word' id='word_1_259' title='bbox 1050 2202 1126 2256; x_wconf 88' lang='lat' dir='ltr'><strong>ad</strong></span> <span class='ocrx_word' id='word_1_260' title='bbox 1142 2203 1548 2261; x_wconf 74' lang='lat' dir='ltr'><strong>similitudinem</strong></span> <span class='ocrx_word' id='word_1_261' title='bbox 1569 2207 1864 2276; x_wconf 79' lang='lat' dir='ltr'><strong>evangelici</strong></span> 
     </span>
    </p>
   </div>
   <div class='ocr_carea' id='block_1_37' title="bbox 791 2276 1456 2345">
    <p class='ocr_par' dir='ltr' id='par_1_37' title="bbox 791 2276 1456 2345">
     <span class='ocr_line' id='line_1_37' title="bbox 791 2276 1456 2345; baseline 0.003 -17"><span class='ocrx_word' id='word_1_262' title='bbox 791 2276 1123 2329; x_wconf 72' lang='lat' dir='ltr'><strong>centurionis</strong></span> <span class='ocrx_word' id='word_1_263' title='bbox 1146 2280 1456 2345; x_wconf 69' lang='lat' dir='ltr'><strong>assumpta.</strong></span> 
     </span>
    </p>
   </div>
   <div class='ocr_carea' id='block_1_38' title="bbox 409 2375 1930 2451">
    <p class='ocr_par' dir='ltr' id='par_1_38' title="bbox 409 2375 1930 2451">
     <span class='ocr_line' id='line_1_38' title="bbox 409 2375 1930 2451; baseline 0.002 -20"><span class='ocrx_word' id='word_1_264' title='bbox 409 2375 588 2450; x_wconf 80' lang='lat' dir='ltr'><strong>Hujus</strong></span> <span class='ocrx_word' id='word_1_265' title='bbox 633 2380 660 2410; x_wconf 78' lang='grc'>⁸</span> <span class='ocrx_word' id='word_1_266' title='bbox 699 2393 830 2450; x_wconf 90' lang='lat' dir='ltr'><strong>ergo</strong></span> <span class='ocrx_word' id='word_1_267' title='bbox 875 2376 1132 2450; x_wconf 66' lang='lat' dir='ltr'><strong>perfectae</strong></span> <span class='ocrx_word' id='word_1_268' title='bbox 1175 2378 1376 2434; x_wconf 86' lang='lat' dir='ltr'><strong>mentis</strong></span> <span class='ocrx_word' id='word_1_269' title='bbox 1421 2377 1594 2450; x_wconf 85' lang='lat' dir='ltr'><strong>ﬁgura</strong></span> <span class='ocrx_word' id='word_1_270' title='bbox 1635 2395 1733 2451; x_wconf 91' lang='lat' dir='ltr'><strong>per</strong></span> <span class='ocrx_word' id='word_1_271' title='bbox 1775 2378 1930 2435; x_wconf 89' lang='lat' dir='ltr'><strong>illum</strong></span> 
     </span>
    </p>
   </div>
   <div class='ocr_carea' id='block_1_39' title="bbox 329 2469 1926 2544">
    <p class='ocr_par' dir='ltr' id='par_1_39' title="bbox 329 2469 1926 2544">
     <span class='ocr_line' id='line_1_39' title="bbox 329 2469 1926 2544; baseline 0.001 -20"><span class='ocrx_word' id='word_1_272' title='bbox 329 2469 710 2542; x_wconf 79' lang='lat' dir='ltr'><strong>evangelicum</strong></span> <span class='ocrx_word' id='word_1_273' title='bbox 753 2470 1126 2528; x_wconf 88' lang='lat' dir='ltr'><strong>centurionem</strong></span> <span class='ocrx_word' id='word_1_274' title='bbox 1178 2470 1542 2544; x_wconf 87' lang='lat' dir='ltr'><strong>pulcherrime</strong></span> <span class='ocrx_word' id='word_1_275' title='bbox 1591 2471 1926 2544; x_wconf 83' lang='lat' dir='ltr'><strong>designatur,</strong></span> 
     </span>
    </p>
   </div>
   <div class='ocr_carea' id='block_1_40' title="bbox 328 2561 1932 2638">
    <p class='ocr_par' dir='ltr' id='par_1_40' title="bbox 328 2561 1932 2638">
     <span class='ocr_line' id='line_1_40' title="bbox 328 2561 1932 2638; baseline 0.003 -20"><span class='ocrx_word' id='word_1_276' title='bbox 328 2561 490 2635; x_wconf 87' lang='lat' dir='ltr'><strong>cujus</strong></span> <span class='ocrx_word' id='word_1_277' title='bbox 529 2563 699 2620; x_wconf 89' lang='lat' dir='ltr'><strong>virtus</strong></span> <span class='ocrx_word' id='word_1_278' title='bbox 737 2573 900 2636; x_wconf 88' lang='lat' dir='ltr'><strong>atque</strong></span> <span class='ocrx_word' id='word_1_279' title='bbox 935 2565 1271 2632; x_wconf 90' lang='lat' dir='ltr'><strong>constantia,</strong></span> <span class='ocrx_word' id='word_1_280' title='bbox 1307 2580 1414 2637; x_wconf 89' lang='lat' dir='ltr'><strong>qua</strong></span> <span class='ocrx_word' id='word_1_281' title='bbox 1453 2581 1568 2623; x_wconf 92' lang='lat' dir='ltr'><strong>non</strong></span> <span class='ocrx_word' id='word_1_282' title='bbox 1603 2566 1932 2638; x_wconf 88' lang='lat' dir='ltr'><strong>quibuslibet</strong></span> 
     </span>
    </p>
   </div>
   <div class='ocr_carea' id='block_1_41' title="bbox 328 2655 1931 2732">
    <p class='ocr_par' dir='ltr' id='par_1_41' title="bbox 328 2655 1931 2732">
     <span class='ocr_line' id='line_1_41' title="bbox 328 2655 1931 2732; baseline 0.003 -22"><span class='ocrx_word' id='word_1_283' title='bbox 328 2655 707 2729; x_wconf 83' lang='lat' dir='ltr'><strong>ingruentibus</strong></span> <span class='ocrx_word' id='word_1_284' title='bbox 734 2659 1154 2732; x_wconf 77' lang='lat' dir='ltr'><strong>cogitationibus</strong></span> <span class='ocrx_word' id='word_1_285' title='bbox 1176 2659 1566 2728; x_wconf 90' lang='lat' dir='ltr'><strong>abducebatur,</strong></span> <span class='ocrx_word' id='word_1_286' title='bbox 1595 2659 1691 2716; x_wconf 91' lang='lat' dir='ltr'><strong>sed</strong></span> <span class='ocrx_word' id='word_1_287' title='bbox 1710 2675 1810 2732; x_wconf 90' lang='lat' dir='ltr'><strong>pro</strong></span> <span class='ocrx_word' id='word_1_288' title='bbox 1829 2675 1931 2716; x_wconf 91' lang='lat' dir='ltr'><strong>suo</strong></span> 
     </span>
    </p>
   </div>
   <div class='ocr_carea' id='block_1_42' title="bbox 321 2747 1934 2824">
    <p class='ocr_par' dir='ltr' id='par_1_42' title="bbox 321 2747 1934 2824">
     <span class='ocr_line' id='line_1_42' title="bbox 321 2747 1934 2824; baseline 0.002 -20"><span class='ocrx_word' id='word_1_289' title='bbox 321 2747 540 2821; x_wconf 89' lang='lat' dir='ltr'><strong>judicio</strong></span> <span class='ocrx_word' id='word_1_290' title='bbox 584 2750 665 2807; x_wconf 88' lang='lat' dir='ltr'><strong>vel</strong></span> <span class='ocrx_word' id='word_1_291' title='bbox 691 2751 1018 2808; x_wconf 87' lang='lat' dir='ltr'><strong>admittebat</strong></span> <span class='ocrx_word' id='word_1_292' title='bbox 1045 2753 1236 2820; x_wconf 92' lang='lat' dir='ltr'><strong>bonas,</strong></span> <span class='ocrx_word' id='word_1_293' title='bbox 1282 2752 1364 2809; x_wconf 89' lang='lat' dir='ltr'><strong>vel</strong></span> <span class='ocrx_word' id='word_1_294' title='bbox 1400 2752 1698 2809; x_wconf 89' lang='lat' dir='ltr'><strong>contrarias</strong></span> <span class='ocrx_word' id='word_1_295' title='bbox 1726 2753 1934 2824; x_wconf 87' lang='lat' dir='ltr'><strong>absque</strong></span> 
     </span>
    </p>
   </div>
   <div class='ocr_carea' id='block_1_43' title="bbox 328 2841 1934 2920">
    <p class='ocr_par' dir='ltr' id='par_1_43' title="bbox 328 2841 1934 2920">
     <span class='ocr_line' id='line_1_43' title="bbox 328 2841 1934 2920; baseline 0.003 -23"><span class='ocrx_word' id='word_1_296' title='bbox 328 2841 446 2898; x_wconf 90' lang='lat' dir='ltr'><strong>ulla</strong></span> <span class='ocrx_word' id='word_1_297' title='bbox 484 2843 801 2902; x_wconf 79' lang='lat' dir='ltr'><strong>difﬁcultate</strong></span> <span class='ocrx_word' id='word_1_298' title='bbox 839 2845 1102 2918; x_wconf 87' lang='lat' dir='ltr'><strong>pellebat,</strong></span> <span class='ocrx_word' id='word_1_299' title='bbox 1147 2846 1250 2904; x_wconf 89' lang='lat' dir='ltr'><strong>hac</strong></span> <span class='ocrx_word' id='word_1_300' title='bbox 1295 2847 1502 2920; x_wconf 89' lang='lat' dir='ltr'><strong>tropica</strong></span> <span class='ocrx_word' id='word_1_301' title='bbox 1539 2845 1934 2919; x_wconf 80' lang='lat' dir='ltr'><strong>significatione</strong></span> 
     </span>
    </p>
   </div>
   <div class='ocr_carea' id='block_1_44' title="bbox 326 2937 1934 3014">
    <p class='ocr_par' dir='ltr' id='par_1_44' title="bbox 326 2937 1934 3014">
     <span class='ocr_line' id='line_1_44' title="bbox 326 2937 1934 3014; baseline 0.003 -21"><span class='ocrx_word' id='word_1_302' title='bbox 326 2937 606 3011; x_wconf 89' lang='lat' dir='ltr'><strong>descripta</strong></span> <span class='ocrx_word' id='word_1_303' title='bbox 624 2948 707 2996; x_wconf 87' lang='lat' dir='ltr'><strong>est</strong></span> <span class='ocrx_word' id='word_1_304' title='bbox 733 2959 748 2996; x_wconf 88' lang='lat'><strong>:</strong></span> <span class='ocrx_word' id='word_1_305' title='bbox 766 2943 907 3000; x_wconf 88' lang='lat' dir='ltr'><strong>Nam</strong></span> <span class='ocrx_word' id='word_1_306' title='bbox 926 2946 976 2998; x_wconf 89' lang='lat' dir='ltr'><strong>et</strong></span> <span class='ocrx_word' id='word_1_307' title='bbox 995 2958 1085 3012; x_wconf 85' lang='lat' dir='ltr'><strong><em>ego</em></strong></span> <span class='ocrx_word' id='word_1_308' title='bbox 1105 2944 1257 2998; x_wconf 90' lang='lat' dir='ltr'><strong>homo</strong></span> <span class='ocrx_word' id='word_1_309' title='bbox 1273 2957 1394 2999; x_wconf 88' lang='lat' dir='ltr'><strong>sum</strong></span> <span class='ocrx_word' id='word_1_310' title='bbox 1415 2945 1516 2999; x_wconf 85' lang='lat' dir='ltr'><strong>sub</strong></span> <span class='ocrx_word' id='word_1_311' title='bbox 1534 2947 1797 3014; x_wconf 84' lang='lat' dir='ltr'><strong>potestate</strong></span> <span class='ocrx_word' id='word_1_312' title='bbox 1814 2959 1934 2998; x_wconf 85' lang='lat' dir='ltr'><strong>con-</strong></span> 
     </span>
    </p>
   </div>
   <div class='ocr_carea' id='block_1_45' title="bbox 328 3033 1935 3106">
    <p class='ocr_par' dir='ltr' id='par_1_45' title="bbox 328 3033 1935 3106">
     <span class='ocr_line' id='line_1_45' title="bbox 328 3033 1935 3106; baseline 0.004 -20"><span class='ocrx_word' id='word_1_313' title='bbox 328 3033 582 3095; x_wconf 83' lang='lat' dir='ltr'><strong>stitutus,</strong></span> <span class='ocrx_word' id='word_1_314' title='bbox 608 3033 809 3088; x_wconf 86' lang='lat' dir='ltr'><strong>habens</strong></span> <span class='ocrx_word' id='word_1_315' title='bbox 830 3035 930 3088; x_wconf 77' lang='lat' dir='ltr'><strong>sub</strong></span> <span class='ocrx_word' id='word_1_316' title='bbox 951 3051 1034 3089; x_wconf 91' lang='lat' dir='ltr'><strong>me</strong></span> <span class='ocrx_word' id='word_1_317' title='bbox 1055 3037 1274 3106; x_wconf 80' lang='lat' dir='ltr'><strong>milites,</strong></span> <span class='ocrx_word' id='word_1_318' title='bbox 1301 3039 1350 3090; x_wconf 90' lang='lat' dir='ltr'><strong>et</strong></span> <span class='ocrx_word' id='word_1_319' title='bbox 1374 3037 1491 3091; x_wconf 89' lang='lat' dir='ltr'><strong>dico</strong></span> <span class='ocrx_word' id='word_1_320' title='bbox 1511 3037 1652 3099; x_wconf 91' lang='lat' dir='ltr'><strong>huic,</strong></span> <span class='ocrx_word' id='word_1_321' title='bbox 1683 3038 1854 3100; x_wconf 89' lang='lat' dir='ltr'><strong>Vade,</strong></span> <span class='ocrx_word' id='word_1_322' title='bbox 1883 3040 1935 3092; x_wconf 91' lang='lat' dir='ltr'><strong>et</strong></span> 
     </span>
    </p>
   </div>
   <div class='ocr_carea' id='block_1_46' title="bbox 327 3125 1936 3204">
    <p class='ocr_par' dir='ltr' id='par_1_46' title="bbox 327 3125 1936 3204">
     <span class='ocr_line' id='line_1_46' title="bbox 327 3125 1936 3204; baseline 0.002 -24"><span class='ocrx_word' id='word_1_323' title='bbox 327 3125 528 3192; x_wconf 75' lang='lat' dir='ltr'><strong>vadit;</strong></span> <span class='ocrx_word' id='word_1_324' title='bbox 556 3129 608 3179; x_wconf 84' lang='lat' dir='ltr'><strong>et</strong></span> <span class='ocrx_word' id='word_1_325' title='bbox 629 3126 753 3191; x_wconf 85' lang='lat' dir='ltr'><strong>alii,</strong></span> <span class='ocrx_word' id='word_1_326' title='bbox 785 3127 942 3188; x_wconf 88' lang='lat' dir='ltr'><strong>Veni,</strong></span> <span class='ocrx_word' id='word_1_327' title='bbox 958 3131 1007 3181; x_wconf 85' lang='lat' dir='ltr'><strong>et</strong></span> <span class='ocrx_word' id='word_1_328' title='bbox 1029 3129 1198 3193; x_wconf 72' lang='lat' dir='ltr'><strong>uertit;</strong></span> <span class='ocrx_word' id='word_1_329' title='bbox 1225 3132 1276 3182; x_wconf 91' lang='lat' dir='ltr'><strong>et</strong></span> <span class='ocrx_word' id='word_1_330' title='bbox 1291 3143 1438 3184; x_wconf 76' lang='lat' dir='ltr'><strong>seruo</strong></span> <span class='ocrx_word' id='word_1_331' title='bbox 1460 3145 1594 3192; x_wconf 91' lang='lat' dir='ltr'><strong>meo,</strong></span> <span class='ocrx_word' id='word_1_332' title='bbox 1620 3133 1722 3184; x_wconf 88' lang='lat' dir='ltr'><strong>Fac</strong></span> <span class='ocrx_word' id='word_1_333' title='bbox 1745 3130 1862 3204; x_wconf 84' lang='lat' dir='ltr'><strong>hoc,</strong></span> <span class='ocrx_word' id='word_1_334' title='bbox 1885 3134 1936 3184; x_wconf 91' lang='lat' dir='ltr'><strong>et</strong></span> 
     </span>
    </p>
   </div>
   <div class='ocr_carea' id='block_1_47' title="bbox 331 3218 1933 3292">
    <p class='ocr_par' dir='ltr' id='par_1_47' title="bbox 331 3218 1933 3292">
     <span class='ocr_line' id='line_1_47' title="bbox 331 3218 1933 3292; baseline 0.002 -20"><span class='ocrx_word' id='word_1_335' title='bbox 331 3220 480 3287; x_wconf 83' lang='lat' dir='ltr'><strong>facit</strong></span> <span class='ocrx_word' id='word_1_336' title='bbox 505 3218 721 3286; x_wconf 83' lang='lat' dir='ltr'><strong>(Matth.</strong></span> <span class='ocrx_word' id='word_1_337' title='bbox 749 3223 907 3284; x_wconf 78' lang='lat' dir='ltr'><strong>vni).</strong></span> <span class='ocrx_word' id='word_1_338' title='bbox 929 3218 986 3274; x_wconf 92' lang='lat' dir='ltr'><strong>Si</strong></span> <span class='ocrx_word' id='word_1_339' title='bbox 1013 3219 1178 3292; x_wconf 87' lang='lat' dir='ltr'><strong>igitur</strong></span> <span class='ocrx_word' id='word_1_340' title='bbox 1197 3234 1301 3276; x_wconf 90' lang='lat' dir='ltr'><strong>nos</strong></span> <span class='ocrx_word' id='word_1_341' title='bbox 1337 3234 1556 3292; x_wconf 89' lang='lat' dir='ltr'><strong>quoque</strong></span> <span class='ocrx_word' id='word_1_342' title='bbox 1581 3220 1806 3277; x_wconf 85' lang='lat' dir='ltr'><strong>viriliter</strong></span> <span class='ocrx_word' id='word_1_343' title='bbox 1839 3221 1933 3276; x_wconf 87' lang='lat' dir='ltr'><strong>ad-</strong></span> 
     </span>
    </p>
   </div>
   <div class='ocr_carea' id='block_1_48' title="bbox 2035 1992 3628 2066">
    <p class='ocr_par' dir='ltr' id='par_1_48' title="bbox 2035 1992 3628 2066">
     <span class='ocr_line' id='line_1_48' title="bbox 2035 1992 3628 2066; baseline 0.008 -18"><span class='ocrx_word' id='word_1_344' title='bbox 2035 1992 2317 2050; x_wconf 86' lang='lat' dir='ltr'><strong>conllictus</strong></span> <span class='ocrx_word' id='word_1_345' title='bbox 2345 2003 2745 2066; x_wconf 90' lang='lat' dir='ltr'><strong>consequenter</strong></span> <span class='ocrx_word' id='word_1_346' title='bbox 2770 1997 3007 2054; x_wconf 88' lang='lat' dir='ltr'><strong>insinuat</strong></span> <span class='ocrx_word' id='word_1_347' title='bbox 3040 2018 3052 2053; x_wconf 92' lang='lat'><strong>:</strong></span> <span class='ocrx_word' id='word_1_348' title='bbox 3084 2001 3178 2056; x_wconf 86' lang='lat' dir='ltr'><strong>Ad</strong></span> <span class='ocrx_word' id='word_1_349' title='bbox 3217 2002 3628 2060; x_wconf 80' lang='lat' dir='ltr'><strong>destructionem</strong></span> 
     </span>
    </p>
   </div>
   <div class='ocr_carea' id='block_1_49' title="bbox 2034 2076 3639 2162">
    <p class='ocr_par' dir='ltr' id='par_1_49' title="bbox 2034 2076 3639 2162">
     <span class='ocr_line' id='line_1_49' title="bbox 2034 2076 3639 2162; baseline 0.008 -21"><span class='ocrx_word' id='word_1_350' title='bbox 2034 2076 2426 2143; x_wconf 80' lang='lat' dir='ltr'><strong>munitionumd</strong></span> <span class='ocrx_word' id='word_1_351' title='bbox 2440 2091 2781 2158; x_wconf 82' lang='lat' dir='ltr'><strong>cogitationes</strong></span> <span class='ocrx_word' id='word_1_352' title='bbox 2783 2097 3097 2162; x_wconf 87' lang='lat' dir='ltr'><strong>purgantes,</strong></span> <span class='ocrx_word' id='word_1_353' title='bbox 3113 2100 3164 2150; x_wconf 92' lang='lat' dir='ltr'><strong>et</strong></span> <span class='ocrx_word' id='word_1_354' title='bbox 3173 2110 3377 2152; x_wconf 86' lang='lat' dir='ltr'><strong>omnem</strong></span> <span class='ocrx_word' id='word_1_355' title='bbox 3389 2098 3639 2154; x_wconf 87' lang='lat' dir='ltr'><strong>altitudi-</strong></span> 
     </span>
    </p>
   </div>
   <div class='ocr_carea' id='block_1_50' title="bbox 2034 2183 3641 2262">
    <p class='ocr_par' dir='ltr' id='par_1_50' title="bbox 2034 2183 3641 2262">
     <span class='ocr_line' id='line_1_50' title="bbox 2034 2183 3641 2262; baseline 0.007 -26"><span class='ocrx_word' id='word_1_356' title='bbox 2034 2196 2154 2236; x_wconf 87' lang='lat' dir='ltr'><strong>nem</strong></span> <span class='ocrx_word' id='word_1_357' title='bbox 2168 2183 2504 2240; x_wconf 67' lang='lat' dir='ltr'><strong>extollentem</strong></span> <span class='ocrx_word' id='word_1_358' title='bbox 2519 2198 2575 2238; x_wconf 90' lang='lat' dir='ltr'><strong>se</strong></span> <span class='ocrx_word' id='word_1_359' title='bbox 2589 2185 2847 2241; x_wconf 82' lang='lat' dir='ltr'><strong>adversus</strong></span> <span class='ocrx_word' id='word_1_360' title='bbox 2861 2189 3138 2242; x_wconf 83' lang='lat' dir='ltr'><strong>scientiam</strong></span> <span class='ocrx_word' id='word_1_361' title='bbox 3155 2191 3272 2253; x_wconf 85' lang='lat' dir='ltr'><strong>Dei,</strong></span> <span class='ocrx_word' id='word_1_362' title='bbox 3296 2195 3347 2244; x_wconf 91' lang='lat' dir='ltr'><strong>et</strong></span> <span class='ocrx_word' id='word_1_363' title='bbox 3361 2194 3641 2262; x_wconf 80' lang='lat' dir='ltr'><strong>captivan-</strong></span> 
     </span>
    </p>
   </div>
   <div class='ocr_carea' id='block_1_51' title="bbox 2037 2277 3640 2355">
    <p class='ocr_par' dir='ltr' id='par_1_51' title="bbox 2037 2277 3640 2355">
     <span class='ocr_line' id='line_1_51' title="bbox 2037 2277 3640 2355; baseline 0.007 -26"><span class='ocrx_word' id='word_1_364' title='bbox 2037 2280 2113 2330; x_wconf 89' lang='lat' dir='ltr'><strong>tes</strong></span> <span class='ocrx_word' id='word_1_365' title='bbox 2140 2291 2342 2331; x_wconf 89' lang='lat' dir='ltr'><strong>omnem</strong></span> <span class='ocrx_word' id='word_1_366' title='bbox 2359 2277 2683 2333; x_wconf 85' lang='lat' dir='ltr'><strong>intellectum</strong></span> <span class='ocrx_word' id='word_1_367' title='bbox 2711 2281 2772 2334; x_wconf 88' lang='lat' dir='ltr'><strong>in</strong></span> <span class='ocrx_word' id='word_1_368' title='bbox 2791 2281 3152 2337; x_wconf 86' lang='lat' dir='ltr'><strong>obedientiam</strong></span> <span class='ocrx_word' id='word_1_369' title='bbox 3180 2283 3404 2348; x_wconf 86' lang='lat' dir='ltr'><strong>Christi,</strong></span> <span class='ocrx_word' id='word_1_370' title='bbox 3427 2288 3480 2339; x_wconf 88' lang='lat' dir='ltr'><strong>et</strong></span> <span class='ocrx_word' id='word_1_371' title='bbox 3497 2301 3640 2355; x_wconf 70' lang='lat' dir='ltr'><strong>prte-</strong></span> 
     </span>
    </p>
   </div>
   <div class='ocr_carea' id='block_1_52' title="bbox 2031 2371 3640 2449">
    <p class='ocr_par' dir='ltr' id='par_1_52' title="bbox 2031 2371 3640 2449">
     <span class='ocr_line' id='line_1_52' title="bbox 2031 2371 3640 2449; baseline 0.008 -26"><span class='ocrx_word' id='word_1_372' title='bbox 2031 2372 2224 2440; x_wconf 85' lang='lat' dir='ltr'><strong>parati</strong></span> <span class='ocrx_word' id='word_1_373' title='bbox 2239 2371 2424 2426; x_wconf 87' lang='lat' dir='ltr'><strong>ulcisci</strong></span> <span class='ocrx_word' id='word_1_374' title='bbox 2431 2387 2637 2427; x_wconf 89' lang='lat' dir='ltr'><strong>omnem</strong></span> <span class='ocrx_word' id='word_1_375' title='bbox 2647 2374 3086 2440; x_wconf 86' lang='lat' dir='ltr'><strong>inobedientiam,</strong></span> <span class='ocrx_word' id='word_1_376' title='bbox 3105 2393 3222 2432; x_wconf 90' lang='lat' dir='ltr'><strong>cum</strong></span> <span class='ocrx_word' id='word_1_377' title='bbox 3237 2380 3455 2449; x_wconf 84' lang='lat' dir='ltr'><strong>impleta</strong></span> <span class='ocrx_word' id='word_1_378' title='bbox 3463 2383 3640 2448; x_wconf 88' lang='lat' dir='ltr'><strong>fuerit</strong></span> 
     </span>
    </p>
   </div>
   <div class='ocr_carea' id='block_1_53' title="bbox 2030 2466 3639 2546">
    <p class='ocr_par' dir='ltr' id='par_1_53' title="bbox 2030 2466 3639 2546">
     <span class='ocr_line' id='line_1_53' title="bbox 2030 2466 3639 2546; baseline 0.007 -27"><span class='ocrx_word' id='word_1_379' title='bbox 2030 2466 2272 2536; x_wconf 87' lang='lat' dir='ltr'><strong>primum</strong></span> <span class='ocrx_word' id='word_1_380' title='bbox 2309 2469 2486 2521; x_wconf 84' lang='lat' dir='ltr'><strong>vestra</strong></span> <span class='ocrx_word' id='word_1_381' title='bbox 2525 2467 2826 2523; x_wconf 87' lang='lat' dir='ltr'><strong>obedientia</strong></span> <span class='ocrx_word' id='word_1_382' title='bbox 2853 2467 2922 2542; x_wconf 81' lang='grc' dir='ltr'><strong>(ιι</strong></span> <span class='ocrx_word' id='word_1_383' title='bbox 2968 2471 3088 2527; x_wconf 87' lang='lat' dir='ltr'><strong>Cor.</strong></span> <span class='ocrx_word' id='word_1_384' title='bbox 3126 2475 3207 2538; x_wconf 83' lang='lat' dir='ltr'><strong>x).</strong></span> <span class='ocrx_word' id='word_1_385' title='bbox 3244 2473 3382 2542; x_wconf 70' lang='lat' dir='ltr'><strong>Quae</strong></span> <span class='ocrx_word' id='word_1_386' title='bbox 3419 2472 3639 2546; x_wconf 88' lang='lat' dir='ltr'><strong>quidem</strong></span> 
     </span>
    </p>
   </div>
   <div class='ocr_carea' id='block_1_54' title="bbox 2038 2559 3634 2634">
    <p class='ocr_par' dir='ltr' id='par_1_54' title="bbox 2038 2559 3634 2634">
     <span class='ocr_line' id='line_1_54' title="bbox 2038 2559 3634 2634; baseline 0.006 -21"><span class='ocrx_word' id='word_1_387' title='bbox 2038 2559 2161 2631; x_wconf 88' lang='lat' dir='ltr'><strong>quia</strong></span> <span class='ocrx_word' id='word_1_388' title='bbox 2213 2559 2485 2630; x_wconf 87' lang='lat' dir='ltr'><strong>sigillatim</strong></span> <span class='ocrx_word' id='word_1_389' title='bbox 2544 2575 2858 2632; x_wconf 90' lang='lat' dir='ltr'><strong>percurrere</strong></span> <span class='ocrx_word' id='word_1_390' title='bbox 2904 2563 3046 2619; x_wconf 88' lang='lat' dir='ltr'><strong>sicut</strong></span> <span class='ocrx_word' id='word_1_391' title='bbox 3110 2566 3508 2634; x_wconf 87' lang='lat' dir='ltr'><strong>necessarium,</strong></span> <span class='ocrx_word' id='word_1_392' title='bbox 3562 2566 3634 2622; x_wconf 89' lang='lat' dir='ltr'><strong>ita</strong></span> 
     </span>
    </p>
   </div>
   <div class='ocr_carea' id='block_1_55' title="bbox 2039 2653 3640 2725">
    <p class='ocr_par' dir='ltr' id='par_1_55' title="bbox 2039 2653 3640 2725">
     <span class='ocr_line' id='line_1_55' title="bbox 2039 2653 3640 2725; baseline 0.004 -16"><span class='ocrx_word' id='word_1_393' title='bbox 2039 2653 2202 2709; x_wconf 90' lang='lat' dir='ltr'><strong>etiam</strong></span> <span class='ocrx_word' id='word_1_394' title='bbox 2231 2653 2455 2710; x_wconf 86' lang='lat' dir='ltr'><strong>alterius</strong></span> <span class='ocrx_word' id='word_1_395' title='bbox 2479 2655 2743 2725; x_wconf 87' lang='lat' dir='ltr'><strong>temporis</strong></span> <span class='ocrx_word' id='word_1_396' title='bbox 2771 2663 2871 2710; x_wconf 84' lang='lat' dir='ltr'><strong>est.</strong></span> <span class='ocrx_word' id='word_1_397' title='bbox 2909 2663 3206 2712; x_wconf 85' lang='lat' dir='ltr'><strong>Armorum</strong></span> <span class='ocrx_word' id='word_1_398' title='bbox 3253 2661 3640 2717; x_wconf 90' lang='lat' dir='ltr'><strong>tantummodo</strong></span> 
     </span>
    </p>
   </div>
   <div class='ocr_carea' id='block_1_56' title="bbox 2041 2746 3644 2824">
    <p class='ocr_par' dir='ltr' id='par_1_56' title="bbox 2041 2746 3644 2824">
     <span class='ocr_line' id='line_1_56' title="bbox 2041 2746 3644 2824; baseline 0.004 -22"><span class='ocrx_word' id='word_1_399' title='bbox 2041 2747 2166 2803; x_wconf 91' lang='lat' dir='ltr'><strong>volo</strong></span> <span class='ocrx_word' id='word_1_400' title='bbox 2187 2746 2343 2803; x_wconf 90' lang='lat' dir='ltr'><strong>vobis</strong></span> <span class='ocrx_word' id='word_1_401' title='bbox 2373 2762 2568 2818; x_wconf 90' lang='lat' dir='ltr'><strong>genera</strong></span> <span class='ocrx_word' id='word_1_402' title='bbox 2597 2748 3058 2820; x_wconf 87' lang='lat' dir='ltr'><strong>proprietatesque</strong></span> <span class='ocrx_word' id='word_1_403' title='bbox 3087 2747 3408 2821; x_wconf 88' lang='lat' dir='ltr'><strong>patefacere,</strong></span> <span class='ocrx_word' id='word_1_404' title='bbox 3445 2752 3644 2824; x_wconf 90' lang='lat' dir='ltr'><strong>quibus</strong></span> 
     </span>
    </p>
   </div>
   <div class='ocr_carea' id='block_1_57' title="bbox 2041 2840 3643 2916">
    <p class='ocr_par' dir='ltr' id='par_1_57' title="bbox 2041 2840 3643 2916">
     <span class='ocr_line' id='line_1_57' title="bbox 2041 2840 3643 2916; baseline 0.003 -20"><span class='ocrx_word' id='word_1_405' title='bbox 2041 2855 2148 2897; x_wconf 91' lang='lat' dir='ltr'><strong>nos</strong></span> <span class='ocrx_word' id='word_1_406' title='bbox 2167 2856 2384 2912; x_wconf 90' lang='lat' dir='ltr'><strong>quoque</strong></span> <span class='ocrx_word' id='word_1_407' title='bbox 2413 2841 2460 2897; x_wconf 91' lang='lat' dir='ltr'><strong>si</strong></span> <span class='ocrx_word' id='word_1_408' title='bbox 2485 2840 2746 2897; x_wconf 83' lang='lat' dir='ltr'><strong>volumus</strong></span> <span class='ocrx_word' id='word_1_409' title='bbox 2773 2841 2912 2898; x_wconf 88' lang='lat' dir='ltr'><strong>bella</strong></span> <span class='ocrx_word' id='word_1_410' title='bbox 2941 2843 3161 2898; x_wconf 88' lang='lat' dir='ltr'><strong>Domini</strong></span> <span class='ocrx_word' id='word_1_411' title='bbox 3188 2843 3446 2916; x_wconf 69' lang='lat' dir='ltr'><strong>praeliari,</strong></span> <span class='ocrx_word' id='word_1_412' title='bbox 3483 2853 3538 2901; x_wconf 88' lang='lat' dir='ltr'><strong>et</strong></span> <span class='ocrx_word' id='word_1_413' title='bbox 3561 2844 3643 2900; x_wconf 88' lang='lat' dir='ltr'><strong>in-</strong></span> 
     </span>
    </p>
   </div>
   <div class='ocr_carea' id='block_1_58' title="bbox 2043 2937 3647 3013">
    <p class='ocr_par' dir='ltr' id='par_1_58' title="bbox 2043 2937 3647 3013">
     <span class='ocr_line' id='line_1_58' title="bbox 2043 2937 3647 3013; baseline 0.004 -23"><span class='ocrx_word' id='word_1_414' title='bbox 2043 2943 2126 2990; x_wconf 89' lang='lat' dir='ltr'><strong>ter</strong></span> <span class='ocrx_word' id='word_1_415' title='bbox 2155 2937 2508 2993; x_wconf 87' lang='lat' dir='ltr'><strong>centuriones</strong></span> <span class='ocrx_word' id='word_1_416' title='bbox 2536 2937 2870 3009; x_wconf 91' lang='lat' dir='ltr'><strong>evangelieos</strong></span> <span class='ocrx_word' id='word_1_417' title='bbox 2900 2937 3154 3007; x_wconf 88' lang='lat' dir='ltr'><strong>militare,</strong></span> <span class='ocrx_word' id='word_1_418' title='bbox 3189 2939 3411 2995; x_wconf 90' lang='lat' dir='ltr'><strong>accincti</strong></span> <span class='ocrx_word' id='word_1_419' title='bbox 3443 2938 3647 3013; x_wconf 89' lang='lat' dir='ltr'><strong>jugiter</strong></span> 
     </span>
    </p>
   </div>
   <div class='ocr_carea' id='block_1_59' title="bbox 2043 3027 3641 3104">
    <p class='ocr_par' dir='ltr' id='par_1_59' title="bbox 2043 3027 3641 3104">
     <span class='ocr_line' id='line_1_59' title="bbox 2043 3027 3641 3104; baseline 0.003 -19"><span class='ocrx_word' id='word_1_420' title='bbox 2043 3027 2304 3086; x_wconf 89' lang='lat' dir='ltr'><strong>debemus</strong></span> <span class='ocrx_word' id='word_1_421' title='bbox 2333 3030 2582 3087; x_wconf 91' lang='lat' dir='ltr'><strong>incedere</strong></span> <span class='ocrx_word' id='word_1_422' title='bbox 2617 3049 2630 3086; x_wconf 89' lang='lat'>:</span> <span class='ocrx_word' id='word_1_423' title='bbox 2663 3032 2890 3099; x_wconf 87' lang='lat' dir='ltr'><strong>Sumite,</strong></span> <span class='ocrx_word' id='word_1_424' title='bbox 2916 3033 3108 3104; x_wconf 90' lang='lat' dir='ltr'><strong>inquit,</strong></span> <span class='ocrx_word' id='word_1_425' title='bbox 3141 3035 3163 3066; x_wconf 70' lang='grc' dir='ltr'>ε</span> <span class='ocrx_word' id='word_1_426' title='bbox 3189 3040 3396 3088; x_wconf 86' lang='lat' dir='ltr'><strong>scutum</strong></span> <span class='ocrx_word' id='word_1_427' title='bbox 3423 3035 3554 3104; x_wconf 80' lang='lat' dir='ltr'><strong>ﬁdei</strong></span> <span class='ocrx_word' id='word_1_428' title='bbox 3583 3037 3641 3090; x_wconf 83' lang='lat' dir='ltr'><strong>in</strong></span> 
     </span>
    </p>
   </div>
   <div class='ocr_carea' id='block_1_60' title="bbox 2045 3126 3642 3197">
    <p class='ocr_par' dir='ltr' id='par_1_60' title="bbox 2045 3126 3642 3197">
     <span class='ocr_line' id='line_1_60' title="bbox 2045 3126 3642 3197; baseline 0.003 -19"><span class='ocrx_word' id='word_1_429' title='bbox 2045 3140 2149 3192; x_wconf 85' lang='lat' dir='ltr'><strong>quo</strong></span> <span class='ocrx_word' id='word_1_430' title='bbox 2167 3127 2389 3194; x_wconf 84' lang='lat' dir='ltr'><strong>possitis</strong></span> <span class='ocrx_word' id='word_1_431' title='bbox 2416 3127 2596 3181; x_wconf 85' lang='lat' dir='ltr'><strong>omnia</strong></span> <span class='ocrx_word' id='word_1_432' title='bbox 2622 3126 2728 3180; x_wconf 91' lang='lat' dir='ltr'><strong>tela</strong></span> <span class='ocrx_word' id='word_1_433' title='bbox 2753 3129 3074 3196; x_wconf 83' lang='lat' dir='ltr'><strong>nequissimi</strong></span> <span class='ocrx_word' id='word_1_434' title='bbox 3100 3130 3257 3197; x_wconf 87' lang='lat' dir='ltr'><strong>ignea</strong></span> <span class='ocrx_word' id='word_1_435' title='bbox 3287 3130 3642 3197; x_wconf 70' lang='lat' dir='ltr'><strong>exstinguere.</strong></span> 
     </span>
    </p>
   </div>
   <div class='ocr_carea' id='block_1_61' title="bbox 2043 3215 3642 3292">
    <p class='ocr_par' dir='ltr' id='par_1_61' title="bbox 2043 3215 3642 3292">
     <span class='ocr_line' id='line_1_61' title="bbox 2043 3215 3642 3292; baseline 0.003 -21"><span class='ocrx_word' id='word_1_436' title='bbox 2043 3218 2186 3289; x_wconf 86' lang='lat' dir='ltr'><strong>Ergo</strong></span> <span class='ocrx_word' id='word_1_437' title='bbox 2229 3215 2366 3274; x_wconf 84' lang='lat' dir='ltr'><strong>ﬁdes</strong></span> <span class='ocrx_word' id='word_1_438' title='bbox 2400 3227 2484 3274; x_wconf 89' lang='lat' dir='ltr'><strong>est</strong></span> <span class='ocrx_word' id='word_1_439' title='bbox 2527 3227 2745 3274; x_wconf 91' lang='lat' dir='ltr'><strong>scutum</strong></span> <span class='ocrx_word' id='word_1_440' title='bbox 2787 3235 2910 3290; x_wconf 79' lang='lat' dir='ltr'><strong>quae</strong></span> <span class='ocrx_word' id='word_1_441' title='bbox 2953 3221 3224 3292; x_wconf 72' lang='lat' dir='ltr'><strong>excipiam</strong></span> <span class='ocrx_word' id='word_1_442' title='bbox 3266 3221 3642 3279; x_wconf 88' lang='lat' dir='ltr'><strong>ardentissima</strong></span> 
     </span>
    </p>
   </div>
   <div class='ocr_carea' id='block_1_62' title="bbox 335 3309 3648 3388">
    <p class='ocr_par' dir='ltr' id='par_1_62' title="bbox 335 3309 3648 3388">
     <span class='ocr_line' id='line_1_62' title="bbox 335 3309 3648 3388; baseline 0.004 -28"><span class='ocrx_word' id='word_1_443' title='bbox 335 3323 534 3364; x_wconf 80' lang='lat' dir='ltr'><strong>versus</strong></span> <span class='ocrx_word' id='word_1_444' title='bbox 563 3309 992 3380; x_wconf 83' lang='lat' dir='ltr'><strong>perturbationes</strong></span> <span class='ocrx_word' id='word_1_445' title='bbox 1017 3318 1072 3366; x_wconf 87' lang='lat' dir='ltr'><strong>et</strong></span> <span class='ocrx_word' id='word_1_446' title='bbox 1100 3310 1224 3366; x_wconf 85' lang='lat' dir='ltr'><strong>vitia</strong></span> <span class='ocrx_word' id='word_1_447' title='bbox 1253 3311 1577 3368; x_wconf 84' lang='lat' dir='ltr'><strong>dimicantes</strong></span> <span class='ocrx_word' id='word_1_448' title='bbox 1601 3313 1940 3384; x_wconf 83' lang='lat' dir='ltr'><strong>potuerimus</strong></span> <span class='ocrx_word' id='word_1_449' title='bbox 1972 3317 2018 3380; x_wconf 61' lang='grc' dir='ltr'><strong>(ι</strong></span> <span class='ocrx_word' id='word_1_450' title='bbox 2049 3309 2330 3366; x_wconf 90' lang='lat' dir='ltr'><strong>libidinum</strong></span> <span class='ocrx_word' id='word_1_451' title='bbox 2356 3311 2482 3378; x_wconf 87' lang='lat' dir='ltr'><strong>tela,</strong></span> <span class='ocrx_word' id='word_1_452' title='bbox 2525 3321 2678 3368; x_wconf 88' lang='lat' dir='ltr'><strong>metu</strong></span> <span class='ocrx_word' id='word_1_453' title='bbox 2718 3310 2891 3369; x_wconf 90' lang='lat' dir='ltr'><strong>futuri</strong></span> <span class='ocrx_word' id='word_1_454' title='bbox 2925 3313 3111 3386; x_wconf 89' lang='lat' dir='ltr'><strong>judieii</strong></span> <span class='ocrx_word' id='word_1_455' title='bbox 3153 3323 3208 3371; x_wconf 91' lang='lat' dir='ltr'><strong>et</strong></span> <span class='ocrx_word' id='word_1_456' title='bbox 3236 3315 3468 3373; x_wconf 70' lang='lat' dir='ltr'><strong>emlestis</strong></span> <span class='ocrx_word' id='word_1_457' title='bbox 3497 3315 3648 3388; x_wconf 87' lang='lat' dir='ltr'><strong>regni</strong></span> 
     </span>
    </p>
   </div>
   <div class='ocr_carea' id='block_1_63' title="bbox 333 3400 1939 3478">
    <p class='ocr_par' dir='ltr' id='par_1_63' title="bbox 333 3400 1939 3478">
     <span class='ocr_line' id='line_1_63' title="bbox 333 3400 1939 3478; baseline 0.002 -19"><span class='ocrx_word' id='word_1_458' title='bbox 333 3416 408 3459; x_wconf 84' lang='lat' dir='ltr'><strong>ea</strong></span> <span class='ocrx_word' id='word_1_459' title='bbox 445 3400 636 3459; x_wconf 87' lang='lat' dir='ltr'><strong>ditioni</strong></span> <span class='ocrx_word' id='word_1_460' title='bbox 672 3411 882 3460; x_wconf 72' lang='lat' dir='ltr'><strong>nostrae</strong></span> <span class='ocrx_word' id='word_1_461' title='bbox 911 3403 1331 3477; x_wconf 88' lang='lat' dir='ltr'><strong>discretionique</strong></span> <span class='ocrx_word' id='word_1_462' title='bbox 1371 3404 1659 3478; x_wconf 88' lang='lat' dir='ltr'><strong>subjicere,</strong></span> <span class='ocrx_word' id='word_1_463' title='bbox 1689 3421 1753 3462; x_wconf 88' lang='lat' dir='ltr'><strong>ac</strong></span> <span class='ocrx_word' id='word_1_464' title='bbox 1794 3407 1939 3462; x_wconf 90' lang='lat' dir='ltr'><strong>mili-</strong></span> 
     </span>
    </p>
   </div>
   <div class='ocr_carea' id='block_1_64' title="bbox 334 3495 1941 3571">
    <p class='ocr_par' dir='ltr' id='par_1_64' title="bbox 334 3495 1941 3571">
     <span class='ocr_line' id='line_1_64' title="bbox 334 3495 1941 3571; baseline 0.002 -19"><span class='ocrx_word' id='word_1_465' title='bbox 334 3504 518 3553; x_wconf 88' lang='lat' dir='ltr'><strong>tantes</strong></span> <span class='ocrx_word' id='word_1_466' title='bbox 543 3495 599 3552; x_wconf 92' lang='lat' dir='ltr'><strong>in</strong></span> <span class='ocrx_word' id='word_1_467' title='bbox 625 3511 786 3553; x_wconf 89' lang='lat' dir='ltr'><strong>carne</strong></span> <span class='ocrx_word' id='word_1_468' title='bbox 809 3505 996 3554; x_wconf 86' lang='lat' dir='ltr'><strong>nostra</strong></span> <span class='ocrx_word' id='word_1_469' title='bbox 1023 3497 1375 3571; x_wconf 82' lang='lat' dir='ltr'><strong>extinguere</strong></span> <span class='ocrx_word' id='word_1_470' title='bbox 1409 3497 1706 3570; x_wconf 88' lang='lat' dir='ltr'><strong>passiones,</strong></span> <span class='ocrx_word' id='word_1_471' title='bbox 1738 3500 1819 3556; x_wconf 88' lang='lat' dir='ltr'><strong>vel</strong></span> <span class='ocrx_word' id='word_1_472' title='bbox 1851 3500 1941 3555; x_wconf 93' lang='lat' dir='ltr'><strong>in-</strong></span> 
     </span>
    </p>
   </div>
   <div class='ocr_carea' id='block_1_65' title="bbox 333 3589 1942 3664">
    <p class='ocr_par' dir='ltr' id='par_1_65' title="bbox 333 3589 1942 3664">
     <span class='ocr_line' id='line_1_65' title="bbox 333 3589 1942 3664; baseline 0.001 -17"><span class='ocrx_word' id='word_1_473' title='bbox 333 3589 591 3647; x_wconf 86' lang='lat' dir='ltr'><strong>stabilem</strong></span> <span class='ocrx_word' id='word_1_474' title='bbox 631 3589 1022 3664; x_wconf 74' lang='lat' dir='ltr'><strong>cogitationum</strong></span> <span class='ocrx_word' id='word_1_475' title='bbox 1054 3599 1368 3648; x_wconf 90' lang='lat' dir='ltr'><strong>nostrarum</strong></span> <span class='ocrx_word' id='word_1_476' title='bbox 1395 3591 1677 3649; x_wconf 87' lang='lat' dir='ltr'><strong>cohortem</strong></span> <span class='ocrx_word' id='word_1_477' title='bbox 1711 3593 1942 3650; x_wconf 88' lang='lat' dir='ltr'><strong>rationis</strong></span> 
     </span>
    </p>
   </div>
   <div class='ocr_carea' id='block_1_66' title="bbox 334 3683 1939 3758">
    <p class='ocr_par' dir='ltr' id='par_1_66' title="bbox 334 3683 1939 3758">
     <span class='ocr_line' id='line_1_66' title="bbox 334 3683 1939 3758; baseline 0.004 -20"><span class='ocrx_word' id='word_1_478' title='bbox 334 3683 568 3756; x_wconf 88' lang='lat' dir='ltr'><strong>imperio</strong></span> <span class='ocrx_word' id='word_1_479' title='bbox 619 3685 942 3758; x_wconf 87' lang='lat' dir='ltr'><strong>subjugare,</strong></span> <span class='ocrx_word' id='word_1_480' title='bbox 1003 3701 1066 3744; x_wconf 92' lang='lat' dir='ltr'><strong>ac</strong></span> <span class='ocrx_word' id='word_1_481' title='bbox 1113 3686 1420 3744; x_wconf 73' lang='lat' dir='ltr'><strong>Dominicee</strong></span> <span class='ocrx_word' id='word_1_482' title='bbox 1475 3686 1649 3743; x_wconf 89' lang='lat' dir='ltr'><strong>erucis</strong></span> <span class='ocrx_word' id='word_1_483' title='bbox 1717 3687 1939 3744; x_wconf 90' lang='lat' dir='ltr'><strong>salutari</strong></span> 
     </span>
    </p>
   </div>
   <div class='ocr_carea' id='block_1_67' title="bbox 335 3777 1940 3854">
    <p class='ocr_par' dir='ltr' id='par_1_67' title="bbox 335 3777 1940 3854">
     <span class='ocr_line' id='line_1_67' title="bbox 335 3777 1940 3854; baseline 0.004 -22"><span class='ocrx_word' id='word_1_484' title='bbox 335 3777 532 3834; x_wconf 85' lang='lat' dir='ltr'><strong>vexillo</strong></span> <span class='ocrx_word' id='word_1_485' title='bbox 568 3777 874 3837; x_wconf 87' lang='lat' dir='ltr'><strong>dirissimas</strong></span> <span class='ocrx_word' id='word_1_486' title='bbox 901 3778 1331 3838; x_wconf 90' lang='lat' dir='ltr'><strong>adversariarum</strong></span> <span class='ocrx_word' id='word_1_487' title='bbox 1372 3788 1711 3854; x_wconf 88' lang='lat' dir='ltr'><strong>potestatum</strong></span> <span class='ocrx_word' id='word_1_488' title='bbox 1751 3781 1940 3838; x_wconf 88' lang='lat' dir='ltr'><strong>turbas</strong></span> 
     </span>
    </p>
   </div>
   <div class='ocr_carea' id='block_1_68' title="bbox 333 3871 1941 3945">
    <p class='ocr_par' dir='ltr' id='par_1_68' title="bbox 333 3871 1941 3945">
     <span class='ocr_line' id='line_1_68' title="bbox 333 3871 1941 3945; baseline 0.003 -19"><span class='ocrx_word' id='word_1_489' title='bbox 333 3887 373 3926; x_wconf 91' lang='lat' dir='ltr'><strong>a</strong></span> <span class='ocrx_word' id='word_1_490' title='bbox 401 3871 645 3928; x_wconf 88' lang='lat' dir='ltr'><strong>terminis</strong></span> <span class='ocrx_word' id='word_1_491' title='bbox 672 3873 846 3929; x_wconf 91' lang='lat' dir='ltr'><strong>nostri</strong></span> <span class='ocrx_word' id='word_1_492' title='bbox 875 3875 1110 3943; x_wconf 89' lang='lat' dir='ltr'><strong>pectoris</strong></span> <span class='ocrx_word' id='word_1_493' title='bbox 1148 3874 1484 3944; x_wconf 86' lang='lat' dir='ltr'><strong>propulsare,</strong></span> <span class='ocrx_word' id='word_1_494' title='bbox 1525 3891 1626 3945; x_wconf 90' lang='lat' dir='ltr'><strong>pro</strong></span> <span class='ocrx_word' id='word_1_495' title='bbox 1654 3883 1941 3931; x_wconf 84' lang='lat' dir='ltr'><strong>tantorum</strong></span> 
     </span>
    </p>
   </div>
   <div class='ocr_carea' id='block_1_69' title="bbox 333 3964 1944 4036">
    <p class='ocr_par' dir='ltr' id='par_1_69' title="bbox 333 3964 1944 4036">
     <span class='ocr_line' id='line_1_69' title="bbox 333 3964 1944 4036; baseline 0 -14"><span class='ocrx_word' id='word_1_496' title='bbox 333 3965 558 4023; x_wconf 82' lang='lat' dir='ltr'><strong>meritis</strong></span> <span class='ocrx_word' id='word_1_497' title='bbox 582 3964 1014 4036; x_wconf 88' lang='lat' dir='ltr'><strong>triumphorum,</strong></span> <span class='ocrx_word' id='word_1_498' title='bbox 1041 3965 1112 4020; x_wconf 90' lang='lat' dir='ltr'><strong>ad</strong></span> <span class='ocrx_word' id='word_1_499' title='bbox 1137 3965 1388 4034; x_wconf 88' lang='lat' dir='ltr'><strong>spiritalis</strong></span> <span class='ocrx_word' id='word_1_500' title='bbox 1417 3965 1581 4036; x_wconf 89' lang='lat' dir='ltr'><strong>hujus</strong></span> <span class='ocrx_word' id='word_1_501' title='bbox 1610 3967 1944 4022; x_wconf 86' lang='lat' dir='ltr'><strong>centurionis</strong></span> 
     </span>
    </p>
   </div>
   <div class='ocr_carea' id='block_1_70' title="bbox 335 4055 1948 4130">
    <p class='ocr_par' dir='ltr' id='par_1_70' title="bbox 335 4055 1948 4130">
     <span class='ocr_line' id='line_1_70' title="bbox 335 4055 1948 4130; baseline -0.002 -13"><span class='ocrx_word' id='word_1_502' title='bbox 335 4060 600 4117; x_wconf 87' lang='lat' dir='ltr'><strong>ordinem</strong></span> <span class='ocrx_word' id='word_1_503' title='bbox 641 4056 1025 4130; x_wconf 86' lang='lat' dir='ltr'><strong>provehemur,</strong></span> <span class='ocrx_word' id='word_1_504' title='bbox 1063 4071 1228 4128; x_wconf 89' lang='lat' dir='ltr'><strong>quem</strong></span> <span class='ocrx_word' id='word_1_505' title='bbox 1271 4055 1330 4110; x_wconf 89' lang='lat' dir='ltr'><strong>in</strong></span> <span class='ocrx_word' id='word_1_506' title='bbox 1360 4055 1554 4112; x_wconf 80' lang='lat' dir='ltr'><strong>Exodo</strong></span> <span class='ocrx_word' id='word_1_507' title='bbox 1593 4071 1811 4129; x_wconf 90' lang='lat' dir='ltr'><strong>quoque</strong></span> <span class='ocrx_word' id='word_1_508' title='bbox 1852 4073 1948 4129; x_wconf 88' lang='lat' dir='ltr'><strong>per</strong></span> 
     </span>
    </p>
   </div>
   <div class='ocr_carea' id='block_1_71' title="bbox 335 4142 1952 4222">
    <p class='ocr_par' dir='ltr' id='par_1_71' title="bbox 335 4142 1952 4222">
     <span class='ocr_line' id='line_1_71' title="bbox 335 4142 1952 4222; baseline -0.002 -15"><span class='ocrx_word' id='word_1_509' title='bbox 335 4154 583 4222; x_wconf 82' lang='lat' dir='ltr'><strong>Moysen</strong></span> <span class='ocrx_word' id='word_1_510' title='bbox 607 4149 838 4221; x_wconf 87' lang='lat' dir='ltr'><strong>mystice</strong></span> <span class='ocrx_word' id='word_1_511' title='bbox 855 4148 1083 4222; x_wconf 88' lang='lat' dir='ltr'><strong>legimus</strong></span> <span class='ocrx_word' id='word_1_512' title='bbox 1105 4147 1483 4222; x_wconf 89' lang='lat' dir='ltr'><strong>designatum:</strong></span> <span class='ocrx_word' id='word_1_513' title='bbox 1510 4142 1536 4174; x_wconf 87' lang='grc'><strong>¹³</strong></span> <span class='ocrx_word' id='word_1_514' title='bbox 1559 4150 1829 4206; x_wconf 88' lang='lat' dir='ltr'><strong>Constitue</strong></span> <span class='ocrx_word' id='word_1_515' title='bbox 1850 4150 1952 4206; x_wconf 86' lang='lat' dir='ltr'><strong>tibi</strong></span> 
     </span>
    </p>
   </div>
   <div class='ocr_carea' id='block_1_72' title="bbox 339 4245 1950 4316">
    <p class='ocr_par' dir='ltr' id='par_1_72' title="bbox 339 4245 1950 4316">
     <span class='ocr_line' id='line_1_72' title="bbox 339 4245 1950 4316; baseline -0.001 -14"><span class='ocrx_word' id='word_1_516' title='bbox 339 4245 675 4302; x_wconf 83' lang='lat' dir='ltr'><strong>chiliarchas</strong></span> <span class='ocrx_word' id='word_1_517' title='bbox 687 4249 738 4300; x_wconf 89' lang='lat' dir='ltr'><strong>et</strong></span> <span class='ocrx_word' id='word_1_518' title='bbox 747 4245 1091 4310; x_wconf 86' lang='lat' dir='ltr'><strong>centuriones,</strong></span> <span class='ocrx_word' id='word_1_519' title='bbox 1105 4248 1158 4300; x_wconf 90' lang='lat' dir='ltr'><strong>et</strong></span> <span class='ocrx_word' id='word_1_520' title='bbox 1171 4245 1657 4316; x_wconf 84' lang='lat' dir='ltr'><strong>quinquagena-rios</strong></span> <span class='ocrx_word' id='word_1_521' title='bbox 1668 4249 1717 4299; x_wconf 87' lang='lat' dir='ltr'><strong>ct</strong></span> <span class='ocrx_word' id='word_1_522' title='bbox 1728 4245 1950 4300; x_wconf 89' lang='lat' dir='ltr'><strong>decanos</strong></span> 
     </span>
    </p>
   </div>
   <div class='ocr_carea' id='block_1_73' title="bbox 339 4337 1951 4412">
    <p class='ocr_par' dir='ltr' id='par_1_73' title="bbox 339 4337 1951 4412">
     <span class='ocr_line' id='line_1_73' title="bbox 339 4337 1951 4412; baseline 0 -18"><span class='ocrx_word' id='word_1_523' title='bbox 339 4337 550 4412; x_wconf 64' lang='lat' dir='ltr'><strong>(Emod.</strong></span> <span class='ocrx_word' id='word_1_524' title='bbox 597 4343 785 4408; x_wconf 80' lang='lat' dir='ltr'><strong>xvm).</strong></span> <span class='ocrx_word' id='word_1_525' title='bbox 827 4339 898 4394; x_wconf 87' lang='lat' dir='ltr'><strong>Et</strong></span> <span class='ocrx_word' id='word_1_526' title='bbox 946 4338 1016 4394; x_wconf 87' lang='lat' dir='ltr'><strong>ita</strong></span> <span class='ocrx_word' id='word_1_527' title='bbox 1066 4353 1170 4394; x_wconf 91' lang='lat' dir='ltr'><strong>nos</strong></span> <span class='ocrx_word' id='word_1_528' title='bbox 1211 4353 1428 4410; x_wconf 89' lang='lat' dir='ltr'><strong>quoque</strong></span> <span class='ocrx_word' id='word_1_529' title='bbox 1463 4337 1740 4411; x_wconf 88' lang='lat' dir='ltr'><strong>dignitatis</strong></span> <span class='ocrx_word' id='word_1_530' title='bbox 1788 4338 1951 4412; x_wconf 87' lang='lat' dir='ltr'><strong>hujus</strong></span> 
     </span>
    </p>
   </div>
   <div class='ocr_carea' id='block_1_74' title="bbox 337 4429 1947 4506">
    <p class='ocr_par' dir='ltr' id='par_1_74' title="bbox 337 4429 1947 4506">
     <span class='ocr_line' id='line_1_74' title="bbox 337 4429 1947 4506; baseline -0.001 -16"><span class='ocrx_word' id='word_1_531' title='bbox 337 4433 496 4506; x_wconf 89' lang='lat' dir='ltr'><strong>apice</strong></span> <span class='ocrx_word' id='word_1_532' title='bbox 519 4431 820 4504; x_wconf 84' lang='lat' dir='ltr'><strong>sublimati,</strong></span> <span class='ocrx_word' id='word_1_533' title='bbox 856 4431 1182 4490; x_wconf 87' lang='lat' dir='ltr'><strong>habebimus</strong></span> <span class='ocrx_word' id='word_1_534' title='bbox 1208 4429 1348 4490; x_wconf 85' lang='lat' dir='ltr'><strong>hanc</strong></span> <span class='ocrx_word' id='word_1_535' title='bbox 1373 4431 1675 4506; x_wconf 89' lang='lat' dir='ltr'><strong>imperandi</strong></span> <span class='ocrx_word' id='word_1_536' title='bbox 1705 4441 1947 4505; x_wconf 87' lang='lat' dir='ltr'><strong>potesta-</strong></span> 
     </span>
    </p>
   </div>
   <div class='ocr_carea' id='block_1_75' title="bbox 2047 3402 3649 3480">
    <p class='ocr_par' dir='ltr' id='par_1_75' title="bbox 2047 3402 3649 3480">
     <span class='ocr_line' id='line_1_75' title="bbox 2047 3402 3649 3480; baseline 0.004 -22"><span class='ocrx_word' id='word_1_537' title='bbox 2047 3402 2364 3459; x_wconf 89' lang='lat' dir='ltr'><strong>credulitate</strong></span> <span class='ocrx_word' id='word_1_538' title='bbox 2398 3404 2713 3460; x_wconf 81' lang='lat' dir='ltr'><strong>mortiﬁcat.</strong></span> <span class='ocrx_word' id='word_1_539' title='bbox 2754 3409 2826 3462; x_wconf 88' lang='lat' dir='ltr'><strong>Et</strong></span> <span class='ocrx_word' id='word_1_540' title='bbox 2859 3408 3101 3470; x_wconf 87' lang='lat' dir='ltr'><strong>loricam,</strong></span> <span class='ocrx_word' id='word_1_541' title='bbox 3137 3407 3330 3480; x_wconf 88' lang='lat' dir='ltr'><strong>inquit,</strong></span> <span class='ocrx_word' id='word_1_542' title='bbox 3373 3409 3649 3464; x_wconf 84' lang='lat' dir='ltr'><strong>charitatis</strong></span> 
     </span>
    </p>
   </div>
   <div class='ocr_carea' id='block_1_76' title="bbox 2051 3496 3650 3574">
    <p class='ocr_par' dir='ltr' id='par_1_76' title="bbox 2051 3496 3650 3574">
     <span class='ocr_line' id='line_1_76' title="bbox 2051 3496 3650 3574; baseline 0.003 -21"><span class='ocrx_word' id='word_1_543' title='bbox 2051 3499 2262 3568; x_wconf 85' lang='lat' dir='ltr'><strong>(Ephes.</strong></span> <span class='ocrx_word' id='word_1_544' title='bbox 2285 3496 2394 3568; x_wconf 78' lang='lat' dir='ltr'><strong>vr).</strong></span> <span class='ocrx_word' id='word_1_545' title='bbox 2416 3499 2538 3571; x_wconf 89' lang='lat' dir='ltr'><strong>lpsa</strong></span> <span class='ocrx_word' id='word_1_546' title='bbox 2560 3513 2758 3571; x_wconf 90' lang='lat' dir='ltr'><strong>nempe</strong></span> <span class='ocrx_word' id='word_1_547' title='bbox 2773 3508 2855 3556; x_wconf 88' lang='lat' dir='ltr'><strong>est</strong></span> <span class='ocrx_word' id='word_1_548' title='bbox 2875 3515 2998 3571; x_wconf 62' lang='lat' dir='ltr'><strong>qua</strong></span> <span class='ocrx_word' id='word_1_549' title='bbox 3017 3501 3197 3556; x_wconf 89' lang='lat' dir='ltr'><strong>vitalia</strong></span> <span class='ocrx_word' id='word_1_550' title='bbox 3219 3502 3452 3574; x_wconf 86' lang='lat' dir='ltr'><strong>pectoris</strong></span> <span class='ocrx_word' id='word_1_551' title='bbox 3477 3501 3650 3559; x_wconf 89' lang='lat' dir='ltr'><strong>nostri</strong></span> 
     </span>
    </p>
   </div>
   <div class='ocr_carea' id='block_1_77' title="bbox 2049 3588 3643 3668">
    <p class='ocr_par' dir='ltr' id='par_1_77' title="bbox 2049 3588 3643 3668">
     <span class='ocr_line' id='line_1_77' title="bbox 2049 3588 3643 3668; baseline 0.005 -24"><span class='ocrx_word' id='word_1_552' title='bbox 2049 3588 2392 3646; x_wconf 87' lang='lat' dir='ltr'><strong>circumdans</strong></span> <span class='ocrx_word' id='word_1_553' title='bbox 2417 3598 2580 3664; x_wconf 87' lang='lat' dir='ltr'><strong>atque</strong></span> <span class='ocrx_word' id='word_1_554' title='bbox 2603 3591 3005 3664; x_wconf 89' lang='lat' dir='ltr'><strong>communiens,</strong></span> <span class='ocrx_word' id='word_1_555' title='bbox 3055 3593 3338 3651; x_wconf 89' lang='lat' dir='ltr'><strong>lethalibus</strong></span> <span class='ocrx_word' id='word_1_556' title='bbox 3359 3595 3643 3668; x_wconf 81' lang='lat' dir='ltr'><strong>perturba-</strong></span> 
     </span>
    </p>
   </div>
   <div class='ocr_carea' id='block_1_78' title="bbox 2048 3683 3648 3758">
    <p class='ocr_par' dir='ltr' id='par_1_78' title="bbox 2048 3683 3648 3758">
     <span class='ocr_line' id='line_1_78' title="bbox 2048 3683 3648 3758; baseline 0.004 -18"><span class='ocrx_word' id='word_1_557' title='bbox 2048 3683 2263 3742; x_wconf 88' lang='lat' dir='ltr'><strong>tionum</strong></span> <span class='ocrx_word' id='word_1_558' title='bbox 2285 3684 2502 3758; x_wconf 90' lang='lat' dir='ltr'><strong>objecta</strong></span> <span class='ocrx_word' id='word_1_559' title='bbox 2526 3685 2860 3756; x_wconf 86' lang='lat' dir='ltr'><strong>vulneribus,</strong></span> <span class='ocrx_word' id='word_1_560' title='bbox 2898 3689 3198 3746; x_wconf 87' lang='lat' dir='ltr'><strong>contrarios</strong></span> <span class='ocrx_word' id='word_1_561' title='bbox 3220 3690 3462 3748; x_wconf 88' lang='lat' dir='ltr'><strong>retundit</strong></span> <span class='ocrx_word' id='word_1_562' title='bbox 3488 3690 3648 3755; x_wconf 88' lang='lat' dir='ltr'><strong>ictus,</strong></span> 
     </span>
    </p>
   </div>
   <div class='ocr_carea' id='block_1_79' title="bbox 2047 3778 3650 3854">
    <p class='ocr_par' dir='ltr' id='par_1_79' title="bbox 2047 3778 3650 3854">
     <span class='ocr_line' id='line_1_79' title="bbox 2047 3778 3650 3854; baseline 0.001 -20"><span class='ocrx_word' id='word_1_563' title='bbox 2047 3795 2150 3836; x_wconf 91' lang='lat' dir='ltr'><strong>nec</strong></span> <span class='ocrx_word' id='word_1_564' title='bbox 2189 3778 2260 3836; x_wconf 88' lang='lat' dir='ltr'><strong>ad</strong></span> <span class='ocrx_word' id='word_1_565' title='bbox 2298 3779 2613 3838; x_wconf 87' lang='lat' dir='ltr'><strong>interiorem</strong></span> <span class='ocrx_word' id='word_1_566' title='bbox 2640 3779 2922 3837; x_wconf 89' lang='lat' dir='ltr'><strong>hominem</strong></span> <span class='ocrx_word' id='word_1_567' title='bbox 2965 3790 3219 3838; x_wconf 91' lang='lat' dir='ltr'><strong>nostrum</strong></span> <span class='ocrx_word' id='word_1_568' title='bbox 3243 3781 3420 3854; x_wconf 89' lang='lat' dir='ltr'><strong>jacula</strong></span> <span class='ocrx_word' id='word_1_569' title='bbox 3449 3781 3650 3838; x_wconf 91' lang='lat' dir='ltr'><strong>diaboli</strong></span> 
     </span>
    </p>
   </div>
   <div class='ocr_carea' id='block_1_80' title="bbox 2049 3874 3654 3947">
    <p class='ocr_par' dir='ltr' id='par_1_80' title="bbox 2049 3874 3654 3947">
     <span class='ocr_line' id='line_1_80' title="bbox 2049 3874 3654 3947; baseline 0 -18"><span class='ocrx_word' id='word_1_570' title='bbox 2049 3882 2332 3945; x_wconf 87' lang='lat' dir='ltr'><strong>penetrare</strong></span> <span class='ocrx_word' id='word_1_571' title='bbox 2352 3875 2638 3947; x_wconf 90' lang='lat' dir='ltr'><strong>permittit.</strong></span> <span class='ocrx_word' id='word_1_572' title='bbox 2683 3877 2877 3933; x_wconf 89' lang='lat' dir='ltr'><strong>Omnia</strong></span> <span class='ocrx_word' id='word_1_573' title='bbox 2905 3874 3052 3929; x_wconf 90' lang='lat' dir='ltr'><strong>enim</strong></span> <span class='ocrx_word' id='word_1_574' title='bbox 3080 3876 3306 3942; x_wconf 85' lang='lat' dir='ltr'><strong>suffert,</strong></span> <span class='ocrx_word' id='word_1_575' title='bbox 3343 3877 3524 3929; x_wconf 85' lang='lat' dir='ltr'><strong>omnia</strong></span> <span class='ocrx_word' id='word_1_576' title='bbox 3545 3891 3654 3944; x_wconf 90' lang='lat' dir='ltr'><strong>pa—</strong></span> 
     </span>
    </p>
   </div>
   <div class='ocr_carea' id='block_1_81' title="bbox 2053 3967 3652 4040">
    <p class='ocr_par' dir='ltr' id='par_1_81' title="bbox 2053 3967 3652 4040">
     <span class='ocr_line' id='line_1_81' title="bbox 2053 3967 3652 4040; baseline 0.001 -19"><span class='ocrx_word' id='word_1_577' title='bbox 2053 3968 2208 4031; x_wconf 88' lang='lat' dir='ltr'><strong>titur,</strong></span> <span class='ocrx_word' id='word_1_578' title='bbox 2226 3971 2408 4023; x_wconf 87' lang='lat' dir='ltr'><strong>omnia</strong></span> <span class='ocrx_word' id='word_1_579' title='bbox 2420 3969 2730 4038; x_wconf 87' lang='lat' dir='ltr'><strong>susti-net(ll</strong></span> <span class='ocrx_word' id='word_1_580' title='bbox 2751 3971 2870 4026; x_wconf 88' lang='lat' dir='ltr'><strong>Cor.</strong></span> <span class='ocrx_word' id='word_1_581' title='bbox 2891 3967 3058 4040; x_wconf 82' lang='lat' dir='ltr'><strong>xm).</strong></span> <span class='ocrx_word' id='word_1_582' title='bbox 3077 3969 3148 4023; x_wconf 90' lang='lat' dir='ltr'><strong>Et</strong></span> <span class='ocrx_word' id='word_1_583' title='bbox 3168 3969 3380 4037; x_wconf 87' lang='lat' dir='ltr'><strong>galeam</strong></span> <span class='ocrx_word' id='word_1_584' title='bbox 3399 3982 3546 4036; x_wconf 83' lang='lat' dir='ltr'><strong>spem</strong></span> <span class='ocrx_word' id='word_1_585' title='bbox 3561 3981 3652 4022; x_wconf 86' lang='lat' dir='ltr'><strong>sa-</strong></span> 
     </span>
    </p>
   </div>
   <div class='ocr_carea' id='block_1_82' title="bbox 2057 4049 3658 4130">
    <p class='ocr_par' dir='ltr' id='par_1_82' title="bbox 2057 4049 3658 4130">
     <span class='ocr_line' id='line_1_82' title="bbox 2057 4049 3658 4130; baseline 0.001 -19"><span class='ocrx_word' id='word_1_586' title='bbox 2057 4059 2206 4112; x_wconf 87' lang='lat' dir='ltr'><strong>lutis.</strong></span> <span class='ocrx_word' id='word_1_587' title='bbox 2247 4059 2416 4114; x_wconf 86' lang='lat' dir='ltr'><strong>Galea</strong></span> <span class='ocrx_word' id='word_1_588' title='bbox 2452 4049 2648 4130; x_wconf 86' lang='lat' dir='ltr'><strong>capitis</strong></span> <span class='ocrx_word' id='word_1_589' title='bbox 2675 4068 2760 4116; x_wconf 87' lang='lat' dir='ltr'><strong>est</strong></span> <span class='ocrx_word' id='word_1_590' title='bbox 2784 4060 3113 4116; x_wconf 90' lang='lat' dir='ltr'><strong>munimem.</strong></span> <span class='ocrx_word' id='word_1_591' title='bbox 3157 4058 3296 4129; x_wconf 89' lang='lat' dir='ltr'><strong>Quia</strong></span> <span class='ocrx_word' id='word_1_592' title='bbox 3329 4073 3460 4130; x_wconf 89' lang='lat' dir='ltr'><strong>ergo</strong></span> <span class='ocrx_word' id='word_1_593' title='bbox 3493 4065 3658 4130; x_wconf 87' lang='lat' dir='ltr'><strong>caput</strong></span> 
     </span>
    </p>
   </div>
   <div class='ocr_carea' id='block_1_83' title="bbox 2057 4147 3656 4222">
    <p class='ocr_par' dir='ltr' id='par_1_83' title="bbox 2057 4147 3656 4222">
     <span class='ocr_line' id='line_1_83' title="bbox 2057 4147 3656 4222; baseline 0.002 -19"><span class='ocrx_word' id='word_1_594' title='bbox 2057 4155 2313 4204; x_wconf 89' lang='lat' dir='ltr'><strong>nostrum</strong></span> <span class='ocrx_word' id='word_1_595' title='bbox 2342 4156 2424 4204; x_wconf 90' lang='lat' dir='ltr'><strong>est</strong></span> <span class='ocrx_word' id='word_1_596' title='bbox 2450 4149 2715 4217; x_wconf 88' lang='lat' dir='ltr'><strong>Christus,</strong></span> <span class='ocrx_word' id='word_1_597' title='bbox 2747 4151 3011 4208; x_wconf 90' lang='lat' dir='ltr'><strong>debemus</strong></span> <span class='ocrx_word' id='word_1_598' title='bbox 3033 4149 3178 4206; x_wconf 89' lang='lat' dir='ltr'><strong>istud</strong></span> <span class='ocrx_word' id='word_1_599' title='bbox 3203 4165 3421 4221; x_wconf 89' lang='lat' dir='ltr'><strong>semper</strong></span> <span class='ocrx_word' id='word_1_600' title='bbox 3450 4165 3545 4222; x_wconf 90' lang='lat' dir='ltr'><strong>spe</strong></span> <span class='ocrx_word' id='word_1_601' title='bbox 3572 4147 3656 4206; x_wconf 86' lang='lat' dir='ltr'><strong>fu-</strong></span> 
     </span>
    </p>
   </div>
   <div class='ocr_carea' id='block_1_84' title="bbox 2057 4240 3652 4317">
    <p class='ocr_par' dir='ltr' id='par_1_84' title="bbox 2057 4240 3652 4317">
     <span class='ocr_line' id='line_1_84' title="bbox 2057 4240 3652 4317; baseline 0.002 -21"><span class='ocrx_word' id='word_1_602' title='bbox 2057 4248 2313 4296; x_wconf 89' lang='lat' dir='ltr'><strong>turorum</strong></span> <span class='ocrx_word' id='word_1_603' title='bbox 2339 4240 2610 4297; x_wconf 90' lang='lat' dir='ltr'><strong>bonorum</strong></span> <span class='ocrx_word' id='word_1_604' title='bbox 2649 4241 2798 4299; x_wconf 87' lang='lat' dir='ltr'><strong>velut</strong></span> <span class='ocrx_word' id='word_1_605' title='bbox 2825 4241 3223 4315; x_wconf 87' lang='lat' dir='ltr'><strong>inexpugnabili</strong></span> <span class='ocrx_word' id='word_1_606' title='bbox 3260 4242 3409 4317; x_wconf 90' lang='lat' dir='ltr'><strong>galea</strong></span> <span class='ocrx_word' id='word_1_607' title='bbox 3431 4243 3486 4299; x_wconf 90' lang='lat' dir='ltr'><strong>in</strong></span> <span class='ocrx_word' id='word_1_608' title='bbox 3514 4259 3652 4299; x_wconf 88' lang='lat' dir='ltr'><strong>cun-</strong></span> 
     </span>
    </p>
   </div>
   <div class='ocr_carea' id='block_1_85' title="bbox 2059 4334 3656 4410">
    <p class='ocr_par' dir='ltr' id='par_1_85' title="bbox 2059 4334 3656 4410">
     <span class='ocr_line' id='line_1_85' title="bbox 2059 4334 3656 4410; baseline 0.003 -18"><span class='ocrx_word' id='word_1_609' title='bbox 2059 4335 2162 4392; x_wconf 88' lang='lat' dir='ltr'><strong>etis</strong></span> <span class='ocrx_word' id='word_1_610' title='bbox 2187 4335 2582 4392; x_wconf 86' lang='lat' dir='ltr'><strong>tentationibus</strong></span> <span class='ocrx_word' id='word_1_611' title='bbox 2608 4351 2671 4393; x_wconf 91' lang='lat' dir='ltr'><strong>ac</strong></span> <span class='ocrx_word' id='word_1_612' title='bbox 2711 4334 3174 4410; x_wconf 85' lang='lat' dir='ltr'><strong>persecutionibus</strong></span> <span class='ocrx_word' id='word_1_613' title='bbox 3201 4340 3569 4410; x_wconf 85' lang='lat' dir='ltr'><strong>communire,</strong></span> <span class='ocrx_word' id='word_1_614' title='bbox 3601 4347 3656 4396; x_wconf 89' lang='lat' dir='ltr'><strong>et</strong></span> 
     </span>
    </p>
   </div>
   <div class='ocr_carea' id='block_1_86' title="bbox 2058 4429 3654 4516">
    <p class='ocr_par' dir='ltr' id='par_1_86' title="bbox 2058 4429 3654 4516">
     <span class='ocr_line' id='line_1_86' title="bbox 2058 4429 3654 4516; baseline 0.004 -31"><span class='ocrx_word' id='word_1_615' title='bbox 2058 4429 2423 4503; x_wconf 89' lang='lat' dir='ltr'><strong>principaliter</strong></span> <span class='ocrx_word' id='word_1_616' title='bbox 2467 4429 2636 4516; x_wconf 82' lang='lat' dir='ltr'><strong>ﬁdem</strong></span> <span class='ocrx_word' id='word_1_617' title='bbox 2664 4432 2780 4506; x_wconf 89' lang='lat' dir='ltr'><strong>ejus</strong></span> <span class='ocrx_word' id='word_1_618' title='bbox 2807 4431 3037 4490; x_wconf 73' lang='lat' dir='ltr'><strong>illaesam</strong></span> <span class='ocrx_word' id='word_1_619' title='bbox 3065 4440 3230 4506; x_wconf 89' lang='lat' dir='ltr'><strong>atque</strong></span> <span class='ocrx_word' id='word_1_620' title='bbox 3255 4431 3521 4508; x_wconf 89' lang='lat' dir='ltr'><strong>integram</strong></span> <span class='ocrx_word' id='word_1_621' title='bbox 3555 4449 3654 4491; x_wconf 87' lang='lat' dir='ltr'><strong>cu-</strong></span> 
     </span>
    </p>
   </div>
   <div class='ocr_carea' id='block_1_87' title="bbox 1447 4541 2565 4600">
    <p class='ocr_par' dir='ltr' id='par_1_87' title="bbox 1447 4541 2565 4600">
     <span class='ocr_line' id='line_1_87' title="bbox 1447 4541 2565 4600; baseline -0.003 -1"><span class='ocrx_word' id='word_1_622' title='bbox 1447 4544 1704 4600; x_wconf 80' lang='lat' dir='ltr'><strong>ALARDI</strong></span> <span class='ocrx_word' id='word_1_623' title='bbox 1741 4543 1970 4600; x_wconf 67' lang='lat' dir='ltr'><strong>GAZxEI</strong></span> <span class='ocrx_word' id='word_1_624' title='bbox 2005 4541 2565 4600; x_wconf 79' lang='lat' dir='ltr'><strong>COMMENTARIUS.</strong></span> 
     </span>
    </p>
   </div>
   <div class='ocr_carea' id='block_1_88' title="bbox 417 4626 2025 4713">
    <p class='ocr_par' dir='ltr' id='par_1_88' title="bbox 417 4626 2025 4713">
     <span class='ocr_line' id='line_1_88' title="bbox 417 4626 2025 4713; baseline 0 -15"><span class='ocrx_word' id='word_1_625' title='bbox 417 4651 445 4678; x_wconf 70' lang='grc'>⁸</span> <span class='ocrx_word' id='word_1_626' title='bbox 473 4641 676 4700; x_wconf 89' lang='lat' dir='ltr'><strong>Eadem</strong></span> <span class='ocrx_word' id='word_1_627' title='bbox 717 4626 895 4713; x_wconf 84' lang='lat' dir='ltr'><strong>phrasi</strong></span> <span class='ocrx_word' id='word_1_628' title='bbox 932 4627 1104 4698; x_wconf 64' lang='lat' dir='ltr'><strong>utit&#39;ur</strong></span> <span class='ocrx_word' id='word_1_629' title='bbox 1130 4642 1310 4698; x_wconf 89' lang='lat' dir='ltr'><strong>collat.</strong></span> <span class='ocrx_word' id='word_1_630' title='bbox 1359 4647 1381 4696; x_wconf 85' lang='lat' dir='ltr'><strong>t</strong></span> <span class='ocrx_word' id='word_1_631' title='bbox 1433 4657 1550 4712; x_wconf 90' lang='lat' dir='ltr'><strong>cap.</strong></span> <span class='ocrx_word' id='word_1_632' title='bbox 1580 4647 1614 4695; x_wconf 91' lang='lat'><strong>8</strong></span> <span class='ocrx_word' id='word_1_633' title='bbox 1643 4649 1705 4696; x_wconf 86' lang='lat' dir='ltr'><strong>ut</strong></span> <span class='ocrx_word' id='word_1_634' title='bbox 1735 4641 1808 4697; x_wconf 91' lang='lat' dir='ltr'><strong>ibi</strong></span> <span class='ocrx_word' id='word_1_635' title='bbox 1836 4657 1944 4698; x_wconf 89' lang='lat' dir='ltr'><strong>no-</strong></span> <span class='ocrx_word' id='word_1_636' title='bbox 1973 4647 2025 4710; x_wconf 91' lang='lat' dir='ltr'><strong>D</strong></span> 
     </span>
    </p>
   </div>
   <div class='ocr_carea' id='block_1_89' title="bbox 341 4713 1948 4786">
    <p class='ocr_par' dir='ltr' id='par_1_89' title="bbox 341 4713 1948 4786">
     <span class='ocr_line' id='line_1_89' title="bbox 341 4713 1948 4786; baseline 0 -18"><span class='ocrx_word' id='word_1_637' title='bbox 341 4720 560 4786; x_wconf 75' lang='lat' dir='ltr'><strong>totum;</strong></span> <span class='ocrx_word' id='word_1_638' title='bbox 592 4713 894 4786; x_wconf 85' lang='lat' dir='ltr'><strong>Dionysius</strong></span> <span class='ocrx_word' id='word_1_639' title='bbox 933 4715 1096 4784; x_wconf 91' lang='lat' dir='ltr'><strong>paulo</strong></span> <span class='ocrx_word' id='word_1_640' title='bbox 1126 4713 1322 4786; x_wconf 78' lang='lat' dir='ltr'><strong>clarius</strong></span> <span class='ocrx_word' id='word_1_641' title='bbox 1347 4731 1363 4766; x_wconf 90' lang='lat'><strong><em>:</em></strong></span> <span class='ocrx_word' id='word_1_642' title='bbox 1393 4715 1538 4786; x_wconf 82' lang='lat' dir='ltr'><strong>Mens</strong></span> <span class='ocrx_word' id='word_1_643' title='bbox 1565 4728 1686 4781; x_wconf 87' lang='lat' dir='ltr'><strong>ergo</strong></span> <span class='ocrx_word' id='word_1_644' title='bbox 1709 4717 1948 4782; x_wconf 84' lang='lat' dir='ltr'><strong>perfecta</strong></span> 
     </span>
    </p>
   </div>
   <div class='ocr_carea' id='block_1_90' title="bbox 339 4783 1948 4856">
    <p class='ocr_par' dir='ltr' id='par_1_90' title="bbox 339 4783 1948 4856">
     <span class='ocr_line' id='line_1_90' title="bbox 339 4783 1948 4856; baseline 0 -18"><span class='ocrx_word' id='word_1_645' title='bbox 339 4785 702 4854; x_wconf 81' lang='lat' dir='ltr'><strong>pulcherrime</strong></span> <span class='ocrx_word' id='word_1_646' title='bbox 721 4783 994 4854; x_wconf 83' lang='lat' dir='ltr'><strong>ﬁguratur</strong></span> <span class='ocrx_word' id='word_1_647' title='bbox 1007 4799 1109 4856; x_wconf 76' lang='lat' dir='ltr'><strong>per</strong></span> <span class='ocrx_word' id='word_1_648' title='bbox 1124 4784 1278 4856; x_wconf 81' lang='lat' dir='ltr'><strong>illum</strong></span> <span class='ocrx_word' id='word_1_649' title='bbox 1297 4783 1654 4856; x_wconf 75' lang='lat' dir='ltr'><strong>evangelicwn</strong></span> <span class='ocrx_word' id='word_1_650' title='bbox 1682 4787 1948 4856; x_wconf 81' lang='lat' dir='ltr'><strong>centurio-</strong></span> 
     </span>
    </p>
   </div>
   <div class='ocr_carea' id='block_1_91' title="bbox 345 4853 1950 4926">
    <p class='ocr_par' dir='ltr' id='par_1_91' title="bbox 345 4853 1950 4926">
     <span class='ocr_line' id='line_1_91' title="bbox 345 4853 1950 4926; baseline -0.001 -16"><span class='ocrx_word' id='word_1_651' title='bbox 345 4853 490 4926; x_wconf 79' lang='lat' dir='ltr'><strong>nem.</strong></span> <span class='ocrx_word' id='word_1_652' title='bbox 517 4853 872 4926; x_wconf 84' lang='lat' dir='ltr'><strong>Evangelicus</strong></span> <span class='ocrx_word' id='word_1_653' title='bbox 886 4853 1135 4926; x_wconf 74' lang='lat' dir='ltr'><strong>centurio</strong></span> <span class='ocrx_word' id='word_1_654' title='bbox 1145 4853 1343 4926; x_wconf 84' lang='lat' dir='ltr'><strong>dicitur</strong></span> <span class='ocrx_word' id='word_1_655' title='bbox 1366 4853 1493 4926; x_wconf 85' lang='lat' dir='ltr'><strong>ille,_</strong></span> <span class='ocrx_word' id='word_1_656' title='bbox 1507 4854 1663 4926; x_wconf 82' lang='lat' dir='ltr'><strong>cujus</strong></span> <span class='ocrx_word' id='word_1_657' title='bbox 1691 4854 1950 4926; x_wconf 80' lang='lat' dir='ltr'><strong>eximiam</strong></span> 
     </span>
    </p>
   </div>
   <div class='ocr_carea' id='block_1_92' title="bbox 347 4922 1952 5004">
    <p class='ocr_par' dir='ltr' id='par_1_92' title="bbox 347 4922 1952 5004">
     <span class='ocr_line' id='line_1_92' title="bbox 347 4922 1952 5004; baseline -0.001 -24"><span class='ocrx_word' id='word_1_658' title='bbox 347 4925 600 5004; x_wconf 50' lang='lat' dir='ltr'><strong>ﬁdemﬁt</strong></span> <span class='ocrx_word' id='word_1_659' title='bbox 627 4922 990 5004; x_wconf 76' lang='lat' dir='ltr'><strong>constantiam</strong></span> <span class='ocrx_word' id='word_1_660' title='bbox 1014 4925 1259 5004; x_wconf 77' lang='lat' dir='ltr'><strong>Christus</strong></span> <span class='ocrx_word' id='word_1_661' title='bbox 1288 4924 1401 4996; x_wconf 86' lang='lat' dir='ltr'><strong>ipse</strong></span> <span class='ocrx_word' id='word_1_662' title='bbox 1428 4922 1735 5004; x_wconf 72' lang='lat' dir='ltr'><strong>admiratus</strong></span> <span class='ocrx_word' id='word_1_663' title='bbox 1759 4923 1952 5004; x_wconf 76' lang='lat' dir='ltr'><strong>legitur</strong></span> 
     </span>
    </p>
   </div>
   <div class='ocr_carea' id='block_1_93' title="bbox 348 4993 1951 5068">
    <p class='ocr_par' dir='ltr' id='par_1_93' title="bbox 348 4993 1951 5068">
     <span class='ocr_line' id='line_1_93' title="bbox 348 4993 1951 5068; baseline -0.004 -14"><span class='ocrx_word' id='word_1_664' title='bbox 348 4998 570 5068; x_wconf 82' lang='lat' dir='ltr'><strong>(Matth.</strong></span> <span class='ocrx_word' id='word_1_665' title='bbox 596 4999 734 5064; x_wconf 78' lang='lat' dir='ltr'><strong>vui)</strong></span> <span class='ocrx_word' id='word_1_666' title='bbox 765 5015 782 5050; x_wconf 89' lang='lat'><strong><em>:</em></strong></span> <span class='ocrx_word' id='word_1_667' title='bbox 802 4997 958 5068; x_wconf 90' lang='lat' dir='ltr'><strong>cujus</strong></span> <span class='ocrx_word' id='word_1_668' title='bbox 981 4995 1290 5068; x_wconf 82' lang='lat' dir='ltr'><strong>exemplum</strong></span> <span class='ocrx_word' id='word_1_669' title='bbox 1308 4993 1598 5068; x_wconf 78' lang='lat' dir='ltr'><strong>monachis</strong></span> <span class='ocrx_word' id='word_1_670' title='bbox 1625 4993 1951 5068; x_wconf 81' lang='lat' dir='ltr'><strong>imitandum</strong></span> 
     </span>
    </p>
   </div>
   <div class='ocr_carea' id='block_1_94' title="bbox 347 5063 1951 5194">
    <p class='ocr_par' dir='ltr' id='par_1_94' title="bbox 347 5063 1951 5194">
     <span class='ocr_line' id='line_1_94' title="bbox 347 5063 1951 5194; baseline -0.002 -71"><span class='ocrx_word' id='word_1_671' title='bbox 347 5067 444 5123; x_wconf 90' lang='lat' dir='ltr'><strong>hic</strong></span> <span class='ocrx_word' id='word_1_672' title='bbox 481 5063 823 5150; x_wconf 82' lang='lat' dir='ltr'><strong>proponitur,</strong></span> <span class='ocrx_word' id='word_1_673' title='bbox 861 5063 923 5124; x_wconf 81' lang='lat' dir='ltr'><strong>ut</strong></span> <span class='ocrx_word' id='word_1_674' title='bbox 958 5063 1278 5194; x_wconf 40' lang='lat' dir='ltr'><strong>egilpsi&#39;veri.</strong></span> <span class='ocrx_word' id='word_1_675' title='bbox 1308 5074 1366 5122; x_wconf 85' lang='lat' dir='ltr'><strong>et</strong></span> <span class='ocrx_word' id='word_1_676' title='bbox 1391 5063 1661 5146; x_wconf 82' lang='lat' dir='ltr'><strong>spiritales</strong></span> <span class='ocrx_word' id='word_1_677' title='bbox 1678 5064 1951 5120; x_wconf 86' lang='lat' dir='ltr'><strong>centurie-</strong></span> 
     </span>
     <span class='ocr_line' id='line_1_95' title="bbox 347 5135 1951 5194; baseline -0.002 0"><span class='ocrx_word' id='word_1_678' title='bbox 347 5155 450 5194; x_wconf 87' lang='lat' dir='ltr'><strong>nes</strong></span> <span class='ocrx_word' id='word_1_679' title='bbox 461 5138 764 5194; x_wconf 81' lang='lat' dir='ltr'><strong>efficiantur</strong></span> <span class='ocrx_word' id='word_1_680' title='bbox 787 5159 800 5194; x_wconf 89' lang='lat'>:</span> <span class='ocrx_word' id='word_1_681' title='bbox 824 5153 992 5194; x_wconf 88' lang='lat' dir='ltr'><strong>auom</strong></span> <span class='ocrx_word' id='word_1_682' title='bbox 1070 5153 1104 5194; x_wconf 95' lang='lat' dir='ltr'><strong>o</strong></span> <span class='ocrx_word' id='word_1_683' title='bbox 1123 5136 1349 5193; x_wconf 80' lang='lat' dir='ltr'><strong>inferius</strong></span> <span class='ocrx_word' id='word_1_684' title='bbox 1361 5145 1522 5192; x_wconf 80' lang='lat' dir='ltr'><strong>etiam</strong></span> <span class='ocrx_word' id='word_1_685' title='bbox 1545 5137 1604 5192; x_wconf 92' lang='lat' dir='ltr'><strong>S.</strong></span> <span class='ocrx_word' id='word_1_686' title='bbox 1620 5135 1951 5194; x_wconf 79' lang='lat' dir='ltr'><strong>Anostolum</strong></span> 
     </span>
    </p>
   </div>
   <div class='ocr_carea' id='block_1_95' title="bbox 345 5135 1951 5209">
    <p class='ocr_par' dir='ltr' id='par_1_95' title="bbox 345 5135 1951 5209">
     <span class='ocr_line' id='line_1_96' title="bbox 345 5135 1951 5209; baseline -0.004 -13"><span class='ocrx_word' id='word_1_687' title='bbox 345 5155 450 5196; x_wconf 89' lang='lat' dir='ltr'><strong>nes</strong></span> <span class='ocrx_word' id='word_1_688' title='bbox 461 5135 764 5195; x_wconf 80' lang='lat' dir='ltr'><strong>efficiantur</strong></span> <span class='ocrx_word' id='word_1_689' title='bbox 787 5159 800 5196; x_wconf 89' lang='lat'><strong>:</strong></span> <span class='ocrx_word' id='word_1_690' title='bbox 813 5135 1104 5209; x_wconf 88' lang='lat' dir='ltr'><strong>quomodo</strong></span> <span class='ocrx_word' id='word_1_691' title='bbox 1123 5136 1349 5193; x_wconf 89' lang='lat' dir='ltr'><strong>inferius</strong></span> <span class='ocrx_word' id='word_1_692' title='bbox 1361 5135 1522 5192; x_wconf 87' lang='lat' dir='ltr'><strong>etiam</strong></span> <span class='ocrx_word' id='word_1_693' title='bbox 1545 5137 1604 5192; x_wconf 92' lang='lat' dir='ltr'><strong>S.</strong></span> <span class='ocrx_word' id='word_1_694' title='bbox 1620 5135 1951 5207; x_wconf 79' lang='lat' dir='ltr'><strong>Apostolum</strong></span> 
     </span>
    </p>
   </div>
   <div class='ocr_carea' id='block_1_96' title="bbox 341 5209 1438 5279">
    <p class='ocr_par' dir='ltr' id='par_1_96' title="bbox 341 5209 1438 5279">
     <span class='ocr_line' id='line_1_97' title="bbox 341 5209 1438 5279; baseline -0.007 -11"><span class='ocrx_word' id='word_1_695' title='bbox 341 5209 717 5279; x_wconf 75' lang='lat' dir='ltr'><strong>evangelicum</strong></span> <span class='ocrx_word' id='word_1_696' title='bbox 735 5209 1118 5267; x_wconf 88' lang='lat' dir='ltr'><strong>centurionem</strong></span> <span class='ocrx_word' id='word_1_697' title='bbox 1140 5215 1438 5279; x_wconf 91' lang='lat' dir='ltr'><strong>nuncupat.</strong></span> 
     </span>
    </p>
   </div>
   <div class='ocr_carea' id='block_1_97' title="bbox 293 5273 1952 5360">
    <p class='ocr_par' dir='ltr' id='par_1_97' title="bbox 293 5273 1952 5360">
     <span class='ocr_line' id='line_1_98' title="bbox 293 5273 1952 5360; baseline -0.004 -23"><span class='ocrx_word' id='word_1_698' title='bbox 293 5326 304 5337; x_wconf 96' lang='lat'><strong>.</strong></span> <span class='ocrx_word' id='word_1_699' title='bbox 382 5273 445 5360; x_wconf 22' lang='grc'><strong>4³³</strong></span> <span class='ocrx_word' id='word_1_700' title='bbox 468 5273 676 5360; x_wconf 72' lang='lat' dir='ltr'><strong>Textus</strong></span> <span class='ocrx_word' id='word_1_701' title='bbox 698 5282 945 5360; x_wconf 78' lang='lat' dir='ltr'><strong>vulgatus</strong></span> <span class='ocrx_word' id='word_1_702' title='bbox 965 5279 1194 5360; x_wconf 49' lang='lat' dir='ltr'><strong>habet:</strong></span> <span class='ocrx_word' id='word_1_703' title='bbox 1503 5293 1571 5360; x_wconf 76' lang='lat' dir='ltr'><strong>ea:</strong></span> <span class='ocrx_word' id='word_1_704' title='bbox 1595 5279 1672 5360; x_wconf 79' lang='lat' dir='ltr'><strong>eis</strong></span> <span class='ocrx_word' id='word_1_705' title='bbox 1692 5277 1952 5360; x_wconf 54' lang='lat' dir='ltr'><strong>tribunos,</strong></span> 
     </span>
    </p>
   </div>
   <div class='ocr_carea' id='block_1_98' title="bbox 340 5349 1954 5422">
    <p class='ocr_par' dir='ltr' id='par_1_98' title="bbox 340 5349 1954 5422">
     <span class='ocr_line' id='line_1_99' title="bbox 340 5349 1954 5422; baseline -0.003 -14"><span class='ocrx_word' id='word_1_706' title='bbox 340 5357 395 5408; x_wconf 88' lang='lat' dir='ltr'><strong>et</strong></span> <span class='ocrx_word' id='word_1_707' title='bbox 430 5349 858 5417; x_wconf 49' lang='lat' dir='ltr'><strong>centurionem—et</strong></span> <span class='ocrx_word' id='word_1_708' title='bbox 879 5353 1099 5408; x_wconf 87' lang='lat' dir='ltr'><strong>decanos</strong></span> <span class='ocrx_word' id='word_1_709' title='bbox 1127 5352 1326 5413; x_wconf 68' lang='lat' dir='ltr'><strong>(Exod.</strong></span> <span class='ocrx_word' id='word_1_710' title='bbox 1349 5349 1554 5422; x_wconf 76' lang='grc' dir='ltr'><strong>Χνιιῐ),</strong></span> <span class='ocrx_word' id='word_1_711' title='bbox 1599 5356 1703 5404; x_wconf 91' lang='lat' dir='ltr'><strong>etc.</strong></span> <span class='ocrx_word' id='word_1_712' title='bbox 1739 5349 1954 5422; x_wconf 82' lang='lat' dir='ltr'><strong>Diony-</strong></span> 
     </span>
    </p>
   </div>
   <div class='ocr_carea' id='block_1_99' title="bbox 343 5421 1952 5501">
    <p class='ocr_par' dir='ltr' id='par_1_99' title="bbox 343 5421 1952 5501">
     <span class='ocr_line' id='line_1_100' title="bbox 343 5421 1952 5501; baseline -0.004 -21"><span class='ocrx_word' id='word_1_713' title='bbox 343 5424 460 5501; x_wconf 85' lang='lat' dir='ltr'><strong>sius</strong></span> <span class='ocrx_word' id='word_1_714' title='bbox 478 5424 704 5501; x_wconf 81' lang='lat' dir='ltr'><strong>exponit</strong></span> <span class='ocrx_word' id='word_1_715' title='bbox 733 5443 746 5478; x_wconf 91' lang='lat'>:</span> <span class='ocrx_word' id='word_1_716' title='bbox 777 5425 1048 5501; x_wconf 70' lang='lat' dir='ltr'><strong>constitue</strong></span> <span class='ocrx_word' id='word_1_717' title='bbox 1067 5421 1528 5501; x_wconf 60' lang='lat' dir='ltr'><strong>tibichiliarchps,</strong></span> <span class='ocrx_word' id='word_1_718' title='bbox 1551 5423 1662 5476; x_wconf 79' lang='lat' dir='ltr'><strong>sive</strong></span> <span class='ocrx_word' id='word_1_719' title='bbox 1689 5421 1952 5501; x_wconf 69' lang='lat' dir='ltr'><strong>tribunos,</strong></span> 
     </span>
    </p>
   </div>
   <div class='ocr_carea' id='block_1_100' title="bbox 349 5490 1951 5564">
    <p class='ocr_par' dir='ltr' id='par_1_100' title="bbox 349 5490 1951 5564">
     <span class='ocr_line' id='line_1_101' title="bbox 349 5490 1951 5564; baseline -0.002 -16"><span class='ocrx_word' id='word_1_720' title='bbox 349 5499 406 5548; x_wconf 78' lang='lat' dir='ltr'><strong>et</strong></span> <span class='ocrx_word' id='word_1_721' title='bbox 435 5490 781 5552; x_wconf 80' lang='lat' dir='ltr'><strong>centuriones.</strong></span> <span class='ocrx_word' id='word_1_722' title='bbox 814 5495 1064 5564; x_wconf 73' lang='grc' dir='ltr'><strong>Χιλιαχος</strong></span> <span class='ocrx_word' id='word_1_723' title='bbox 1097 5493 1248 5550; x_wconf 90' lang='lat' dir='ltr'><strong>enim</strong></span> <span class='ocrx_word' id='word_1_724' title='bbox 1275 5494 1354 5552; x_wconf 91' lang='lat' dir='ltr'><strong>vel</strong></span> <span class='ocrx_word' id='word_1_725' title='bbox 1383 5493 1656 5564; x_wconf 75' lang='grc' dir='ltr'><strong>χιλιάρχης</strong></span> <span class='ocrx_word' id='word_1_726' title='bbox 1705 5493 1761 5548; x_wconf 91' lang='lat' dir='ltr'><strong>in</strong></span> <span class='ocrx_word' id='word_1_727' title='bbox 1803 5490 1951 5564; x_wconf 80' lang='lat' dir='ltr'><strong>mili-</strong></span> 
     </span>
    </p>
   </div>
   <div class='ocr_carea' id='block_1_101' title="bbox 349 5562 1944 5646">
    <p class='ocr_par' dir='ltr' id='par_1_101' title="bbox 349 5562 1944 5646">
     <span class='ocr_line' id='line_1_102' title="bbox 349 5562 1944 5646; baseline -0.001 -26"><span class='ocrx_word' id='word_1_728' title='bbox 349 5564 430 5620; x_wconf 87' lang='lat' dir='ltr'><strong>tia</strong></span> <span class='ocrx_word' id='word_1_729' title='bbox 451 5565 658 5646; x_wconf 54' lang='lat' dir='ltr'><strong>dicitur</strong></span> <span class='ocrx_word' id='word_1_730' title='bbox 668 5565 764 5637; x_wconf 89' lang='lat' dir='ltr'><strong>qui</strong></span> <span class='ocrx_word' id='word_1_731' title='bbox 783 5565 948 5646; x_wconf 44' lang='grc' dir='ltr'><strong>μυίης.</strong></span> <span class='ocrx_word' id='word_1_732' title='bbox 957 5562 1282 5646; x_wconf 74' lang='lat' dir='ltr'><strong>hominibus</strong></span> <span class='ocrx_word' id='word_1_733' title='bbox 1307 5562 1540 5646; x_wconf 60' lang='lat' dir='ltr'><strong>praeest,</strong></span> <span class='ocrx_word' id='word_1_734' title='bbox 1559 5563 1650 5646; x_wconf 74' lang='lat' dir='ltr'><strong>qui</strong></span> <span class='ocrx_word' id='word_1_735' title='bbox 1678 5562 1822 5646; x_wconf 83' lang='lat' dir='ltr'><strong>apud</strong></span> <span class='ocrx_word' id='word_1_736' title='bbox 1839 5564 1944 5644; x_wconf 52' lang='lat' dir='ltr'><strong>Ito-</strong></span> 
     </span>
    </p>
   </div>
   <div class='ocr_carea' id='block_1_102' title="bbox 349 5634 1942 5700">
    <p class='ocr_par' dir='ltr' id='par_1_102' title="bbox 349 5634 1942 5700">
     <span class='ocr_line' id='line_1_103' title="bbox 349 5634 1942 5700; baseline -0.002 -9"><span class='ocrx_word' id='word_1_737' title='bbox 349 5651 542 5694; x_wconf 88' lang='lat' dir='ltr'><strong>manos</strong></span> <span class='ocrx_word' id='word_1_738' title='bbox 571 5634 823 5693; x_wconf 83' lang='lat' dir='ltr'><strong>tribunu&#39;s</strong></span> <span class='ocrx_word' id='word_1_739' title='bbox 857 5636 1094 5692; x_wconf 88' lang='lat' dir='ltr'><strong>militum</strong></span> <span class='ocrx_word' id='word_1_740' title='bbox 1138 5634 1434 5700; x_wconf 79' lang='lat' dir='ltr'><strong>dicebatur,</strong></span> <span class='ocrx_word' id='word_1_741' title='bbox 1478 5634 1637 5692; x_wconf 85' lang='lat' dir='ltr'><strong>sicuti</strong></span> <span class='ocrx_word' id='word_1_742' title='bbox 1675 5634 1942 5700; x_wconf 81' lang='lat' dir='ltr'><strong>centurio,</strong></span> 
     </span>
    </p>
   </div>
   <div class='ocr_carea' id='block_1_103' title="bbox 346 5703 1943 5780">
    <p class='ocr_par' dir='ltr' id='par_1_103' title="bbox 346 5703 1943 5780">
     <span class='ocr_line' id='line_1_104' title="bbox 346 5703 1943 5780; baseline -0.003 -16"><span class='ocrx_word' id='word_1_743' title='bbox 346 5708 445 5780; x_wconf 86' lang='lat' dir='ltr'><strong>qui</strong></span> <span class='ocrx_word' id='word_1_744' title='bbox 465 5715 684 5764; x_wconf 86' lang='lat' dir='ltr'><strong>centum</strong></span> <span class='ocrx_word' id='word_1_745' title='bbox 713 5707 1002 5778; x_wconf 87' lang='lat' dir='ltr'><strong>peditibus.</strong></span> <span class='ocrx_word' id='word_1_746' title='bbox 1026 5710 1168 5764; x_wconf 83' lang='lat' dir='ltr'><strong>Nam</strong></span> <span class='ocrx_word' id='word_1_747' title='bbox 1195 5716 1258 5780; x_wconf 86' lang='lat' dir='ltr'><strong>ut</strong></span> <span class='ocrx_word' id='word_1_748' title='bbox 1279 5705 1450 5764; x_wconf 76' lang='lat' dir='ltr'><strong>refert</strong></span> <span class='ocrx_word' id='word_1_749' title='bbox 1463 5707 1625 5780; x_wconf 82' lang='lat' dir='ltr'><strong>etiam</strong></span> <span class='ocrx_word' id='word_1_750' title='bbox 1646 5703 1943 5780; x_wconf 77' lang='lat' dir='ltr'><strong>Iosephus,</strong></span> 
     </span>
    </p>
   </div>
   <div class='ocr_carea' id='block_1_104' title="bbox 345 5777 1947 5840">
    <p class='ocr_par' dir='ltr' id='par_1_104' title="bbox 345 5777 1947 5840">
     <span class='ocr_line' id='line_1_105' title="bbox 345 5777 1947 5840; baseline -0.002 -6"><span class='ocrx_word' id='word_1_751' title='bbox 345 5777 482 5835; x_wconf 79' lang='lat' dir='ltr'><strong>ordo</strong></span> <span class='ocrx_word' id='word_1_752' title='bbox 503 5782 565 5835; x_wconf 88' lang='lat' dir='ltr'><strong>in</strong></span> <span class='ocrx_word' id='word_1_753' title='bbox 585 5777 790 5834; x_wconf 83' lang='lat' dir='ltr'><strong>militia</strong></span> <span class='ocrx_word' id='word_1_754' title='bbox 812 5783 1162 5836; x_wconf 79' lang='lat' dir='ltr'><strong>Romanorum</strong></span> <span class='ocrx_word' id='word_1_755' title='bbox 1185 5779 1270 5833; x_wconf 87' lang='lat' dir='ltr'><strong>hic</strong></span> <span class='ocrx_word' id='word_1_756' title='bbox 1283 5783 1421 5840; x_wconf 86' lang='lat' dir='ltr'><strong>erat,</strong></span> <span class='ocrx_word' id='word_1_757' title='bbox 1447 5781 1510 5832; x_wconf 91' lang='lat' dir='ltr'><strong>ut</strong></span> <span class='ocrx_word' id='word_1_758' title='bbox 1526 5778 1722 5832; x_wconf 88' lang='lat' dir='ltr'><strong>milites</strong></span> <span class='ocrx_word' id='word_1_759' title='bbox 1735 5777 1808 5832; x_wconf 82' lang='lat' dir='ltr'><strong>ad</strong></span> <span class='ocrx_word' id='word_1_760' title='bbox 1827 5791 1947 5840; x_wconf 69' lang='lat' dir='ltr'><strong>cen:</strong></span> 
     </span>
    </p>
   </div>
   <div class='ocr_carea' id='block_1_105' title="bbox 346 5827 1961 5918">
    <p class='ocr_par' dir='ltr' id='par_1_105' title="bbox 346 5827 1961 5918">
     <span class='ocr_line' id='line_1_106' title="bbox 346 5827 1961 5918; baseline -0.001 -14"><span class='ocrx_word' id='word_1_761' title='bbox 346 5827 1504 5918; x_wconf 52' lang='grc' dir='ltr'><strong>ξὲιῖὧνὶὲεῗέὶὶέΕά’ῖὲἷιῖέιῆὸξὶιᾶὶὸῖᾱιῐὶεὸῖ</strong></span> <span class='ocrx_word' id='word_1_762' title='bbox 1527 5827 1847 5904; x_wconf 52' lang='lat' dir='ltr'><strong>gaianas;</strong></span> <span class='ocrx_word' id='word_1_763' title='bbox 1859 5827 1961 5903; x_wconf 55' lang='grc' dir='ltr'><strong>ὦὲῖ</strong></span> 
     </span>
    </p>
   </div>
   <div class='ocr_carea' id='block_1_106' title="bbox 341 5919 1777 5990">
    <p class='ocr_par' dir='ltr' id='par_1_106' title="bbox 341 5919 1777 5990">
     <span class='ocr_line' id='line_1_107' title="bbox 341 5919 1777 5990; baseline -0.003 -14"><span class='ocrx_word' id='word_1_764' title='bbox 341 5923 668 5977; x_wconf 79' lang='lat' dir='ltr'><strong>chiliarchas</strong></span> <span class='ocrx_word' id='word_1_765' title='bbox 696 5927 904 5990; x_wconf 74' lang='lat' dir='ltr'><strong>coeant,</strong></span> <span class='ocrx_word' id='word_1_766' title='bbox 925 5937 1079 5978; x_wconf 90' lang='lat' dir='ltr'><strong>mane</strong></span> <span class='ocrx_word' id='word_1_767' title='bbox 1102 5923 1434 5980; x_wconf 79' lang='lat' dir='ltr'><strong>convenirent</strong></span> <span class='ocrx_word' id='word_1_768' title='bbox 1458 5919 1777 5979; x_wconf 84' lang='lat' dir='ltr'><strong>salutatum.</strong></span> 
     </span>
    </p>
   </div>
   <div class='ocr_carea' id='block_1_107' title="bbox 2124 4639 3658 4714">
    <p class='ocr_par' dir='ltr' id='par_1_107' title="bbox 2124 4639 3658 4714">
     <span class='ocr_line' id='line_1_108' title="bbox 2124 4639 3658 4714; baseline -0.001 -17"><span class='ocrx_word' id='word_1_769' title='bbox 2124 4645 2150 4674; x_wconf 73' lang='grc' dir='ltr'><strong>ο</strong></span> <span class='ocrx_word' id='word_1_770' title='bbox 2179 4639 2242 4697; x_wconf 89' lang='lat' dir='ltr'><strong>Id</strong></span> <span class='ocrx_word' id='word_1_771' title='bbox 2278 4648 2385 4714; x_wconf 85' lang='lat' dir='ltr'><strong>est,</strong></span> <span class='ocrx_word' id='word_1_772' title='bbox 2423 4656 2532 4714; x_wconf 78' lang='lat' dir='ltr'><strong>per</strong></span> <span class='ocrx_word' id='word_1_773' title='bbox 2549 4642 2750 4714; x_wconf 83' lang='lat' dir='ltr'><strong>Deum,</strong></span> <span class='ocrx_word' id='word_1_774' title='bbox 2793 4655 2889 4698; x_wconf 88' lang='lat' dir='ltr'><strong>seu</strong></span> <span class='ocrx_word' id='word_1_775' title='bbox 2915 4657 3013 4714; x_wconf 84' lang='lat' dir='ltr'><strong>per</strong></span> <span class='ocrx_word' id='word_1_776' title='bbox 3039 4641 3142 4714; x_wconf 90' lang='lat' dir='ltr'><strong>D_ei</strong></span> <span class='ocrx_word' id='word_1_777' title='bbox 3169 4642 3444 4714; x_wconf 79' lang='lat' dir='ltr'><strong>auxilium</strong></span> <span class='ocrx_word' id='word_1_778' title='bbox 3457 4642 3532 4714; x_wconf 82' lang='lat' dir='ltr'><strong>ita</strong></span> <span class='ocrx_word' id='word_1_779' title='bbox 3560 4655 3658 4695; x_wconf 84' lang='lat' dir='ltr'><strong>va-</strong></span> 
     </span>
    </p>
   </div>
   <div class='ocr_carea' id='block_1_108' title="bbox 2055 4709 3656 4786">
    <p class='ocr_par' dir='ltr' id='par_1_108' title="bbox 2055 4709 3656 4786">
     <span class='ocr_line' id='line_1_109' title="bbox 2055 4709 3656 4786; baseline -0.004 -18"><span class='ocrx_word' id='word_1_780' title='bbox 2055 4712 2182 4786; x_wconf 84' lang='lat' dir='ltr'><strong>lida,</strong></span> <span class='ocrx_word' id='word_1_781' title='bbox 2223 4721 2284 4768; x_wconf 92' lang='lat' dir='ltr'><strong>ut</strong></span> <span class='ocrx_word' id='word_1_782' title='bbox 2311 4709 2564 4784; x_wconf 80' lang='lat' dir='ltr'><strong>principis</strong></span> <span class='ocrx_word' id='word_1_783' title='bbox 2603 4709 3018 4786; x_wconf 73' lang='lat' dir='ltr'><strong>hujusmundi,</strong></span> <span class='ocrx_word' id='word_1_784' title='bbox 3042 4711 3099 4766; x_wconf 89' lang='lat' dir='ltr'><strong>id</strong></span> <span class='ocrx_word' id='word_1_785' title='bbox 3137 4720 3241 4786; x_wconf 79' lang='lat' dir='ltr'><strong>est,</strong></span> <span class='ocrx_word' id='word_1_786' title='bbox 3269 4709 3494 4772; x_wconf 89' lang='lat' dir='ltr'><strong>diaboli,</strong></span> <span class='ocrx_word' id='word_1_787' title='bbox 3533 4723 3656 4786; x_wconf 82' lang='lat' dir='ltr'><strong>mu-</strong></span> 
     </span>
    </p>
   </div>
   <div class='ocr_carea' id='block_1_109' title="bbox 2025 4780 3655 4906">
    <p class='ocr_par' dir='ltr' id='par_1_109' title="bbox 2025 4780 3655 4906">
     <span class='ocr_line' id='line_1_110' title="bbox 2025 4780 3655 4906; baseline -0.004 -68"><span class='ocrx_word' id='word_1_788' title='bbox 2025 4811 2028 4816; x_wconf 95' lang='lat'><strong><em>-</em></strong></span> <span class='ocrx_word' id='word_1_789' title='bbox 2055 4784 2293 4838; x_wconf 89' lang='lat' dir='ltr'><strong>nitioues</strong></span> <span class='ocrx_word' id='word_1_790' title='bbox 2312 4780 2521 4906; x_wconf 48' lang='lat' dir='ltr'><strong>‘ﬁmne&#39;s</strong></span> <span class='ocrx_word' id='word_1_791' title='bbox 2548 4791 2604 4838; x_wconf 87' lang='lat' dir='ltr'><strong>et</strong></span> <span class='ocrx_word' id='word_1_792' title='bbox 2647 4780 3087 4843; x_wconf 80' lang='lat' dir='ltr'><strong>machinamenta</strong></span> <span class='ocrx_word' id='word_1_793' title='bbox 3121 4780 3400 4834; x_wconf 87' lang='lat' dir='ltr'><strong>destruere</strong></span> <span class='ocrx_word' id='word_1_794' title='bbox 3430 4780 3655 4847; x_wconf 88' lang='lat' dir='ltr'><strong>possint,</strong></span> 
     </span>
     <span class='ocr_line' id='line_1_111' title="bbox 2058 4863 2474 4906; baseline 0 0"><span class='ocrx_word' id='word_1_795' title='bbox 2058 4863 2116 4906; x_wconf 88' lang='lat' dir='ltr'><strong>et</strong></span> <span class='ocrx_word' id='word_1_796' title='bbox 2147 4869 2320 4906; x_wconf 85' lang='lat' dir='ltr'><strong>eonve</strong></span> <span class='ocrx_word' id='word_1_797' title='bbox 2361 4869 2474 4906; x_wconf 88' lang='lat' dir='ltr'><strong>ere.</strong></span> 
     </span>
    </p>
   </div>
   <div class='ocr_carea' id='block_1_110' title="bbox 2058 4863 2474 4909">
    <p class='ocr_par' dir='ltr' id='par_1_110' title="bbox 2058 4863 2474 4909">
     <span class='ocr_line' id='line_1_112' title="bbox 2058 4863 2474 4909; baseline -0.007 0"><span class='ocrx_word' id='word_1_798' title='bbox 2058 4863 2116 4909; x_wconf 75' lang='grc' dir='ltr'><strong>θῑ</strong></span> <span class='ocrx_word' id='word_1_799' title='bbox 2147 4863 2474 4908; x_wconf 83' lang='lat' dir='ltr'><strong>convellere.</strong></span> 
     </span>
    </p>
   </div>
   <div class='ocr_carea' id='block_1_111' title="bbox 2129 4911 3662 4989">
    <p class='ocr_par' dir='ltr' id='par_1_111' title="bbox 2129 4911 3662 4989">
     <span class='ocr_line' id='line_1_113' title="bbox 2129 4911 3662 4989; baseline -0.001 -12"><span class='ocrx_word' id='word_1_800' title='bbox 2129 4911 2158 4952; x_wconf 73' lang='grc' dir='ltr'><strong><em>ἀ</em></strong></span> <span class='ocrx_word' id='word_1_801' title='bbox 2187 4925 2392 4977; x_wconf 84' lang='lat' dir='ltr'><strong>Textus</strong></span> <span class='ocrx_word' id='word_1_802' title='bbox 2415 4922 2561 4989; x_wconf 83' lang='lat' dir='ltr'><strong>vulg.</strong></span> <span class='ocrx_word' id='word_1_803' title='bbox 2591 4922 2824 4977; x_wconf 82' lang='lat' dir='ltr'><strong>Cons-ilia</strong></span> <span class='ocrx_word' id='word_1_804' title='bbox 2871 4919 3217 4972; x_wconf 82' lang='lat' dir='ltr'><strong>destruentes.</strong></span> <span class='ocrx_word' id='word_1_805' title='bbox 3251 4917 3576 4975; x_wconf 83' lang='lat' dir='ltr'><strong>Ambrosius</strong></span> <span class='ocrx_word' id='word_1_806' title='bbox 3605 4925 3662 4975; x_wconf 88' lang='lat' dir='ltr'><strong>et</strong></span> 
     </span>
    </p>
   </div>
   <div class='ocr_carea' id='block_1_112' title="bbox 2059 4990 3412 5061">
    <p class='ocr_par' dir='ltr' id='par_1_112' title="bbox 2059 4990 3412 5061">
     <span class='ocr_line' id='line_1_114' title="bbox 2059 4990 3412 5061; baseline 0.001 -15"><span class='ocrx_word' id='word_1_807' title='bbox 2059 4993 2430 5061; x_wconf 85' lang='lat' dir='ltr'><strong>Hieronymus</strong></span> <span class='ocrx_word' id='word_1_808' title='bbox 2456 4991 2661 5061; x_wconf 88' lang='lat' dir='ltr'><strong>legunt,</strong></span> <span class='ocrx_word' id='word_1_809' title='bbox 2691 4991 3038 5058; x_wconf 86' lang='lat' dir='ltr'><strong>cogitationes</strong></span> <span class='ocrx_word' id='word_1_810' title='bbox 3063 4990 3412 5048; x_wconf 88' lang='lat' dir='ltr'><strong>destruentes.</strong></span> 
     </span>
    </p>
   </div>
   <div class='ocr_carea' id='block_1_113' title="bbox 2132 5059 3661 5134">
    <p class='ocr_par' dir='ltr' id='par_1_113' title="bbox 2132 5059 3661 5134">
     <span class='ocr_line' id='line_1_115' title="bbox 2132 5059 3661 5134; baseline 0.001 -19"><span class='ocrx_word' id='word_1_811' title='bbox 2132 5070 2155 5096; x_wconf 88' lang='lat'><strong><em>°</em></strong></span> <span class='ocrx_word' id='word_1_812' title='bbox 2195 5059 2448 5132; x_wconf 81' lang='lat' dir='ltr'><strong>Quinque</strong></span> <span class='ocrx_word' id='word_1_813' title='bbox 2485 5059 2692 5134; x_wconf 80' lang='lat' dir='ltr'><strong>species</strong></span> <span class='ocrx_word' id='word_1_814' title='bbox 2734 5075 3016 5134; x_wconf 82' lang='lat' dir='ltr'><strong>armorum</strong></span> <span class='ocrx_word' id='word_1_815' title='bbox 3055 5061 3315 5134; x_wconf 80' lang='lat' dir='ltr'><strong>pirituali</strong></span> <span class='ocrx_word' id='word_1_816' title='bbox 3357 5060 3661 5134; x_wconf 81' lang='lat' dir='ltr'><strong>centurioni</strong></span> 
     </span>
    </p>
   </div>
   <div class='ocr_carea' id='block_1_114' title="bbox 2062 5130 3658 5212">
    <p class='ocr_par' dir='ltr' id='par_1_114' title="bbox 2062 5130 3658 5212">
     <span class='ocr_line' id='line_1_116' title="bbox 2062 5130 3658 5212; baseline 0.001 -25"><span class='ocrx_word' id='word_1_817' title='bbox 2062 5141 2118 5188; x_wconf 90' lang='lat' dir='ltr'><strong>et</strong></span> <span class='ocrx_word' id='word_1_818' title='bbox 2137 5138 2332 5212; x_wconf 80' lang='lat' dir='ltr'><strong>ascetae</strong></span> <span class='ocrx_word' id='word_1_819' title='bbox 2359 5130 2714 5212; x_wconf 81' lang='lat' dir='ltr'><strong>assumendas</strong></span> <span class='ocrx_word' id='word_1_820' title='bbox 2742 5131 2844 5188; x_wconf 90' lang='lat' dir='ltr'><strong>sub</strong></span> <span class='ocrx_word' id='word_1_821' title='bbox 2867 5130 3103 5212; x_wconf 75' lang='lat' dir='ltr'><strong>nomine</strong></span> <span class='ocrx_word' id='word_1_822' title='bbox 3133 5131 3436 5212; x_wconf 60' lang='lat' dir='ltr'><strong>navon&#39;llag,</strong></span> <span class='ocrx_word' id='word_1_823' title='bbox 3458 5131 3514 5188; x_wconf 89' lang='lat' dir='ltr'><strong>id</strong></span> <span class='ocrx_word' id='word_1_824' title='bbox 3553 5140 3658 5212; x_wconf 75' lang='lat' dir='ltr'><strong>est,</strong></span> 
     </span>
    </p>
   </div>
   <div class='ocr_carea' id='block_1_115' title="bbox 2063 5201 3664 5276">
    <p class='ocr_par' dir='ltr' id='par_1_115' title="bbox 2063 5201 3664 5276">
     <span class='ocr_line' id='line_1_117' title="bbox 2063 5201 3664 5276; baseline 0 -18"><span class='ocrx_word' id='word_1_825' title='bbox 2063 5201 2243 5276; x_wconf 88' lang='lat' dir='ltr'><strong>omnis</strong></span> <span class='ocrx_word' id='word_1_826' title='bbox 2283 5209 2594 5276; x_wconf 59' lang='lat' dir='ltr'><strong>armatura,</strong></span> <span class='ocrx_word' id='word_1_827' title='bbox 2631 5203 2964 5258; x_wconf 89' lang='lat' dir='ltr'><strong>enumeravit</strong></span> <span class='ocrx_word' id='word_1_828' title='bbox 3008 5207 3369 5276; x_wconf 82' lang='lat' dir='ltr'><strong>Apostolus,‘</strong></span> <span class='ocrx_word' id='word_1_829' title='bbox 3396 5217 3518 5274; x_wconf 65' lang='lat' dir='ltr'><strong>qua</strong></span> <span class='ocrx_word' id='word_1_830' title='bbox 3562 5201 3664 5276; x_wconf 89' lang='lat' dir='ltr'><strong>_hic</strong></span> 
     </span>
    </p>
   </div>
   <div class='ocr_carea' id='block_1_116' title="bbox 2061 5273 3658 5346">
    <p class='ocr_par' dir='ltr' id='par_1_116' title="bbox 2061 5273 3658 5346">
     <span class='ocr_line' id='line_1_118' title="bbox 2061 5273 3658 5346; baseline 0 -17"><span class='ocrx_word' id='word_1_831' title='bbox 2061 5275 2320 5346; x_wconf 87' lang='lat' dir='ltr'><strong>pleraque</strong></span> <span class='ocrx_word' id='word_1_832' title='bbox 2361 5273 2636 5346; x_wconf 86' lang='lat' dir='ltr'><strong>eleganter</strong></span> <span class='ocrx_word' id='word_1_833' title='bbox 2685 5283 3030 5346; x_wconf 77' lang='lat' dir='ltr'><strong>exponuntur</strong></span> <span class='ocrx_word' id='word_1_834' title='bbox 3063 5273 3096 5330; x_wconf 61' lang='lat'><strong>&#39;:</strong></span> <span class='ocrx_word' id='word_1_835' title='bbox 3150 5281 3206 5330; x_wconf 83' lang='grc' dir='ltr'><strong>1ο</strong></span> <span class='ocrx_word' id='word_1_836' title='bbox 3247 5273 3460 5332; x_wconf 82' lang='lat' dir='ltr'><strong>scutum</strong></span> <span class='ocrx_word' id='word_1_837' title='bbox 3501 5273 3658 5346; x_wconf 77' lang='lat' dir='ltr'><strong>ﬁdei,</strong></span> 
     </span>
    </p>
   </div>
   <div class='ocr_carea' id='block_1_117' title="bbox 2061 5341 3662 5418">
    <p class='ocr_par' dir='ltr' id='par_1_117' title="bbox 2061 5341 3662 5418">
     <span class='ocr_line' id='line_1_119' title="bbox 2061 5341 3662 5418; baseline -0.001 -16"><span class='ocrx_word' id='word_1_838' title='bbox 2061 5341 2126 5402; x_wconf 59' lang='lat'><strong>&#39;2°</strong></span> <span class='ocrx_word' id='word_1_839' title='bbox 2149 5341 2372 5400; x_wconf 80' lang='lat' dir='ltr'><strong>loricam</strong></span> <span class='ocrx_word' id='word_1_840' title='bbox 2393 5341 2675 5418; x_wconf 69' lang='lat' dir='ltr'><strong>charitatis</strong></span> <span class='ocrx_word' id='word_1_841' title='bbox 2691 5341 2818 5418; x_wconf 64' lang='lat' dir='ltr'><strong>,vel</strong></span> <span class='ocrx_word' id='word_1_842' title='bbox 2845 5341 3102 5418; x_wconf 72' lang='lat' dir='ltr'><strong>justﬂiae;</strong></span> <span class='ocrx_word' id='word_1_843' title='bbox 3129 5352 3188 5403; x_wconf 86' lang='lat'><strong>3°</strong></span> <span class='ocrx_word' id='word_1_844' title='bbox 3203 5349 3414 5417; x_wconf 89' lang='lat' dir='ltr'><strong>galeam</strong></span> <span class='ocrx_word' id='word_1_845' title='bbox 3432 5387 3451 5414; x_wconf 91' lang='lat'><strong>,</strong></span> <span class='ocrx_word' id='word_1_846' title='bbox 3481 5341 3536 5401; x_wconf 82' lang='lat' dir='ltr'><strong>id</strong></span> <span class='ocrx_word' id='word_1_847' title='bbox 3558 5341 3662 5414; x_wconf 81' lang='lat' dir='ltr'><strong>est,</strong></span> 
     </span>
    </p>
   </div>
   <div class='ocr_carea' id='block_1_118' title="bbox 2059 5417 3666 5489">
    <p class='ocr_par' dir='ltr' id='par_1_118' title="bbox 2059 5417 3666 5489">
     <span class='ocr_line' id='line_1_120' title="bbox 2059 5417 3666 5489; baseline -0.001 -16"><span class='ocrx_word' id='word_1_848' title='bbox 2059 5433 2208 5488; x_wconf 85' lang='lat' dir='ltr'><strong>spem</strong></span> <span class='ocrx_word' id='word_1_849' title='bbox 2229 5418 2463 5489; x_wconf 81' lang='lat' dir='ltr'><strong>salutis;</strong></span> <span class='ocrx_word' id='word_1_850' title='bbox 2507 5422 2567 5471; x_wconf 82' lang='lat'><strong>4°</strong></span> <span class='ocrx_word' id='word_1_851' title='bbox 2597 5417 2840 5485; x_wconf 86' lang='lat' dir='ltr'><strong>gladium</strong></span> <span class='ocrx_word' id='word_1_852' title='bbox 2881 5420 3125 5488; x_wconf 84' lang='lat' dir='ltr'><strong>spiritus,</strong></span> <span class='ocrx_word' id='word_1_853' title='bbox 3163 5419 3306 5489; x_wconf 88' lang='lat' dir='ltr'><strong>quod</strong></span> <span class='ocrx_word' id='word_1_854' title='bbox 3341 5423 3420 5474; x_wconf 91' lang='lat' dir='ltr'><strong>est</strong></span> <span class='ocrx_word' id='word_1_855' title='bbox 3444 5418 3666 5472; x_wconf 80' lang='lat' dir='ltr'><strong>verbum</strong></span> 
     </span>
    </p>
   </div>
   <div class='ocr_carea' id='block_1_119' title="bbox 2062 5486 3661 5558">
    <p class='ocr_par' dir='ltr' id='par_1_119' title="bbox 2062 5486 3661 5558">
     <span class='ocr_line' id='line_1_121' title="bbox 2062 5486 3661 5558; baseline 0 -14"><span class='ocrx_word' id='word_1_856' title='bbox 2062 5486 2193 5557; x_wconf 86' lang='lat' dir='ltr'><strong>Dei;</strong></span> <span class='ocrx_word' id='word_1_857' title='bbox 2225 5493 2283 5545; x_wconf 79' lang='lat'>5°</span> <span class='ocrx_word' id='word_1_858' title='bbox 2313 5486 2662 5546; x_wconf 85' lang='lat' dir='ltr'><strong>calceamenta</strong></span> <span class='ocrx_word' id='word_1_859' title='bbox 2687 5490 2744 5543; x_wconf 85' lang='lat' dir='ltr'><strong>in</strong></span> <span class='ocrx_word' id='word_1_860' title='bbox 2764 5486 3472 5558; x_wconf 43' lang='lat' dir='ltr'><strong>prceparatione—Evangelii</strong></span> <span class='ocrx_word' id='word_1_861' title='bbox 3483 5491 3661 5558; x_wconf 86' lang='lat' dir='ltr'><strong>pacis,</strong></span> 
     </span>
    </p>
   </div>
   <div class='ocr_carea' id='block_1_120' title="bbox 2062 5557 3666 5631">
    <p class='ocr_par' dir='ltr' id='par_1_120' title="bbox 2062 5557 3666 5631">
     <span class='ocr_line' id='line_1_122' title="bbox 2062 5557 3666 5631; baseline -0.001 -16"><span class='ocrx_word' id='word_1_862' title='bbox 2062 5559 2120 5616; x_wconf 87' lang='lat' dir='ltr'><strong>id</strong></span> <span class='ocrx_word' id='word_1_863' title='bbox 2159 5569 2263 5626; x_wconf 88' lang='lat' dir='ltr'><strong>est,</strong></span> <span class='ocrx_word' id='word_1_864' title='bbox 2291 5557 2524 5616; x_wconf 87' lang='lat' dir='ltr'><strong>affectus</strong></span> <span class='ocrx_word' id='word_1_865' title='bbox 2545 5560 2692 5631; x_wconf 80' lang='lat' dir='ltr'><strong>bene</strong></span> <span class='ocrx_word' id='word_1_866' title='bbox 2735 5557 3112 5631; x_wconf 81' lang='lat' dir='ltr'><strong>mortiﬁcatos,</strong></span> <span class='ocrx_word' id='word_1_867' title='bbox 3143 5557 3666 5631; x_wconf 33' lang='lat' dir='ltr'><strong>sicque’disp’ositos</strong></span> 
     </span>
    </p>
   </div>
   <div class='ocr_carea' id='block_1_121' title="bbox 2053 5628 3659 5704">
    <p class='ocr_par' dir='ltr' id='par_1_121' title="bbox 2053 5628 3659 5704">
     <span class='ocr_line' id='line_1_123' title="bbox 2053 5628 3659 5704; baseline -0.003 -17"><span class='ocrx_word' id='word_1_868' title='bbox 2053 5639 2108 5688; x_wconf 81' lang='lat' dir='ltr'><strong>et</strong></span> <span class='ocrx_word' id='word_1_869' title='bbox 2141 5639 2474 5704; x_wconf 64' lang='lat' dir='ltr'><strong>praeparatos</strong></span> <span class='ocrx_word' id='word_1_870' title='bbox 2496 5628 2566 5704; x_wconf 80' lang='lat' dir='ltr'><strong>ad</strong></span> <span class='ocrx_word' id='word_1_871' title='bbox 2590 5629 2916 5704; x_wconf 79' lang='lat' dir='ltr'><strong>currendam</strong></span> <span class='ocrx_word' id='word_1_872' title='bbox 2942 5631 3084 5704; x_wconf 75' lang='lat' dir='ltr'><strong>viam</strong></span> <span class='ocrx_word' id='word_1_873' title='bbox 3115 5628 3498 5688; x_wconf 72' lang='lat' dir='ltr'><strong>mandatorum</strong></span> <span class='ocrx_word' id='word_1_874' title='bbox 3525 5629 3659 5704; x_wconf 87' lang='lat' dir='ltr'><strong>Dei;</strong></span> 
     </span>
    </p>
   </div>
   <div class='ocr_carea' id='block_1_122' title="bbox 2054 5700 3664 5777">
    <p class='ocr_par' dir='ltr' id='par_1_122' title="bbox 2054 5700 3664 5777">
     <span class='ocr_line' id='line_1_124' title="bbox 2054 5700 3664 5777; baseline -0.004 -19"><span class='ocrx_word' id='word_1_875' title='bbox 2054 5708 2115 5777; x_wconf 64' lang='grc' dir='ltr'><strong>(ξο</strong></span> <span class='ocrx_word' id='word_1_876' title='bbox 2143 5700 2462 5777; x_wconf 60' lang='lat' dir='ltr'><strong>cingulum,</strong></span> <span class='ocrx_word' id='word_1_877' title='bbox 2493 5700 2605 5758; x_wconf 89' lang='lat' dir='ltr'><strong>sive</strong></span> <span class='ocrx_word' id='word_1_878' title='bbox 2649 5701 2894 5777; x_wconf 83' lang='lat' dir='ltr'><strong>balteum</strong></span> <span class='ocrx_word' id='word_1_879' title='bbox 2925 5701 3216 5777; x_wconf 78' lang='lat' dir='ltr'><strong>militarem</strong></span> <span class='ocrx_word' id='word_1_880' title='bbox 3242 5721 3258 5769; x_wconf 87' lang='lat'><strong>;</strong></span> <span class='ocrx_word' id='word_1_881' title='bbox 3302 5701 3664 5777; x_wconf 83' lang='lat' dir='ltr'><strong>quo_castitas</strong></span> 
     </span>
    </p>
   </div>
   <div class='ocr_carea' id='block_1_123' title="bbox 2054 5773 3664 5848">
    <p class='ocr_par' dir='ltr' id='par_1_123' title="bbox 2054 5773 3664 5848">
     <span class='ocr_line' id='line_1_125' title="bbox 2054 5773 3664 5848; baseline -0.007 -17"><span class='ocrx_word' id='word_1_882' title='bbox 2054 5773 2385 5848; x_wconf 74' lang='lat' dir='ltr'><strong>designatur.</strong></span> <span class='ocrx_word' id='word_1_883' title='bbox 2409 5775 2558 5848; x_wconf 80' lang='lat' dir='ltr'><strong>State</strong></span> <span class='ocrx_word' id='word_1_884' title='bbox 2584 5776 2838 5829; x_wconf 86' lang='lat' dir='ltr'><strong>succincti</strong></span> <span class='ocrx_word' id='word_1_885' title='bbox 2855 5774 3056 5830; x_wconf 85' lang='lat' dir='ltr'><strong>lumbos</strong></span> <span class='ocrx_word' id='word_1_886' title='bbox 3076 5779 3274 5830; x_wconf 72' lang='lat' dir='ltr'><strong>vestros</strong></span> <span class='ocrx_word' id='word_1_887' title='bbox 3297 5773 3464 5835; x_wconf 85' lang='lat' dir='ltr'><strong>(Vide</strong></span> <span class='ocrx_word' id='word_1_888' title='bbox 3482 5775 3664 5826; x_wconf 84' lang='lat' dir='ltr'><strong>notam</strong></span> 
     </span>
    </p>
   </div>
   <div class='ocr_carea' id='block_1_124' title="bbox 2055 5846 2866 5919">
    <p class='ocr_par' dir='ltr' id='par_1_124' title="bbox 2055 5846 2866 5919">
     <span class='ocr_line' id='line_1_126' title="bbox 2055 5846 2866 5919; baseline 0.001 -18"><span class='ocrx_word' id='word_1_889' title='bbox 2055 5847 2131 5902; x_wconf 85' lang='lat' dir='ltr'><strong>ad</strong></span> <span class='ocrx_word' id='word_1_890' title='bbox 2161 5846 2280 5919; x_wconf 81' lang='lat' dir='ltr'><strong>cap.</strong></span> <span class='ocrx_word' id='word_1_891' title='bbox 2307 5851 2381 5902; x_wconf 79' lang='lat'><strong>19</strong></span> <span class='ocrx_word' id='word_1_892' title='bbox 2405 5846 2500 5901; x_wconf 86' lang='lat' dir='ltr'><strong>lib.</strong></span> <span class='ocrx_word' id='word_1_893' title='bbox 2523 5859 2616 5904; x_wconf 83' lang='lat' dir='ltr'><strong>vn</strong></span> <span class='ocrx_word' id='word_1_894' title='bbox 2642 5848 2866 5916; x_wconf 78' lang='lat' dir='ltr'><strong>Instit.).</strong></span> 
     </span>
    </p>
   </div>
  </div>
