4048 6208
343 332 444 385 675
1423 316 1702 374 JOANNlS
1737 313 2035 371 CASSIANI
2073 308 2562 369 COLLATIONES.
3543 298 3653 353 676

347 453 569 510 stodire.
617 450 749 508 Aliis
775 450 920 506 enim
965 445 1228 504 membris
1270 450 1585 500 truncatum
1623 439 1935 512 quempiam
1963 442 2017 504 Α
2066 502 2076 511 ⁸
2648 429 2888 487 CAPUT
2943 426 3038 481 Vl.

349 546 473 602 licet
496 545 752 612 debilem,
783 541 1033 616 possibile
1075 548 1259 595 tamen
1299 546 1381 593 est
1422 544 1717 607 utcumque
1757 550 1943 605 super-
2150 534 2226 586 De
2247 525 2651 599 perseverantia
2672 536 2797 591 erga
2819 520 3213 616 cogitationum
3229 514 3551 571 custodiam.

347 654 481 694 esse.
525 637 650 693 Sine
696 608 868 708 capite
905 648 1032 688 vero
1076 630 1280 686 nemini
1320 629 1403 685 vel
1437 628 1615 684 brevis
1658 628 1783 683 vitae
1823 642 1943 698 spa—
2120 621 2332 678 Debere
2359 628 2548 675 tamen
2574 633 2638 672 ac
2662 630 2821 687 posse
2862 628 2965 669 nos
2991 615 3109 669 Deo
3130 608 3429 676 cohaerere,
3470 614 3526 662 et
3552 620 3655 662 ex-

347 730 486 786 tium
506 701 845 801 prorogatur.
873 728 944 781 Et
958 724 1204 794 gladium
1218 724 1446 794 Spiritus
1465 721 1609 791 quod
1627 724 1703 775 est
1724 721 1944 774 verbum
2051 714 2315 787 perientia
2344 711 2563 785 propria
2584 706 3080 801 deprehendimus,
3096 704 3154 801 si
3169 701 3530 801 mortiﬁcatas
3552 716 3658 756 vo-

349 795 809 892 Βεὶ(1ξρ1ιεε.-νι).
838 819 1227 874 Penetrabilius
1248 831 1485 887 namque
1505 821 1581 870 est
1606 815 1753 869 omni
1768 813 1946 882 gladio
2053 807 2289 880 Iuptates
2301 822 2365 862 ac
2386 802 2650 862 desideria
2667 801 2861 858 mundi
2886 799 3051 871 hujus
3068 795 3654 892 habeamusgabscis‘s‘a;

349 918 595 987 ancipiti,
628 919 677 969 et
695 916 1008 984 pertingens
1032 929 1198 984 usque
1217 912 1289 966 ad
1316 912 1631 965 divisionem
1661 911 1858 962 animo:
1886 922 1949 961 ac
2055 911 2111 958 et
2136 902 2356 958 illorum
2379 899 2705 956 auctoritate
2727 894 3066 956 docebimur,
3099 891 3191 964 qui
3215 890 3461 946 Domino
3489 887 3661 945 collo-

347 1010 596 1079 spiritus,
618 1023 930 1077 compagum
945 1022 1152 1076 quoque
1169 1010 1218 1060 et
1232 1005 1607 1066 medullarum,
1627 1007 1677 1057 et
1695 1003 1949 1060 discretor

350 1102 725 1171 cogitationum
756 1105 807 1154 et
849 1101 1207 1154 intentionum
1235 1099 1412 1153 cordis
1444 1098 1631 1167 (Hebr.
1674 1096 1776 1167 Iv),
1822 1094 1952 1152 divi-

352 1197 489 1252 dens
512 1195 713 1251 scilicet
740 1202 795 1249 et
833 1192 1153 1249 abscindens
1177 1191 1442 1263 quidquid
1466 1192 1522 1246 in
1549 1190 1707 1247 nobis
1732 1188 1952 1245 carnale

354 1274 698 1344 terrenumve
744 1287 1021 1359 repererit.
1068 1285 1279 1358 Quibus
1308 1284 1476 1341 armis
1520 1283 1764 1356 quisquis
1791 1281 1955 1338 fuerit

355 1380 749 1449 communitus,
791 1381 861 1436 ab
896 1380 1139 1436 hostium
1165 1394 1382 1451 semper
1406 1378 1529 1433 telis
1555 1393 1619 1432 ac
1657 1377 1950 1449 depopula-

355 1476 501 1546 tione
542 1473 822 1543 defensus,
854 1489 968 1529 non
1012 1482 1075 1529 ut
1101 1473 1345 1544 captivus
1371 1488 1433 1527 ac
1474 1460 1721 1528 subditus
1749 1470 1818 1526 ad
1858 1470 1953 1525 ho-

354 1566 534 1624 stilem
550 1567 939 1639 cogitationum
955 1576 1159 1622 terram
1178 1565 1505 1621 constrictus
1523 1562 1957 1635 deprmdantium

355 1660 585 1717 vinculis
614 1659 931 1730 abducitur,
955 1674 1055 1715 nec
1079 1658 1266 1715 audiet
1294 1675 1388 1730 per
1412 1657 1753 1730 prophetam,
1782 1657 1959 1723 Quare

358 1757 679 1809 inveteratus
710 1769 762 1808 es
787 1755 847 1807 in
869 1758 1009 1807 terra
1038 1753 1218 1807 aliena
1244 1753 1491 1822 (Baruch.
1534 1749 1657 1821 in)?
1684 1749 1780 1806 sed
1807 1747 1959 1821 quasi

2057 1005 2289 1069 quentes
2315 994 2641 1052 ﬁducialiter
2662 990 2887 1062 Qdicunt,
2911 988 3162 1046 Adhaesit
3183 988 3371 1041 anima
3396 998 3515 1041 mea
3538 989 3660 1054 post

2057 1096 2108 1146 te
2139 1091 2302 1157 (Psal.
2341 1087 2489 1159 LXII)
2517 1104 2533 1155 ;
2562 1096 2641 1154 et,
2679 1085 2890 1141 Adhesi
2926 1082 3239 1138 testimoniis
3277 1081 3410 1148 tuis,
3441 1080 3695 1137 Domine

2062 1185 2232 1255 (Psal.
2269 1187 2489 1248 cxvm)
2511 1201 2528 1249 ;
2559 1188 2633 1248 et,
2664 1180 2803 1237 Mihi
2828 1182 3009 1233 autem
3035 1176 3311 1231 adhaerere
3338 1177 3441 1230 Deo
3465 1174 3664 1230 bonum

2062 1284 2138 1334 est
2160 1278 2335 1349 (Psal.
2370 1292 2439 1333 1.x
2451 1290 2536 1331 xu
2559 1274 2576 1347 )
2598 1293 2613 1340 ;
2636 1280 2709 1339 et,
2737 1274 2841 1341 Qui
2861 1272 3098 1326 adhreret
3115 1271 3358 1343 Domino,
3388 1284 3531 1323 unus
3542 1269 3664 1338 spi-

2061 1374 2203 1426 ritus
2234 1376 2312 1426 est
2342 1370 2385 1441 (I
2412 1371 2524 1427 Cor.
2552 1372 2650 1434 v1).
2684 1369 2809 1423 Non
2837 1379 2966 1437 ergo
2992 1362 3255 1420 debemus
3282 1361 3373 1418 his
3395 1360 3669 1433 evagatio.

2060 1465 2219 1521 uibus
2254 1463 2456 1520 animai
2504 1460 2706 1534 fatigati
2744 1460 2814 1517 ab
2854 1460 2961 1515 hoc
2983 1457 3163 1515 studio
3190 1455 3422 1513 relaxari
3457 1447 3524 1507 ιδ
3562 1456 3670 1521 Qui

2065 1560 2213 1615 enim
2229 1560 2353 1613 colit
2368 1564 2573 1612 terram
2594 1572 2767 1623 suam,
2785 1554 3081 1609 satiabitur
3094 1551 3331 1622 panibus
3344 1568 3361 1618 ;
3373 1551 3470 1620 qui
3484 1554 3666 1604 autem

2068 1656 2301 1707 sectatur
2320 1653 2507 1715 otium,
2524 1650 2820 1721 replebitur
2845 1650 3074 1717 egestate
3100 1645 3271 1715 (Prov.
3294 1647 3524 1710 xxvm).
3551 1644 3670 1698 Nec

2069 1746 2139 1803 ab
2175 1745 2478 1803 intentione
2525 1744 2689 1817 hujus
2729 1740 3091 1799 observantiae
3128 1736 3429 1811 perniciosa
3463 1736 3666 1808 despe-

360 1842 722 1920 triumphator
753 1863 816 1902 ac
846 1847 1017 1902 victor
1058 1846 1113 1901 in
1142 1845 1231 1901 illa
1271 1861 1376 1918 qua
1405 1843 1638 1901 voluerit
1678 1841 1962 1915 cogitatio-
1994 1837 2042 1899 B
2069 1841 2274 1897 ratione
2304 1839 2640 1912 frangamur,
2666 1837 2793 1909 quia
2816 1846 2837 1871 ε
2864 1839 2927 1893 In
2956 1836 3105 1891 enini
3131 1834 3356 1891 sollicito
3375 1833 3508 1888 inest
3532 1847 3661 1886 am-

360 1958 496 1998 num
544 1943 763 2016 regione
802 1942 1077 1999 consistet.
1118 1940 1215 1997 Vis
1265 1940 1431 1996 etiam
1468 1922 1646 2011 ipsum
1686 1936 1858 1993 robur
1900 1952 1964 1993 ac

360 2035 738 2094 fortitudinem
789 2034 1121 2092 centurionis
1157 2033 1341 2106 hujus,
1384 2032 1580 2104 quibus
1622 2030 1743 2087 haec
1786 2045 1961 2098 arma,

361 2146 486 2202 quae
525 2129 893 2203 praediximus,
922 2144 1028 2183 non
1056 2128 1315 2189 carnalia,
1344 2124 1441 2181 sed
1463 2127 1707 2196 potentia
1733 2129 1839 2181 Deo
1867 2140 1958 2197 ge-

361 2232 489 2291 stat,
524 2225 852 2296 agnoscere?
883 2219 1028 2278 Audi
1064 2221 1243 2291 ipsum
1271 2233 1459 2291 regem
1501 2218 1647 2274 viros
1682 2217 1853 2274 fortes
1894 2217 1964 2274 ad

362 2316 657 2389 spiritalem
675 2315 924 2371 militiam
945 2316 1447 2387 congregrantem,a
1471 2328 1580 2384 quo
1605 2328 1704 2370 eos
1727 2312 1964 2369 delectos

284 2399 290 2412 ί
364 2411 543 2484 signet
569 2426 633 2466 ac
663 2409 872 2482 probet.
905 2413 1177 2479 Inﬁrmus,
1205 2408 1401 2481 inquit,
1424 2410 1566 2464 dicat
1599 2428 1614 2462 :
1645 2410 1783 2477 Quia
1802 2410 1965 2476 fortis

365 2520 486 2560 sum
512 2520 636 2574 ego;
667 2509 719 2559 et
745 2506 845 2573 qui
870 2505 1089 2574 patiens
1113 2508 1210 2567 est,
1245 2505 1317 2558 sit
1350 2507 1626 2573 pugnator
1656 2501 1835 2573 (Joelis
1862 2501 1965 2573 III).

365 2596 577 2654 Videtis
618 2588 777 2670 ergo
805 2595 943 2651 bella
981 2595 1212 2651 Domini
1256 2595 1518 2667 praeliari,
1558 2593 1663 2651 nisi
1708 2594 1971 2666 patientes

369 2691 723 2762 infirmosque
751 2704 865 2745 non
893 2704 1050 2760 posse
1094 2707 1107 2745 :
1140 2689 1230 2745 illa
1259 2674 1617 2760 proculdubio
1649 2688 1970 2745 inﬁrmitate

367 2803 474 2858 qua
498 2773 870 2843 fundatusille
898 2794 1086 2841 noster
1114 2784 1451 2857 evangelicus
1482 2785 1733 2840 centurio
1753 2800 1880 2841 cum
1901 2782 1967 2838 ﬂ-

367 2881 529 2938 ducia
571 2880 898 2953 loquebatur
942 2896 957 2933 :
990 2880 1121 2937 Cum
1147 2880 1291 2933 enim
1325 2880 1590 2947 inﬁrmor,
1634 2882 1758 2931 tunc
1779 2882 1968 2947 potens

366 2993 506 3032 sum.
529 2979 600 3030 Et
617 2976 837 3041 iterum,
865 2976 1053 3029 Virtus
1070 2978 1254 3027 autem
1274 2975 1332 3025 in
1356 2973 1673 3040 inﬁrmitate
1687 2974 1970 3041 perﬁcitur

372 3070 445 3139 (II
460 3072 575 3126 Cor.
594 3068 733 3138 ιιι).
752 3070 836 3121 De
851 3080 958 3136 qua
978 3064 1295 3120 inlirmitate
1308 3064 1450 3137 unus
1462 3063 1874 3135 prophetarum,
1899 3069 1971 3122 Et

369 3165 494 3235 erit,
514 3160 716 3232 inquit,
729 3162 829 3229 qui
846 3162 1158 3229 inﬁrmatur
1171 3160 1229 3213 in
1242 3158 1390 3212 vobis
1409 3160 1549 3213 sicut
1566 3158 1751 3214 domus
1772 3161 1967 3216 David.

2065 1941 2231 2010 plius.
2262 1942 2402 1995 Nam
2425 1939 2523 2009 qui
2551 1938 2734 1992 suavis
2780 1940 2832 1990 et
2857 1937 2971 1990 sine
2993 1933 3176 1991 dolore
3197 1934 3310 2003 (est,
3346 1933 3404 1986 in
3436 1933 3668 2001 egestate

2070 2034 2172 2087 erit
2195 2033 2374 2100 (Prov.
2399 2030 2551 2101 xxv).
2584 2032 2655 2084 Et
2678 2027 2877 2084 iterum
2908 2046 2921 2081 ε
2960 2013 2989 2059 ά
3015 2028 3117 2083 Vir
3142 2027 3202 2080 in
3229 2023 3488 2079 doloribus
3512 2022 3669 2076 labo-

2071 2131 2162 2181 rat
2176 2127 2300 2189 sibi,
2321 2129 2369 2179 et
2381 2127 2487 2179 vim
2502 2124 2639 2191 facit
2642 2122 2937 2193 perditioni
2951 2136 3063 2176 sua:
3075 2118 3256 2191 (Prov.
3266 2116 3417 2189 xvr).
3431 2117 3543 2172 Nec
3557 2129 3672 2171 non

2070 2221 2234 2277 etiam
2254 2225 2489 2289 Regnum
2503 2219 2751 2274 calorum
2769 2220 2877 2272 vim
2883 2218 3124 2287 patitur,
3143 2219 3193 2270 et
3206 2214 3427 2269 violenti
3446 2212 3671 2282 rapiunt

2071 2315 2212 2370 illud
2255 2313 2607 2384 (Matth.,xr).
2653 2310 2812 2369 Nulla
2846 2324 3086 2382 namque
3115 2308 3286 2365 virtus
3333 2306 3452 2362 sine
3488 2303 3671 2361 labore

2020 2424 2026 2437 ι
2075 2408 2379 2480 perﬁcitur,
2426 2423 2530 2464 nec
2579 2406 2677 2463 ulli
2734 2405 2988 2478 possibile
3041 2413 3126 2461 est
3170 2403 3239 2461 ad
3290 2401 3454 2461 istam
3503 2413 3667 2473 quam

2078 2503 2275 2574 cupitis
2316 2501 2670 2579 stabilitatem
2710 2501 2911 2561 mentis
2936 2499 3054 2557 sine
3099 2497 3307 2571 ingenti
3344 2495 3675 2553 contritione

2079 2597 2259 2654 cordis
2278 2596 2640 2654 conscendere
2672 2616 2686 2650 :
2719 2600 2885 2654 Homo
2909 2598 3049 2651 enim
3076 2595 3150 2650 ad
3174 2594 3408 2650 laborem
3430 2594 3675 2647 nascitur

2078 2695 2213 2759 (Job.
2241 2694 2321 2765 v).
2354 2692 2461 2763 Qui
2500 2695 2643 2748 utin
2666 2694 2840 2748 virum
2879 2692 3182 2762 perfectum
3206 2688 3382 2760 possit
3404 2702 3676 2743 occurrere

2078 2788 2138 2843 in
2164 2803 2463 2844 mensuram
2488 2790 2670 2843 aetatis
2693 2786 3060 2857 plenitudinis
3086 2785 3290 2842 Christi
3315 2781 3530 2855 (Ephes.
3562 2780 3675 2850 Iv),

2078 2882 2271 2953 majori
2318 2882 2618 2939 intentione
2659 2896 2878 2939 necesse
2913 2887 2996 2937 est
3026 2895 3243 2952 semper
3287 2892 3405 2935 esse
3441 2873 3679 2949 pervigi-

2077 2976 2205 3045 lem,
2259 2975 2486 3049 jugique
2540 2974 2897 3033 sollicitudine
2939 2973 3226 3031 desudare.
3278 2977 3302 3005 °
3356 2970 3446 3028 Ad
3510 2970 3676 3043 cujus

2076 3077 2261 3125 tamen
2295 3085 2567 3126 mensurae
2608 3068 3000 3141 plenitudinem
3034 3083 3198 3124 nemo
3227 3065 3502 3140 perveniet
3539 3064 3681 3121 alias

2078 3164 2138 3219 in
2175 3162 2446 3231 futurum,
2491 3164 2595 3222 nisi
2641 3163 2733 3236 qui
2775 3162 3190 3236 prmmeditatus
3232 3170 3290 3217 et
3322 3160 3563 3217 imbutus
3608 3174 3679 3216 ea

370 3257 758 3311 Patiensetiam
778 3252 1974 3327 hacbellaprceliabiturﬂach.xu).Nempe
2001 3240 2047 3303 (ἶ
2080 3256 2246 3315 fuerit
2283 3259 2341 3315 in
2382 3258 2665 3330 praesenti,
2707 3274 2940 3330 eamque
2983 3255 3165 3313 adhuc
3207 3255 3263 3311 in
3317 3254 3424 3312 hoc
3474 3253 3683 3311 saeculo

369 3350 457 3407 illa
481 3350 745 3424 patientia
773 3348 842 3405 de
862 3364 968 3422 qua
999 3347 1219 3415 dicitur,
1239 3350 1512 3404 Patientia
1532 3351 1680 3405 vobis
1721 3366 1965 3407 necessa-

369 3448 453 3500 ria
482 3450 578 3508 est,
610 3448 689 3510 ut,
714 3445 1042 3499 voluntatem
1070 3445 1166 3499 Dei
1188 3445 1463 3510 facientes,
1486 3446 1759 3516 recipiatis
1788 3462 1965 3501 remu-

371 3541 701 3592 nerationem
732 3537 912 3608 (Hebr.
944 3537 1019 3608 x).

2075 3352 2289 3424 positus
2334 3352 2726 3425 praelibaverit,
2773 3351 3080 3422 Christique
3122 3349 3431 3405 membrum
3468 3347 3682 3420 pretio-

2077 3446 2353 3504 sissimum
2378 3447 2710 3519 designatus,
2738 3438 2758 3477 ί
2791 3445 3007 3502 arrham
3032 3442 3370 3516 compaginis
3406 3442 3550 3498 illius
3578 3455 3680 3512 per

2078 3555 2245 3613 quam
2277 3543 2494 3614 corpori
2517 3542 2634 3614 ejus
2667 3540 2841 3597 valeat
2877 3537 3120 3612 copulari
3146 3538 3202 3594 in
3234 3536 3337 3593 hac
3363 3551 3521 3593 carne
3547 3550 3682 3609 pos-

1469 3714 1722 3772 ALARDI
1762 3717 1986 3774 GAZzEI
2024 3719 2580 3779 COMMENTARIUS.

446 3880 469 3913 ³
496 3880 755 3951 Magnam
795 3876 882 3932 hic
927 3874 984 3951 in
1035 3891 1178 3951 mss:
1222 3875 1620 3951 exemplaribus
1662 3877 1961 3951 lectionum

374 3946 1019 4035 varietatemphs’ervavi‘t
1040 3946 1429 4035 DLCurjjchius.
1456 3951 1613 4035 Ιξίξξιι]Δ
1630 3949 1716 4032 alii
1738 3951 1963 4035 legunt:

377 4028 488 4093 Quo
519 4039 601 4078 eos
621 4022 806 4077 dilecti
822 4022 1031 4093 signet;
1059 4017 1147 4073 alii
1175 4038 1186 4073 :
1206 4017 1323 4086 Qua
1335 4035 1429 4093 eos
1455 4020 1736 4076 dilectione
1756 4017 1964 4092 signet;

374 4090 460 4150 alii
489 4113 502 4149 :
532 4096 643 4162 Quo
691 4108 773 4147 eos
800 4092 1019 4147 dilectos
1053 4093 1262 4162 signet;
1299 4090 1383 4145 alii
1417 4109 1429 4145 :
1463 4093 1730 4159 Quomodo
1766 4090 1848 4149 eos
1879 4095 1970 4149 di-

378 4169 531 4222 lectos
551 4161 762 4237 signet;
789 4171 1065 4237 postremo
1090 4161 1175 4216 alii
1208 4180 1226 4237 :_
1238 4164 1361 4237 Qui
1401 4179 1494 4237 eos
1516 4164 1732 4237 dilectos
1771 4167 1966 4237 signet.

377 4244 553 4308 Atque
582 4236 717 4308 hinc,
752 4235 946 4308 inquit,
973 4249 1057 4308 es,
1077 4234 1495 4308 omnibus-mihi
1523 4236 1759 4308 Inarime
1782 4234 1970 4308 proba-

376 4304 483 4377 tur,
512 4307 598 4362 cui
628 4304 861 4360 maxime
880 4305 1090 4360 accedit
1116 4319 1179 4359 ea
1209 4304 1363 4360 lectio
1392 4305 1625 4362 Plautini
1657 4304 1894 4377 quaa'hic
1915 4307 1971 4362 in

378 4378 619 4446 margine
646 4384 886 4446 notatur.

448 4441 475 4479 ¹³
499 4441 733 4515 Vulgata
759 4443 919 4516 lectio
947 4461 960 4494 :
991 4443 1096 4509 Qui
1115 4449 1367 4512 operatur
1391 4450 1587 4501 terram
1606 4463 1780 4516 suam,
1810 4451 1976 4503 satia-

380 4519 526 4572 bitur
550 4514 785 4588 panibus
803 4514 931 4588 ;qu_i_
949 4518 1129 4567 autem
1156 4516 1445 4588 secta-bitur
1468 4521 1657 4588 otium,
1687 4514 1977 4588 replebitur

378 4583 625 4658 egestate.
649 4584 746 4643 Cui
771 4583 962 4640 similis
990 4584 1257 4661 sententia
1282 4586 1541 4661 Proverb.
1571 4583 1670 4644 xit
1700 4608 1712 4644 :
1735 4583 1840 4656 Qui
1858 4607 1977 4661 ope-

375 4655 532 4715 ratur
548 4664 744 4714 terram
757 4672 930 4718 suam,
943 4655 1239 4709 satiabitur
1247 4657 1481 4729 panibus
1496 4677 1512 4725 ;
1526 4661 1624 4729 qui
1629 4655 1807 4715 autem
1819 4655 1976 4717 secta-

2073 3880 2302 3949 Gallice,
2323 3882 2559 3939 Denicrd
2572 3883 2727 3939 Dieu.
2746 3880 3005 3938 Alludere
3019 3884 3207 3938 autem
3221 3879 3443 3936 videtur.
3463 3880 3684 3935 Auctor

2075 3953 2149 4025 ad
2170 3953 2301 4009 illud
2340 3954 2589 4025 Apostoli
2615 3952 2813 4024 Ephes.
2850 3969 2904 4007 ιε
2931 3954 3152 4023 Signati
3162 3955 3294 4025 estis
3316 3953 3516 4023 spiritu
3544 3966 3682 4021 pro-

2076 4022 2343 4082 missionis
2357 4022 2761 4096 sancto,qui'est
2773 4026 2974 4095 pignus
2994 4024 3329 4096 hereditatis
3344 4022 3561 4086 nostris,
3569 4030 3676 4077 etc.

2080 4096 2309 4174 (ll-Ger.
2344 4111 2368 4153 ι
2405 4102 2456 4153 et
2492 4095 2580 4174 ης
2613 4096 2724 4153 Ubi
2777 4097 2970 4174 pignus
3019 4096 3247 4151 Latinus
3288 4095 3685 4174 interpresprp

2076 4163 2378 4223 arrhabone
2398 4167 2603 4238 posuit,
2624 4175 2762 4238 teste
2777 4163 2863 4221 ’Βῖ
2884 4166 3221 4238 Hieronymo
3245 4183 3262 4233 ;
3282 4165 3426 4222 sicut
3437 4163 3503 4221 ’et
3527 4163 3683 4238 alibi,

2077 4254 2202 4293 cum
2229 4239 2359 4295 dicit
2392 4236 2559 4295 Deum
2597 4236 2806 4293 dedisse
2828 4240 3028 4308 pignus
3060 4236 3286 4308 spiritus
3323 4240 3396 4308 in,
3434 4236 3686 4308 cordibus

2082 4313 2295 4381 nostris.
2329 4311 2563 4381 Interest
2602 4318 2783 4381 autem
2811 4307 2949 4364 inter
2977 4307 3258 4381 pignus_et
3294 4307 3683 4381 arrhabonem,

2082 4380 2230 4450 quod
2272 4381 2461 4451 pignus
2495 4380 2652 4436 detur
2696 4379 2751 4433 in
2783 4378 2995 4451 mutuo;
3023 4378 3254 4451 arrhabo
3299 4394 3430 4451 vero
3462 4378 3523 4451 in
3553 4394 3687 4451 con-

2083 4448 2580 4521 tractu'einptionis
2610 4458 2664 4505 et
2702 4449 3041 4515 venditionis,
3071 4449 3373 4514 locationis,
3404 4458 3461 4506 et
3494 4448 3687 4520 hujus-

2082 4521 2284 4593 modi.‘
2319 4520 2530 4577 Deinde
2584 4521 2779 4593 pignus
2831 4521 3130 4578 restituitur
3172 4528 3390 4593 recepto
3451 4527 3685 4593 mutuo;

2082 4592 2244 4649 arrha
2267 4590 2839 4672 autem‘n_on’re:ddi_tur
2861 4600 3083 4672 accepto
3095 4590 3313 4672 “pretio,
3330 4607 3459 4672 cum
3476 4590 3688 4672 _sit_

2083 4679 2206 4734 pars
2238 4663 2393 4731 pretii
2436 4664 2602 4732 (Vide
2628 4666 2685 4721 S.
2720 4664 2971 4720 Thomam
2992 4663 3061 4718 in
3084 4664 3518 4734 Commentario).
3545 4663 3692 4734 Hinc

380 4737 471 4787 tur
488 4712 676 4794 otium,
698 4712 1596 4807 stultissimusestt_et‘Eccles.’1;x
1634 4712 1780 4799 {an
2005 4712 2055 4775 D
2086 4712 3116 4807 '13?sagittas;aiaszsaaeiii
3127 4712 3688 4807 iustissimae;

380 4810 471 4859 tur
495 4808 693 4859 terram
734 4817 906 4864 suam,
944 4800 1200 4873 inaltabit
1238 4815 1483 4873 acervum
1512 4803 1766 4873 frugum.
1822 4800 1980 4873 Quod

378 4885 434 4931 et
502 4878 707 4946 poetice
778 4872 1042 4945 expressit
1110 4870 1410 4927 Venantius
1481 4870 1816 4931 Fortunatus
1848 4870 1982 4933 vilOC

381 4961 541 5001 versu
575 4963 587 4999 ἒ

474 5049 573 5110 Qui
594 5063 686 5100 sua
704 5061 822 5098 rura
836 5047 979 5108 .colit,
1003 5047 1129 5099 solet
1148 5047 1325 5099 horrea
1342 5048 1491 5113 plena
1510 5054 1693 5104 tenere.

452 5161 579 5214 cIta
626 5156 798 5222 LXX,
841 5161 901 5209 ut
944 5152 1153 5208 notavit
1200 5153 1485 5213 Ciaconius
1533 5159 1587 5214 in
1630 5176 1730 5217 suo
1778 5161 1972 5219 indice.

381 5229 643 5303 Vulgatus
670 5235 849 5282 textus
884 5244 905 5303 :_
932 5225 993 5281 In
1019 5223 1167 5303 omni
1191 5240 1350 5303 opere
1371 5231 1475 5303 erit
1493 5231 1833 5288 abundantia
1853 5252 1869 5297 ;
1893 5233 1990 5286 ubi

379 5296 560 5377 autem
620 5304 747 5377 sunt
793 5298 951 5377 verba
981 5296 1222 5366 plurima
1243 5337 1259 5364 ,
1306 5298 1386 5353 ibi
1431 5301 1737 5371 frequenter
1788 5296 1985 5370 egestas

380 5374 964 5522 (Pgofviﬁlg‘aiaheditio
1012 5440 1254 5522 :xinima.
1266 5439 1569 5522 laborantis
1608 5440 1818 5498 laborat
1854 5444 1978 5508 sibi,

384 5516 516 5584 quia
536 5511 797 5584 compulit
815 5526 935 5566 eum
965 5526 1019 5566 os
1048 5528 1209 5567 suum
1236 5516 1412 5584 (Prov.
1448 5520 1584 5581 XVI).
1674 5581 1681 5584 _
1899 5565 1919 5584 ί,

453 5585 575 5665 ξω
601 5581 707 5665 est,
735 5582 805 5639 ad
833 5597 995 5654 quam
1028 5583 1431 5665 perfectionem,
1454 5594 1527 5657 .et
1556 5581 1755 5641 Christi
1785 5583 1976 5643 simili-

381 5655 649 5723 tudinem,
677 5655 744 5710 de
767 5669 872 5723 qua
895 5655 1143 5723 superius
1180 5655 1410 5710 dixerat.

452 5721 471 5759 ¹
494 5724 694 5804 Arrha,
724 5721 806 5779 vel
851 5721 1106 5804 arrhabo,
1152 5725 1230 5780 vel
1275 5727 1390 5804 sine
1434 5725 1777 5804 aspiratione,
1829 5746 1971 5804 arra,

381 5798 597 5866 arrabo,
623 5795 678 5851 id
706 5792 1145 5868 propriodicitur
1167 5797 1314 5863 quod
1343 5792 1515 5854 datur'
1526 5797 1581 5855 in
1604 5792 1975 5860 conﬁrmatio;

382 5885 511 5927 nem
524 5864 858 5926 contractus.
878 5864 974 5934 (A.
1000 5864 1134 5919 Gell.
1153 5868 1300 5921 Noct.
1322 5868 1486 5924 Attio.
1510 5871 1605 5927 lib.
1625 5887 1814 5945 xxvn,
1835 5890 1880 5931 ο.
1898 5880 1972 5944 2),

2090 4807 2289 4863 habere
2313 4803 2340 4861 ἶ
2358 4810 2462 4875 Qui
2473 4811 2551 4862 est
2574 4807 2744 4861 arrha
2768 4807 3103 4861 luereditatis
3125 4803 3322 4860 nostra
3344 4812 3435 4871 ;et
3453 4803 3689 4875 fortasse

2089 4878 2285 4957 melius
2325 4873 2492 4950 quam
2521 4878 2635 4950 qui,
2657 4880 2855 4957 pignus
2884 4878 3254 4957 hereditatis;
3280 4884 3334 4931 et
3362 4873 3689 4957 δίεπε-ηεξ

2089 4947 2468 5017 arrhabonem,
2488 4947 2600 5005 non
2618 4947 2849 5019 pignus;
2874 4948 3342 5021 quemadmodum
3371 4947 3540 5002 etiam
3566 4947 3689 5017 legit

2088 5021 2468 5079 lrenzeuslib.
2514 5037 2547 5075 ν
2581 5036 2698 5091 cap.
2744 5027 2797 5076 8.
2852 5020 2989 5091 Quia
3039 5027 3222 5075 tamen
3271 5026 3689 5091 utrumquepro

2098 5092 2446 5171 certitudine_
2472 5099 2525 5148 et
2550 5088 2856 5171 securitate
2868 5088 3216 5171 r'contractus
3258 5088 3525 5171 ponitur,
3571 5088 3691 5144 ideo

2095 5161 2360 5234 interpres
2400 5163 2634 5218 alterum
2684 5179 2782 5234 pro
2808 5163 2978 5234 altero
3019 5160 3319 5233 usurpavit,
3366 5160 3565 5234 ρὶειὶυξ
3595 5173 3692 5234 PF?

2093 5227 2417 5291 arrhabone.
2459 5236 2582 5290 Hoc
2608 5227 2769 5304 igitur
2793 5233 2962 5291 modo
2998 5227 3222 5290 arrham
3248 5227 3613 5304 compaginis,
3636 5227 3691 5304 id

2093 5313 2194 5385 cst,
2228 5304 2442 5385 unionis
2465 5321 2593 5360 cum
2618 5299 2855 5385 Christo,
2880 5314 3039 5385 vocat
3065 5299 3541 5385 Auctorngratiam
3566 5299 3690 5385 Spi:

2091 5375 2324 5447 ritusS.
2356 5383 2412 5447 et
2440 5377 2895 5447 perseverantiam
2944 5376 3002 5431 in
3049 5390 3239 5432 amore
3277 5373 3409 5447 Dei,
3437 5388 3562 5446 qua:
3605 5379 3694 5447 est

2092 5445 2251 5529 veluti
2281 5443 2458 5503 arrha'
2472 5455 2527 5503 et
2552 5448 2747 5529 pignus
2785 5447 2985 5529 futura:
3014 5443 3542 5529 immogtalitatisft
3570 5443 3691 5526 glo-

2089 5518 2203 5586 riae,
2232 5518 2287 5574 in
2314 5534 2420 5591 qua
2449 5516 2687 5591 perfecte
2708 5520 2963 5591 unientur
2981 5518 3157 5591 sancti
3182 5516 3398 5591 Christo
3432 5516 3694 5591 Domino,

2087 5597 2149 5645 ut
2187 5585 2705 5663 membra'gloriosa
2746 5589 2905 5663 capiti
2944 5590 3203 5663 glorioso,
3232 5595 3288 5645 et
3312 5585 3696 5663 hmreditatem

2087 5662 2296 5731 capient
2333 5657 2549 5719 interna
2602 5657 2974 5733 haereditatis,’
2984 5662 3052 5717 ad
3083 5675 3248 5731 quam
3294 5657 3470 5714 vocati
3502 5667 3574 5733 et
3601 5657 3700 5733 ad-

2086 5734 2253 5804 optati
2280 5742 2407 5790 sunt
2436 5754 2448 5790 :
2476 5734 2631 5805 cujus
2654 5735 2861 5803 gloria,
2888 5732 2963 5789 ait
2991 5735 3061 5789 D.
3097 5732 3469 5805 Hieronymus
3492 5732 3697 5805 (Epist.

2084 5802 2202 5870 Lit),
2214 5806 2334 5874 jam
2352 5808 2410 5861 in
2438 5802 2547 5861 isto
2572 5802 2763 5862 saeculo
2784 5806 2965 5863 sancti
2984 5803 3343 5861 arrhabonem
3370 5802 3690 5873 etportiun-

2082 5877 2257 5933 culam
2275 5883 2639 5948 susceperunt.
2795 5898 2798 5901 λ
