4048 6208
301 355 382 412 677
519 425 534 431 _
694 351 1029 408 COLLATIO
1068 351 1184 406 VII.
1222 379 1295 391 —
1331 351 1420 407 DE
1457 350 1690 406 ΑΝΙΜᾹΞ
1728 350 2145 408 MOBlLlTATE
2192 353 2276 410 ET
2315 355 2787 414 SPIRITALIBUS
2822 359 3186 430 NEQUlTllS.

3489 369 3592 424 678

301 473 498 544 sederit,
552 490 722 531 unum
756 474 1054 532 dumtaxat
1089 474 1425 546 desiderans,
1449 491 1619 534 unum
1667 476 1877 543 sitiens,
1909 480 1963 542 Α
1995 475 2217 534 lendum
2269 477 2499 536 facultas
2546 481 2784 538 violenta
2846 493 3172 557 suppeteret.
3206 461 3592 556 Quamobrem

303 566 360 624 ad
382 583 545 624 unum
570 582 764 624 omnes
788 583 900 624 non
917 569 1097 626 solum
1129 577 1284 626 actus
1308 586 1461 639 suos,
1481 585 1671 626 verum
1708 571 1875 626 etiam

299 663 634 735 cogitationes
683 679 904 736 semper
949 664 1254 736 intendens,
1311 670 1372 723 ut
1424 665 1559 724 illud
1619 664 1770 738 quod
1822 665 1878 720 in

297 753 524 812 fumrum
549 754 748 813 dicitur
783 756 852 814 de
887 757 1040 818 beata
1083 761 1496 818 conversatione
1539 767 1878 826 sanctorum,

297 851 319 880 ³
333 847 435 920 jam
459 849 842 910 subarrhatum
867 861 1048 911 teneat
1082 854 1142 912 in
1192 856 1472 928 praesenti,
1497 855 1554 913 id
1603 865 1706 923 est,
1735 855 1761 890 ¹³
1809 854 1882 911 sit

296 941 340 998 ei
365 946 510 1000 Deus
534 945 715 1002 omnia
746 945 804 1002 in
831 949 1105 1006 omnibus.

888 1051 1134 1108 CAPUT
1153 1054 1276 1109 VII.

296 1147 634 1219 Interrogatio
685 1149 752 1207 de
794 1155 1090 1228 mobilitate
1125 1158 1324 1212 anitum
1379 1160 1431 1212 et
1482 1156 1886 1228 impugnatione

735 1227 1104 1294 nequitiarum
1125 1228 1434 1283 caelestium.

355 1325 660 1383 Germanus
690 1310 716 1380 ε’
735 1329 928 1384 Posset
954 1327 1184 1385 forsitan
1213 1329 1332 1386 haec
1355 1329 1662 1386 volubilitas
1682 1330 1880 1384 mentis

287 1416 620 1496 aliquatenus
646 1420 903 1490 coerceri,
928 1419 974 1477 si
1011 1437 1134 1477 eam
1171 1438 1285 1479 non
1313 1431 1494 1478 tantus
1533 1421 1878 1478 adversario-

291 1526 403 1566 rum
452 1527 716 1570 numerus
753 1515 1160 1572 circumvallans
1187 1517 1255 1574 ad
1307 1531 1366 1572 ea
1419 1531 1542 1587 qua:
1583 1531 1696 1574 non
1737 1515 1874 1584 vult,

293 1602 454 1660 immo
472 1619 583 1677 quo
609 1605 758 1662 illam
783 1623 1004 1680 quoque
1030 1622 1147 1666 suae
1169 1617 1382 1666 natura:
1407 1609 1686 1666 mobilitas
1709 1609 1874 1680 rapit,

293 1698 641 1759 indesinenter
672 1700 994 1774 impelleret.
1047 1703 1227 1773 Quam
1266 1719 1394 1760 cum
1420 1712 1538 1760 tam
1568 1703 1884 1760 innumera-

291 1793 436 1862 biles,
477 1803 592 1852 tam
639 1805 904 1868 potentes,
946 1808 1173 1872 tamque
1208 1799 1475 1857 terribiles
1511 1799 1886 1872 circumagant

1984 569 2010 604 ἀ
2031 569 2176 626 sicut
2202 569 2260 626 in
2282 570 2389 626 illis
2423 580 2508 628 est
2544 573 2908 646 instigationis
2943 579 3120 650 copia,
3160 577 3234 636 ita
3263 579 3391 636 etin
3434 581 3594 639 nobis

1987 665 2172 721 virtus
2201 666 2491 738 respuendi
2522 667 2633 724 sive
2656 671 3036 742 acquiescendi
3067 673 3288 730 libertas
3315 683 3398 731 est
3430 676 3598 734 .attri-

1987 759 2136 822 buta.
2165 759 2416 830 Quorum
2453 770 2638 819 tamen
2667 767 2968 836 potentiam
3003 776 3058 822 et
3085 767 3520 840 impugnationes
3548 771 3594 828 si

1985 855 2452 927 pertimescimus,
2502 857 2666 912 etiam
2710 859 3075 930 protectiones
3119 868 3284 934 atque
3331 862 3592 934 adjutoria

1987 946 2090 1003 Dei
2125 949 2428 1005 econtrario
2462 948 2828 1017 conferamus,
2865 953 2935 1010 de
2973 969 3083 1025 quo
3105 954 3324 1021 dicitur,
3353 960 3377 989 ⁸
3417 958 3594 1028 Major

1989 1047 2066 1097 est
2081 1043 2230 1098 enim
2251 1046 2352 1114 qui
2384 1047 2442 1098 in
2470 1047 2623 1099 nobis
2651 1050 2751 1114 est,
2793 1064 2959 1116 quam
2984 1052 3084 1118 qui
3103 1053 3163 1104 in
3195 1051 3290 1105 hoc
3313 1053 3510 1107 mundo
3538 1052 3588 1124 (1

1987 1139 2144 1192 Joan.
2170 1153 2234 1194 ιγ
2249 1141 2290 1205 ).
2313 1138 2484 1209 Cujus
2519 1137 2719 1194 auxilia
2740 1139 2919 1195 multo
2943 1140 3347 1200 vehementiore
3365 1145 3600 1202 militant

1990 1228 2184 1286 virtute
2207 1245 2305 1302 pro
2333 1231 2515 1298 nobis,
2543 1247 2709 1302 quam
2734 1231 3028 1289 adversum
3059 1251 3161 1292 nos
3186 1251 3382 1293 eorum
3411 1240 3599 1296 multi-

1990 1321 2124 1378 tudo
2158 1322 2420 1394 confligit.
2467 1326 2610 1380 Nam
2667 1324 2937 1380 bonarum
3000 1341 3186 1382 rerum
3229 1343 3342 1383 non
3379 1337 3596 1386 tantum

1987 1424 2293 1487 suggestor,
2319 1415 2418 1472 sed
2437 1417 2604 1472 etiam
2630 1416 2815 1473 fautor
2841 1426 3002 1489 atque
3020 1419 3286 1491 impulsor
3303 1429 3385 1477 est
3413 1424 3588 1492 Deus;

1987 1508 2062 1564 ita
2085 1509 2105 1544 ί
2134 1517 2196 1565 ut
2221 1525 2638 1582 nonnumquam
2663 1527 2764 1568 nos
2791 1512 2957 1568 etiam
2987 1513 3182 1570 invitos
3209 1522 3262 1570 et
3281 1513 3593 1588 ignorantes

1984 1603 2225 1660 attrahat
2248 1603 2317 1660 ad
2344 1605 2594 1662 salutem.
2628 1607 2857 1662 Constat
2893 1623 3023 1678 ergo
3057 1609 3336 1665 neminem
3373 1627 3530 1682 posse
3556 1630 3590 1669 a

1995 1696 2215 1754 diabolo
2263 1697 2456 1769 decipi,
2493 1699 2595 1754 nisi
2633 1699 2791 1755 illum
2836 1701 2929 1773 qui
2968 1701 3210 1772 prabere
3227 1701 3299 1758 illi
3336 1704 3592 1762 maluerit

1993 1806 2108 1847 suae
2127 1791 2422 1847 voluntatis
2452 1807 2754 1850 assensum.
2779 1793 2938 1864 Quod
2961 1794 3312 1852 Ecclesiastes
3351 1796 3437 1854 his
3473 1815 3600 1856 ver-

291 1886 499 1955 inimici,
541 1890 720 1948 resisti
755 1891 856 1950 illis
892 1893 960 1950 ab
1005 1893 1110 1950 hac
1151 1894 1458 1966 praesertim
1493 1893 1675 1974 fragili
1717 1908 1879 1950 carne
1905 1889 1967 1970 Β.
1985 1885 2072 1943 bis
2102 1885 2378 1943 eVidenter
2423 1887 2708 1958 expressit:
2775 1891 2912 1956 Quia
2960 1892 3100 1945 enim
3139 1907 3244 1948 non
3287 1896 3350 1962 ﬁt
3387 1898 3599 1950 contra-

292 1980 615 2055 impossibile
663 1985 1034 2056 crederemus,
1096 1988 1201 2046 nisi
1265 1988 1333 2046 ad
1381 1987 1520 2044 hanc
1569 1986 1882 2060 opinionem

294 2077 472 2134 vestris
496 2079 778 2138 sententiis
805 2081 961 2139 velut
995 2081 1305 2140 cmlestibus
1348 2083 1718 2140 animaremur
1759 2097 1883 2139 ora-

290 2169 434 2226 culis.

885 2269 1122 2328 CAPUT
1150 2271 1297 2328 VIII.

287 2369 570 2442 Responsio
623 2388 787 2444 super
841 2377 1115 2503 adjutgri?
1151 2378 1276 2503 tDei
1337 2379 1389 2432 et
1451 2373 1610 2432 liberi
1663 2376 1888 2432 arbitrii

941 2464 1010 2504 no
1035 2463 1088 2504 es
1113 2463 1147 2503 a
1175 2465 1218 2504 e.

936 2464 1218 2519 potestate.

354 2545 588 2603 Serenus
620 2566 633 2602 :
678 2547 1036 2608 Adversarios
1073 2549 1236 2608 nobis
1263 2549 1488 2624 quidem
1519 2549 1724 2624 jugiter
1756 2550 1886 2608 insi-

284 2636 440 2708 diari,
498 2641 832 2716 quicumque
887 2643 1160 2702 interioris
1215 2643 1456 2702 hominis
1504 2645 1707 2716 experti
1758 2653 1888 2700 sunt

283 2747 519 2805 pugnas,
538 2733 789 2793 dubitare
831 2753 944 2794 non
980 2745 1226 2810 possunt,
1250 2736 1358 2794 Sed
1393 2737 1466 2793 ita
1505 2735 1744 2793 dicimus
1783 2735 1886 2792 hos
1967 2740 1971 2744 ’

281 2829 494 2890 nostris
521 2829 858 2902 profectibus
901 2831 1195 2900 adversari,
1239 2841 1302 2889 ut
1357 2846 1455 2888 eos
1493 2829 1886 2888 tantummodo

277 2933 303 2961 ε
352 2928 665 2986 incentores
705 2925 1002 2993 malorum,
1044 2943 1156 2983 non
1193 2927 1358 2984 etiam
1403 2925 1729 2999 impulsores
1769 2939 1886 2982 esse

276 3021 595 3080 credamus.
628 3021 902 3078 Caeterum
923 3022 1106 3078 nullus
1134 3021 1424 3098 hominum
1457 3027 1640 3094 posset
1662 3019 1888 3076 omnino

272 3117 455 3172 vitare
471 3121 759 3187 peccatum
777 3112 1161 3186 quodcumque
1202 3113 1279 3169 illi
1299 3113 1354 3169 in
1390 3113 1649 3170 cordibus
1688 3111 1890 3168 nostris

271 3195 506 3266 inurere
560 3209 738 3280 [Lips.
773 3209 832 3263 in
859 3224 1036 3278 marg.
1059 3208 1335 3280 ingerere]
1373 3205 1696 3276 voluissent,
1737 3205 1783 3262 si
1812 3205 1892 3262 eis

1990 1981 2152 2035 dictio
2165 1981 2235 2034 ab
2263 1981 2345 2036 his
2365 1981 2462 2050 qui
2479 1982 2692 2048 faciunt
2726 1982 2931 2036 malum
2967 1985 3092 2047 cito,
3111 1985 3228 2040 ideo
3247 1985 3508 2056 repletum
3523 1993 3602 2044 est

1989 2090 2077 2130 cor
2101 2076 2335 2144 ﬁliorum
2356 2075 2640 2129 hominum
2671 2076 2729 2130 in
2757 2077 2891 2146 ipsis
2919 2081 2981 2132 ut
2997 2078 3206 2144 faciant
3224 2073 3594 2152 malum(Cap.

1990 2170 2139 2242 vui).
2168 2171 2312 2243 Ergo
2334 2167 2691 2226 manifestum
2721 2179 2805 2226 est
2843 2169 2970 2230 hinc
3011 2187 3460 2246 unumquemque
3496 2175 3600 2232 de-

1991 2261 2257 2333 linquere,
2309 2259 2458 2333 quod
2500 2260 2880 2334 ingruentibus
2929 2263 3358 2336 cogitationibus
3415 2267 3600 2338 pravis

1991 2373 2106 2414 non
2142 2354 2430 2412 confestim
2487 2355 2760 2428 repulsam
2845 2357 3292 2417 contradictionis
3356 2361 3593 2435 objiciat.

1993 2453 2133 2506 Nam
2160 2459 2188 2494 8
2217 2453 2450 2507 resistite
2475 2453 2543 2520 ei,
2565 2449 2761 2523 inquit,
2791 2457 2841 2508 et
2859 2454 3038 2523 fugiet
3067 2471 3101 2508 a
3130 2456 3273 2512 vobis
3303 2455 3444 2528 (Jac.
3471 2457 3593 2531 Iv).

2602 2547 2846 2605 CAPUT
2883 2550 2986 2604 1X.

1993 2640 2350 2710 Interrogatio
2369 2654 2531 2710 super
2558 2641 2756 2694 anima:
2780 2657 2842 2696 ac
2877 2641 3184 2698 deemonum
3211 2644 3598 2714 conjunctione.

2065 2736 2371 2791 Germanus
2405 2752 2416 2786 :
2445 2726 2474 2764 h
2506 2731 2670 2804 Quod
2700 2733 2866 2804 istud,
2892 2751 3104 2806 quaeso,
3131 2745 3215 2793 est
3239 2737 3436 2794 animae
3471 2755 3601 2796 cum

1996 2829 2112 2885 istis
2127 2828 2402 2901 spiritibus
2425 2843 2665 2902 nequam
2702 2837 2816 2885 tam
2840 2828 3196 2888 indiscretum
3244 2833 3602 2904 permixtum-

1995 2938 2102 2996 que
2127 2921 2488 2992 consortium,
2518 2939 2628 2996 quo
2651 2921 2732 2980 sic
2761 2923 2941 2982 eidem
2961 2941 3076 2982 non
3103 2923 3286 2982 dicam
3301 2925 3479 3000 jungi,
3506 2927 3602 2986 sed

1997 3015 2134 3073 uniri
2163 3016 2390 3089 possint,
2412 3025 2467 3072 et
2487 3015 2690 3089 alloqui
2729 3032 2852 3073 eam
2885 3017 3284 3090 insensibiliter,
3315 3028 3370 3076 et
3407 3019 3597 3086 inseri,

1995 3118 2158 3182 atque
2191 3110 2454 3184 inspirare
2482 3109 2560 3166 illi
2601 3125 2961 3184 quaecumque
3010 3112 3299 3178 voluerint,
3345 3121 3402 3170 et
3427 3113 3498 3171 ad
3539 3131 3602 3171 ea

1998 3218 2122 3275 quae
2150 3201 2445 3274 placuerint
2474 3218 2596 3258 eam
2617 3204 2828 3259 valeant
2851 3204 3128 3277 instigare,
3177 3205 3402 3280 ejusque
3425 3205 3601 3281 ‘eogi-

273 3299 758 3374 quemadmodum
787 3299 858 3358 ad
893 3299 1313 3374 suggerendum,
1354 3299 1426 3356 ita
1453 3305 1508 3355 et
1541 3297 1613 3356 ad
1655 3297 1894 3369 compel-
1925 3284 1968 3346 C
1999 3297 2234 3354 tationes
2251 3313 2315 3354 ac
2343 3305 2530 3354 motus
2568 3297 2783 3354 videant
2819 3306 2978 3371 atque
3018 3301 3344 3372 perlustrent
3373 3321 3385 3356 :
3426 3310 3604 3360 tanta-

1051 3397 1064 3404 ‘
1383 3407 1644 3462 ALARDI
1683 3406 1912 3461 GAZ/EI
1948 3398 2508 3460 COMMENTARIUS.

353 3518 386 3545 ³
437 3507 497 3564 1d
547 3516 650 3574 est,
700 3506 806 3563 sub
850 3504 1181 3573 arrhabone,
1236 3504 1316 3560 vel
1363 3504 1536 3561 instar
1570 3501 1894 3574 arrhabonis

272 3573 657 3652 impertitum,
687 3577 1231 3652 vel‘oppignoratum.
1271 3576 1476 3652 SiciB.
1522 3579 1723 3652 Agnes
1750 3573 1892 3648 apud

271 3654 339 3708 S.
369 3648 735 3706 'Ambrosium
767 3648 878 3720 (In
907 3651 1037 3705 Vita
1081 3651 1139 3707 S.
1186 3649 1413 3720 Agnetis
1443 3654 1482 3716 ).
1531 3648 1752 3720 Annulo
1796 3661 1892 3704 suo

269 3723 640 3778 subarrhavit
657 3736 740 3776 me
765 3717 1022 3778 Dominus
1051 3737 1200 3777 meus
1226 3717 1375 3778 Iesus
1404 3722 1666 3785 Christus,
1684 3717 1740 3776 id
1785 3727 1890 3787 est,

269 3794 392 3850 sibi
412 3791 720 3865 obstrinxit,
749 3792 1024 3865 obligavit,
1048 3793 1356 3864 despondit.

353 3866 386 3900 ³³
417 3867 500 3920 De
523 3864 796 3920 intellectu
847 3859 1012 3933 hujus
1057 3859 1343 3933 sententia:
1378 3863 1716 3930 apostolicae,
1761 3859 1892 3916 alibi

270 3935 499 4010 dictum
527 3933 730 4002 est(L.
774 3949 807 3988 v
831 3932 1017 4010 Instit.
1060 3949 1181 4002 cap.
1213 3932 1276 4010 4)
1315 3947 1381 3986 ex
1404 3934 1476 3985 D.
1529 3933 1890 4010 Hieronymo.

357 4016 386 4042 ο
414 3999 753 4067 lueentores,
797 4001 996 4055 melius
1041 3999 1208 4070 quam
1256 3999 1585 4065 incensores,
1641 4008 1706 4054 ut.
1742 3999 1896 4070 'alias

267 4076 530 4132 dictum.
559 4071 830 4126 Dicuntur
858 4076 1040 4123 autem
1060 4069 1345 4125 daemones
1381 4070 1689 4124 incentores
1714 4069 1898 4124 malo-

269 4160 448 4207 rum,
512 4155 629 4196 non
676 4139 1026 4211 impulsores,
1071 4155 1170 4195 seu
1217 4138 1629 4211 compulsores,
1661 4137 1802 4211 quia
1827 4137 1896 4195 ad

269 4212 639 4287 peccandum
660 4208 1237 4287 seu:_cpn_sentiendum
1263 4208 1497 4287 peccato
1525 4208 1752 4287 incitare
1791 4208 1897 4287 hq-

269 4280 509 4341 ininem
529 4280 982 4354 potesigdiabolus
1029 4297 1127 4354 per
1155 4280 1380 4354 modum
1428 4281 1726 4354 suadentis,
1781 4280 1896 4354 alli-

267 4354 512 4418 cientis,
530 4351 892 4416 blandientis,
935 4361 991 4408 et
1031 4351 1364 4426 delectabilia
1406 4351 1778 4426 proponentis,
1823 4351 1899 4426 ait

271 4431 338 4485 S.
371 4427 655 4490 Thomas(
681 4429 795 4491 1-2,
826 4441 880 4498 q.
907 4426 1000 4491 80,
1023 4431 1134 4498 art.
1169 4424 1264 4498 3);;
1295 4423 1490 4498 cogere
1504 4423 1693 4498 autem
1717 4423 1892 4498 nemi-

275 4513 422 4555 nem
443 4503 643 4568 potest.
680 4498 798 4568 Qua
819 4497 888 4568 de
911 4511 970 4552 re
997 4497 1150 4568 plura
1179 4496 1306 4552 alibi
1330 4496 1648 4568 notavimus
1669 4497 1891 4563 (Collat.

278 4576 347 4626 11
536 4565 814 4640 l9).‘_Hoc
837 4565 1014 4638 ipsum
1042 4568 1262 4640 notavit
1282 4568 1450 4640 etiam
1497 4567 1722 4629 Photius
1753 4568 1896 4624 inter

276 4641 394 4696 alia
420 4637 584 4713 Hujus
613 4637 913 4713 collationis
937 4639 1110 4713 capita
1152 4637 1226 4692 ita
1249 4638 1492 4713 scribens
1499 4656 1526 4713 _:
1555 4642 1701 4695 Fieri
1734 4641 1898 4713 nimi-

278 4728 417 4768 rum
435 4709 545 4766 non
567 4725 741 4781 posse,
773 4711 911 4780 quin
940 4711 1186 4764 turbetur
1206 4725 1242 4762 a
1260 4709 1588 4764 deemonibus
1621 4725 1765 4766 mens
1787 4712 1896 4765 hu—

275 4799 479 4880 mana,
871 4781 1114 4850 compelli
1129 4783 1292 4880 atque
1334 4782 1627 4880 necuisario
1640 4784 1756 4862 ccgi
1760 4785 1822 4834 ut
1840 4783 1900 4834 in
1929 4819 1978 4880 Ι)

275 4856 500 4910 malum
528 4853 739 4908 incidat
754 4867 1052 4921 numquam
1093 4855 1286 4920 queat;
1326 4855 1568 4904 nostrum
1604 4853 1747 4904 enim
1792 4865 1902 4904 esse

277 4927 541 4982 morbum
566 4923 724 4978 illum
737 4927 1044 4993 motumque
1077 4922 1160 4978 vel
1192 4921 1456 4992 depellere
1477 4921 1559 4974 vel
1595 4921 1900 4976 admittere.

357 4985 388 5029 δ
421 4995 660 5054 Consule
699 4995 1110 5050 annotationem
1161 4999 1408 5051 octavam
1437 4988 1662 5065 Cuychii
1690 4990 1758 5047 ad
1797 4991 1900 5048 cal-

505 5011 660 5051 1181118
699 5011 1110 5050 annowtlonem
1161 5011 1408 5051 ocravam
1437 5011 1662 5051 huvcnn
1690 5011 1758 5047 au
1797 5011 1905 5048 cai-

269 5084 407 5126 cem
441 5081 648 5139 operls.
1622 5087 1630 5099 .

302 5209 309 5210 ί
352 5145 380 5173 ⁸
411 5137 695 5206 Christus,
718 5135 810 5210 qui
844 5135 900 5210 in
930 5134 1415 5210 cordibuspierum
1441 5132 1654 5210 habitat
1669 5148 1765 5210 per
1779 5147 1896 5210 gra:

265 5209 448 5288 tiam,
482 5210 670 5288 major
791 5216 845 5264 et
867 5206 1063 5288 fortior
1097 5203 1342 5288 diaboio,
1385 5206 1560 5288 quiin
1582 5203 1812 5288 mund‘o’,
1841 5203 1896 5288 id

267 5291 368 5339 est
409 5275 474 5338 i'u
520 5275 835 5338 hominibus
887 5277 1199 5345 mundanis,
1252 5275 1612 5334 dominatur:
1651 5275 1798 5332 unde
1841 5283 1896 5331 et

268 5355 550 5434 princeps
581 5351 744 5434 hujus
771 5350 962 5408 mundi
992 5349 1323 5406 nominatur.
1345 5349 1424 5434 .ld
1452 5347 1611 5404 docet
1639 5345 1894 5431 parabola

273 5425 376 5481 illa
405 5423 740 5488 evangelhca
769 5423 900 5480 Luc.
927 5436 1031 5479 x1:
1061 5421 1191 5478 Cum
1217 5423 1383 5488 fortis
1411 5425 1653 5476 armatus
1665 5417 1896 5475 custodit

273 5437 376 5481 tua
405 5437 740 5497 evangemca
769 5437 900 5480 Luc.
927 5437 1031 5479 x1:
1061 5437 1191 5478 cum
1217 5437 1309 5488 [or

271 5501 497 5552 atrium
519 5511 699 5559 suum,
724 5503 827 5550 etc.

359 5560 831 5648 ’_Hinc‘1_‘3eclesi‘a
853 5566 913 5648 in
955 5563 1194 5648 quadam
1208 5571 1413 5648 secreta
1443 5571 1604 5648 orat:
1646 5565 1715 5648 lit
1828 5577 1898 5648 ‘se

275 5641 709 5696 nostraswtiam
727 5637 943 5693 rebelles
972 5635 1256 5710 cmnpellat
1291 5639 1568 5710 propitius
1598 5635 1898 5710 uoluntates

281 5712 554 5788 (Domiti.
572 5719 606 5767 4
640 5713 762 5788 post
779 5711 984 5788 Pentec.
1006 5715 1054 5788 )_.
1078 5705 1227 5764 Facit
1263 5705 1445 5764 autem
1476 5707 1582 5788 hoc
1605 5709 1775 5775 Deus,
1806 5705 1898 5788 qui

281 5782 539 5859 suaviter
587 5778 778 5859 omnia
825 5778 1084 5859 disponit,
1125 5795 1246 5859 ,ηρ-ι]
1296 5779 1562 5859 cqgendq,
1613 5793 1728 5859 non
1784 5778 1896 5859 vim

283 5852 544 5922 aliquam
583 5858 679 5910 aut
714 5847 1092 5922 necessitatem
1123 5847 1408 5922 inferenti?)
1453 5849 1739 5922 voluntati,
1799 5847 1897 5922 sed

289 5919 618 6004 efﬁcaciter,
685 5923 787 5982 etsi
845 5921 1084 6004 suaviter
1135 5919 1512 6002 persugdengo
1571 5919 1895 5978 illustrando

2001 3497 2676 3572 intellectum,_auferendo
2693 3498 3102 3572 impedimenta,
3123 3501 3472 3561 immittendo
3495 3511 3605 3563 ter-

2000 3587 2184 3650 rorem
2214 3569 2378 3650 divini
2393 3571 2606 3650 judicii,
2645 3569 3014 3650 damnationis
3053 3581 3274 3650 aeternae
3321 3583 3377 3632 et
3409 3593 3604 3650 parna-

1999 3661 2124 3701 rum
2158 3642 2379 3710 inferni,
2397 3642 2466 3715 et
2481 3642 2598 3715 aliis
2632 3642 2834 3712 modis,
2863 3643 3061 3715 quibus
3088 3647 3241 3703 novit
3268 3663 3334 3703 ex
3369 3642 3600 3706 nblenti-

1998 3716 2125 3790 bus,
2160 3715 2368 3790 invitis,
2399 3713 2529 3770 nihil
2553 3714 2738 3771 minus
2757 3713 3142 3790 cogitantibus,
3161 3718 3335 3776 immo
3351 3729 3406 3776 et
3426 3721 3604 3777 rebel-

1999 3788 2165 3859 libus,
2192 3786 2452 3854 volentes,
2475 3795 2786 3859 promptos,
2829 3786 3190 3859 bbsequentes
3227 3799 3284 3844 et
3323 3801 3604 3848 currentes

1997 3858 2196 3916 facere.
2230 3859 2489 3915 Voluntas
2502 3858 2896 3930 enimhominis
2921 3858 2998 3913 sic
3021 3864 3100 3930 est
3126 3861 3185 3912 in
3204 3866 3466 3930 potestate
3484 3864 3604 3924 Dei,

2000 3935 2061 3984 ut
2079 3945 2406 3999 quocumque
2425 3929 2671 3991 voluerit,
2698 3933 2748 3983 et
2776 3930 2992 3998 quando
3013 3929 3267 3999 poluerit,
3297 3933 3472 3996 faciat
3489 3947 3605 3984 eam

2001 3997 2277 4071 inclinari,
2311 3997 2388 4054 ait
2409 4001 2484 4054 D.
2505 3997 2880 4071 Augustinus;
2932 3997 3033 4054 sed
3060 3999 3218 4071 plane
3265 4001 3524 4071 suaviter,
3551 4009 3607 4056 et

2001 4069 2282 4141 quomodo
2307 4085 2404 4138 par
2425 4069 2701 4141 estDeum
2726 4085 2888 4141 agere
2912 4085 3041 4124 cum
3064 4069 3355 4141 voluntate
3402 4069 3568 4141 libera
3587 4111 3604 4138 ,

1997 4137 2062 4194 ut
2089 4137 2400 4193 libertatem
2437 4138 2651 4192 arbitrii
2680 4137 2796 4194 non
2831 4139 3097 4192 destruat.
3133 4140 3218 4194 Sic
3241 4141 3385 4196 enim
3402 4137 3608 4197 dicitur

2001 4211 2152 4264 Deus
2180 4207 2430 4263 homines
2458 4207 2676 4263 trahere
2702 4228 2714 4262 :
2745 4211 2910 4267 Nemo
2923 4211 3069 4263 venit
3093 4209 3168 4263 ad
3194 4227 3298 4276 me,
3319 4213 3427 4267 nisi
3445 4214 3608 4268 Pater

2003 4281 2243 4336 traxerit
2283 4295 2422 4334 eum.
2476 4277 2771 4349 Quomodo
2824 4278 3093 4336 dicimus:
3121 4280 3210 4338 ille
3233 4299 3324 4339 me
3353 4283 3410 4339 in
3447 4299 3606 4340 suam

2002 4349 2330 4428 sententiam
2375 4353 2578 4428 ζωραῖς.
2617 4357 2672 4428 et
2711 4351 2878 4428 Poeta
2907 4371 2940 4428 _:_
2977 4353 3167 4428 Trahit
3203 4371 3302 4411 sua
3345 4371 3607 4428 quemque

2003 4424 2270 4494 t‘olupta-s.
2292 4422 2399 4480 Sed
2437 4422 2504 4480 de
2524 4420 2608 4477 his
2624 4421 2835 4494 plenius
2869 4421 2980 4494 alio
3009 4423 3148 4480 loco.

2071 4503 2099 4540 ε
2137 4493 2394 4568 SciteiD.
2433 4493 2750 4568 _GregOrius
2795 4493 3085 4568 diabolum,
3123 4503 3408 4568 comparat
3466 4495 3608 4557 leoni

2001 4566 2239 4640 simulet
2285 4565 2545 4640 formicae.
2570 4565 2754 4640 ’Unde
2791 4574 2845 4621 et
2890 4565 3374 4640 Myrmicaleonem
3422 4581 3602 4639 vocat,

2043 4639 2172 4694 uasi°
2189 4654 2254 4694 ex
2276 4637 2504 4695 formica
2541 4637 2770 4710 etleone
2790 4637 3158 4710 compositum
3181 4659 3199 4690 .-
3223 4643 3398 4704 Recte,
3423 4637 3609 4710 inquit

2039 4711 2156 4766 Lib.
2173 4725 2206 4762 v
2229 4712 2420 4766 Moral.
2451 4727 2496 4764 c.
2520 4709 2640 4780 17).
2668 4709 3074 4780 Myrmicdleon,
3099 4710 3161 4763 id
3181 4713 3278 4780 est,
3301 4711 3376 4780 leo
3411 4715 3463 4762 et
3487 4709 3604 4774 for-

2005 4777 2144 4835 mica
2157 4782 2359 4835 dicitur
2371 4800 2386 4844 ;
2413 4777 2654 4847 formicis
2666 4777 2810 4834 enim
2825 4781 2900 4834 leo
2910 4785 3008 4844 est,
3023 4777 3334 4832 volatilibus
3343 4778 3572 4840 for-mica
3587 4796 3604 4832 :

2007 4853 2138 4920 quia
2155 4853 2411 4904 nimirum
2431 4853 2686 4918 antiquus
2705 4851 2891 4920 hostis,
2915 4849 3054 4900 sicut
3079 4848 3611 4920 contraconsentien-

2011 4913 2086 4976 tes
2109 4921 2270 4986 fortis
2319 4924 2416 4980 est,
2439 4921 2524 4971 ita
2556 4913 2745 4971 contra
2783 4917 3082 4986 resistentes
3113 4913 3322 4969 debilis.
3363 4916 3426 4972 Si
3467 4921 3609 4973 enim

2011 4985 2127 5060 ejus
2153 4987 2576 5056 suggestionibus
2605 4985 3151 5060 assensus'prcebetur,
3183 4987 3344 5056 quasi
3379 4987 3456 5044 leo
3475 4991 3610 5046 tole-

2013 5059 2136 5116 rari
2141 5073 2485 5128 nequaquam
2503 5059 2679 5130 potest
2701 5075 2718 5124 ;
2739 5059 2791 5112 si
2802 5060 2985 5130 autem
2998 5059 3294 5127 resistetur,
3317 5063 3478 5130 quasi
3491 5063 3609 5128 for-

2004 5133 2143 5202 mica
2157 5129 2610 5202 atteriturLAliis
2637 5143 2758 5202 erga
2795 5129 2872 5183 leo
2895 5133 2990 5190 est,
3031 5130 3158 5184 aliis
3181 5129 3427 5202 formica,
3475 5135 3607 5202 quia

2003 5201 2378 5274 crudelitatem
2396 5200 2546 5254 illius
2560 5200 2802 5274 carnales
2830 5205 3027 5274 mentes
3044 5203 3138 5256 vim
3173 5201 3418 5269 tolerant,
3446 5200 3608 5274 spiri-

2004 5275 2136 5344 tales
2159 5288 2282 5344 vero
2301 5273 2669 5344 inﬁrmitatem
2687 5272 2834 5344 illius
2843 5272 2980 5344 pede
2997 5273 3218 5344 virtutis
3237 5274 3459 5328 calcant.

2073 5339 2102 5376 ¹¹
2136 5343 2276 5414 Quia
2308 5339 2781 5415 superioriicapite
2817 5339 3022 5415 dictum
3055 5343 3228 5400 fuerat
3266 5345 3539 5404 neminem
3572 5364 3606 5405 a

2003 5413 2222 5473 diabolo
2279 5413 2688 5488 possedecipi;
2718 5414 2824 5470 nisi
2847 5413 2961 5488 iqui
3023 5430 3186 5472 suum
3232 5415 3281 5471 ei
3318 5415 3608 5488 praebuerit

2005 5484 2312 5552 assensum,
2355 5484 2545 5556 objicit
2591 5484 2782 5542 contra
2830 5484 3138 5543 Germanus
3181 5484 3390 5542 tantam
3439 5489 3606 5546 videri

2004 5559 2235 5615 subinde
2259 5555 2699 5630 conjunctionem
2727 5558 3032 5613 animarum
3075 5566 3131 5612 et
3155 5557 3472 5628 spirituum,
3495 5561 3608 5617 sive

2006 5631 2343 5698 daemonum,
2369 5638 2433 5702 ut
2460 5634 2824 5702 utrorumque
2848 5635 3060 5702 _motus,
3083 5638 3288 5702 gestus,
3313 5637 3486 5696 actus,
3516 5632 3606 5687 vix

2006 5709 2210 5774 queant
2237 5717 2269 5758 a
2288 5716 2354 5774 se
2365 5700 2602 5774 invicem
2629 5698 2882 5774 discerni.
2928 5698 3141 5774 Verum
3161 5698 3268 5756 hoc
3311 5716 3603 5774 argumen-

2007 5770 2126 5856 tum
2155 5771 2446 5830 dilucidius
2469 5779 2530 5829 et
2557 5771 2874 5846 explicatius
2911 5770 3240 5846 proponitur
3273 5770 3402 5843 cap:
3435 5771 3610 5826 unde-

2009 5861 2178 5903 011110.
