4048 6208
474 342 580 397 679

1550 332 1830 396 JOANNlS
1866 328 2165 395 CASSIANI
2202 330 2688 394 COLLATIONES.
2854 372 2859 377 -
3667 340 3748 395 680

473 479 579 535 que
600 464 741 521 inter
782 464 927 536 ipsos
973 480 1035 521 ac
1054 472 1297 521 mentem
1349 463 1525 520 unitas
1567 463 1681 531 ﬁat,
1708 472 1771 520 ut
1814 463 1928 520 sine
1964 464 2063 519 Dei
2096 467 2142 530 Α
2176 462 2558 520 insensibiliter
2581 462 2882 535 conjugari,
2924 468 2980 517 et
3016 455 3337 516 occultamb
3360 459 3623 518 suadendi
3664 463 3748 521 vim

469 558 661 627 gratia,
690 557 822 630 quid
841 574 905 613 ex
928 558 1142 613 illorum
1180 556 1550 624 incitamento,
1598 556 1728 627 quid
1766 572 1830 612 ex
1882 565 2068 613 nostra

469 650 745 708 voluntate
768 650 1045 723 procedat,
1066 650 1299 708 discerni
1329 666 1465 722 pene
1490 666 1603 708 non
1652 650 1851 723 possit?

1088 794 1328 850 CAPUT
1364 793 1441 848 Χ.

466 916 752 985 Responsio
769 917 829 970 in
855 931 1019 987 quem
1038 918 1252 971 modum
1270 918 1499 987 spiritus
1522 915 1795 971 immundi
1815 915 2064 969 humanis

960 988 1225 1042 mentibus
1241 988 1569 1058 copulentur.

536 1121 768 1178 Serenus
797 1141 808 1175 :
832 1130 857 1156 α
880 1123 1003 1177 Non
1033 1121 1238 1176 mirum
1269 1128 1350 1176 est
1376 1134 1535 1191 posse
1568 1118 1826 1190 spiritum
1855 1116 2066 1190 spiritui

2175 558 2243 615 ad
2291 572 2355 614 ea
2385 573 2509 629 qua:
2560 556 2707 614 libita
2749 557 2955 614 fuerint
2975 570 3245 612 exercere.
3296 558 3393 611 Est
3441 555 3589 612 enim
3637 556 3751 615 inter

2174 666 2268 706 eos
2293 650 2430 707 sicut
2459 651 2601 707 inter
2637 651 2892 707 homines
2926 648 3180 722 quaedam
3223 646 3546 705 substantiae
3584 648 3750 706 simili-

2176 741 2308 798 tudo
2351 751 2513 814 atque
2563 743 2839 815 cognatio.
2870 741 3153 814 Siquidem
3186 750 3208 776 ε
3252 738 3495 796 deﬁnitio
3544 757 3666 813 quae
3698 743 3752 800 de

2174 842 2365 890 natura
2389 834 2585 891 animae
2603 834 2917 902 assumitur,
2942 850 3054 890 non
3094 833 3398 906 incongrue
3437 833 3602 890 etiam
3652 836 3748 893 illo-

2170 943 2298 984 rum
2319 928 2637 984 substantia:
2663 927 3002 984 similitudini
3043 934 3344 998 coaptatur.
3374 926 3402 962 ά
3442 928 3750 988 Altrinsecus

2173 1037 2301 1077 vero
2324 1036 2419 1077 eos
2446 1021 2550 1078 sibi
2571 1021 2735 1077 inseri
2764 1021 2845 1077 vel
2870 1020 3033 1087 uniri,
3062 1020 3134 1076 ita
3182 1028 3245 1075 ut
3262 1034 3432 1091 capax
3459 1020 3598 1076 alter
3639 1022 3751 1080 alte-

2173 1116 2289 1172 rius
2330 1132 2449 1172 esse
2491 1116 2684 1189 possit,
2727 1114 3062 1173 omnimodis
3090 1115 3423 1188 impossibile
3454 1125 3600 1173 est.°
3651 1120 3752 1175 Hoc

1559 1251 1812 1305 ALARDI
1852 1248 2073 1304 GAZIEI
2113 1247 2673 1309 COMMENTARIUS.

535 1369 559 1399 ⁸
590 1367 851 1423 Obscura:
917 1366 1204 1436 quaestioni
1271 1365 1502 1422 obscura
1581 1365 1880 1436 responsio.
1916 1435 1920 1436 ν
1957 1363 2067 1436 Sed

535 1382 559 1399 α
590 1382 851 1423 unscurae
955 1382 1204 1422 umsuom
1271 1382 1502 1422 ooscura
1581 1382 1880 1436 responsno.
1957 1382 2066 1420 Seu

464 1448 757 1508 utrumque
783 1382 1082 1493 eluci‘datur
1124 1438 1182 1491 in
1227 1436 1591 1508 sequentibus.
1640 1440 1811 1508 Porro
1845 1435 2066 1508 spiritus

464 1505 695 1591 spiritui,
726 1508 782 1563 id
831 1518 933 1589 est,
960 1509 1204 1591 .dazmon
1241 1505 1439 1591 animae
1478 1507 1754 1591 rationali.
1777 1505 2066 1561 insensibi-

465 1577 608 1642 liter,
641 1580 694 1635 id
723 1587 825 1642 est,
865 1579 1209 1634 invisibiliter
1231 1577 1693 1650 copulatur,_dum
1720 1578 1795 1650 _in
1834 1591 2064 1650 corpore

464 1651 817 1721 energumeni
846 1649 1008 1705 simul
1057 1647 1389 1721 existunt—et
1422 1647 1892 1721 illud_inhabitant
1924 1667 1937 1701 :
1968 1647 2064 1702 sed

462 1718 649 1775 anima
685 1718 1051 1785 informando,
1091 1728 1148 1775 et
1178 1719 1523 1789 viviﬁcando;
1548 1718 1773 1775 daemon
1800 1734 2061 1789 occupau-

461 1790 557 1855 do,
584 1791 942 1860 possidendo,
969 1792 1261 1846 movendo.

531 1863 558 1896 ³³
580 1858 870 1928 Suadendi,
901 1862 1102 1933 inquit,
1124 1878 1232 1917 non
1257 1861 1503 1933 cogendi,
1550 1868 1643 1916 aut
1679 1858 2057 1933 compellendi,

463 1940 526 1987 ut
562 1933 805 2003 superius
835 1930 1044 1988 dictum
1092 1941 1174 1988 est
1204 1930 1362 2003 (Cap.
1394 1939 1479 1998 8).
1526 1933 1675 2003 Facit
1735 1930 1920 1986 autem
1958 1930 2064 1986 hoc

460 2002 713 2059 diabolus
741 2003 957 2058 duobus
994 2002 1288 2067 modis,,'ut
1319 2003 1444 2057 alibi
1483 2002 1647 2057 etiam
1687 2008 1934 2056 notatum
1959 2010 2061 2067 est,

463 2075 543 2128 vel
577 2084 672 2144 per
706 2074 1005 2143 appetitum
1043 2074 1381 2141 sensitivum,
1412 2071 1737 2144 concitando
1782 2070 2064 2144 passiones

461 2142 590 2213 ejus‘
618 2145 685 2199 ad
720 2142 809 2198 res
842 2143 1083 2211 illicitas;
1110 2145 1192 2199 vel
1243 2159 1340 2213 per
1388 2142 1757 2213 phantasiam,
1802 2142 2059 2213 tingendo

460 2213 516 2336 in
559 2229 621 2268 ea
649 2213 1046 2285 phantasmata,
1097 2229 1219 2285 qua:
1246 2213 1530 2270 hominem
1560 2220 1819 2269 moveant
1843 2213 1912 2269 ad
1936 2229 2058 2269 ma-

483 2298 595 2336 um.

483 2298 595 2337 um.

508 2352 555 2427 ’ξι
577 2352 651 2427 id
683 2362 785 2421 est,
816 2369 940 2427 pars
969 2353 1294 2427 deﬁnitionis
1326 2354 1527 2427 anima:
1552 2356 1926 2427 potestetiam
1957 2355 2060 2410 illis

460 2424 740 2499 spiritibus
767 2425 1039 2499 adaptari;
1061 2426 1163 2499 vel,
1197 2434 1257 2481 ut
1285 2424 1576 2497 Dionysius
1604 2426 1847 2499 planiore
1873 2427 2011 2499 stylo
2039 2445 2054 2499 _:

459 2512 589 2549 nam
605 2500 654 2550 et
664 2496 923 2564 deﬁnitio,
942 2514 1062 2566 quw
1081 2498 1146 2552 de
1159 2496 1565 2553 naturaanimaz
1580 2496 1726 2562 (scil.
1753 2496 2055 2568 rationalis)

460 2568 645 2639 datur,
669 2568 777 2639 illis
805 2570 967 2639 etiam
996 2570 1316 2637 aliq’ualiter
1358 2570 1678 2639 adaptatur.
1722 2569 1858 2623 Sunt
1904 2567 2057 2623 enim

459 2638 779 2694 substantiae
821 2636 1212 2695 intellectuales
1237 2649 1291 2693 et
1328 2636 1684 2707 immortales,
1709 2639 1852 2694 sicut
1877 2639 2056 2693 anima

458 2708 739 2782 rationalis
746 2728 767 2782 _;
798 2709 893 2765 sed
924 2711 1107 2765 anima
1137 2720 1218 2765 est
1242 2710 1417 2766 forma
1447 2711 1695 2782 corporis
1718 2719 1774 2765 et
1803 2709 2055 2782 substan-

459 2780 531 2835 tia
560 2779 902 2853 imperfecta;
930 2782 1121 2853 Angeli
1146 2782 1276 2853 boni
1304 2791 1397 2837 aut
1427 2779 1564 2837 mali"
1582 2791 1714 2837 sunt
1738 2780 2059 2853 substantiae

458 2850 734 2922 perfectas,
773 2861 826 2907 et
849 2867 957 2907 non
987 2850 1114 2908 sunt
1145 2852 1341 2909 format
1373 2868 1696 2922 corporum.
1713 2852 1877 2922 Unde
1916 2851 2058 2905 inter

457 2921 671 2977 errores
716 2923 1137 2993 Origenistarum
1176 2921 1516 2987 numeratur,
1540 2921 1701 2993 quod
1741 2921 1955 2993 animas
1991 2936 2055 2974 ex

458 2993 661 3062 angelis
703 3002 759 3046 et
786 2991 849 3047 es
884 2992 1170 3047 animabus
1193 3008 1381 3047 rursus
1396 2991 1621 3059 angelds
1641 2992 1753 3045 ﬁeri
1778 2991 2058 3047 existima-

457 3062 588 3127 rint,
613 3078 679 3133 ex
705 3064 971 3117 sententia
995 3063 1403 3117 Platonicorum
1432 3063 1670 3133 (Hieron.
1697 3078 1779 3132 cp.
1804 3069 1874 3118 59
1899 3068 2053 3130 et61;

456 3134 602 3233 Atég.
631 3132 697 3185 de
722 3134 832 3189 Civ.
862 3134 957 3186 lib.
987 3149 1052 3188 ιχ
1080 3149 1124 3187 c.
1158 3138 1211 3188 11
1242 3136 1284 3200 ).

616 3205 639 3233 Α
659 3204 936 3233 "mh."an
1004 3204 1056 3233 :A
1104 3211 1182 3233 nec
1244 3220 1284 3233 η

2088 1806 2206 1883 ΒΕ

2173 1366 2371 1419 troiens
2402 1364 2704 1436 (siquidem
2729 1363 2853 1436 luce
2878 1367 3117 1432 potestas
3138 1364 3301 1418 solius
3322 1368 3401 1419 est
3442 1367 3751 1436 Trinitatis),

2171 1436 2262 1489 sed
2288 1437 2448 1504 quasi
2463 1435 2693 1488 callidus
2718 1434 2963 1504 quidam,
2984 1438 3034 1488 et
3051 1450 3301 1503 nequam,
3324 1450 3386 1489 ac
3404 1437 3589 1502 fallaa:
3608 1434 3753 1505 frau-

2174 1507 2526 1575 dulentusque
2554 1506 2813 1574 deceptor,
2844 1507 2902 1559 in
2922 1520 3004 1559 eos
3024 1507 3261 1559 animam
3287 1506 3581 1561 humanam
3607 1511 3755 1563 mali-

2172 1579 2262 1631 tia:
2289 1579 2528 1645 affectus
2557 1578 2745 1638 trahit,
2763 1591 2863 1645 per
2887 1578 3228 1644 cogitationes
3251 1582 3303 1632 et
3316 1580 3586 1634 incentiva
3614 1582 3756 1636 vitib-

2171 1664 2314 1710 rum,
2334 1648 2530 1720 quibus
2552 1650 2664 1716 ipse
2673 1649 2863 1720 plenus
2888 1652 2984 1701 est.
3011 1649 3250 1717 Denique
3275 1652 3326 1703 et
3339 1649 3559 1718 Elymus
3577 1667 3755 1720 magus

2170 1720 2315 1787 ﬁlius
2333 1719 2554 1781 diaboli,
2566 1720 2737 1787 juxta
2754 1718 3017 1771 malitiam
3032 1721 3431 1788 nequitiamque
3448 1718 3752 1786 subsistens,

2210 1790 2356 1844 lenus
2390 1791 2535 1844 omni
2562 1790 2681 1843 dolo
2718 1793 2769 1843 et
2795 1791 2940 1843 omni
2972 1790 3187 1843 malitia
3233 1790 3502 1853 scribitur,
3552 1793 3756 1848 Satana

2167 1865 2329 1929 patre
2352 1860 2467 1929 ejus
2485 1861 2622 1914 hanc
2648 1862 2701 1914 ei
2724 1861 3071 1921 voluntatem,
3110 1863 3272 1929 quasi
3291 1877 3358 1915 ea:
3384 1864 3754 1919 consuetudine

2168 1934 2443 1993 vitiorum,
2474 1933 2534 1984 in
2572 1935 2830 1985 naturam
2862 1935 3113 1984 vertente.
3140 1930 3381 1999 Arguens
3416 1934 3599 2003 itaque
3634 1951 3757 1989 eum

2171 2003 2440 2071 apostolus
2480 2003 2679 2056 Paulus
2721 2006 2882 2070 atque
2907 2003 3197 2070 corripiens
3226 2005 3305 2056 ait
3335 2022 3349 2056 :
3376 2003 3416 2058 Ο
3441 2004 3589 2071 plene
3617 2008 3763 2059 omni

2171 2075 2459 2141 iniquitate
2482 2077 2533 2126 et
2570 2075 2717 2144 omni
2749 2072 2887 2134 dolo,
2919 2072 3003 2140 ﬁli
3028 2072 3251 2144 diaboli,
3291 2075 3501 2129 inimice
3526 2074 3762 2144 justitia:

2167 2147 2265 2199 Dei
2274 2148 2294 2211 (
2304 2146 2426 2199 Act.
2441 2158 2565 2198 xm
2580 2143 2595 2213 )
2618 2146 2636 2198 !
2653 2145 2793 2210 Quia
2808 2145 2947 2196 enim
2956 2143 3252 2213 versipellis
3262 2149 3314 2199 et
3323 2143 3551 2199 callidus
3560 2162 3763 2201 omnem

2165 2217 2222 2269 in
2259 2230 2315 2269 se
2334 2215 2515 2269 dolum
2536 2214 2924 2281 frandulentiw
2949 2220 3268 2284 susceperat,
3294 2216 3603 2286 appellatur
3620 2219 3761 2286 ﬁlius

2166 2286 2393 2351 diaboli;
2412 2287 2543 2354 quia
2556 2286 2809 2355 implebat
2818 2287 2929 2354 ipse
2942 2300 3091 2339 omne
3099 2287 3401 2356 principale
3411 2288 3562 2342 illius
3569 2290 3765 2355 fraude

2166 2361 2219 2410 et
2254 2359 2517 2425 nequitia,
2548 2361 2598 2410 et
2615 2358 2760 2410 omni
2785 2356 3018 2418 malitia,
3048 2358 3108 2409 in
3143 2360 3353 2411 tantum
3383 2359 3615 2414 illieiens
3643 2377 3762 2415 eum

2163 2432 2327 2500 atque
2343 2428 2689 2500 decipiens,ut
2701 2429 2814 2496 ipse
2822 2429 3051 2483 Satanas
3063 2429 3308 2497 implesse
3319 2431 3562 2484 animam
3572 2434 3763 2500 ipsius,

2167 2503 2217 2555 et
2235 2498 2475 2552 habitare
2502 2500 2559 2550 in
2586 2498 2767 2551 eadem
2798 2502 3106 2566 putaretur,
3143 2515 3300 2568 quem
3335 2500 3410 2553 ad
3444 2498 3618 2557 omnes
3656 2519 3768 2557 sua:

2160 2570 2526 2643 pcipe’rsitatis
2545 2568 2689 2643 dolos
2708 2569 3008 2643 ministrum
3032 2570 3141 2643 sibi
3163 2585 3224 2623 ac
3251 2572 3519 2637 famulum
3542 2589 3770 2643 prcepa-

2167 2644 2402 2693 raverat.
2419 2640 2511 2694 Ad
2530 2640 2589 2692 id
2611 2655 2731 2693 vero
2748 2640 2891 2707 quod
2914 2636 3201 2694 secundum
3214 2636 3572 2710 posueramus
3597 2636 3773 2698 catena-

2160 2711 2335 2778 plum,
2353 2712 2483 2778 quia
2506 2712 2564 2763 in
2585 2710 2786 2765 ludam
2802 2712 3086 2765 introierat
3106 2714 3360 2774 Satanas,
3375 2714 3772 2770 hocdicendum

2167 2786 2245 2856 est
2274 2800 2291 2834 :
2322 2782 2616 2856 Observans
2626 2782 2891 2856 diabolus,
2922 2783 3246 2856 quibusdam
3260 2785 3487 2856 motibus
3509 2790 3562 2840 et
3584 2802 3775 2856 opera-

2166 2854 2368 2905 tionum
2392 2854 2577 2923 signis,
2610 2853 2683 2906 ad
2708 2868 2827 2923 qua:
2851 2854 3191 2922 potissimum
3202 2855 3355 2909 Judte
3374 2871 3459 2910 cor
3473 2853 3777 2912 esset—vitia

2159 2923 2472 2991 proclivius,
2500 2922 2847 2991 deprehendit
2861 2939 2977 2977 eum
2985 2929 3174 2993 patere
3190 2925 3402 2980 insidiis
3419 2930 3695 2991 avaritiae,
3724 2934 3775 2983 et

2165 2997 2377 3070 reporto
2402 2994 2722 3070 cupiditatis
2746 2994 2943 3070 jamta,
2971 2997 3131 3070 misit
3152 2998 3211 3049 in
3234 3002 3461 3051 mentem
3486 2994 3606 3069 ejus
3634 3016 3776 3070 quo-

2163 3064 2698 3138 mododesideratam
2712 3068 2997 3135 pecuniam
3020 3068 3304 3136 acciperet,
3327 3073 3378 3121 et
3410 3064 3525 3138 per'
3544 3064 3780 3126 occasio-

2163 3150 2282 3188 nem
2311 3136 2447 3189 lucri
2464 3136 2715 3205 proditor
2738 3138 2990 3205 magistri
3010 3142 3058 3190 et
3079 3138 3377 3192 Salvatoris
3391 3136 3481 3194 sui
3494 3144 3775 3203 emineret.

600 3204 956 3282 Altrinsecus,
1004 3204 1058 3258 id
1103 3211 1203 3282 est,
1244 3212 1459 3282 mutuo,
1497 3203 1629 3282 sive
1668 3202 1922 3272 invicem,
1959 3202 2054 3259 sed
2090 3215 2135 3278 ς,
2162 3202 3213 3282 argentumproprietatecommutans,et
3227 3210 3519 3281 suscipiens
3532 3202 3777 3282 pretium

457 3272 603 3347 quod
641 3277 965 3332 intrinsecus
1019 3274 1199 3346 potius
1251 3274 1538 3346 legendum
1585 3275 1677 3341 sit,
1722 3284 1901 3347 patet;
1939 3290 2052 3329 non

456 3344 599 3417 enim
629 3346 773 3404 aliud
812 3348 928 3402 vult
962 3344 1192 3412 Auctor,
1221 3344 1390 3417 quam
1428 3346 1639 3403 animas
1673 3344 1961 3403 hominum
2005 3354 2061 3401 et

455 3414 693 3489 spiritus,
738 3419 791 3476 id
840 3428 941 3484 est,
984 3414 1263 3489 daemones
1310 3418 1365 3472 in
1403 3418 1778 3489 energumenis
1818 3435 1934 3473 non
1971 3418 2059 3472 in-

457 3486 704 3557 trinsece,
752 3489 809 3545 id
859 3499 962 3558 est,
996 3488 1303 3546 secundum
1336 3486 1720 3557 substantiam,
1744 3489 1837 3544 sed
1859 3504 2055 3544 secun-

454 3560 586 3613 dum
624 3560 1034 3629 proximitatem
1059 3558 1350 3628 quamdam
1392 3560 1498 3614 sibi
1538 3560 1696 3626 uniri,
1730 3559 1785 3614 id
1810 3567 1910 3627 est,
1953 3574 2052 3613 co-

454 3630 707 3691 existere,
746 3640 802 3684 et
840 3631 1004 3687 simul
1058 3630 1115 3683 in
1169 3644 1280 3683 uno
1314 3644 1544 3699 corpore
1589 3629 1921 3698 cohabitare,
1986 3645 2050 3684 eo

454 3700 756 3772 praesertim
782 3700 931 3769 quod
955 3702 1271 3772 locum‘non
1303 3710 1587 3772 occupent,
1630 3716 1730 3756 nec
1748 3716 1806 3754 se
1856 3708 2051 3772 mutuo

456 3769 782 3844 propellant;
810 3782 867 3844 at
893 3787 1004 3827 non
1036 3769 1358 3844 intrinseoe.
1403 3769 1465 3825 ut
1494 3771 1548 3825 in
1591 3787 1649 3844 s_e
1699 3778 1897 3844 mutuo
1943 3770 2050 3844 im-

454 3840 641 3899 meent
657 3851 712 3915 et
739 3843 988 3907 inﬂuant,
1015 3840 1166 3915 quod
1190 3840 1292 3898 soli
1308 3843 1425 3897 Deo
1444 3842 1747 3915 proprium,
1770 3850 1833 3897 ut
1854 3841 2053 3898 clarius

451 3913 697 3983 sequenti
722 3922 850 3969 nota
875 3913 1179 3985 exponitur.

523 3994 545 4020 °
578 3987 638 4039 In
660 3995 921 4051 mentem,
946 3983 1040 4040 Seu
1069 3984 1316 4039 animam
1343 3983 1584 4040 hominis
1625 3983 1793 4050 illabi,
1819 3999 2052 4053 eamque

454 4056 667 4127 penitus
694 4064 747 4110 et
774 4056 968 4111 intime
999 4063 1395 4127 penetrare,ac
1424 4053 1723 4127 pervadere
1748 4054 1916 4127 solius
1945 4054 2049 4109 Dei

452 4126 590 4196 esse,
637 4143 750 4183 non
785 4128 919 4184 item
946 4126 1121 4200 angeli
1150 4134 1244 4181 aut
1288 4126 1581 4200 daemonis,
1616 4126 1926 4200 communis
1967 4134 2052 4181 est

452 4206 569 4254 tum
591 4208 833 4270 veterum
858 4196 1104 4265 Patrum,
1130 4206 1247 4270 tum
1278 4197 1620 4270 sequentium
1643 4196 2042 4270 theologorum,

451 4269 731 4341 sententia
759 4289 770 4322 :
802 4285 966 4340 quam
995 4278 1120 4341 ante
1154 4268 1287 4323 alios
1324 4268 1537 4341 egregie
1579 4268 2047 4341 tractavit'Didy-

453 4356 576 4394 mus
603 4340 657 4394 in
685 4337 836 4394 libris
860 4340 926 4394 de
950 4339 1150 4410 Spiritu
1178 4337 1392 4407 sancto,
1426 4337 1517 4393 ubi
1551 4340 1743 4410 probat
1785 4337 2047 4410 Spiritum

452 4418 707 4480 sanctum
740 4424 874 4480 esse
896 4411 1320 4480 verumDeum,
1362 4409 1505 4465 Patri
1535 4417 1590 4480 et
1642 4409 1778 4463 Filio
1804 4409 2044 4480 ὁμούσιον

451 4478 505 4534 id
535 4487 637 4545 est,
688 4478 1222 4542 consubstantialem,
1274 4480 1419 4548 quod
1466 4479 1682 4533 animas
1731 4478 2043 4535 sanctorum

452 4565 576 4620 vere
612 4557 666 4603 et
688 4548 991 4604 secundum
1018 4564 1076 4603 se
1104 4547 1384 4620 inhabitet,
1413 4564 1609 4620 easque
1637 4563 1733 4604 sua
1761 4549 2044 4605 divinitate

451 4619 673 4692 impleat
697 4628 752 4692 et
779 4628 1030 4692 occupet;
1063 4635 1167 4692 qua
1201 4607 1407 4675 ratione
1445 4607 1695 4675 diéantur
1742 4620 1907 4692 pleni,
1951 4630 2045 4676 aut
2074 4607 2124 4668 D

448 4691 638 4763 repleti
664 4691 866 4764 Spiritu
895 4691 1105 4755 sancto,
1149 4706 1274 4746 cum
1316 4692 1460 4764 nulla
1499 4699 1754 4764 creatura
1803 4691 2045 4764 animam

448 4761 543 4819 seu
584 4761 821 4820 mentem
858 4763 1099 4819 hominis
1135 4778 1327 4833 capere
1368 4763 1452 4817 vel
1494 4761 1703 4833 ingredi
1749 4762 2044 4819 secundum

448 4851 605 4891 suam
633 4835 989 4891 substantiam
1016 4843 1200 4907 queat,
1228 4833 1323 4890 sed
1345 4833 1451 4889 hoc
1465 4833 1815 4907 solummodo
1847 4835 2045 4907 Deitati

448 4907 730 4961 conveniat
755 4912 772 4971 (
794 4908 912 4962 Lib.
932 4922 954 4962 Ι
971 4924 1003 4961 a
1024 4905 1298 4977 principio
1320 4909 1358 4974 ).
1373 4908 1446 4960 Et
1462 4905 1601 4960 libro
1618 4920 1709 4971 III,
1734 4905 1835 4960 sub
1855 4906 2044 4974 tinem,

446 4977 737 5048 solvitqduo
768 4987 1085 5048 argumenta
1113 4994 1204 5033 seu
1236 4978 1481 5048 exempla
1515 4992 1639 5048 quae
1669 4985 1869 5048 contra
1908 4978 2048 5033 hanc

447 5046 754 5104 doctrinam
780 5046 941 5119 objici
971 5056 1189 5119 possent
1211 5046 1551 5119 e.Scriptura
1586 5066 1600 5102 :
1632 5047 1862 5103 alterum
1904 5054 2049 5105 Ana-

446 5121 554 5177 niae
587 5119 654 5175 ad
668 5134 832 5193 quem
865 5122 1055 5193 Petrus
1078 5118 1130 5193 in
1164 5119 1525 5174 Actisdixisse
1545 5119 1740 5191 legitur
1767 5120 1916 5186 (Act.
1945 5124 2043 5187 v‘):

446 5190 812 5256 Ananiafcur
830 5190 1076 5260 implevit
1097 5190 1330 5245 Satanas
1352 5206 1440 5245 cor
1467 5190 1641 5256 tuum,
1664 5195 1725 5244 ut
1750 5193 2048 5244 mentireris

443 5265 686 5345 Spiritui
698 5259 921 5345 sancto?
949 5261 1040 5315 Sic
1061 5260 1205 5314 enim
1238 5261 1438 5345 habent
1462 5261 1652 5345 Graeca
1684 5279 1695 5313 :
1731 5259 2048 5345 ἐκτξλῇρωέεν

446 5329 535 5395 τὴν
564 5333 771 5402 καρδίαν
803 5336 892 5383 σοῦ
917 5347 1012 5402 pro
1040 5346 1151 5403 quo
1194 5342 1382 5388 noster
1421 5332 1689 5403 interpres
1716 5329 1918 5403 vertit:
1945 5332 2049 5387 Cur

446 5400 675 5458 tentavit
701 5400 933 5460 Satanas
960 5400 1267 5459 cor—tuum?
1290 5403 1518 5458 alterum
1550 5400 1708 5455 Juda:
1737 5400 2049 5471 proditoris,

444 5473 512 5529 de
540 5472 860 5548 quolegitur
883 5477 1042 5530 Joan.
1065 5490 1183 5533 xm
1211 5495 1223 5531 :
1258 5476 1487 5530 Intravit
1508 5474 1742 5548 Satanas
1756 5473 1816 5524 in
1834 5472 2047 5548 ludam,

446 5543 1053 5616 qui—cogndminabatur
1103 5549 1396 5604 Iscariotes.
1444 5543 1533 5599 Ad
1575 5551 1863 5616 utramque
1908 5545 2051 5616 obje-

445 5612 681 5691 ctionem
712 5619 787 5673 ita
810 5619 1102 5689 respondet
1128 5619 1398 5691 Didymus
1425 5633 1442 5691 ς
1472 5612 1935 5691 Respondendum,
1965 5612 2045 5670 in-

443 5687 582 5757 quit,
606 5689 679 5742 ad
707 5691 768 5742 id
793 5686 936 5758 quod
959 5691 1221 5758 scriptum
1238 5686 1365 5744 'est:
1411 5688 1585 5754 Quare
1609 5686 1853 5758 implevit
1875 5688 2059 5742 Sata—

442 5756 539 5813 nas
564 5775 650 5813 cor
670 5756 861 5815 tuum?
886 5760 1033 5829 quod
1046 5756 1279 5816 Satanas
1306 5763 1533 5812 mentem
1563 5756 1793 5825 alicujus
1808 5762 1858 5812 et
1878 5760 2040 5829 prin-

442 5832 613 5901 cipale
640 5832 813 5886 cordis
840 5832 1081 5899 impleat,
1124 5848 1229 5885 non
1262 5829 1562 5896 ingrediens
1605 5830 1664 5882 in
1705 5845 1843 5897 eum,
1892 5835 1942 5885 et
1981 5832 2039 5884 in

440 5918 648 5960 sensum
672 5902 784 5973 (jus
818 5906 999 5973 atque,
1032 5906 1095 5960 ut
1123 5904 1205 5959 ita
1249 5902 1447 5967 dicam,
1481 5902 1711 5971 adytum
1749 5902 1921 5959 cordis
1956 5905 2040 5957 in-

2164 3279 2370 3353 scelen's
2393 3278 3176 3353 aAPharisceisatqueAJudwis.
3208 3282 3332 3335 Haec
3352 3278 3479 3350 ergo
3495 3278 3779 3353 cogitatio-

2164 3349 2665 3423 nisoccasiolocum
2690 3350 2878 3404 tribuit
2916 3350 3153 3423 Satanae,
3180 3356 3241 3405 ut
3296 3354 3354 3405 in
3389 3349 3477 3408 cor
3522 3349 3638 3423 ejus
3686 3359 3779 3409 in-

2166 3421 2361 3473 troiens
2388 3420 2629 3495 impleret
2656 3436 2775 3495 eum
2798 3422 3031 3495 pessima
3053 3423 3344 3495 poluntate.
3369 3420 3619 3480 Introiuit
3638 3444 3776 3495 ergo

2163 3505 2270 3565 non
2279 3491 2565 3565 secundum
2576 3492 2963 3565 substantiam,
2979 3492 3072 3546 sed
3083 3494 3368 3547 secundum
3382 3491 3745 3565 operationem
3754 3540 3772 3560 ,

2159 3563 2534 3638 quiaintroire
2560 3564 2617 3638 in
2640 3563 2873 3638 aliquem
2891 3565 3145 3638 increatce
3172 3569 3382 3638 natura:
3402 3563 3480 3638 est
3501 3567 3614 3636 ejus
3638 3584 3775 3638 quae

2154 3633 2522 3710 participatur
2532 3633 2600 3685 ab
2624 3634 2886 3710 omnibus.
2902 3634 3180 3710 Hactenus
3190 3633 3777 3710 Didymusinterprete

2159 3705 2234 3779 DA.
2262 3701 2618 3779 Hieronymo.
2642 3709 2725 3758 Ac
2755 3704 3080 3779 demumita
3112 3701 3385 3761 concludit
3416 3728 3427 3760 :
3459 3711 3576 3765 Non
3607 3701 3771 3779 ergo,

2159 3777 2220 3826 ut
2228 3773 2449 3841 quidam
2452 3778 2673 3842 putant,
2681 3777 2951 3845 participa
2958 3778 3100 3831 tione
3108 3780 3432 3832 naturasive
3441 3773 3776 3835 substantia:

2158 3845 2344 3913 implet
2366 3847 2667 3913 quempiam
2684 3846 2949 3909 diabolus,
2966 3852 3065 3901 aut
3082 3849 3196 3918 ejus
3212 3850 3472 3903 habitator
3482 3852 3767 3919 efﬁcitur;

2157 3915 2251 3989 sed
2269 3930 2368 3989 per
2379 3916 2830 3983 fraudulentiam,
2852 3922 2903 3972 et
2923 3919 3297 3989 deceptionem,
3315 3925 3360 3974 et
3376 3922 3652 3976 malitiam
3668 3925 3767 3977 in-

2159 3986 2471 4042 habitarein
2495 4003 2551 4041 eo
2573 3989 2810 4061 creditur
2833 4004 2989 4061 quem
3017 3986 3254 4061 replevit.
3282 3993 3414 4047 Haac
3436 3991 3551 4059 ille,
3575 4002 3631 4048 et
3660 3993 3768 4049 alia

2158 4072 2282 4128 quae
2313 4066 2612 4129 sequuntur
2640 4059 2696 4113 in
2727 4060 2975 4115 eamdem
3024 4059 3366 4118 sententiam.
3415 4063 3765 4129 Gennadius,

2157 4142 2255 4207 s_eu
2283 4128 2404 4198 quis
2429 4130 2819 4207 auctor_lib._de
2858 4132 3218 4207 Dogmatibus
3242 4133 3445 4189 Eccles.
3466 4150 3586 4207 cap.
3617 4137 3717 4191 ult.
3747 4128 3763 4190 ἑ

2157 4203 2450 4278 Dcemones,
2480 4199 2861 4278 inquit(_Tom.
2904 4199 2977 4256 ΙΙῙ
3008 4204 3163 4278 Oper.
3190 4208 3256 4260 D.
3310 4199 3610 4274 Augusti),
3660 4223 3766 4278 per

2156 4273 2449 4339 energicam
2493 4274 2972 4340 operationem’non
3013 4276 3275 4330 credimus
3324 4273 3767 4334 substantialiter

2157 4341 2321 4417 illabi
2340 4343 2553 4404 animae,
2593 4343 2686 4397 sed
2709 4346 3089 4417 applicatione,
3120 4352 3171 4400 et
3219 4351 3557 4417 oppressimte

2341 4415 2718 4497 autemnmenti
2745 4411 2831 4469 illi
2852 4417 2954 4470 soli
2988 4411 3265 4497 possibile“
3284 4411 3385 4497 est,
3413 4423 3516 4497 qui
3534 4424 3762 4497 creavit.

2155 4482 2487 4537 Venerabilis
2517 4484 2660 4538 Beda
2687 4499 2962 4555 exponens
2988 4482 3117 4543 illud
3157 4507 3169 4542 :
3204 4490 3311 4545 Cur
3332 4482 3567 4546 tentavit
3591 4494 3764 4549 Sata-

2152 4568 2252 4634 nas
2271 4568 2358 4634 cor
2376 4558 2527 4634 tuum
2541 4557 2920 4634 ?__N_ot_and_um,
2944 4557 3144 4627 inquit,
3160 4564 3389 4615 mentem
3408 4563 3645 4619 hominis
3660 4580 3767 4634 per

2151 4624 2506 4701 substantiam
2523 4627 2663 4701 nihil
2673 4624 2895 4697 implere
2908 4624 3078 4699 posse,
3100 4636 3304 4701 praeter
3314 4637 3627 4690 creatricem
3649 4624 3769 4690 ΤΗ-

2152 4697 2395 4777 ηίιξταςθῃι.
2430 4697 2621 4767 Implet
2639 4714 2758 4777 vero
2773 4697 3007 4777 satanas
3021 4697 3379 4777 cor—alicujus,
3405 4720 3514 4759 non
3540 4706 3764 4777 quidem

2154 4766 2293 4848 illud
2306 4770 2582 4848 ingressus
2601 4788 2617 4835 ;
2636 4770 2740 4848 sed
2759 4772 2958 4848 callida
2989 4777 3040 4825 et
3066 4766 3427 4848 fraudulenta
3454 4766 3767 4848 deciaptione

2155 4839 2213 4916 in
2223 4839 2458 4916 malitiae
2474 4841 2736 4916 affectum
2760 4844 2999 4916 animum
3014 4839 3230 4916 trahens
3246 4861 3345 4915 per
3354 4839 3761 4916 cogitationem,

2153 4911 2519 4991 vitiorumque
2530 4914 2823 4991 incentiva,
2849 4914 3043 4991 quibus
3058 4914 3151 4991 ille
3165 4911 3265 4985 per
3281 4911 3435 4991 diem
3442 4935 3653 4991 perque
3666 4911 3769 4973 no:-

2153 4984 2285 5058 ctem
2293 4985 2474 5058 scatet.
2494 4984 2684 5058 Igitur.
2706 4987 2938 5058 Anania:
2950 5000 3035 5039 cor
3047 4984 3283 5042 Satanas
3298 4984 3762 5058 implesse-nanu-

2155 5055 2263 5124 tur,
2304 5054 2433 5124 quia
2452 5053 2677 5107 malitia:
2696 5069 2805 5108 sua:
2828 5057 2976 5109 virus
2997 5058 3046 5110 ei
3070 5059 3300 5124 infudit.
3331 5053 3434 5114 His
3449 5062 3663 5118 accedit
3688 5064 3759 5115 Ι).

2157 5122 2461 5177 Bernardus
2490 5138 2656 5178 serm.
2688 5131 2720 5178 5
2763 5126 2815 5179 in
2845 5128 3082 5193 Cantica,
3112 5122 3202 5183 ubi
3249 5130 3355 5184 ait:
3381 5132 3532 5186 Illud
3570 5140 3766 5187 autem

2154 5193 2355 5270 scitote,
2366 5195 2575 5270 nullum
2591 5201 2887 5270 creatorum
2903 5199 3195 5267 spirituum
3210 5216 3305 5270 per
3321 5216 3378 5255 se
3395 5207 3597 5259 nostris
3615 5219 3773 5259 men-

2156 5265 2300 5317 tibus
2352 5265 2634 5333 applicari,
2682 5273 2743 5321 ut
2787 5265 3054 5332 videlicet,
3092 5265 3240 5325 nullb
3277 5273 3551 5329 mediante
3585 5278 3774 5329 nostri

2156 5336 2302 5387 suive
2323 5339 2555 5404 corporis
2574 5339 2869 5392 instrumen
2876 5344 2946 5403 to,
2967 5342 3049 5394 ita
3061 5343 3215 5395 nobis
3235 5344 3603 5399 immisceatur
3617 5352 3673 5400 et
3685 5348 3773 5399 in-

2154 5404 2454 5484 fundatur,
2483 5422 2586 5476 quo
2606 5408 2719 5484 ejus
2744 5413 3160 5484 participatione
3177 5413 3321 5467 docti
3353 5417 3463 5469 sum
3487 5417 3769 5484 doctores,

2156 5475 2384 5555 vel_boni
2401 5475 2511 5555 sine
2536 5475 2789 5555 ,meliorés
2824 5475 3156 5555 efficiamur;
3194 5486 3373 5539 nullus
3412 5475 3769 5555 angelorum;

2156 5546 2339 5601 nullus
2367 5551 2670 5605 animarum
2690 5553 2783 5626 hoc
2801 5546 2955 5626 modo
2980 5556 3118 5608 mihi
3136 5546 3392 5625 capabilis
3417 5546 3518 5626 estV,
3544 5546 3771 5615 nullius

2158 5633 2247 5701 ego
2273 5634 2469 5701 capaci,
2494 5637 2588 5676 nec
2611 5625 2721 5701 ipsi
2732 5625 2917 5701 angeli
2937 5627 3017 5679 ita
3069 5642 3124 5681 se
3145 5627 3469 5701 alterutrum
3499 5633 3762 5701 rapiunt.

2150 5690 2516 5766 sequestretur
2546 5690 2776 5763 proinde
2812 5690 2931 5750 haec
2948 5699 3303 5766 prcerogatim
3339 5713 3552 5756 summo
3560 5690 3648 5757 “ac
3678 5705 3772 5756 in-

2148 5763 2545 5846 circumscripto
2574 5763 2966 5846 Spimitui,_et_cf
3011 5763 3253 5846 Denique
3302 5769 3449 5846 bono
3498 5772 3767 5846 illapsum

2149 5833 2203 5914 in
2233 5833 2475 5914 animam
2501 5833 3292 5914 hominissoliDeotribuunb
3288 5833 3607 5914 scholastici
3622 5859 3764 5899 cum

2149 5903 2408 5975 Magistro
2427 5907 2673 5963 Sentent.
2707 5906 2800 5964 lib.
2832 5909 3133 5972 “distinct.
3165 5917 3219 5968 8.
3256 5912 3331 5966 Ex
3356 5912 3565 5983 quibus
3590 5914 3767 5971 intel-
