4048 6208
450 259 552 315 683

1021 381 1266 438 CAPUT
1307 380 1467 434 XIII.

450 487 600 558 Quod
624 488 850 558 spiritus
891 486 1113 558 Spiritui
1146 481 1496 558 penetrabilis
1544 494 1652 535 csse
1704 493 1810 535 non
1850 480 2040 548 possit,

881 552 974 610 sed
1004 558 1303 623 incorporeo
1329 552 1432 607 soli
1455 554 1580 607 Deo.

517 675 542 700 α
564 667 678 720 Nec
718 663 869 718 enim
893 661 937 716 si
973 673 1170 715 crassae
1198 656 1325 713 huic
1352 656 1651 730 solidaeque
1683 655 1943 725 materiae,
1990 654 2046 712 id

445 767 545 821 est,
598 757 743 813 carni
775 755 997 827 Spiritus
1028 753 1394 822 admiscetur,
1435 750 1585 824 quod
1635 751 1753 807 ﬁeri
1789 749 2048 807 facillime

446 858 641 923 potest,
692 849 892 905 idcirco
939 856 993 904 et
1034 848 1251 916 animai,
1292 863 1415 919 quae
1444 846 1632 903 itidem
1675 845 1897 919 spiritus
1940 852 2044 915 est,

443 946 515 1001 ita
564 944 705 1000 uniri
753 959 911 1016 posse
956 942 1214 1005 creditur,
1269 951 1330 997 ut
1370 957 1491 997 eam
1544 955 1764 1013 quoque
1800 939 2048 996 similiter

438 1052 553 1094 suae
576 1045 788 1092 naturae
832 1034 1021 1090 reddat
1047 1049 1320 1106 capacem.
1356 1033 1516 1103 Quod
1542 1033 1640 1088 soli
1677 1038 1759 1089 est
1793 1032 2049 1105 possibile

440 1129 734 1197 Trinitati,
787 1142 909 1199 qua
959 1127 1035 1182 sic
1097 1125 1362 1181 universae
1417 1126 1789 1183 intellectualis
1836 1135 2047 1185 natura:

439 1221 677 1279 efﬁcitur
744 1219 1103 1291 penetratrix,
1151 1227 1214 1274 ut
1263 1233 1374 1274 non
1441 1219 1621 1275 solum
1678 1220 2047 1292 circumplecti

1522 248 1807 305 JOANNIS
1845 246 2149 303 CASSIANI
2188 247 2684 306 COLLATIONES.

2074 377 2128 440 Α
2157 390 2277 429 earn
2303 381 2467 446 atque
2510 374 2740 443 ambire,
2782 373 2879 431 sed
2909 373 3073 431 etiam
3115 373 3262 430 illabi
3301 374 3373 444 ei,
3409 383 3466 431 et
3491 374 3645 433 velut
3676 378 3767 435 in-

3657 256 3766 311 684

2151 485 2419 542 corporea
2446 469 2659 542 corpori
2689 468 2862 542 possit
2880 466 3088 526 infundi
3117 468 3278 539 (Vide
3299 473 3487 525 notata
3516 474 3767 542 superius

2153 565 2228 619 ad
2242 581 2360 634 cap.
2398 563 2479 635 to)
2510 606 2522 619 .
2551 562 2701 619 Licet
2722 562 2867 619 enim
2891 561 3310 635 pronuntiemus
3331 564 3625 622 nonnullas
3645 581 3768 624 esse

2154 657 2423 729 spiritales
2464 666 2706 726 naturas,
2751 665 2813 713 ut
2836 664 2964 713 sunt
3000 655 3214 728 angeli,
3244 653 3554 730 archangeli
3593 669 3766 717 crete.

2155 767 2338 823 neque
2366 751 2608 819 virtutes,
2636 736 2748 823 ips'a
2785 766 3004 823 quoque
3034 749 3215 806 anima
3246 758 3459 821 nostra,
3488 753 3568 807 vel
3617 763 3768 812 certe

2156 861 2248 902 aer
2300 846 2402 902 iste
2456 846 2691 913 subtilis,
2755 839 2782 878 δ
2820 855 3005 902 tamen
3053 845 3389 917 incorporea;
3445 846 3762 907 nullatenus

2156 939 2479 998 aestimanda
2508 948 2654 996 sunt.
2688 939 2905 996 Habent
2946 940 3092 995 enim
3117 938 3419 996 secundum
3464 954 3524 995 se
3559 956 3763 1012 corpus

2155 1050 2265 1107 quo
2301 1033 2622 1104 subsistunt,
2662 1032 2783 1088 licet
2808 1033 2982 1088 multo
3009 1032 3226 1088 tenuius
3252 1047 3420 1104 quam
3463 1047 3583 1089 nos.
3616 1035 3762 1092 Nam

2155 1135 2282 1183 sunt
2312 1143 2541 1200 corpora
2577 1128 2877 1183 secundum
2917 1125 3163 1198 Apostoli
3201 1126 3531 1183 sententiam
3567 1128 3641 1185 ita
3671 1126 3763 1185 di-

2156 1222 2332 1277 centis
2367 1238 2382 1275 :
2414 1225 2485 1278 Et
2512 1237 2729 1292 corpora
2758 1220 2985 1276 cwlcstia
3012 1223 3061 1275 et
3095 1222 3374 1302 terrestria
3395 1220 3443 1292 (Ι
3457 1222 3558 1278 Cor
3581 1263 3595 1277 .
3624 1226 3758 1290 xv),

1544 1367 1799 1422 ALARDI
1838 1369 2061 1425 GAZrEl
2100 1369 2657 1425 COMMENTARIUS.

338 1500 341 1505 ’
437 1503 490 1551 et
517 1509 686 1550 sacra:
724 1491 1141 1565 littera:_magis_
1160 1491 1510 1546 consentiunt
1531 1506 1657 1565 quae
1684 1493 2039 1565 cogitationes

438 1566 685 1620 hominis
723 1564 776 1618 in
805 1562 970 1633 corde
999 1563 1083 1617 vel
1129 1562 1185 1616 in
1214 1570 1433 1633 pectore
1459 1562 1726 1619 collocare
1758 1562 2035 1621 'videntnr.

440 1636 584 1691 Hinc
628 1636 694 1690 Ι).
736 1632 1065 1689 Ambrosius
1091 1632 1261 1687 serm.
1330 1640 1382 1688 l1
1414 1633 1469 1687 in
1500 1634 1632 1704 psal.
1666 1650 1867 1693 cxvm
1898 1654 1910 1690 :
1943 1638 2042 1693 Cor

438 1713 611 1786 tuum,
637 1704 1243 1786 inquitueogitetionum
1264 1708 1486 1786 tuarum
1521 1709 1599 1759 cst
1626 1709 1911 1776 scaturigo.
1935 1709 2043 1763 Eo-

434 1776 561 1835 dem
588 1774 818 1849 pertinet
845 1774 977 1831 illud
998 1774 1240 1831 Lucretii
1264 1774 1358 1831 lib.
1382 1790 1456 1830 ιιι
1488 1792 1501 1830 :

2146 1494 2447 1568 angelicam
2503 1493 2773 1568 videlicet
2807 1501 2861 1549 et
2910 1491 3270 1568 mundanam,
3316 1491 3411 1548 ubi
3468 1492 3760 1568 manifeste

2147 1564 2502 1637 distinguitur
2550 1564 2805 1637 spiritalis
2849 1573 3130 1637 creatura,
3172 1564 3232 1619 id
3282 1572 3406 1637 est,
3429 1565 3671 1636 angelica
3720 1581 3757 1621 a

2147 1634 2722 1708 corporali.7Denique
2763 1636 3118 1708 quia‘plures
3164 1644 3219 1691 et
3279 1634 3525 1708 plerique
3574 1639 3760 1708 Patres

2151 1705 2267 1762 tam
2292 1707 2470 1778 Graeci
2499 1705 2668 1778 quam
2698 1705 2872 1762 Latini
2904 1705 2963 1778 in,
2989 1706 3092 1761 hac
3121 1705 3389 1778 sententia
3425 1705 3761 1762 conveniunt

2150 1786 2204 1834 et
2234 1775 2563 1834 unanimiter
2586 1778 2785 1834 docent
2812 1777 3037 1848 angelos
3075 1785 3197 1833 tum
3226 1775 3400 1833 bonos
3433 1786 3548 1833 tum
3572 1778 3757 1834 malos

2148 1849 2407 1921 omnino
2443 1848 2800 1921 incorporeos
2845 1864 2982 1915 esse,
3032 1856 3109 1921 et
3140 1848 3403 1921 materiis
3429 1857 3694 1921 expertes
3733 1868 3750 1903 :

454 1970 457 1973 ι
498 1920 831 2001 φρηὲθὲηὲἒῐὲμ
848 1916 2035 2001 (ΞΡῗέ,ηῗὲηεὲἓῖωὲωληἮῗῗξἯίὲἶῗινοθθωυδἓ

2153 1936 2183 1976 e
2230 1919 2442 2001 Greecis
2491 1916 2781 2001 Dionysius
2828 1918 3149 2001 éreOp._‘de
3195 1918 3406 2001 Caelesti
3450 1916 3745 2001 rt‘l‘ierareh.

498 1984 653 2046 quue
681 1981 837 2031 situm
857 1979 1019 2031 inedia
1052 1980 1251 2044 regione
1288 1981 1336 2029 in
1370 1979 1586 2043 pectoris
1617 1979 1792 2030 haeret.

436 2139 500 2191 In
537 2149 643 2206 qua
679 2132 845 2189 etiam
891 2129 1158 2206 sententia
1183 2145 1278 2206 eos
1330 2129 1500 2206 fuisse
1546 2130 1813 2206 significat
1853 2132 2046 2189 Cicero

434 2200 653 2282 Iuséul.
695 2209 907 2275 Quaest.
940 2202 1031 2282 lib.
1065 2216 1119 2268 ι,
1161 2201 1252 2282 qui
1285 2200 1575 2282 prudentes
1600 2200 1859 2282 cprdatos
1885 2219 2045 2282 voea-

432 2278 588 2341 bant,
651 2272 740 2330 eaf
771 2290 873 2344 quo
941 2279 1129 2336 etaim,
1179 2272 1386 2344 inquit,
1420 2272 1725 2344 excordes,
1779 2276 2043 2343 vecordes,

432 2342 816 2416 concor-desque
856 2345 1134 2399 dicuntur.
1161 2342 1341 2416 Quam
1372 2342 1562 2398 itidem
1598 2344 1921 2416 sententiam
1960 2342 2045 2402 se-

437 2419 628 2492 quitur
659 2412 989 2492 Afistoteies
1018 2416 1110 2470 lib.
1142 2412 1211 2471 de
1240 2417 1414 2492 Sensu
1440 2421 1496 2492 et
1514 2412 1727 2492 _Sensib.

502 2494 527 2523 ³
573 2489 630 2545 ld
669 2498 772 2555 est,
822 2486 919 2543 etsi
959 2486 1199 2558 daemon,
1254 2486 1347 2558 qui
1397 2485 1618 2558 spiritus
1668 2494 1769 2555 est,
1809 2502 2040 2557 corpora

433 2560 704 2617 subintret
742 2554 798 2616 et
845 2556 1140 2630 possideat,
1172 2554 1287 2613 non
1330 2554 1454 2611 inde
1494 2572 1831 2630 consequens
1872 2554 1954 2613 est
1983 2566 2042 2630 ut

435 2640 490 2688 et
540 2632 750 2688 animas
806 2628 1118 2701 subinttare
1171 2636 1226 2684 et
1279 2635 1560 2701 penetrare
1625 2628 1832 2701 possit;
1866 2628 2042 2701 uquasi

433 2719 561 2759 vero
589 2703 779 2759 anima
803 2700 1068 2766 hominis,
1099 2715 1221 2769 quae
1249 2699 1333 2756 est
1379 2699 1555 2754 forma
1588 2699 1870 2770 corporis,
1907 2699 2043 2755 sub-

433 2775 576 2831 tilior
637 2775 707 2829 sit
758 2771 1055 2844 spiritibus,
1100 2770 1155 2826 id
1209 2769 1761 2844 est,_da:monibus,_
1792 2769 2045 2844 homines

431 2844 663 2900 subinde
699 2839 1119 2910 possidentibus.
1177 2844 1246 2895 At
1293 2841 1379 2896 hic
1436 2855 1590 2895 error
1617 2854 1648 2896 e
1690 2839 1874 2896 schola
1919 2843 2043 2897 Pla-

432 2916 615 2969 tonica
640 2913 769 2967 olim
790 2913 897 2967 late
920 2929 979 2968 se
1006 2910 1249 2966 diffudit.

504 2976 531 3013 ³³
556 2982 798 3052 Angelos
834 2985 948 3037 sive
990 2981 1184 3052 bonos,
1232 2981 1347 3035 sive
1374 2979 1568 3047 malos,
1602 2977 1665 3052 id
1700 2988 1801 3047 est,
1833 2979 2038 3038 daemo-

432 3068 529 3110 nes
564 3047 677 3107 non
725 3067 840 3106 esse
892 3051 1118 3122 omnino
1148 3050 1533 3122 incorporees,
1573 3047 1671 3104 sed
1716 3052 2037 3122 corporibus

433 3132 529 3179 aut
557 3122 755 3187 aereis,
791 3129 885 3176 aut
925 3118 1591 3191 subtilissimis‘prazditos,
1632 3129 1788 3176 vetus
1814 3118 1940 3178 'fuit
1983 3134 2039 3180 et

433 3194 650 3275 vulgata
675 3192 978 3275 multorum
1004 3190 1630 3275 etiam_ort_hodoxorum
1655 3191 1840 3275 opinio
1868 3195 2036 3275 e__Pla-

434 3261 747 3321 tonicorum
774 3263 973 3319 scholis
1002 3270 1241 3332 accepta.
1278 3261 1394 3318 Etsi
1439 3261 1584 3317 enim
1616 3261 2034 3332 satisintellige—

433 3346 557 3409 rent
594 3334 883 3391 Christiani
912 3351 942 3390 e
971 3333 1255 3409 Scriptura
1277 3332 1498 3405 angelos
1540 3332 1762 3409 spii'itus
1784 3342 1859 3409 _et
1885 3338 2043 3409 spiri-

432 3408 568 3464 tales
597 3423 713 3464 esse
745 3415 1038 3478 creaturas,
1090 3404 1202 3462 non
1238 3406 1311 3460 ita
1364 3404 1541 3478 tamen
1572 3404 1643 3460 id
1685 3404 2037 3478 accipiebant,

433 3479 588 3549 quasi
617 3478 800 3550 omnis
847 3476 1092 3550 materia:
1141 3487 1196 3534 et
1241 3476 1483 3550 corporis
1537 3485 1719 3550 essent
1767 3476 2036 3550 eipertes,

433 3545 529 3631 sed
576 3549 724 3618 quod
774 3550 845 3631 ita
885 3547 1068 3601 tenuia
1107 3555 1161 3601 et
1210 3545 1735 3631 subtiliaﬂbaberent
1786 3545 2036 3631 corpera,

433 3616 927 3691 ut_coinparatione
970 3631 1156 3691 rerum
1196 3616 1563 3691 corporalium
1606 3626 1662 3691 et
1703 3616 2040 3678 sensibilium

435 3689 608 3762 videri
635 3687 871 3762 possent
921 3695 976 3743 et
1000 3687 1219 3762 _merito
1278 3687 1589 3762 dicerentur
1628 3689 1930 3762 incorporei
1987 3703 2040 3749 et

439 3757 710 3831 spiritales
737 3780 748 3814 :
781 3758 1249 3832 quemadmodum
1277 3768 1348 3832 et
1367 3758 1507 3832 venti
1538 3757 1800 3832 dicuntur
1811 3765 2038 3831 spiritus

434 3828 997 3904 p'roccllarum'wsal.
1035 3830 1317 3904 CXL\’lll),
1347 3828 1785 3904 etiamsi‘ventus
1821 3828 1932 3888 non
1969 3836 2041 3892 sit

433 3901 659 3961 omnino
690 3904 1067 3973 incorporeus,
1098 3901 1251 3957 sicuti
1278 3901 1384 3957 nec
1411 3916 1522 3956 aer.
1550 3902 1649 3973 Alta
1676 3904 2041 3973 Tertullianus

435 3976 534 4033 lib.
565 3974 633 4031 de
656 3971 879 4046 Veland.
911 3972 1175 4046 _Yirginurr
1196 3974 1450 4046 Clemens
1495 3971 1759 4029 Alexand.
1807 3974 1905 4030 lib.
1958 3991 2035 4034 ιιι

429 4047 665 4115 Strom.,
708 4045 871 4102 Basil.
910 4043 1107 4116 libfde
1153 4044 1359 4116 Spiritu
1405 4046 1605 4100 Sancto
1635 4060 1757 4116 cap.
1804 4051 1887 4115 t6,
1932 4050 2037 4105 La-

430 4116 779 4190 ctantiuslib.
813 4132 862 4190 ιι
893 4115 1026 4190 Div._
1055 4115 1295 4190 Institutf
1327 4130 1445 4190 cap.
1482 4121 1569 4190 15,
1601 4124 1656 4190 et
1696 4115 2037 4190 Augustinus

429 4197 550 4245 tum
590 4189 647 4245 in
677 4188 765 4245 lib.
819 4188 886 4247 de
917 4187 1071 4259 Givit.
1118 4188 1214 4243 Dei
1243 4186 1487 4259 pluribus
1517 4188 1574 4243 in
1616 4187 1770 4257 locis,
1792 4186 1925 4245 tum
1981 4191 2036 4246 in

429 4259 523 4316 lib.
577 4259 645 4315 de
669 4259 866 4315 Genesi
895 4258 965 4313 ad
998 4258 1282 4313 litteram’:
1314 4267 1377 4314 ut
1411 4259 1619 4313 mirum
1646 4275 1755 4314 non
1777 4260 1844 4315 sit
1873 4262 2036 4317 etiam

430 4329 576 4385 hunc
604 4331 861 4400 abbatem
898 4330 1165 4400 Serenum
1215 4328 1316 4400 hac
1357 4330 1613 4400 opinione
1657 4328 1828 4387 fuisse
1856 4331 2036 4389 imbu-

430 4405 572 4454 tum.
614 4399 795 4471 _Quod
840 4405 1033 4471 _autem
1092 4398 1163 4453 ad
1213 4398 1423 4471 animas
1480 4399 1767 4456 rationales
1820 4402 2032 4471 attinet,

429 4484 564 4546 quas
609 4467 798 4546 itidem
838 4468 1185 4546 incorporeas
1224 4468 1451 4546 perinde
1492 4485 1555 4546 ac
1598 4471 1816 4546 angelos
1842 4467 2035 4546 negare

432 4538 664 4608 videtur,
715 4538 818 4612 fuit
856 4538 974 4612 haec
1002 4538 1188 4612 etiam
1230 4539 1542 4594 Tertulliani
1570 4538 1752 4611 opinio
1794 4538 1942 4612 (Lib:
1968 4546 2035 4601 de

432 4614 657 4679 Anima)
686 4652 705 4684 ,
725 4609 821 4684 _vel
846 4610 1023 4684 potius
1047 4609 1484 4684 deliramentum,
1526 4619 1589 4665 ut
1607 4609 1775 4668 'vocat
1803 4609 1871 4669 D.
1917 4620 2031 4672 Au-

431 4680 696 4754 gustinus
722 4682 812 4738 lib.
846 4680 916 4743 tt,
963 4680 1029 4737 de
1052 4681 1277 4755 Origine
1324 4680 1537 4755 Animae
1565 4697 1683 4755 cap.
1713 4688 1747 4738 5
1790 4685 1926 4753 (Lib.
1967 4688 2033 4743 de

432 4752 677 4822 Heres).
733 4756 903 4811 Porro
943 4757 1043 4826 etsi
1089 4752 1218 4809 olim
1266 4752 1485 4826 tolerari
1530 4752 1767 4826 potuerit
1803 4752 1910 4814 illa
1962 4759 2030 4816 de

431 4829 748 4899 angolcrum
794 4825 1114 4899 corporibus
1134 4824 1570 4899 _qualiscumqu’e
1596 4898 1601 4899 ί
1620 4827 1862 4899 opinatio
1878 4871 1893 4897 ,
1939 4845 2029 4886 re-

428 4896 725 4972 cte'tamen
752 4899 820 4951 D.
854 4896 1091 4953 Thomas
1120 4896 1302 4972 docet_
1324 4906 1448 4972 tum
1482 4896 1556 4953 ex
1583 4896 1876 4972 Scriptura:
1911 4901 2029 4958 suf-

427 4966 625 5040 fragio,
671 4974 790 5046 tum
834 4982 897 5046 ex
939 4968 1221 5046 communi
1269 4967 1515 5026 doctrina
1560 4966 1873 5046 sanctorum
1933 4977 2031 5046 (Pa-

427 5039 597 5104 trum,
652 5045 706 5095 et
762 5039 930 5093 totius
1000 5039 1253 5110 Ecclesia:
1304 5056 1499 5110 sensu,
1554 5044 1686 5100 satis
1737 5042 2030 5105 efﬁcaciter

424 5111 637 5187 ostendi
683 5109 906 5181 angelos
936 5115 990 5164 et
1039 5107 1319 5187 daemones
1359 5107 1494 5168 esse
1530 5114 1688 5187 plane
1733 5115 2025 5187 spiritales,

421 5193 477 5239 et
502 5178 887 5255 incorporeos,
932 5194 1035 5235 nec
1050 5178 1260 5255 habere
1300 5178 1548 5255 corpora'
1566 5185 1671 5240 sibi
1713 5178 2028 5244 naturaliter

421 5254 591 5328 unita,
633 5250 744 5309 sive
777 5266 969 5328 aerea,
1016 5250 1130 5328 sive
1157 5251 1259 5328 alia
1284 5250 1647 5328 quaecumque
1696 5273 1711 5309 :
1746 5265 1807 5311 ut
1834 5272 2024 5328 quam-

420 5324 497 5380 vis
524 5324 579 5379 id
605 5338 716 5379 non
746 5321 815 5377 sit
856 5321 962 5378 ﬁde
998 5323 1263 5379 catholica
1299 5321 1617 5393 deﬁnitum,
1650 5321 2026 5387 tamen'erro-

416 5411 585 5453 neum
650 5393 893 5449 videatur
943 5408 1007 5451 ac
1051 5394 1403 5452 temerarium
1444 5395 1598 5451 aliter
1641 5396 1856 5453 sentire.
1910 5402 2023 5457 Pri-

416 5483 572 5523 mum
601 5464 729 5539 quia
758 5480 962 5521 nomen
995 5466 1220 5539 spiritus
1250 5466 1304 5521 in
1341 5465 1633 5539 Scripturis
1668 5468 1867 5539 passim
1891 5473 2022 5528 acci-

416 5540 565 5611 pitur
610 5536 708 5608 pro
737 5536 1045 5611 substantia
1082 5537 1424 5611 incorporea,
1460 5536 1525 5593 ’et
1560 5536 1931 5611 immateriali,
1962 5552 2022 5600 ut

411 5609 572 5664 Joan.
604 5623 669 5664 ιν
701 5627 713 5662 ;
738 5610 972 5677 Spiritus
1002 5612 1080 5663 est
1102 5613 1260 5673 Deus,
1286 5609 1459 5666 Marc.
1494 5622 1592 5677 ur,
1622 5617 1674 5664 et
1703 5612 1887 5668 Actor.
1921 5609 2017 5672 'm

409 5688 464 5735 et
491 5693 676 5743 xxm,
709 5679 877 5732 Hebr.
921 5694 965 5733 ι.
1012 5677 1222 5751 Deinde
1252 5680 1373 5751 quia
1418 5678 1476 5734 in
1510 5681 1733 5738 concilio
1795 5686 2019 5743 Latera-

407 5750 562 5807 ncnsi
591 5750 737 5819 (Cap.
764 5750 1037 5819 Firmiter)
1068 5747 1441 5805 dicitur'Deus
1472 5752 1779 5811 condidisse
1804 5765 2016 5815 utram-

406 5838 514 5895 que
543 5821 610 5877 de
653 5819 823 5875 nihilo
861 5828 1189 5889 creaturam,
1220 5820 1517 5891 spiritalem
1549 5832 1605 5881 et
1650 5829 2009 5901 corporalem,

2155 2004 2274 2062 cap.
2308 1996 2341 2045 2
2384 1999 2439 2046 et
2487 1991 2557 2048 de
2600 1988 3163 2062 DivinisiNominibius
3186 1996 3421 2062 μείρει,
3445 1990 3755 2061 Gregorius

2156 2060 2487 2119 Nazianzen.
2544 2070 2684 2118 orat.
2718 2067 2752 2117 2
2801 2061 2870 2119 de
2929 2060 3756 2133 Theologia,'__(_3hrysostomus

2154 2132 2351 2189 homil.
2386 2138 2458 2189 22
2500 2134 2557 2188 in
2593 2134 2831 2200 Genes.,
2879 2131 3251 2203 Damascenus
3285 2131 3382 2187 lib.
3426 2147 3477 2203 ιι
3518 2146 3638 2203 cap.
3680 2139 3746 2201 3;

2156 2219 2185 2261 e
2219 2203 2429 2260 Latinis
2457 2221 2599 2260 unus
2640 2205 2755 2260 vice
2784 2203 3035 2260 omnium
3062 2202 3296 2259 sufﬁciat
3343 2205 3423 2258 D.
3447 2202 3757 2267 Gregorius

2154 2275 2246 2331 lib.
2280 2289 2343 2330 vr
2370 2275 2565 2331 Moral.
2596 2292 2714 2347 cap.
2747 2281 2783 2331 9
2815 2293 2830 2329 :
2859 2280 3035 2343 Duas,
3061 2275 3256 2345 inquit,
3313 2275 3390 2328 ad
3440 2275 3757 2347 intelligen-

2153 2347 2283 2401 dum
2327 2363 2382 2401 se
2410 2345 2688 2402 creaturas
2734 2349 2863 2414 fecit
2901 2350 3058 2409 Deus,
3089 2347 3387 2415 angelicam
3420 2345 3661 2400 videlicet
3700 2352 3756 2402 et

2152 2418 2467 2483 humanam;
2514 2418 2607 2473 sed
2656 2435 2765 2472 una
2803 2423 3010 2487 tegmen
3043 2420 3218 2473 carnis
3248 2418 3458 2478 habuit,
3488 2416 3597 2470 alia
3622 2432 3752 2472 vero

2149 2490 2289 2542 nihil
2333 2491 2607 2557 inﬁrmum
2642 2489 2708 2543 de
2757 2505 2916 2543 came
2964 2491 3210 2558 gestavit.
3245 2488 3486 2559 Angelus
3520 2503 3756 2557 namque

2147 2561 2473 2614 solummodo
2509 2562 2734 2630 spiritus
2762 2565 2859 2624 est,
2885 2560 3045 2615 homo
3066 2576 3186 2615 vero
3205 2564 3256 2614 et
3274 2561 3507 2629 spiritus
3526 2564 3577 2613 et
3601 2573 3751 2614 caro.

2153 2632 2237 2686 Ita
2252 2631 2551 2704 Gregorius
2573 2636 2593 2699 (
2620 2632 2759 2704 Vide
2777 2632 3019 2704 eumdem
3036 2632 3129 2686 lib.
3144 2646 3207 2704 Iv
3227 2631 3382 2686 Dial.
3413 2645 3464 2704 c,
3475 2701 3483 2704 Α
3504 2636 3589 2704 δικ
3619 2633 3756 2686 Ca:-

2151 2710 2333 2758 terum
2368 2698 2483 2757 ῖιοιι
2528 2698 2611 2757 est
2639 2702 2992 2774 improbabile
3037 2702 3189 2773 quod
3227 2700 3485 2774 _nonnulli
3535 2698 3751 2771 dicunt,

2150 2774 2498 2846 veteresillos
2533 2774 2625 2844 qui
2663 2771 2735 2829 de
2776 2771 3096 2846 angelorum
3125 2789 3188 2828 ac
3210 2771 3530 2846 daemonum
3551 2787 3753 2846 corpo-

2149 2843 2301 2916 ribus
2327 2845 2482 2898 aliter
2516 2842 2819 2916 senserunt,
2848 2842 2901 2899 ét
2926 2858 3249 2916 corpoream
3278 2842 3356 2916 eis
3387 2842 3753 2916 substantiam

2149 2913 2475 2982 tribuerunt,
2503 2915 2727 2970 nomine
2754 2914 2999 2985 corporis
3024 2913 3152 2970 'non
3180 2913 3505 2985 intellexisse
3552 2929 3753 2985 parum

2146 3000 2364 3058 corpus,
2414 2987 2714 3058 quantitate
2775 2983 3050 3052 videlicet,
3090 3001 3155 3041 ac
3218 2984 3364 3058 mole
3429 2983 3748 3058 praeditum.

2146 3055 2495 3129 sedomnem
2524 3057 2885 3113 substantiam
2909 3071 3129 3129 quoquo
3156 3056 3325 3129 modo
3348 3055 3746 3129 compositam;

2144 3126 2216 3183 ita
2245 3135 2305 3183 ut
2350 3127 2405 3184 id
2433 3128 2515 3200 rsit
2557 3143 2883 3200 corporeum
2925 3126 3083 3200 quod
3121 3128 3301 3200 aliqua
3349 3126 3752 3200 compositione

2143 3207 2382 3267 constat,
2427 3198 2811 3271 incorporeum
2850 3198 2999 3270 quOd
3026 3199 3178 3254 omni
3214 3198 3609 3271 compositione
3646 3214 3753 3255 ca-

2147 3277 2232 3325 ret
2264 3289 2275 3325 :
2302 3286 2410 3341 qua
2439 3268 2652 3326 ratione
2693 3268 3039 3341 solus'Deus
3060 3286 3190 3341 vere
3233 3268 3449 3325 dicatur
3494 3269 3751 3341 incorpo-

2069 3324 2112 3386 c
2150 3324 2296 3413 ηας,
2317 3324 2410 3397 me
2439 3324 2601 3413 prius
2632 3324 2963 3413 parabat
2984 3324 3152 3413 arras
3170 3324 3450 3413 smus;
3482 3324 3625 3413 sicut
3654 3324 3751 3396 ai-

2148 3411 2291 3468 citur
2331 3411 2479 3468 solus
2527 3411 2857 3468 immortalis
2907 3421 2961 3467 et
2988 3411 3283 3479 invisibilis,
3325 3426 3452 3467 cum
3490 3411 3561 3466 sit
3588 3421 3750 3471 actus

2149 3483 2465 3556 purissimus
2505 3492 2557 3539 et
2598 3483 3035 3556 simplicissimus
3065 3482 3139 3556 ab
3170 3482 3321 3538 omni
3349 3482 3752 3556 compositione

2146 3552 2284 3610 Sicut
2307 3563 2360 3609 et
2386 3555 2690 3611 mutatione
2708 3552 2921 3610 alienus
2942 3554 3105 3620 (Vide
3137 3556 3357 3610 Sixtum
3376 3552 3560 3610 Senen.
3582 3552 3685 3608 lib.
3704 3568 3749 3609 γ

2096 3684 2100 3687 ,
2147 3626 2427 3688 Biblioth.,
2458 3631 2642 3680 tranet.
2667 3632 2700 3681 8
2725 3631 2775 3680 et
2805 3631 2926 3687 H2,
2957 3630 3009 3681 et
3035 3624 3133 3679 lib.
3156 3640 3243 3690 vr,
3274 3630 3459 3680 armet.
3481 3628 3592 3691 3t).
3621 3630 3753 3680 An-

2148 3695 2252 3767 geli
2304 3710 2432 3767 vero
2477 3697 2546 3752 ad
2600 3699 2772 3752 Deum
2824 3696 3031 3765 collati,
3080 3698 3270 3767 crassi,
3332 3696 3645 3767 materiales
3691 3703 3753 3752 et

2148 3766 2411 3839 corporei;
2440 3767 2636 3839 merito
2688 3767 2797 3823 dici
2841 3775 3101 3839 possunt,
3157 3783 3268 3823 non
3317 3766 3531 3839 quidem
3584 3767 3754 3836 quod

2147 3835 2509 3910 substantiam
2539 3837 2773 3894 habeant
2799 3835 3141 3910 corpoream,
3174 3855 3235 3895 ex
3261 3835 3364 3910 qua
3386 3835 3752 3910 coalescant;

2147 3908 2241 3982 sed
2271 3908 2397 3980 quia
2425 3925 2456 3964 a
2488 3911 2585 3982 Dei
2612 3906 2959 3981 simplicitate
2994 3918 3064 3982 et
3112 3906 3338 3982 puritate
3379 3922 3555 3978 usque
3598 3906 3754 3982 adeo

2147 3978 2393 4053 distant,
2425 3989 2485 4036 ut
2534 3981 2654 4053 ejus
2707 3978 3133 4051 comparatione“
3170 3979 3323 4053 quasi
3364 3978 3645 4053 corporei,
3686 3988 3752 4036 et

2147 4051 2459 4135 materiales
2502 4049 2808 4135 videantur
2957 4055 3137 4107 Thom.
3157 4049 3315 4135 “1—9:,
3345 4068 3397 4135 ρ.
3441 4057 3536 4135 3).-
3550 4049 3749 4135 Minus

2146 4123 2294 4193 enim
2331 4131 2412 4178 est
2439 4124 2583 4180 inter
2617 4139 2731 4188 eos,
2763 4131 2814 4180 et
2849 4121 3024 4179 Deum
3052 4121 3411 4193 perfectionis
3447 4130 3664 4177 natura
3690 4129 3748 4176 et

2145 4192 2426 4266 dignitatis,
2452 4194 2821 4261 interstitium,
2851 4210 3012 4266 quam
3042 4192 3186 4250 inter
3210 4202 3429 4266 terram
3454 4200 3514 4266 _et
3542 4207 3748 4266 supre-

2142 4262 2607 4337 mumicoelestem
2661 4262 2930 4337 spiritum.
2957 4267 3094 4321 Haec
3131 4265 3281 4321 enim
3323 4263 3469 4337 ﬁniti
3504 4262 3573 4337 ad
3616 4262 3745 4337 ﬁni-

2140 4341 2285 4404 tum,
2316 4335 2422 4391 illic
2472 4351 2601 4392 vero
2642 4334 2775 4391 ﬁniti
2815 4337 2883 4394 ad
2913 4337 3192 4393 inﬁnitum
3236 4343 3319 4392 est
3364 4334 3615 4392 collatio.
3661 4336 3744 4391 Ita

2141 4404 2340 4480 docent
2370 4409 2577 4462 Patres.
2612 4407 2913 4480 Gregorius
2942 4409 3034 4464 lib.
3079 4406 3321 4464 secundo
3379 4405 3575 4462 Moral.
3617 4420 3740 4477 cap.

2142 4477 2301 4551 tertio
2348 4497 2361 4532 :
2392 4480 2612 4547 Eorum,
2644 4477 2825 4551 inquit
2852 4480 3211 4551 (angelorum)
3256 4480 3744 4551 scientiaicompa-

2139 4550 2345 4603 ratione
2383 4554 2580 4605 nostra
2607 4550 2844 4606 scieutia:
2872 4550 3051 4606 valide
3094 4551 3370 4617 dilatata;
3422 4550 3515 4604 sed
3563 4554 3745 4604 tamen

2140 4624 2528 4690 comparatione
2573 4622 2772 4676 divr'me
2812 4625 3042 4678 scientiae
3073 4626 3312 4691 angusta
3343 4640 3359 4675 :
3389 4623 3530 4676 sicut
3555 4626 3607 4675 et
3633 4622 3749 4690 ipsi

2140 4692 2355 4747 illorum
2378 4695 2605 4763 spiritus
2633 4697 3027 4765 comparatione
3064 4695 3279 4764 quidem
3325 4707 3608 4762 corporum
3638 4706 3745 4747 n6-

2139 4767 2376 4844 strorum
2405 4767 2778 4844 spiritussuut
2811 4766 2904 4820 sed
2929 4767 3326 4844 comparatione
3344 4765 3547 4818 summi
3570 4767 3623 4817 et
3656 4765 3740 4844 in:

2137 4832 2528 4907 circumscripti
2566 4838 2807 4907 spiritus,
2829 4842 2957 4891 sunt
2985 4832 3195 4907 corpus.
3227 4840 3600 4891 Damascenus
3645 4832 3739 4907 ubi

2137 4919 2298 4980 supra
2330 4926 2343 4961 :
2373 4904 2633 4978 Aﬁgelus,
2684 4908 2878 4980 inquit,
2907 4904 3242 4979 incorporeus
3271 4912 3324 4980 et
3359 4904 3744 4980 immateriglis

2138 4976 2339 5034 dicitur
2363 4976 2620 5050 quantum
2646 4980 2721 5034 ad
2757 4976 2871 5035 hos.
2909 4976 3230 5039 Nam—omne
3252 4978 3325 5033 ad
3363 4982 3535 5035 Deum
3571 4976 3745 5050 coliq-

2140 5052 2253 5104 tum
2282 5048 2403 5120 (qui
2427 5052 2568 5106 solus
2600 5052 2944 5123 incorporalis
2964 5050 3073 5124 est)
3106 5065 3346 5124 crassum
3370 5048 3747 5124 etrmateriale

2135 5124 2491 5192 compcritur;
2506 5124 2617 5177 sola
2636 5126 2779 5178 enim
2806 5138 2923 5177 vere
2945 5122 3321 5178 immaterialis
3339 5126 3396 5192 et,
3420 5123 3745 5192 incorporea

2133 5189 2423 5265 Diuinitas.
2460 5194 2702 5265 Denique
2742 5193 3049 5250 Bernardus
3085 5208 3250 5251 serm.
3299 5197 3333 5248 6
3384 5191 3439 5246 iu
3474 5189 3741 5265 Cantica:

2134 5265 2346 5337 Demus,
2376 5264 2571 5337 inquit,
2598 5263 2773 5321 securi
2794 5267 2897 5322 soli
2918 5270 3044 5334 Deo,
3073 5270 3221 5337 sicut,
3242 5263 3741 5337 immortalitatem,

2131 5334 2209 5387 ita
2229 5338 2280 5406 et
2302 5333 2782 5406 incorjmreitatem,
2805 5346 2908 5393 etc.
2940 5333 3108 5393 Porro
3131 5335 3319 5393 eadem
3341 5333 3559 5406 ratione
3586 5333 3746 5406 quod

2130 5403 2274 5474 apud
2312 5403 2629 5464 Cassianum
2673 5418 2726 5466 et
2763 5403 2897 5465 alios
2941 5411 3125 5466 Patres
3167 5406 3396 5464 subinde
3435 5403 3634 5476 legitur
3672 5404 3747 5463 de

2129 5476 2309 5530 anima
2338 5476 2574 5553 hominis
2599 5497 2887 5553 corporea,
2933 5480 3183 5536 nonnulli
3226 5477 3472 5553 in_hun_c
3504 5491 3742 5553 sensum

2128 5547 2421 5605 commode
2448 5547 2897 5624 interpretantur,
2923 5561 2985 5608 ut
3008 5554 3189 5608 anima
3215 5548 3499 5624 rationalis
3522 5548 3744 5624 dicatur

2127 5632 2409 5696 corporea,
2452 5619 2711 5679 nimirum
2748 5624 3160 5696 comparatione
3196 5619 3503 5696 Dei,_sicut
3538 5620 3736 5693 angeli,

2127 5690 2255 5762 quia
2279 5706 2391 5747 non
2410 5702 2570 5767 _caret
2616 5696 2765 5751 omni
2804 5690 3231 5767 coinpositione,
3271 5690 3468 5767 saltem
3498 5707 3569 5747 ex
3607 5690 3737 5767 actu

2126 5771 2181 5837 et
2218 5763 2479 5837 potentia,
2517 5780 2590 5821 ex
2616 5781 2733 5824 esse
2771 5776 2826 5822 et
2853 5762 3104 5837 essentia,
3152 5763 3458 5823 substantia
3488 5772 3545 5820 et
3583 5762 3738 5820 acci-

2123 5831 2399 5903 dentibus,
2447 5844 2550 5893 etc.
