4048 6208
280 268 367 323 685

684 265 1020 323 COLLATIO
1058 266 1176 322 VII.
1215 297 1290 308 -
1325 268 1413 322 DE
1451 267 1687 323 ΑΝΙΜίΕ
1725 265 2144 325 MOBILITATE
2184 270 2269 326 ET
2307 270 2776 329 SPIRITALIBUS
2814 272 3173 340 NEQUITIIS.

3486 280 3588 334 686

292 398 337 447 et
360 394 560 446 iterum
593 407 608 445 :
632 392 657 421 ⁸
688 392 1004 445 Seminatur
1023 407 1212 460 corpus
1228 393 1454 454 animal,
1477 396 1725 463 exsurgit
1762 371 1878 448 οὖν·
1905 397 1960 460 Α
1988 397 2153 451 oculis
2176 395 2292 467 ejus
2311 395 2500 468 (Hebr.
2530 411 2598 454 ιν
2616 403 2654 466 ).
2686 400 2757 455 Et
2775 401 2841 455 B.
2870 399 3044 457 David
3063 400 3248 473 inquit
3271 421 3283 456 :
3309 403 3417 469 Qui
3431 404 3591 473 ﬁngit

286 500 377 556 pus
404 484 654 555 spiritale
676 487 722 551 (ι
758 484 874 541 Cor.
895 484 1034 556 xv).
1063 485 1272 553 Quibus
1296 485 1580 542 manifeste
1606 486 1885 560 colligitur

292 577 415 635 nihil
444 592 565 634 esse
592 578 1004 649 incorporeum,
1029 579 1131 636 nisi
1165 580 1344 637 solum
1373 584 1572 649 Deum,
1595 590 1653 637 et
1680 580 1884 639 ideirco

284 673 362 745 psi
390 671 784 729 tantummodo
838 687 998 746 posse
1033 673 1398 747 penetrabiles
1441 690 1637 731 omnes
1672 676 1888 747 spirita-

282 765 350 823 les
399 775 567 838 atque
616 754 1010 824 intellectuales
1062 776 1182 825 eSse
1223 768 1571 836 substantias,
1619 783 1684 825 eo
1739 770 1889 842 quod

275 861 418 916 solus
448 868 604 916 totus
629 869 685 916 et
703 859 910 931 ubique
934 868 990 917 et
1025 861 1083 917 in
1130 862 1386 919 omnibus
1413 861 1505 929 sit,
1550 863 1576 899 ι’
1627 863 1703 918 ita
1732 872 1791 919 ut
1833 872 1889 919 et

280 954 633 1026 cogitationes
687 954 981 1011 hominum
1049 965 1106 1012 et
1167 956 1412 1012 internos
1477 964 1663 1014 motus
1720 966 1882 1030 atque

275 1048 458 1105 abdita
484 1048 686 1105 mentis
716 1050 972 1107 universa
1002 1051 1249 1123 inspiciat
1275 1061 1435 1125 atque
1464 1052 1766 1124 perlustrat.
1797 1055 1882 1109 De

279 1142 391 1214 ipso
442 1142 725 1216 siquidem
768 1144 888 1200 solo
930 1145 1306 1218 pronuntiavit
1351 1145 1540 1204 beatus
1587 1148 1882 1221 Apostolus

278 1234 512 1293 dicens:
572 1239 595 1270 ο
656 1240 824 1295 Vnus
875 1243 953 1293 est
1004 1243 1143 1294 enim
1190 1256 1361 1296 sermo
1414 1242 1515 1296 Dei
1560 1243 1779 1310 efﬁcax,
1833 1246 1885 1297 et

283 1333 492 1385 acutior
504 1346 668 1401 super
690 1346 896 1387 omnem
919 1333 1163 1400 gladium
1183 1336 1486 1403 ancipitem,
1507 1339 1560 1388 et
1567 1337 1882 1404 pertingens

271 1439 436 1497 usque
461 1424 538 1479 ad
563 1425 881 1478 divisionem
929 1427 1125 1480 anima
1178 1431 1231 1481 et
1275 1428 1517 1496 spiritus,
1562 1441 1876 1496 compagum

271 1531 474 1585 quoque
508 1531 576 1570 ac
601 1516 985 1585 medullarum,
1017 1534 1079 1573 ac
1107 1518 1364 1573 discretor
1402 1520 1781 1588 cogitationum
1824 1527 1876 1577 et

269 1612 615 1665 intentionum
640 1612 836 1675 cordis,
863 1617 915 1667 et
941 1628 1047 1668 non
1074 1618 1151 1669 est
1180 1619 1436 1670 creatura
1483 1617 1775 1671 invisibilis
1816 1620 1873 1673 in

269 1708 535 1775 conspectu
577 1704 713 1774 ejus,
757 1708 937 1762 omnia
981 1712 1160 1763 autem
1196 1710 1345 1763 nuda
1397 1714 1448 1764 et
1505 1714 1694 1779 aperta
1744 1717 1872 1766 sum

1991 492 2278 560 sigillatim
2296 492 2456 547 corda
2496 509 2673 548 eorum
2718 495 2894 562 (Psal.
2945 509 3126 552 XXXII
3150 496 3189 565 ).
3230 497 3301 553 Et
3345 496 3585 553 iterum:

1989 589 2107 656 Ipse
2132 589 2274 641 enim
2300 591 2448 643 norit
2483 589 2685 644 occulta
2724 591 2900 645 cordis
2931 590 3107 661 (Psal.
3159 595 3420 659 χχχιιι).
3481 591 3588 648 Job

1989 695 2210 753 quoque
2244 700 2258 737 :
2293 684 2400 751 Qui
2422 684 2566 739 solus
2601 685 2750 739 nosti
2776 684 2939 739 corda
2959 686 3194 753 ﬁliorum
3223 685 3515 742 hominum.

2567 785 2807 841 CAPUT
2845 787 3001 842 XIV.

2063 881 2294 952 Objectio
2320 896 2427 951 qua
2476 884 2736 938 daemones
2759 884 2904 937 credi
2948 884 3138 951 debent
3183 885 3518 952 cogitationes

2470 955 2744 1008 hominum
2764 956 3068 1024 pervidere.

2059 1055 2377 1110 Germanus
2401 1074 2412 1110 :
2445 1055 2566 1109 Hac
2592 1052 2802 1109 ratione
2828 1070 2934 1125 qua
2957 1055 3095 1111 dicis
3122 1071 3191 1110 ne
3231 1054 3589 1127 cogitationes

1987 1147 2208 1218 quidem
2234 1155 2450 1203 nostras
2492 1148 2692 1203 intueri
2736 1148 2825 1203 isti
2865 1149 3082 1220 spiritus
3127 1156 3376 1220 possunt.
3422 1147 3585 1218 Quod

1985 1239 2290 1296 existimare
2336 1239 2492 1297 valde
2535 1249 2791 1313 putamus
2828 1240 3148 1309 absurdum,
3201 1239 3411 1294 dicente
3446 1239 3588 1294 Scri-

1985 1342 2164 1405 ptura,
2197 1335 2224 1370 ει
2249 1336 2314 1391 Si
2324 1336 2555 1406 spiritus
2570 1338 2891 1406 potestatem
2919 1334 3159 1389 habent-is
3176 1332 3480 1387 ascenderit
3492 1347 3589 1385 su-

1976 1442 2079 1497 per
2101 1432 2150 1483 te
2175 1428 2410 1496 (Eccles.
2432 1443 2470 1483 x
2491 1432 2530 1496 ).
2565 1430 2636 1483 Et
2660 1428 2878 1496 iterum,
2909 1436 2932 1463 ε
2956 1429 3084 1485 Cum
3124 1426 3368 1481 diabolus
3400 1426 3587 1479 misis-

1980 1527 2059 1578 set
2086 1506 2167 1576 “in
2208 1536 2295 1576 cor
2336 1522 2568 1576 Simonis
2610 1524 2887 1577 Iscariotis
2925 1526 2988 1575 ut
3023 1520 3255 1576 traderet
3298 1522 3582 1576 Dominum

1984 1619 2169 1682 (Joan.
2201 1614 2364 1685 xm).
2395 1613 2689 1682 Quomodo
2720 1629 2848 1686 ergo
2872 1612 3021 1670 credi
3044 1620 3219 1685 potest
3254 1629 3363 1668 non
3398 1621 3582 1684 patere

1981 1707 2062 1763 eis
2085 1705 2455 1779 ροείιιιιίοιιρε·
2466 1714 2705 1776 nostras,
2743 1722 2977 1779 quarum
3002 1707 3020 1742 τ
3051 1707 3408 1764 seminarium
3431 1716 3457 1751 ε
3481 1722 3578 1778 pro

890 1878 895 1885 .
1358 1828 1617 1885 ALARDI
1656 1829 1883 1884 ΟΑΖΔΞΙ
1920 1824 2481 1883 COMMENTARIUS.

333 1928 632 2007 ILAnimale
656 1945 855 2002 corpus
888 1930 1089 1988 dicitur
1117 1949 1150 1988 a
1176 1932 1439 2007 sensitiva
1480 1942 1534 2007 et
1566 1935 1860 2007 vegetativa
1894 1939 1941 2001 B
1978 1948 2112 2007 quis
2150 1933 2300 2007 intus
2354 1932 2569 2007 latent_,_
2602 1930 2840 1986 internas
2861 2002 2871 2007 _
2881 1930 3155 2007 intelligit_
3171 1930 3575 2007 cogitationes;

266 2006 412 2074 parte
445 2002 666 2074 animae,
704 2017 943 2073 quarum
985 2004 1351 2074 potentiarum
1399 2002 1725 2072 actionibus,
1770 2006 1860 2062 hic

265 2071 673 2154 dum‘vi‘vimus,
693 2071 891 2154 corpus
919 2071 1160 2154 indiget;
1184 2077 1443 2154 Resurgct
1471 2082 1649 2131 autem
1671 2093 1859 2154 corpus

254 2143 546 2219 spiritale,
567 2142 623 2198 id
649 2153 740 2219 est
789 2142 1217 2219 incorruptibile.
1264 2142 1503 2216 Corpora
1528 2163 1654 2202 vero
1687 2142 1861 2219 justo-

260 2228 393 2289 rum
420 2213 713 2284 spiritualia
739 2215 963 2289 speciali
998 2213 1225 2289 ratione,
1269 2213 1462 2287 utpote
1491 2213 1723 2289 quatuor
1758 2218 1859 2274 do-

260 2283 464 2360 tibus,
491 2299 626 2357 quas
654 2283 846 2360 vocant
872 2286 1134 2360 theologi,
1161 2283 1356 2356 nempe
1405 2283 1858 2360 impassibilitate,

257 2354 583 2429 subtilitate,
622 2355 859 2429 agilitate
895 2365 950 2413 et
975 2354 1223 2414 claritate
1274 2354 1504 2429 praedita
1539 2367 1594 2415 et
1647 2368 1856 2415 ornata.

252 2426 532 2483 Caeterum
562 2426 678 2484 haee
700 2430 771 2485 ad
795 2428 1135 2511 probandam
1170 2426 1504 2511 angelorum
1529 2437 1621 2486 aut
1647 2431 1858 2487 anima-

256 2512 385 2553 rum
415 2513 734 2569 corpoream
759 2500 1116 2556 substantiam
1144 2500 1278 2555 nihil
1309 2500 1530 2557 faciunt.

333 2569 358 2602 δ
383 2569 575 2625 Solum
626 2574 806 2645 Deum
845 2571 1011 2645 corda
1067 2571 1351 2628 hominum
1394 2573 1859 2645 cogitationesque

253 2654 586 2714 cognoscere
612 2650 727 2697 tota
756 2642 1037 2714 Scriptura
1079 2650 1325 2699 testatur.
1372 2642 1578 2699 Prmter
1606 2644 1724 2699 loca
1768 2642 1861 2700 hic

246 2709 417 2767 citata
441 2710 607 2769 habes
637 2713 660 2767 Ι
690 2709 924 2785 Paralip.
950 2729 1144 2770 xxvm
1173 2734 1184 2770 :
1221 2716 1413 2771 Omnia
1454 2716 1619 2769 corda
1647 2721 1858 2770 scruta-

158 2792 169 2800 '
250 2786 350 2856 tur
378 2786 651 2848 Dominus,
676 2790 726 2840 et
743 2788 1021 2843 universus
1044 2789 1301 2841 mentium
1326 2788 1670 2856 cogitationes
1696 2788 1857 2840 intel—

251 2854 397 2921 ligit.
416 2856 473 2928 ll
501 2856 727 2928 Paralip.
758 2872 814 2928 vt
854 2878 866 2913 :
925 2861 1002 2912 Tu.
1025 2861 1162 2912 enim
1188 2860 1331 2914 solus
1361 2854 1508 2912 nosti
1531 2858 1692 2913 corda
1714 2859 1856 2927 ﬁlio-

246 2938 374 2979 rum
408 2927 700 2995 hominum,
723 2927 848 2983 Job.
883 2944 923 2984 χ
957 2933 1124 2985 :Ecce
1142 2931 1201 2983 in
1243 2930 1366 2984 οωῙο
1419 2932 1568 2983 testis
1605 2945 1773 2995 meus,
1806 2935 1857 2985 et

245 2998 491 3052 conscius
521 3014 664 3052 meus
688 3000 743 3051 in
767 3001 1003 3054 excelsis.
1034 3000 1232 3055 Psalm.
1254 3016 1342 3055 vn
1377 3020 1389 3054 :
1419 3002 1673 3057 Scrutans
1693 3002 1855 3057 corda

244 3071 305 3121 et
340 3082 485 3124 renes
514 3070 673 3130 Deus,
727 3070 882 3123 Isa.l
914 3089 926 3124 :
958 3072 1185 3136 Auferte
1227 3072 1428 3124 malum
1472 3074 1855 3139 cogitationum

243 3141 559 3192 uestrarum
579 3139 822 3192 aboculis
836 3141 980 3194 meis.
1004 3141 1205 3194 Jerem.
1229 3156 1359 3195 λγιι
1387 3161 1397 3195 :
1422 3144 1657 3195 Pratum
1679 3149 1754 3197 est
1768 3159 1857 3196 cor

241 3209 490 3262 hominis
520 3213 569 3262 et
593 3210 937 3280 inscrutabile
958 3228 973 3275 ;
995 3214 1046 3264 et
1091 3212 1213 3279 quis
1238 3215 1504 3278 cognoscet
1544 3213 1721 3266 illud?
1748 3217 1856 3280 Ego

242 3280 524 3352 Dominus
551 3279 787 3352 probans
815 3280 997 3352 corda,
1028 3284 1077 3334 et
1101 3285 1348 3335 scrutans
1374 3297 1551 3352 renes.
1576 3281 1686 3335 Ubi
1727 3279 1849 3352 pra-

240 3361 389 3428 vum
418 3346 619 3431 dicitur
639 3364 734 3404 cor
756 3348 1021 3431 hominis,
1041 3366 1155 3431 non
1169 3358 1279 3405 tam
1297 3350 1674 3431 quia‘m‘alum,
1688 3346 1867 3431 quam

240 3417 387 3491 quia
431 3418 764 3494 abstrusum,
807 3430 863 3476 et
905 3421 1266 3487 reconditum,
1310 3417 1372 3476 et
1405 3421 1625 3477 difﬁcile
1665 3417 1729 3478 ut
1759 3439 1855 3494 pe-

243 3497 521 3565 netretur.
564 3491 728 3547 Unde
764 3500 817 3547 et
846 3494 1008 3549 LXX
1056 3494 1258 3565 lnterp.
1293 3502 1588 3561 verterunt,
1617 3491 1856 3564 profun-

240 3561 385 3616 dum
407 3577 571 3632 super
594 3566 792 3618 omnia.
822 3565 987 3619 Rom.
1011 3579 1124 3620 γιιι
1162 3580 1176 3618 :
1204 3561 1340 3631 Ὀιιί
1375 3561 1650 3620 scrutatur
1694 3561 1855 3622 Corda

240 3633 354 3688 scit
376 3634 510 3707 quid
532 3635 802 3707 desiderat
817 3638 1044 3706 spiritus
1065 3656 1083 3702 ,-
1105 3643 1158 3691 et
1178 3635 1307 3707 alibi
1333 3637 1552 3707 passim.

326 3710 351 3775 °_
373 3704 606 3760 Possunt
630 3705 747 3763 haec
773 3704 887 3763 tam
916 3707 984 3763 de
1014 3708 1194 3764 Verbo
1222 3705 1311 3763 Dei
1333 3704 1611 3774 'increato,
1642 3707 1695 3765 id
1736 3718 1841 3775 est,

242 3773 355 3829 Dei
385 3775 538 3852 Filio,
570 3793 734 3852 quam
767 3778 834 3834 de
882 3779 1564 3852 Verborcreatogintelligi.
1622 3773 1845 3852 Proprie

240 3847 731 3919 tamenﬂhoc'loco
762 3865 942 3905 sermo
991 3851 1092 3904 Dei
1138 3866 1236 3919 pro
1274 3850 1455 3906 Verbo
1498 3847 1761 3915 i’ncreato',
1790 3859 1845 3906 et

244 3915 345 3971 Dei
374 3917 507 3971 Filio
554 3920 810 3982 sumitur,
841 3928 903 3975 ut
928 3920 1019 3973 hic
1043 3915 1211 3973 abbas
1260 3921 1493 3973 Serenus
1513 3929 1565 3975 et
1606 3921 1696 3974 alii
1744 3925 1847 3975 Pa-

239 3995 364 4059 tres
389 3997 682 4059 exponunt.
711 3993 807 4042 Est
834 3988 980 4041 enim
1005 3987 1112 4041 hoc
1156 3988 1419 4059 Verbum,
1445 3990 1510 4043 de
1538 4004 1648 4059 quo
1670 3990 1849 4059 Joan-

236 4058 333 4112 nis
363 4074 384 4112 ι
409 4057 608 4111 dieitur
633 4076 644 4110 :
672 4059 1014 4125 Inprincipio
1039 4060 1150 4109 erat
1169 4057 1420 4109 Verbum.
1447 4060 1509 4110 Et
1533 4057 1751 4126 I‘Epist.
1779 4074 1809 4109 v
1835 4076 1849 4111 :

238 4131 439 4192 Pater,
466 4127 718 4188 Verbum,
750 4130 799 4180 et
815 4128 1054 4195 Spiritus
1084 4129 1320 4179 sanctus.
1360 4128 1427 4180 Et
1470 4127 1699 4197 Apocal.
1737 4132 1803 4182 19
1833 4148 1849 4183 :

236 4200 457 4269 Nomen
484 4197 596 4265 ejus
642 4197 1026 4269 VerbumDei,
1076 4197 1274 4269 quibus
1301 4196 1430 4252 locis
1478 4196 1667 4253 Graece
1720 4197 1851 4269 legi-

125 4315 133 4321 .
193 4282 201 4288 '
233 4277 362 4333 tur,
394 4264 567 4339 λόγὸςἶ
595 4266 752 4337 Quod
786 4264 1156 4339 indifferenter
1181 4268 1499 4339 interpretes
1519 4269 1684 4324 modo
1736 4264 1852 4324 ver-

233 4340 404 4407 bum,
436 4337 604 4392 modo
630 4354 939 4394 sermonem
964 4337 1499 4396 transferunthnde
1521 4340 1850 4397 Ambrosius
1880 4354 1885 4359 '

233 4409 343 4466 lib.
378 4424 441 4465 IV
465 4408 533 4464 de
561 4408 689 4464 Fide
707 4425 823 4480 cap.
858 4417 889 4467 3
916 4410 1042 4480 legit
1069 4431 1081 4466 :
1132 4412 1321 4466 Vivum
1336 4415 1477 4466 cnim
1507 4417 1585 4468 est
1618 4413 1848 4468 Verbum

241 4482 363 4554 Dei,
390 4487 501 4554 etc.
532 4481 748 4554 Habent
764 4491 946 4537 autem
976 4481 1064 4536 hic
1096 4481 1307 4554 singula
1337 4484 1499 4539 verba
1542 4500 1697 4540 suam
1720 4500 1844 4543 em-

235 4551 463 4625 phasim
483 4560 543 4625 et
561 4551 851 4625 energiam.
884 4555 1049 4610 Vivus
1079 4551 1219 4608 enim
1244 4559 1295 4625 et
1322 4558 1519 4624 efﬁcax
1544 4559 1643 4611 Dei
1653 4572 1842 4619 sermo,

363 4622 615 4679 Verbum
643 4622 845 4698 dicitur
863 4634 1090 4698 prOpter
1117 4622 1480 4698 viviﬁcantem
1502 4625 1615 4696 ejus
1645 4642 1846 4698 opera—

1968 2001 2114 2075 q‘uod
2160 2003 2394 2074 explicat
2421 2001 2601 2056 verbis
2627 2002 2978 2075 sequentibus
3006 2001 3077 2075 Et
3117 2001 3379 2057 discretor
3425 2006 3574 2075 cogi-

1970 2073 2261 2138 tationum,
2293 2079 2346 2128 et
2372 2075 2731 2128 intentionum
2779 2074 2977 2136 cordis,
3013 2073 3067 2128 id
3103 2082 3203 2141 est,
3238 2088 3350 2127 non
3392 2073 3573 2129 solum

1968 2146 2113 2218 quid,
2157 2145 2387 2218 quisque
2432 2143 2634 2218 cogitet
2677 2144 2732 2197 in
2784 2144 2949 2218 corde
2977 2158 3114 2218 suo,
3167 2159 3357 2218 verum
3408 2146 3569 2218 etiam

1966 2214 2075 2343 qtae
2102 2214 2401 2272 intentione
2440 2214 2647 2285 acgitet
2676 2229 2740 2269 ac
2758 2214 2906 2283 velit,
2945 2215 3290 2270 exactissime
3313 2215 3466 2271 novit
3506 2232 3570 2271 ac

1966 2288 2019 2343 iu
2062 2288 2186 2343 icat.

1966 2288 2186 2344 iudicat.

2062 2305 2075 2341 1
2145 2305 2186 2341 ῐ.

1955 2305 2067 2391 ’1υῇ
2081 2305 2165 2414 c3.
2216 2357 2583 2430 Hieronymus
2611 2358 2666 2415 in
2693 2356 2839 2413 hunc
2867 2357 3046 2413 locum
3079 2359 3446 2430 :Principem,
3480 2356 3567 2413 iu-

1968 2430 2102 2501 quit,
2138 2431 2334 2484 mundi
2373 2429 2558 2500 hujus,
2597 2435 2646 2485 et
2685 2433 2939 2484 rectorem
2964 2429 3320 2501 tenebrarum
3350 2429 3562 2491 harum,

1967 2499 2120 2571 cujus
2154 2507 2203 2557 et
2258 2499 2546 2571 Apostolus
2582 2503 2827 2555 meminit
2851 2499 3065 2569 (Ephes.
3094 2504 3210 2566 γι),
3239 2516 3380 2554 nunc
3418 2502 3567 2556 Scri-

1960 2578 2129 2642 ptura
2150 2575 2440 2641 signiﬁcat.
2469 2573 2620 2640 Quod
2648 2574 2697 2626 si
2721 2574 2782 2624 in
2806 2586 2892 2625 cor
2913 2575 3156 2625 nostrum
3177 2571 3492 2632 ascenderit,
3515 2575 3565 2626 et

1968 2646 2186 2697 animus
2209 2645 2364 2696 malta
2393 2644 2737 2712 cogitationis
2762 2643 2956 2694 vulnus
2976 2643 3251 2710 acceperit,
3272 2656 3377 2694 non
3405 2642 3563 2695 debe-

1967 2730 2088 2768 mus
2106 2716 2251 2767 ultro
2283 2714 2451 2767 locum
2472 2714 2731 2771 tribuere,
2758 2713 2850 2765 sed
2877 2727 3128 2780 pugnare
3156 2715 3340 2763 contra
3369 2714 3567 2777 cogita-

1969 2787 2163 2839 tionem
2184 2786 2491 2853 pessimam,
2520 2790 2571 2837 et
2600 2782 2874 2853 liberaria
2894 2782 3370 2853 peccatomawimo,
3383 2795 3448 2834 ne
3462 2783 3564 2833 sci-

1967 2857 2089 2910 licet
2107 2851 2475 2923 cogitationem
2500 2868 2655 2924 opere
2672 2852 3053 2924 cmplettmus;
3076 2854 3206 2920 quia
3216 2851 3383 2924 aliud
3391 2854 3465 2924 est
3484 2866 3567 2905 co-

1965 2919 2243 2995 gitatione,
2270 2926 2424 2979 aliud
2448 2919 2600 2995 opere
2616 2919 2852 2994 peccare.
2887 2922 3057 2978 Paulo
3080 2919 3202 2992 post
3225 2919 3565 2995 supbdithanc

1964 2993 2276 3069 Symmachi
2307 2993 2811 3069 interpretationem
2838 3012 2850 3049 :
2868 2995 2932 3069 Si
2948 2994 3176 3069 spiritus
3200 2993 3468 3069 principis
3487 2995 3564 3045 ir-
3598 3054 3605 3061 η

1961 3063 2133 3123 ruerit
2159 3069 2278 3131 tibi,
2301 3067 2368 3122 de
2393 3063 2500 3122 loco
2526 3072 2616 3121 tuo
2640 3081 2705 3120 ne
2732 3066 2967 3134 recedas,
2996 3066 3126 3134 quia
3146 3063 3412 3133 pudicitia
3427 3078 3565 3117 com-

1960 3142 2155 3209 primit
2186 3143 2405 3208 peccata
2440 3140 2645 3193 multa:
2671 3138 2731 3191 id
2766 3141 2863 3209 est,
2902 3139 2954 3191 si
2992 3137 3561 3209 titillaven’tgmentem

1967 3207 2113 3265 tuam
2157 3207 2431 3271 diabolus,
2460 3214 2510 3264 et
2539 3214 2588 3264 te
2608 3209 2681 3262 ad
2710 3208 2989 3262 libidinem
3007 3207 3367 3273 concitaverit,
3394 3222 3459 3261 ne
3480 3221 3559 3261 se-

1966 3283 2150 3348 quaris
2169 3283 2541 3348 cogitationem
2552 3282 2833 3349 pessimam
2857 3283 2907 3332 et
2939 3278 3299 3333 blandientem
3322 3279 3560 3346 volupta-

1884 3323 1928 3385 Ο
1968 3323 2100 3417 tem;
2128 3323 2530 3417 seddst'a'fortis
2552 3323 2607 3403 Et
2634 3351 2846 3417 rigidus
2865 3351 3079 3417 frigore
3102 3351 3389 3417 castitatis,
3412 3323 3560 3416 [limi-

1962 3438 2104 3476 mam
2124 3422 2417 3490 voluptatis
2436 3422 2734 3488 emstingue.

2034 3501 2057 3567 ἐ
2081 3495 2154 3567 ι).
2185 3491 2526 3567 Augustinus
2545 3497 2708 3567 tract:
2754 3490 3186 3567 abin‘Joannem
3219 3509 3232 3542 :
3257 3490 3319 3567 Si
3355 3492 3558 3567 qugeris

1961 3564 2099 3634 quid
2123 3561 2343 3618 missum
2364 3563 2438 3617 sit
2470 3564 2526 3617 in
2553 3578 2640 3617 cor
2669 3561 2850 3617 Juda?
2879 3561 2971 3617 lioc
3011 3565 3199 3632 utique
3217 3566 3280 3617 ut
3317 3563 3560 3618 traderet

1959 3651 2096 3690 eum.
2124 3636 2307 3691 Missio
2318 3636 2427 3689 ista
2439 3634 2744 3705 spiritualz's
2758 3636 3024 3703 suggestio
3046 3640 3143 3697 est,
3173 3638 3225 3687 ct
3246 3649 3348 3687 non
3374 3636 3438 3703 ﬁt
3456 3651 3557 3705 per

1952 3723 2157 3770 aurem,
2171 3707 2265 3761 sed
2278 3722 2381 3777 per
2393 3707 2800 3776 suggestionem.
2819 3707 3099 3762 Diabolica:
3113 3707 3253 3760 enim
3270 3710 3559 3774 suggestio-

1951 3794 2041 3834 nes
2052 3779 2439 3841 immittuntur,
2465 3783 2515 3832 et
2531 3778 2779 3831 humanis
2805 3778 3219 3845 cogitationibus
3255 3779 3556 3832 immiscen-

1957 3854 2064 3905 tur.
2092 3853 2313 3906 Factum
2338 3865 2461 3918 ergo
2481 3850 2603 3918 jam
2621 3851 2803 3916 fuerat
2814 3850 2873 3901 in
2897 3848 3051 3901 corde
3071 3848 3222 3918 Judce
3233 3862 3332 3913 per
3349 3849 3556 3899 immis-

1955 3924 2155 3976 sionem
2184 3917 2528 3985 diabdlibam,
2548 3925 2609 3973 ut
2632 3919 2875 3972 traderet
2897 3917 3191 3984 discipulus
3212 3918 3552 3982 magistrum.

2023 3992 2049 4034 f
2064 3991 2209 4045 Alibi
2236 3993 2585 4065 principium.
2631 3986 2908 4065 Siquidem
2943 3986 3111 4065 abbas
3158 3987 3397 4065 Moyses,
3439 3985 3555 4039 col-

1958 4058 2053 4131 lat.
2087 4075 2136 4131 (ξ.
2169 4056 2258 4131 ι9ζ
2298 4056 2847 4131 ῐτὶξιίροεὶωῐίοἶιιιιιι
2886 4064 3203 4131 nostrarum
3246 4056 3385 4110 dixit
3438 4070 3556 4131 esse

1959 4127 2236 4208 principia,
2284 4125 2803 4208 (Ῑιιοιιξιιιῐβςιςῐξεο2
2832 4143 2896 4181 ex
2923 4126 3249 4208 diabololet.
3276 4140 3341 4178 ex
3398 4125 3557 4181 nobis

1960 4195 2396 4268 proﬁciscuntur.
2426 4202 2514 4253 Ea:
2535 4198 2764 4257 diabolo,
2790 4195 2987 4267 inquit,
3030 4198 3403 4265 cogitationum
3448 4212 3556 4250 na-

1963 4272 2136 4324 scitur
2165 4271 2342 4333 series,
2375 4285 2492 4322 cum
2523 4268 2823 4321 subvertere
2860 4281 2952 4321 nos
2990 4270 3100 4321 tam
3143 4269 3393 4322 vitiorum
3416 4268 3556 4323 oblt-

1957 4342 2186 4395 ctatione
2204 4355 2369 4411 quam
2390 4342 2553 4394 etiam
2574 4339 2786 4394 occultis
2810 4342 3033 4393 conatur
3047 4338 3281 4402 insidiis,
3304 4339 3553 4394 subtilis-

1955 4414 2097 4467 sima
2125 4413 2420 4467 calliditate
2437 4412 2585 4465 mala
2609 4426 2709 4481 pro
2730 4411 2875 4466 bonis
2915 4415 3200 4474 ostentans,
3230 4418 3330 4465 etc.

2026 4492 2054 4528 ε
2094 4484 2316 4541 Provide
2346 4482 2576 4549 dictum,
2611 4482 2764 4554 quasi
2785 4482 2988 4538 diceret
3002 4498 3104 4538 non
3127 4484 3183 4536 in
3206 4485 3552 4540 totum.Non

1953 4554 2099 4627 enim
2151 4571 2345 4611 omnes
2380 4554 2960 4627 cogitationes,_etiam
3014 4569 3212 4627 pravae,
3262 4570 3328 4610 ex
3362 4555 3551 4611 diabo-

1953 4626 2054 4699 lica
2094 4626 2430 4684 immissione
2452 4625 2515 4699 Let
2544 4625 3270 4699 suggestioneproveniunt.
3302 4629 3447 4680 Nam
3478 4630 3545 4699 D_.

236 4695 481 4774 tionem,
506 4703 559 4750 et
569 4696 965 4774 penetrabilior
977 4697 1124 4774 armti
1147 4695 1618 4774 gladio‘ancipiti,
1664 4695 1719 4753 id
1742 4707 1841 4774 est.
1870 4712 1921 4774 Ι)
1958 4698 2326 4772 Hieronymus
2355 4714 2421 4774 ex
2446 4697 2536 4752 illa
2572 4695 2835 4774 sententia
2858 4695 3105 4774 Mattbaei
3127 4710 3223 4774 ⁸ιιγ
3253 4712 3266 4745 :
3292 4699 3372 4773 .De
3395 4695 3551 4774 corde

229 4767 508 4837 utrinque
531 4765 831 4834 scindente,
874 4767 1003 4836 quia
1040 4768 1190 4820 Deus
1228 4774 1281 4820 et
1325 4767 1425 4820 Dei
1470 4765 1635 4821 Filius
1675 4769 1848 4823 oculis

227 4851 364 4909 sua:
397 4838 955 4909 cognitionisiutima
995 4851 1225 4909 qumque
1272 4844 1537 4909 penetrat,
1579 4844 1634 4891 et
1663 4854 1849 4909 perva-

226 4907 349 4976 dit,
396 4909 571 4963 multo
609 4907 780 4980 magis
803 4922 969 4975 quam
994 4907 1206 4977 gladius
1230 4907 1487 4980 utrinque
1532 4907 1726 4963 acutus
1755 4924 1847 4978 pe-

224 4988 470 5035 netrare
502 4987 686 5050 queat.
713 4979 1037 5049 'Pertingens
1054 4994 1219 5049 usque
1235 4979 1308 5033 ad
1323 4979 1639 5050 divisionem
1654 4982 1850 5033 animm

229 5056 293 5105 et
318 5049 579 5120 spiritus,
620 5050 712 5106 ubi
750 5066 844 5122 per
870 5051 1110 5107 animam
1146 5051 1411 5122 potentias
1435 5049 1732 5122 animales,
1755 5065 1851 5105 seu

274 5131 466 5177 artem
493 5122 691 5178 anima:
711 5120 1049 5187 sensitivam,
1076 5120 1239 5192 quam
1269 5137 1396 5176 cum
1440 5120 1615 5176 brutis
1652 5121 1856 5176 anima-

254 5192 402 5249 ibus
420 5192 688 5249 habemus
716 5208 1068 5249 communem
1100 5211 1131 5264 εν
1165 5207 1261 5264 per
1287 5192 1541 5264 spiritum
1563 5207 1689 5264 vero
1728 5206 1854 5264 parq-

222 5272 365 5320 tem
402 5264 726 5320 rationalem
761 5281 857 5321 seu
886 5261 1260 5319 intellectivam
1303 5261 1620 5320 facultatem
1662 5261 1854 5318 intelli-

216 5342 414 5408 gunt.
442 5338 629 5408 Itaque
657 5352 838 5408 sermo
864 5336 962 5391 Dei
983 5335 1227 5408 Christus
1248 5350 1421 5408 usque
1446 5334 1517 5391 ad
1537 5333 1857 5408 divisionem

228 5405 460 5479 anima:
484 5405 558 5463 ad
576 5406 794 5478 spiritus
839 5407 1112 5479 pertingit.
1137 5406 1268 5464 dum
1301 5405 1563 5463 animales
1603 5415 1657 5462 et
1692 5405 1858 5478 spiri-

234 5478 438 5550 tuales
490 5478 851 5549 cogitationes
877 5479 1154 5536 discernit.
1202 5480 1524 5550 Compagum
1561 5494 1768 5549 quoque
1795 5494 1862 5550 ac

234 5548 645 5624 medullarum,
690 5566 846 5624 supp.
897 5566 1069 5624 usque
1118 5550 1190 5624 ad
1228 5548 1543 5624 divisibnem
1570 5548 1859 5624 pertingit,

229 5634 377 5675 non
425 5622 551 5693 quia
589 5621 918 5696 compagesa
949 5621 1196 5696 medullis
1231 5622 1447 5696 dividit,
1493 5621 1590 5696 sed
1614 5624 1740 5692 quia
1794 5621 1865 5674 in-

230 5699 421 5747 terna
451 5702 506 5748 et
548 5702 767 5749 externa
792 5694 995 5750 nostra
1046 5694 1267 5750 discutit
1319 5701 1371 5750 et
1409 5695 1670 5766 explorat.
1720 5696 1865 5766 itam

226 5777 597 5837 eompagum
630 5766 873 5837 nomine,
902 5781 1025 5833 qua:
1053 5774 1180 5821 sunt
1226 5774 1463 5821 externae
1480 5764 1869 5837 ﬁcolligationes

228 5835 677 5905 membrorum,
730 5835 948 5895 externa
1005 5852 1197 5908 opera;
1240 5837 1605 5893 medu!larum
1633 5835 1869 5903 'autem,

1957 4774 2152 4825 exeunt
2164 4762 2507 4841 cogitationes
2520 4770 2702 4841 malee,
2737 4781 2842 4841 eos
2876 4765 3187 4841 redarguit
3213 4762 3306 4830 qui
3350 4762 3552 4830 cogita-

1952 4841 2127 4895 tiones
2171 4834 2434 4895 omnes‘a
2478 4839 2696 4892 diabolo
2735 4834 2960 4889 immitti
3007 4838 3215 4900 putant,
3249 4840 3441 4900 etnon
3485 4846 3553 4887 ex

1954 4910 2172 4981 propria
2216 4909 2365 4964 nasci
2409 4907 2710 4981 voluntate.
2754 4906 2826 4957 Et
2869 4898 3187 4981 Gennadius
3228 4898 3295 4981 de
3340 4903 3548 4981 Eccles.

1957 4971 2216 5049 Dogmat.
2259 4993 2378 5046 cap.
2400 4981 2468 5031 82
2502 4993 2516 5028 :
2548 4977 2663 5049 Non
2695 4987 2891 5049 omnes,
2919 4971 3111 5049 inquit,
3145 4974 3305 5049 mala:
3343 4978 3550 5045 cogita-

1958 5045 2123 5105 tiones
2144 5045 2340 5102 nostrte
2372 5061 2579 5115 semper
2599 5045 2804 5100 diaboli
2821 5045 3079 5099 instinctu
3106 5047 3428 5110 excitantur,
3461 5049 3553 5103 sed

1959 5122 2246 5189 aliquoties
2267 5134 2336 5172 eae
2352 5118 2528 5189 nostri
2547 5117 2769 5189 arbitrii
2786 5122 2933 5171 motu
2946 5121 3234 5189 emergunt.
3249 5117 3414 5173 Unde
3432 5132 3552 5172 me-

1960 5187 2068 5247 ritd
2088 5189 2239 5262 queri
2265 5189 2368 5262 sibi
2393 5188 2538 5262 visus
2566 5187 2916 5262 estdiabolus
2934 5187 3078 5262 apud
3094 5196 3352 5262 sanctum
3382 5195 3554 5245 Anto-

1962 5258 2140 5331 nium,
2168 5260 2320 5334 quod
2363 5259 2464 5316 sibi
2515 5259 2701 5334 omnia
2753 5258 3387 5334 peccata‘aChristianis,
3418 5276 3555 5333 pra:-

1963 5335 2149 5390 sertim
2183 5330 2316 5389 vero
2358 5348 2389 5387 a
2438 5330 3207 5402 monachis,‘imputarentur.
3267 5333 3353 5388 Sic
3407 5330 3552 5389 enim

1965 5405 2256 5473 Antonius,
2288 5403 2557 5460 referente
2599 5402 2896 5458 Athanasio
2925 5421 2963 5475 τί
2984 5404 3225 5458 Ριιιεαυίι
3266 5405 3559 5475 aliquando

1966 5479 2173 5532 dwmon
2189 5477 2502 5531 monasterii
2534 5478 2749 5530 ostium.
2785 5474 3078 5544 Egrediens
3108 5476 3260 5529 uideo
3297 5474 3562 5531 haminem

1965 5550 2174 5605 enormi
2197 5549 2526 5603 sublimitate
2544 5551 2847 5617 porrectum
2873 5549 3037 5615 caput
3067 5560 3236 5616 usque
3254 5547 3328 5600 ad
3349 5548 3558 5603 caelum.

1971 5621 2103 5677 Cum
2129 5620 2198 5675 ab
2217 5618 2315 5674 hoc
2343 5622 2594 5689 quisnam
2622 5623 2774 5682 esset,
2800 5618 3141 5687 inquirerem,
3175 5620 3258 5671 ait
3282 5636 3295 5672 :
3316 5622 3431 5688 Ego
3446 5635 3562 5675 sum

1974 5693 2227 5748 Satanas.
2277 5693 2344 5746 Et
2362 5708 2473 5760 ego,
2494 5690 2656 5758 Quid,
2684 5691 2932 5759 inquam,
2959 5690 3045 5744 hic
3071 5692 3308 5760 quaeris?
3341 5706 3567 5762 respom

1974 5763 2059 5817 dit
2086 5781 2102 5816 :
2131 5762 2272 5831 Quid
2293 5764 2430 5817 mihi
2444 5764 2657 5831 frustra
2692 5763 2971 5831 imputant
2994 5763 3244 5815 monachi
3266 5766 3295 5817 ?
3316 5778 3409 5815 cur
3431 5761 3569 5814 mihi

1976 5849 2150 5890 omnes
2175 5835 2602 5892 Christianorum
2610 5833 2804 5905 populi
2819 5833 3149 5888 maledicunt
3163 5835 3270 5887 ?Et
3289 5846 3403 5897 oga,
3425 5833 3572 5884 Just:
