4048 6208
1879 78 1897 109 Ι

387 227 491 283 68Ἲ

1473 217 1754 275 JOANNIS
1790 217 2095 274 CASSlANI
2132 198 2661 273 COLLATIONESX
3310 240 3338 260 χ

3608 219 3711 273 688

381 359 534 424 parte
550 349 793 405 maxima
832 345 959 419 ipsis
990 344 1424 424 immittentibus
1467 352 1629 417 atque
1678 344 1986 417 instiganti—
2020 347 2072 412 Α
2102 341 2375 400 immundi
2403 341 2804 415 cogitationum
2832 346 3145 396 nostrarum
3172 337 3435 415 attingere
3473 337 3713 411 qualita-

386 422 493 503 hus
518 444 784 502 sentimus
811 422 1071 499 aboriri?

991 544 1233 600 CAPUT
1268 544 1395 598 XV.

448 646 733 716 Responsio
753 642 891 716 quid
918 641 1128 710 possint
1151 640 1416 716 daemones
1430 640 1493 691 in
1522 639 1933 716 cogitationibus

748 714 1040 774 hominum,
1062 711 1258 781 quidve
1276 726 1381 765 non
1396 711 1625 779 possint.

455 818 689 874 Serenus
716 831 730 871 :
769 813 913 871 Nulli
941 811 1169 871 dubium
1201 820 1285 870 est
1304 816 1328 845 ³
1356 810 1504 886 quod
1536 809 1749 881 possint
1775 810 2003 883 Spiritus

2097 442 2201 505 tes,
2226 435 2325 494 sed
2348 435 2565 492 indiciis
2610 450 2700 492 eas
2741 431 3090 492 sensibilibus
3117 431 3418 489 forinsecus
3440 430 3708 503 colligen-

2099 538 2201 598 tes,
2225 529 2283 587 id
2310 539 2414 600 est,
2465 546 2531 587 ex
2564 528 2775 586 nostris
2810 526 3259 601 dispositionibus
3299 533 3395 583 aut
3437 525 3622 583 verbis
3655 534 3715 584 et

2103 625 2306 682 studiis
2333 624 2391 681 in
2419 640 2542 698 quae
2565 624 2885 697 propensius
2911 620 3289 695 conspexerint
3313 636 3419 678 nos
3441 620 3707 679 inclinari.

2108 718 2380 775 Caeterum
2406 718 2525 774 illas
2554 734 2677 791 qua:
2699 718 2935 776 necdum
2959 714 3026 773 de
3066 715 3290 773 internis
3335 715 3538 772 animae
3580 732 3708 789 pro-

2110 811 2516 881 dierunt,adire
2536 812 2786 869 omnimo
2806 828 2918 869 non
2939 817 3190 882 possunt.
3208 813 3359 884 Ipsas
3381 825 3603 884 quoque
3627 827 3715 869 co-

1494 964 1752 1020 ALARDI
1791 963 2017 1019 GAZ/EI
2054 962 2615 1021 COMMENTARIUS.

388 1099 623 1164 faciunt,
657 1097 767 1150 tuis
788 1093 926 1148 enim
953 1093 1268 1160 frequenter
1288 1090 1637 1164 molestantur
1663 1090 1899 1164 insidiis.
1927 1090 2004 1143 At

390 1161 482 1222 ille
511 1161 810 1222 aitENihil
831 1180 924 1232 ego
950 1165 1119 1231 facio,
1151 1177 1205 1217 se
1219 1164 1441 1216 invicem
1468 1161 1711 1215 turbant.
1748 1161 1890 1232 Nam
1909 1175 2001 1228 ego

390 1238 717 1292 miserabilis
744 1231 928 1303 factus
957 1249 1075 1288 sum
1108 1248 1122 1285 :
1155 1248 1218 1287 en
1245 1233 1454 1286 nullum
1483 1233 1592 1300 iam
1621 1232 1783 1285 habeo
1809 1231 1996 1293 locum,

389 1310 597 1363 nullam
616 1307 855 1376 possideo
885 1308 1172 1366 civitatem,
1190 1303 1311 1371 jam
1337 1304 1476 1357 mihi
1493 1304 1646 1357 nulla
1664 1307 1792 1357 sunt
1818 1317 1993 1376 arma,

391 1375 713 1448 cunctasque
734 1378 1042 1448 provincias
1062 1376 1263 1431 Christi
1285 1379 1533 1444 personat
1560 1390 1775 1448 nomen;
1799 1375 1997 1448 solitu-

393 1451 546 1505 dines
585 1446 790 1519 quoque
833 1447 1214 1502 monachorum
1243 1448 1521 1516 stipantur
1559 1446 1760 1519 choris.
1786 1446 1899 1513 Ipsi
1942 1459 1998 1499 se

392 1517 651 1578 tueantur
665 1517 715 1575 et
736 1520 1033 1584 observent,
1062 1522 1111 1571 et
1141 1532 1223 1571 me
1246 1519 1360 1571 sine
1397 1531 1558 1571 causa
1594 1531 1701 1569 non
1744 1517 1995 1582 lacerent,

390 1608 486 1647 nec
530 1592 669 1645 mihi
698 1592 961 1644 immerito
995 1589 1126 1642 dira
1164 1590 1543 1657 imprecentur.
1577 1590 1725 1641 Tunc
1764 1602 1854 1655 ego
1899 1588 2002 1642 Dei

389 1664 627 1731 gratiam
654 1676 774 1715 cum
806 1662 1092 1714 alacritate
1109 1659 1437 1726 admiratus,
1459 1661 1534 1713 sic
1559 1659 1634 1712 ad
1658 1673 1773 1712 eum
1791 1658 1998 1712 locutus

391 1748 510 1788 sum
542 1752 558 1786 :
585 1735 701 1789 Non
722 1735 826 1785 tute
850 1732 1091 1792 veritati,
1117 1745 1237 1799 qua:
1260 1732 1411 1784 nulla
1437 1733 1535 1798 est,
1578 1734 1689 1783 tam
1710 1743 1902 1783 novam
1946 1732 1998 1784 et

393 1804 698 1860 inauditam
716 1803 923 1858 ascribo
946 1804 1285 1856 sententiam.
1304 1805 1569 1860 Namcum
1590 1801 1828 1867 fallaciae
1838 1804 1999 1870 caput

390 1877 488 1938 sis,
517 1876 611 1930 hoc
631 1877 747 1930 sine
787 1873 1060 1928 meruiacio
1105 1877 1322 1927 coactus
1354 1888 1406 1928 es
1437 1874 1691 1941 confiteri.
1738 1874 1873 1927 Haec
1909 1870 2002 1926 ibi.

389 1948 597 2002 Verum
618 1961 728 2016 quo
747 1944 953 2016 certius
985 1951 1041 1999 et
1063 1942 1606 2016 distinctiusconstet
1625 1942 1768 2016 _Quid
1807 1941 1909 1996 hac
1935 1941 2004 1997 de

389 2030 451 2073 re
477 2013 823 2074 sentiendum
863 2015 954 2081 sit,
994 2013 1297 2070 audiendus
1336 2013 1424 2069 hic
1452 2017 1522 2068 D.
1573 2013 1815 2068 Thomas
1846 2018 1996 2082 (1-2,

284 2094 287 2095 ⁷
391 2106 446 2158 q.
476 2093 566 2144 80.
598 2093 705 2142 art.
736 2089 826 2153 4),
857 2085 951 2156 qui
978 2085 1253 2155 proposita
1296 2083 1398 2140 hac
1427 2082 1750 2158 quaestione,
1791 2086 1997 2158 _Utmm

392 2154 575 2213 omnia
596 2162 815 2225 peccata
838 2154 1113 2211 hominum
1142 2158 1255 2211 sint
1282 2170 1350 2210 ea:
1389 2157 1724 2225 suggestione
1770 2154 1995 2223 diaboli,

392 2229 468 2284 ita
492 2226 786 2297 respondet
819 2245 831 2280 :
855 2226 1148 2282 Dicendum
1171 2227 1314 2295 quod
1340 2228 1743 2281 occasionaliter
1778 2228 1998 2296 quidem

392 2303 444 2353 et
490 2299 749 2353 indi-recte
770 2297 1018 2351 diabolus
1059 2300 1136 2353 est
1182 2312 1343 2353 causa
1379 2299 1618 2351 omnium
1659 2303 1998 2367 peccatorum

390 2373 716 2436 nostrorum,
745 2372 803 2422 in
826 2372 1088 2438 quantum
1122 2368 1350 2422 induant
1364 2369 1608 2438 primum
1631 2370 1893 2424 hominem
1923 2370 1999 2424 ad

386 2441 744 2510 peccandum;
766 2456 835 2495 er
860 2439 1013 2509 cujus
1040 2444 1249 2509 peccato
1268 2442 1328 2493 in
1343 2443 1556 2495 tantum
1581 2442 1781 2495 vitiata
1800 2446 1876 2495 est
1890 2441 1999 2495 hu-

390 2527 553 2566 mana
598 2515 819 2574 natura,
852 2515 915 2565 ut
951 2525 1128 2566 omnes
1162 2510 1237 2565 ad
1269 2511 1597 2582 peccandum
1632 2512 1891 2581 proclives
1912 2514 1997 2567 si-

389 2598 511 2639 mus
539 2601 560 2637 :
594 2586 731 2639 sicut
768 2583 1039 2637 diceretur
1073 2597 1182 2637 esse
1215 2597 1379 2636 causa
1417 2583 1791 2637 combustionis
1821 2585 1999 2652 ligno-

389 2669 533 2717 rum,
556 2657 656 2723 qui
670 2655 823 2722 ligna
845 2655 1086 2721 siccaret,
1112 2668 1183 2708 ea:
1204 2667 1310 2723 quo
1331 2658 1640 2722 sequeretur
1663 2654 1807 2723 quod
1835 2654 1999 2721 facile

390 2727 818 2782 incenderentur.
844 2725 1054 2781 Directe
1102 2729 1281 2779 autem
1332 2740 1439 2779 non
1460 2730 1541 2780 est
1559 2740 1723 2780 causa
1760 2728 1998 2780 omnium

382 2802 724 2867 peccatorum
736 2799 1114 2859 humanorum,
1127 2796 1378 2867 itaquod
1413 2797 1634 2865 singula
1647 2801 1998 2867 peccataper-

386 2865 635 2923 suadeat.
666 2868 817 2935 Quod
844 2869 1092 2935 Origenes
1116 2865 1263 2933 (Lib.
1296 2883 1353 2919 ιιι
1390 2869 1596 2921 Periar.
1641 2865 1757 2935 cap.
1790 2868 1851 2934 7)
1872 2865 1998 2936 'proo

392 2939 480 2991 bat
524 2954 590 2992 ex
615 2940 729 2999 hoc,
756 2938 899 3006 quod
921 2939 1138 2991 etiamsi
1178 2936 1426 2989 diabolus
1453 2952 1557 2990 non
1577 2940 1727 3002 esset,
1759 2936 1997 2992 homines

389 3008 644 3061 haberent
670 3009 975 3076 appetitum
998 3007 1253 3076 ciborum,
1276 3009 1327 3058 et
1366 3019 1727 3072 venereorum,
1760 3011 1812 3061 et
1846 3009 1996 3061 simi-

390 3078 544 3144 lium,
573 3078 670 3144 qui
700 3075 879 3147 posset
936 3090 1044 3130 esse
1082 3075 1464 3147 inordinatus;
1496 3076 1655 3145 quod
1680 3076 1915 3147 subiacet
1940 3079 1998 3133 li-

391 3148 509 3201 bero
537 3145 788 3202 arbitrio.
845 3146 978 3200 Haec
1015 3147 1073 3199 S.
1122 3145 1384 3200 Thomas.

2119 1089 2193 1145 ita
2214 1088 2759 1163 neciejuseffectus;
2808 1088 3110 1163 voluntaria
3150 1094 3335 1163 autem
3366 1087 3507 1144 sicut
3543 1088 3706 1146 libere

2110 1158 2448 1233 producitur,
2475 1161 2547 1218 ita
2565 1162 2730 1218 libere
2743 1162 3045 1233 occultatur
3058 1168 3113 1216 et
3131 1158 3529 1233 manifestatur,

2181 1233 2370 1288 Tertio
2401 1248 2499 1304 pro
2528 1241 2679 1289 certo
2712 1232 3007 1289 tenendum
3045 1239 3330 1304 estneque
3366 1229 3594 1301 angelos
3626 1246 3713 1287 ne-

2110 1318 2218 1375 que
2244 1302 2525 1360 daemones
2562 1304 2761 1375 virtute
2800 1319 2896 1360 sua
2920 1302 3162 1375 naturali
3192 1316 3353 1375 posse
3380 1316 3710 1374 cognoscere

2109 1374 2463 1447 cogitationes
2476 1383 2539 1447 et
2561 1374 2880 1432 affectiones
2917 1374 3209 1447 liberas‘et’
3247 1380 3600 1447 spontaneas,
3647 1381 3711 1447 ut

2110 1443 2239 1501 sunt
2281 1446 2337 1501 in
2357 1446 2631 1502 intellectu
2668 1454 2723 1502 et
2755 1447 3048 1513 voluntate,
3091 1443 3209 1500 sine
3255 1443 3480 1500 alterius
3529 1443 3707 1500 mani-

2111 1515 2415 1572 festatione.
2447 1525 2503 1572 1°
2534 1518 2675 1588 Quia
2693 1518 2797 1573 hoc
2826 1519 2944 1588 Deo
2967 1516 3250 1588 tribuitur,
3275 1524 3360 1588 _ut
3406 1516 3704 1587 proprium,

2111 1596 2213 1660 ut“
2241 1602 2315 1643 ex
2357 1585 2882 1660 multis'Scripturae
2920 1587 3068 1660 locis
3109 1585 3358 1660 superius
3404 1585 3707 1660 ostensum,

2108 1658 2305 1731 quibus
2331 1659 2538 1716 accedit
2557 1659 2691 1716 illud
2711 1658 2999 1731 apostoli]
3028 1658 3270 1715 Corinth.
3300 1675 3338 1713 ιι
3371 1658 3542 1725 :Quis
3569 1661 3710 1713 enim

2109 1731 2381 1785 hominum
2393 1734 2511 1798 scit,
2538 1747 2659 1801 qua:
2680 1734 2807 1786 sunt
2828 1732 3079 1794 hominis,
3100 1732 3450 1801 nisi
3476 1731 3713 1784 hominis

2111 1803 2207 1871 qui
2224 1805 2281 1856 in
2298 1799 2681 1872 ipsoesthbi
2708 1802 2989 1858 annotavit
3041 1804 3112 1857 D.
3157 1799 3437 1870 Thomas(
3447 1803 3513 1872 In
3557 1816 3705 1855 com-

2109 1871 2371 1928 mentario
2389 1873 2405 1944 )
2422 1874 2701 1944 signanter
2718 1872 2852 1930 dici:
2884 1875 3015 1941 Quis
3038 1874 3328 1934 hominum,
3344 1887 3408 1926 ne
3423 1871 3490 1925 ab
3504 1873 3702 1926 horum

2033 1926 2082 1988 Β
2111 1926 2410 2014 cognitione
2423 1926 2611 1999 iiut;
2624 1926 3045 2001 petiit-ieiuni
3062 1926 3434 2012 Verceludifqui
3478 1947 3707 1997 secreto-

2108 2032 2230 2070 rum
2259 2016 2435 2070 cordis
2470 2017 2613 2071 solus
2646 2020 2723 2071 est
2769 2017 3028 2085 cognitor.
3054 2016 3350 2082 Manifesta
3394 2019 3577 2085 autem
3627 2016 3710 2068 est

2106 2088 2263 2149 ratio,
2305 2102 2472 2156 quare
2498 2088 2650 2142 homo
2692 2103 2756 2142 ea
2797 2083 2919 2157 qua:
2957 2090 3019 2140 in
3064 2087 3290 2141 alterius
3340 2083 3495 2139 corde
3539 2085 3712 2139 latent

2106 2160 2242 2212 scire
2262 2161 2574 2227 nonpotest,
2601 2160 2732 2228 quia
2753 2160 2988 2227 cognitio
3013 2159 3241 2212 hominis
3265 2172 3299 2211 α
3320 2171 3479 2212 sensu
3503 2158 3709 2226 accipi«

2108 2233 2198 2283 tur
2219 2247 2236 2282 :
2268 2232 2319 2283 et
2356 2230 2472 2283 ideo
2497 2244 2557 2284 ea
2576 2227 2697 2299 quce
2727 2234 2851 2285 sunt
2874 2232 2931 2283 in
2960 2229 3114 2284 corde
3149 2229 3393 2295 alterius,
3424 2227 3597 2299 homo
3623 2241 3711 2299 oo-

2108 2314 2354 2368 gnoscere
2380 2315 2487 2354 non
2510 2297 2703 2371 potest,
2728 2303 2841 2355 nisi
2856 2305 3120 2370 quatenus
3136 2314 3236 2369 per
3254 2301 3410 2368 signa
3432 2297 3712 2354 senSibilia

2104 2373 2553 2437 manifestantur,
2581 2373 2871 2427 secundum
2898 2372 3037 2426 illud
3060 2374 3091 2427 Ι
3117 2374 3327 2439 Regum
3357 2383 3473 2425 xvr
3497 2389 3512 2424 :
3542 2371 3710 2424 Homo

2105 2441 2253 2496 videt
2280 2457 2399 2509 qua:
2415 2444 2552 2508 foris
2568 2446 2780 2511 patent,
2820 2445 2959 2498 Deus
2978 2447 3157 2497 autem
3182 2444 3426 2496 intuetur
3462 2455 3567 2495 cor.
3595 2439 3711 2496 Sed

2106 2527 2198 2567 nec
2220 2512 2444 2580 angelus
2476 2512 2657 2576 bonus,
2697 2530 2789 2569 nec
2812 2515 3010 2577 malus,
3034 2529 3096 2568 ea
3134 2529 3253 2582 qua:
3285 2514 3345 2567 in
3366 2512 3522 2566 corde
3546 2511 3716 2565 homi-

2106 2587 2192 2637 nis
2213 2584 2378 2638 latent
2405 2586 2538 2639 scire
2555 2588 2748 2654 potest,
2775 2586 2884 2640 nisi
2905 2586 2962 2639 in
2994 2589 3257 2654 quantum
3276 2598 3377 2654 per
3403 2583 3614 2653 aliquos
3633 2583 3717 2649 ef-

2105 2655 2275 2722 feclus
2293 2656 2715 2721 manifestantur
2740 2675 2757 2711 :
2781 2657 2933 2726 cujus
2948 2656 3086 2710 ratio
3119 2656 3293 2725 accipi
3304 2658 3497 2727 potest
3512 2670 3583 2709 ev
3596 2654 3716 2724 ipso

2104 2727 2264 2780 verbo
2291 2728 2559 2797 Apostoli,
2592 2730 2690 2796 qui
2709 2728 2843 2782 dicit
2870 2743 2931 2781 ea
2956 2729 3163 2782 ratione
3184 2729 3438 2796 spiritum
3477 2726 3715 2781 hominis

2105 2811 2405 2864 cognoscere
2431 2814 2552 2867 qua:
2576 2800 2632 2851 in
2652 2799 2803 2853 corde
2840 2799 3063 2853 hominis
3088 2800 3278 2861 latent,
3316 2799 3449 2867 quia
3491 2798 3553 2851 in
3591 2799 3713 2867 ipso

2108 2867 2315 2922 homine
2341 2872 2444 2933 est;
2464 2869 2705 2937 Angelus
2725 2873 2903 2924 autem
2915 2885 3082 2938 neque
3108 2870 3291 2931 bonus,
3306 2883 3481 2938 neque
3499 2869 3713 2935 malus,

2107 2938 2355 2993 illabitur
2382 2942 2553 2995 menti
2573 2943 2850 3008 humanae,
2884 2946 2945 2995 ut
2967 2943 3026 2995 in
3056 2943 3171 3008 ipso
3194 2940 3347 2995 corde
3376 2941 3613 2994 hominis
3638 2942 3714 2993 sit

2106 3012 2156 3082 et
2177 3011 2494 3066 intrinsecus
2512 3016 2790 3082 operetur,
2804 3012 2898 3067 sed
2907 3012 2999 3067 hoc
3010 3011 3173 3067 solius
3198 3013 3297 3068 Dei
3308 3013 3599 3081 proprium
3609 3015 3711 3082 est.

2107 3080 2187 3134 Ita
2217 3089 2441 3152 sanctus
2465 3080 2721 3139 Th‘omas
2749 3088 2809 3138 29
2835 3082 2976 3152 Quia
3008 3085 3192 3138 Patres
3219 3097 3334 3137 uno
3368 3096 3466 3137 ore
3494 3082 3567 3136 ita
3602 3080 3713 3137 do-

2102 3157 2244 3216 cent,
2257 3151 2616 3233 _probantque_
2627 3153 2842 3233 (_Ihristi
2852 3151 3197 3233 divinitatem
3220 3167 3285 3208 ex
3300 3153 3712 3233 cogitationum

457 3215 1096 3306 Ἔὲδβὲίὲίῗέθῖἴὲ¹εὲἶίέ
1110 3214 1691 3306 Ῑξίίέ-ξῖίὲ¹1τῖίὲῗιέηὸ⁰
1731 3217 1912 3306 £03.?“
1940 3226 1994 3301 ‘3‘
2032 3302 2058 3306 ι
2101 3214 2433 3306 δβίῖτέῖῆτυηῖ
2460 3214 2795 3306 οοὲηίῖὲοηθν
2826 3224 2989 3306 ιοίὲεε
3034 3225 3090 3279 in
3106 3214 3430 3306 ..Ὲὲνδηεεπο
3469 3222 3714 3305 “.‘anife'

385 3285 667 3360 daemones
689 3285 1019 3360 cognoscant
1035 3286 1393 3360 cogitationes
1416 3287 1686 3360 cordium.

386 3375 514 3438 _vero
539 3374 609 3438 ex_
628 3358 784 3438 dictis
818 3366 1032 3438 constet
1056 3358 1260 3438 solum
1301 3360 1478 3438 Deum
1517 3358 1665 3438 illabi
1713 3361 1989 3438 mentibus
2026 3358 2060 3365 ”
2096 3358 2460 3438 κγιιζῐθτθιιι.
2481 3374 2536 3422 et
2557 3381 2762 3438 cap.1x

384 3429 641 3502 humanis
670 3432 824 3502 eique
842 3430 941 3485 soli
982 3436 1165 3502 patere
1205 3430 1564 3502 cogitationes
1603 3430 1892 3502 hominum
1932 3440 1987 3488 et

384 3501 607 3571 consilia
629 3499 899 3566 cordium,
926 3499 1112 3571 tamen
1136 3499 1502 3571 hand'parvaa
1533 3500 1874 3558 difﬁcultatis
1902 3511 1986 3559 est

384 3570 680 3650 intelligere
727 3586 842 3650 qua
875 3570 1089 3650 _ratione
1135 3570 1438 3650 spiritu’ales
1487 3571 1603 3650 illan
1642 3573 1984 3650 substantiae,

383 3641 495 3715 sive
518 3640 845 3715 spiritus—illi
873 3640 1175 3715 incorporei
1205 3648 1400 3715 natura
1419 3641 1759 3715 subtilissimi
1775 3651 1828 3699 et
1858 3659 1984 3715 per-

382 3708 763 3785 spicacissimi,
808 3708 1166 3783 cogitationes
1187 3719 1243 3765 et
1269 3708 1586 3767 affectiones
1611 3722 1827 3785 nostras
1854 3708 1985 3785 per-

382 3783 670 3864 spicere‘et
694 3790 977 3864 penetrare
1016 3789 1309 3853 nequeant,
1353 3796 1449 3864 _eas
1493 3784 1795 3864 praesertim
1847 3783 1985 3856 quas

380 3853 482 3924 ipsi
512 3853 675 3935 nobis
696 3853 1294 3935 inspirare,_suggerere
1317 3853 1689 3935 etimmittcre
1708 3853 1984 3925 dicuntur,

380 3923 507 3981 cum
536 3925 689 3980 nullo
718 3923 892 3993 obice,
913 3931 1011 3979 aut
1038 3923 1455 3995 impedimento,
1478 3933 1591 3980 tam
1621 3941 1687 3982 ex
1710 3935 1862 3995 parte
1882 3923 1983 3983 sua

378 4011 547 4070 quam
572 4004 758 4070 nostra
783 3996 851 4051 ab
893 3995 999 4051 hoc
1020 3994 1308 4070 prohiberi
1358 3995 1658 4070 videantur.
1688 3994 1795 4053 Pro
1830 3998 1986 4070 cujus

377 4065 454 4152 fei
482 4066 860 4152 explicatione,
902 4074 958 4152 et
984 4065 1208 4152 pleniori
1247 4065 1604 4152 elucidatione
1647 4083 1839 4152 eorum
1861 4065 1985 4152 q'uaa

378 4136 465 4210 hic
481 4156 511 4210 a
541 4141 750 4194 Sereno
773 4137 879 4194 hac
903 4136 970 4193 de
990 4136 1059 4193 re
1086 4136 1447 4210 disseruntur,
1477 4139 1777 4196 notandum
1803 4136 1984 4210 primo

378 4208 722 4291 dupleig‘esse
743 4222 911 4281 genus
927 4208 1322 4291 .operationum
1350 4209 1657 4291 intellectus
1695 4216 1747 4267 et
1777 4208 1984 4291 _vplun-

376 4278 521 4352 tatis.
554 4278 818 4352 Quaedam
854 4278 1151 4352 enimsunt
1175 4280 1476 4352 naturales,
1498 4281 1748 4352 quaedam
1777 4282 1980 4339 liberae.

375 4348 662 4426 Naturales
684 4358 813 4426 sunt
843 4364 967 4426 quae
994 4348 1370 4426 determinetis
1413 4350 1493 4426 adq
1514 4348 1715 4422 unum,
1747 4354 1827 4408 vel
1859 4368 1982 4426 quae

380 4365 662 4405 naturales
684 4365 813 4405 sunt
841 4365 967 4473 gnte
994 4365 1370 4406 determinetis
1413 4365 1484 4407 an
1523 4368 1715 4422 unum,
1747 4365 1827 4408 vel
1859 4368 1982 4426 quae

380 4419 718 4492 praeveniunt
775 4418 837 4489 ju
884 4419 1051 4492 icium
1107 4427 1164 4473 et
1213 4418 1685 4492 deliberationem,
1745 4431 1808 4478 ut
1855 4433 1983 4481 sunt

375 4488 541 4558 primi
572 4488 787 4565 _motus,
808 4488 1271 4565 cogitationes,_et
1302 4488 1619 4565 affectiones
1659 4488 1980 4565 subitaneis,

375 4558 725 4643 evagationes
744 4558 1152 4643 _involuntariaz.
1187 4558 1402 4643 hibera:
1430 4570 1484 4616 et
1512 4562 1833 4643 voluntarias
1856 4558 1980 4637 quae

378 4648 446 4688 ex
470 4630 678 4705 judicio
709 4638 763 4705 et
807 4639 1105 4705 spontanee
1132 4631 1408 4705 voluntate
1430 4632 1834 4705 concipiuntur,
1870 4630 1981 4695 nec

373 4683 1981 4779 sat'aasi-aingta‘naauaiusemansisse};
2008 4683 2060 4748 Ι)

375 4775 861 4849 operationumsic
883 4789 943 4831 se
976 4773 1197 4841 habent,
1229 4780 1292 4829 ut
1316 4773 1518 4849 liberae
1546 4775 1658 4849 sint
1687 4773 1979 4849 supérioris

373 4844 662 4925 cujusdam
689 4846 896 4925 ordinis
925 4861 1093 4918 quam
1112 4844 1391 4925 naturales
1420 4867 1432 4902 :
1467 4844 1777 4925 proindeei
1798 4852 1977 4925 cogni-

370 4916 519 4972 tione
541 4917 875 4992 naturalium
914 4916 1028 4974 non
1061 4917 1326 4992 sequitur
1373 4916 1629 4992 cognitio
1657 4916 1972 4992 liberarum,

370 4995 638 5059 quatenus
676 4986 862 5059 libera:
882 4988 1114 5059 sunt,qid
1134 4986 1236 5054 est,
1268 4986 1537 5059 quantum
1565 4988 1634 5047 ad
1659 4986 1976 5051 afﬁrmatio-

368 5057 498 5187 negt
528 5066 582 5116 et
608 5058 978 5131 negationem,
1009 5057 1328 5115 electionem
1357 5069 1410 5117 et
1435 5060 1643 5136 fugam,
1685 5079 1971 5124 assensum

368 5139 423 5187 ct
481 5135 769 5187 issensum.

367 5139 423 5188 et
439 5135 769 5189 dissensum.

439 5203 712 5277 Secundo,
744 5197 1033 5277 fatendum
1063 5215 1219 5277 ppsse
1244 5204 1466 5277 angelos
1493 5214 1546 5261 et
1570 5205 1851 5264 daemones
1888 5209 1966 5264 vi-

366 5271 493 5352 dere
542 5273 901 5352 cogitationes
938 5280 992 5352 et
1031 5271 1615 5352 affectione'snostras
1658 5278 1967 5352 naturales,

366 5341 527 5416 etiam
576 5341 743 5415 partis
790 5341 1084 5416 superioris
1131 5352 1186 5400 et
1231 5346 1607 5411 intellectivaz;
1636 5341 1965 5416 naturales,

362 5412 608 5488 inquam,
663 5429 785 5485 quae
840 5414 1040 5471 scilicet
1093 5416 1361 5473 rationem
1421 5426 1477 5472 et
1523 5412 1967 5488 deliberationem

360 5486 724 5559 praeveniunt,
745 5501 850 5543 nec
870 5494 999 5541 sunt
1021 5488 1239 5559 proprie
1261 5489 1504 5559 actiones
1525 5486 1796 5559 humanae.
1824 5492 1965 5547 Nam

359 5556 534 5635 angeli
563 5557 796 5629 perfecte
819 5556 1161 5628 cognoscunt
1187 5574 1378 5635 omnes
1416 5557 1767 5635 substantias,
1798 5570 1852 5618 et
1867 5578 1965 5635 po-

358 5626 583 5694 tentias,
602 5635 658 5703 et
675 5638 841 5703 actus
857 5626 1044 5684 eartim
1069 5630 1363 5703 naturales,
1401 5644 1502 5685 nec
1527 5628 1583 5686 id
1609 5630 1661 5685 in
1706 5626 1961 5703 quaestio-

356 5714 487 5755 nem
518 5700 765 5755 vertitur.
797 5700 1022 5755 Naturae
1046 5700 1191 5755 enim
1239 5700 1382 5755 actio
1423 5708 1548 5756 nata
1573 5709 1655 5758 est
1674 5700 1741 5759 se
1777 5706 1959 5761 mani-

354 5770 579 5840 festare,
609 5779 666 5827 et
691 5774 833 5827 sicut
860 5768 977 5840 ejus
1006 5771 1303 5827 substantia
1326 5770 1584 5832 abscondi
1613 5789 1727 5832 non
1757 5784 1955 5850 potest,

1728 3289 1989 3372 Quamvis
2018 3302 2061 3365 C
2096 3300 2256 3360 stata,
2280 3289 2607 3351 Ambrosius
2635 3296 2692 3350 in
2714 3311 2745 3349 v
2902 3297 3088 3377 Lucaz.
3104 3289 3479 3367 Hieronymus
3498 3295 3555 3349 in
3578 3310 3704 3377 cap.

1728 3361 1989 3417 mentibus
2096 3377 2233 3420 xvu
2258 3365 2460 3421 Jerem.
2481 3374 2536 3422 et
2557 3381 2762 3422 can.1x
2847 3366 3053 3422 atthan.
3071 3365 3495 3422 Chrvsostomus
3509 3365 3702 3421 homil.

2881 3366 3053 3438 tthzei,
3071 3365 3495 3438 Chrysostomus
3509 3365 3702 3438 homil.

2097 3441 2165 3490 30
2180 3435 2235 3510 in
2258 3436 2600 3510 Matthanum,
2625 3435 2859 3510 Cyrillus
2882 3436 2975 3510 lib.
3009 3453 3051 3510 ιι
3074 3437 3125 3492 in
3150 3435 3446 3510 Joannem,
3492 3445 3549 3492 et
3584 3437 3697 3492 alii.

2097 3510 2157 3561 3°
2180 3508 2411 3581 Ratione
2441 3507 2835 3564 fundamenlati
2869 3509 2942 3563 D.
2990 3508 3237 3581 Thomas,
3270 3509 3321 3581 (ι
3359 3525 3446 3579 p.,
3495 3524 3546 3577 q.
3600 3512 3698 3573 57,

2094 3581 2200 3631 art.
2228 3582 2294 3639 4)
2320 3597 2332 3631 :
2358 3580 2516 3645 Quia,
2530 3582 2708 3649 inquit
2730 3581 2978 3634 voluntas
3002 3580 3288 3635 rationalis
3311 3584 3569 3636 creatura
3591 3581 3707 3635 soli

2092 3652 2198 3704 Deo
2221 3649 2480 3721 subjacet,
2521 3653 2705 3721 etipse
2729 3651 2873 3706 solus
2906 3654 2962 3705 in
2998 3667 3116 3706 eam
3144 3652 3362 3721 operari
3403 3655 3601 3721 potest,
3636 3655 3701 3706 ut

2086 3720 2393 3792 principale
2407 3721 2520 3789 ejus
2536 3720 2797 3790 objectum.
2814 3725 2864 3775 et
2886 3723 3110 3777 ultimus
3123 3720 3264 3792 ﬁnis.
3280 3720 3476 3792 Etideo
3490 3737 3552 3775 ea
3572 3738 3700 3791 qua

2093 3805 2162 3843 ea)
2182 3790 2458 3863 voluntate
2482 3792 2595 3846 sola
2620 3793 2935 3862 dependent,
2957 3795 3042 3847 vel
3058 3790 3177 3863 quae
3196 3796 3249 3848 in
3272 3791 3548 3863 voluntate
3568 3790 3698 3846 Sola

2094 3864 2242 3927 sunt,
2271 3861 2379 3915 soli
2400 3866 2505 3917 Deo
2531 3868 2656 3918 sunt
2683 3861 2827 3918 nota.
2861 3866 2999 3919 Cum
3026 3861 3193 3937 igitur
3211 3864 3415 3919 interno
3437 3861 3696 3937 voluntas

2093 3940 2302 4013 nostra,
2342 3941 2707 4013 praeterquam
2728 3950 2756 3988 a
2780 3936 2920 4013 Deo,
2941 3950 2972 3991 a
3010 3933 3227 4013 nemine
3264 3933 3471 4013 moveri
3497 3933 3691 4013 possit,

2091 4004 2317 4075 ejusque
2348 4005 2505 4060 nutui
2558 4004 2850 4061 voluntatis
2887 4013 3070 4063 motus
3116 4004 3432 4062 immediate
3483 4004 3689 4075 subsit,

2098 4074 2207 4149 Deo
2229 4082 2446 4149 tantum
2485 4083 2540 4131 et
2562 4075 2660 4148 ipsi
2683 4076 2896 4133 homini
2928 4078 3189 4149 cogitanti
3212 4084 3280 4149 et
3315 4076 3521 4149 volenti
3546 4091 3691 4149 pro-

2094 4144 2240 4220 prius
2253 4145 2483 4220 animus
2511 4144 2676 4220 notus
2699 4162 2816 4220 esse
2843 4144 3040 4220 potest.
3058 4151 3122 4220 74°
3149 4147 3503 4220 His_accedit
3523 4144 3687 4220 Joan-

2092 4215 2176 4293 nis
2206 4216 2432 4293 Climaci
2462 4232 2575 4273 non
2607 4218 2822 4293 illep_i_d_a
2844 4215 3124 4293 'narratio,
3155 4218 3327 4293 gradu
3362 4224 3472 4293 _51,
3501 4217 3596 4293 ubi
3617 4217 3686 4293 _de

2092 4284 2419 4370 discretione
2437 4284 2826 4370 agens,sci-ibit
2866 4284 3482 4370 monachosjnterdnm
3511 4289 3581 4347 de
3613 4289 3688 4346 in-

2091 4355 2305 4435 dustria
2330 4355 2584 4435 fefellisse
2611 4355 2965 4435 daemonem,
2985 4362 3115 4435 dum
3150 4361 3297 4417 aliud
3328 4361 3458 4417 foris
3482 4376 3593 4435 pra:
3631 4375 3687 4417 se

2091 4424 2318 4504 ferrent,
2344 4427 2490 4504 aliud
2509 4440 2709 4504 Amente
2741 4440 2796 4488 et
2833 4424 3161 4504 cogitatione
3208 4424 3534 4489 versarent:
3586 4435 3693 4501 Qui

2088 4500 2296 4573 vicerit,
2348 4500 2566 4573 inquit,
2608 4505 2765 4567 vitia,
2810 4500 3072 4560 dictiones
3116 4505 3387 4573 vulnerat,
3435 4520 3497 4560 ac
3532 4500 3690 4573 perid

2089 4570 2239 4646 quod
2256 4585 2311 4625 se
2339 4571 2679 4646 haberevitia
2690 4576 2929 4638 simulat,
2946 4576 3185 4630 inimicos
3201 4570 3380 4644 fallit,
3397 4570 3690 4646 perdurat-

2088 4656 2189 4723 que
2218 4644 2671 4723 inexpugnabilis.
2714 4646 2946 4723 Quidam
2975 4662 3046 4703 ex
3082 4648 3353 4723 fratribus
3397 4644 3693 4717 aliquando

2093 4716 2385 4780 ignominia
2407 4716 2646 4783 affectus
2661 4721 2738 4770 est
2755 4759 2770 4780 ,
2785 4721 2836 4772 et
2858 4733 2975 4773 cum
2990 4721 3201 4773 omnino
3221 4718 3380 4773 corde
3392 4724 3568 4773 motus
3584 4733 3691 4773 non

2085 4785 2301 4858 fuisset,
2335 4788 2393 4840 in
2410 4792 2587 4843 mente
2603 4790 2850 4844 secretius
2878 4792 3069 4853 oravit,
3095 4793 3257 4858 atque
3274 4791 3357 4843 ita
3388 4791 3444 4844 in
3468 4791 3690 4858 ignomi-

2084 4857 2191 4912 niis
2201 4856 2498 4913 lamentari
2502 4861 2658 4929 capit
2682 4859 2780 4913 hac
2795 4863 2919 4930 ﬁcta
2930 4856 3354 4930 perturbatione,
3378 4856 3691 4930 tranquilli

2086 4930 2249 5001 tatem
2265 4944 2417 4984 suam
2432 4932 2823 5001 sapientissime
2858 4931 3199 4987 abscondens.
3252 4932 3413 4987 Alius
3454 4935 3581 4987 item
3618 4947 3686 4986 ea:

2082 4998 2351 5072 fratribus
2380 4998 2505 5055 cuni
2516 5004 2753 5072 primam
2782 5004 3064 5058 sessionem
3102 5005 3312 5058 omnino
3361 5018 3472 5058 non
3515 5005 3686 5072 cupit,
3742 5003 3757 5015 ’

2083 5069 2218 5125 hanc
2232 5072 2296 5142 fse
2343 5069 2590 5143 appetere
2619 5073 2926 5129 avidissime
2952 5075 3443 5144 ﬁnxitJlliusvero
3462 5069 3691 5130 castita?

2081 5145 2185 5216 tem
2209 5144 2402 5213 quibus
2418 5144 2595 5199 verbis
2620 5145 2859 5215 eloquar,
2910 5148 3009 5215 qui
3037 5146 3197 5215 quasi
3213 5146 3477 5216 peccandi
3523 5161 3692 5201 eam

2081 5211 2312 5287 lupanar
2334 5217 2625 5287 ingressus,
2647 5211 2972 5272 meretricem
3021 5211 3197 5287 ipsam
3213 5211 3295 5271 ad
3312 5219 3690 5287 pcenitentram

2078 5286 2291 5339 traxit?
2310 5286 2540 5351 Quidam
2565 5290 2692 5342 item
2705 5288 2942 5343 solitario
2954 5286 3073 5343 cum
3088 5290 3262 5358 primo
3284 5286 3442 5343 mane
3458 5304 3578 5341 uva
3624 5288 3688 5343 bo

2076 5358 2222 5430 trum
2242 5358 2527 5421 attulisset,
2544 5360 2770 5429 jamque
2794 5362 2839 5414 is
2870 5362 2968 5430 qui
2993 5360 3272 5422 attulerat,
3304 5362 3588 5430 profectus
3616 5360 3688 5413 ab

2072 5422 2167 5478 illo
2184 5430 2345 5501 esset,
2372 5422 2575 5483 summo
2601 5422 2835 5500 quodam
2864 5422 2926 5486 dc
2949 5422 3325 5501 celeriimpetu
3340 5422 3495 5485 illum
3516 5429 3689 5485 devo-

2070 5498 2214 5573 ravit
2240 5499 2442 5573 absque
2460 5498 2703 5573 appetitu
2728 5503 2858 5566 ullo,
2887 5518 2986 5573 per
3009 5503 3103 5557 hoc
3146 5498 3383 5573 seipsum
3410 5502 3551 5569 gula:
3582 5501 3686 5555 ad-

2071 5566 2273 5644 dictum
2292 5566 2618 5627 daemon—ibus
2640 5566 2908 5638 indicans:
2936 5578 3097 5644 atque
3114 5566 3463 5644 illos-ludatis.
3522 5574 3687 5629 Alius

2069 5640 2093 5729 ξ
2096 5643 2197 5694 tem
2217 5644 2581 5729 glmmodicas
2588 5640 3211 5729 qmisissetpalma'sgota
3222 5643 3312 5702 die
3328 5657 3390 5729 se
3406 5657 3680 5729 maceren-

2073 5714 2175 5786 tem
2215 5715 2398 5782 ﬁnarit.
2433 5714 2627 5772 Subdit
2664 5731 2828 5786 porro
2854 5714 3001 5773 idem
3027 5718 3309 5774 Climacus
3328 5718 3473 5772 hanc
3498 5723 3674 5772 caute-

2067 5780 2178 5838 lam
2200 5780 2451 5842 :Summa
2476 5788 2595 5843 istis
2616 5780 2901 5857 vigilantia
2921 5790 3057 5859 fuit,
3078 5805 3142 5847 ne
3156 5792 3298 5859 forte
3320 5789 3490 5857 (dum
3501 5788 3673 5843 hostes
