4024 6208
358 379 454 434 691

945 493 1185 551 CAPUT
1222 492 1379 546 XVI.

361 610 685 672 Similitudo,
719 622 825 677 qua
857 606 1085 677 spiritus
1114 597 1385 654 immundi
1415 596 1753 664 cogitationes
1786 594 1962 647 homi—

753 692 883 731 num
920 675 1210 729 doceantur
1238 683 1535 738 agnoscere.

428 805 458 832 ⁸
483 789 971 863 Quemadmodum
1021 787 1167 843 enim
1215 781 1461 841 nonnulli
1502 782 1740 838 latrones
1785 779 1838 834 iu
1881 777 1965 833 his

358 886 615 945 domibus
670 898 808 956 quas
852 882 1050 941 furtim
1112 878 1329 954 aggredi
1394 877 1660 963 cupiunt,
1724 872 1964 931 occultas

362 980 650 1038 hominum
693 978 873 1034 solent
899 976 1182 1048 explorare
1222 972 1555 1029 substantias
1576 1011 1592 1039 ,
1624 968 1717 1042 qui
1744 984 1841 1041 per
1878 975 1968 1024 te-

359 1084 471 1133 tras
512 1074 694 1131 noctis
728 1071 982 1129 tenebras
1015 1077 1171 1126 caute
1209 1071 1405 1137 [cauta]
1444 1072 1757 1137 spargentes
1800 1078 1965 1118 manu

361 1170 626 1227 minutias
656 1181 972 1232 arenarum,
1003 1162 1314 1219 reconditas
1350 1175 1481 1232 opes
1522 1174 1656 1230 quas
1684 1158 1804 1213 visu
1840 1170 1964 1228 per-

364 1265 542 1320 vidcre
570 1279 687 1317 non
723 1267 949 1332 possunt
970 1299 986 1325 ,
1008 1256 1206 1313 tinnitu
1245 1254 1486 1328 quodam
1515 1252 1596 1308 vel
1621 1249 1849 1322 strepitu
1896 1247 1964 1304 ad

362 1372 651 1415 arenarum
683 1355 897 1427 lapsum
932 1350 1297 1425 respondente
1321 1337 1749 1419 deprehendunt,
1793 1359 1859 1400 ac
1885 1343 1966 1398 sic

364 1451 433 1509 ad
479 1450 844 1509 certissimam
902 1447 981 1503 rei
1020 1446 1111 1503 vel
1161 1443 1362 1500 mctalli
1408 1441 1673 1513 cujusque
1713 1438 1964 1495 notitiam

363 1546 603 1619 quadam
631 1543 825 1600 elicitae
867 1540 1018 1596 vocis
1061 1536 1365 1612 proditione
1399 1534 1756 1608 perveniunt;
1807 1532 1881 1589 ita
1909 1528 1962 1586 hi

362 1653 580 1711 quoque
607 1645 670 1693 ut
704 1636 1019 1691 thesaurum
1057 1632 1231 1688 nostri
1259 1629 1440 1687 cordis
1469 1628 1781 1699 explorent,
1817 1625 1967 1682 velut

363 1747 553 1789 arenas
587 1730 870 1802 quasdam,
924 1726 1300 1800 suggestiones
1338 1722 1497 1780 nobis
1524 1721 1717 1778 noxias
1747 1722 1960 1792 inspar-

363 1834 574 1898 gentes,
611 1839 737 1880 cum
767 1821 1071 1879 secundum
1109 1834 1299 1876 earum
1339 1816 1660 1891 qualitatem
1701 1813 1963 1872 affectum

365 1934 690 1991 corporeum
742 1916 972 1972 viderint
1013 1913 1335 1982 emersisse,
1410 1911 1555 1967 velut
1597 1910 1839 1983 quodam
1897 1906 2033 1969 ch

363 2014 571 2070 intimis
610 2010 960 2068 conclavibus
997 2007 1300 2080 prodeunte
1344 2005 1541 2063 tinnitu
1564 2045 1581 2073 ,
1612 2002 1744 2075 quid
1778 2003 1848 2058 sit
1876 2017 1961 2058 re-

364 2106 645 2164 conditum
672 2106 728 2160 in
751 2103 956 2159 abditis
984 2101 1260 2156 interioris
1283 2098 1520 2155 hominis
1546 2104 1960 2169 recognoscant.

918 2216 1161 2273 CAPUT
1216 2216 1398 2271 XVII.

405 2323 556 2390 Quod
586 2337 693 2376 non
713 2321 915 2389 singuli
940 2320 1144 2389 quique
1167 2320 1429 2373 daemones
1460 2320 1735 2372 universas
1763 2318 1935 2372 homi-

794 2392 951 2446 nibus
976 2394 1223 2460 ingerunt
1250 2393 1542 2461 passimies.

439 2513 561 2567 Hoc
578 2518 763 2566 tamen
787 2524 951 2565 nosse
974 2507 1238 2565 debemus
1257 2549 1273 2578 ,
1297 2501 1324 2539 ¹³
1344 2524 1453 2563 non
1478 2523 1672 2564 omnes
1690 2504 1972 2563 daemones

367 2604 648 2661 universas
690 2602 1011 2660 hominibus
1037 2602 1253 2659 inurere
1286 2602 1597 2674 passiones,
1631 2598 1726 2656 sed
1758 2599 1970 2656 unicui-

1441 360 1723 418 JOANNIS
1759 357 2060 415 CASSIANI
2101 355 2587 413 COLLATIONES.

1680 470 1703 490 ’
1991 487 2046 553 Α
2070 497 2176 553 que
2212 482 2353 538 vitio
2394 488 2576 537 certos
2614 479 2840 551 spiritus
2873 475 3127 533 incubare
3147 516 3165 547 ,
3194 483 3251 532 et
3291 474 3429 531 alios
3456 474 3686 546 quidem

3569 354 3687 408 69‘2

2072 576 2442 634 immunditiis
2470 593 2536 633 ac
2578 574 2874 632 libidinum
2918 570 3173 629 sordibus
3221 570 3513 639 oblectari,
3543 572 3687 630 alios

2072 671 2441 743 blasphemiis,
2472 671 2609 727 alios
2639 670 2762 735 irae,
2795 668 3074 739 turorique
3099 664 3458 738 peculiaribus
3484 664 3692 724 immi-

2071 782 2225 836 nere,
2255 765 2392 823 alios
2433 765 2582 838 pasci
2625 765 2847 823 tristitia
2866 806 2882 833 ,
2913 763 3048 820 alios
3077 760 3376 818 cenodoxia
3397 761 3687 833 superbia-

2074 876 2181 933 que
2204 860 2456 930 mulceri,
2485 869 2540 917 et
2562 872 3009 932 unumquemque
3034 855 3170 913 illud
3197 854 3395 911 vitium
3419 854 3691 916 humanis

2074 956 2351 1021 cordibus,
2391 971 2499 1027 quo
2540 955 2655 1028 ipse
2704 952 2921 1027 gaudet,
2971 953 3237 1017 inserere;
3273 949 3371 1007 sed
3415 966 3517 1006 nec
3550 967 3695 1008 cun-

2077 1060 2196 1108 ctos
2222 1050 2420 1123 pariter
2458 1064 2585 1106 suas
2611 1050 2857 1121 ingerere
2900 1045 3198 1120 pravitates
3220 1085 3236 1112 ,
3282 1041 3379 1100 sed
3418 1043 3685 1113 vicissim,

2075 1153 2239 1218 prout
2267 1145 2552 1218 temporis,
2590 1143 2676 1200 vel
2716 1142 2859 1210 loci,
2904 1140 2984 1197 vel
3033 1137 3377 1211 suscipientis
3418 1147 3701 1211 opportu-

2073 1241 2221 1297 nitas
2250 1238 2647 1312 provocaverit.

2623 1354 2865 1411 CAPUT
2909 1353 3122 1409 XVIII.

2124 1475 2497 1543 Interrogatio,
2523 1488 2595 1526 an
2617 1472 2759 1526 inter
2785 1470 3051 1543 dcemones
3076 1468 3501 1537 impugnationis
3518 1466 3648 1523 ordo

2335 1541 2396 1599 ac
2421 1544 2816 1599 vicissitudinis
2837 1541 3131 1611 disciplina
3155 1543 3418 1593 servetur.

2149 1663 2461 1719 Germanus
2492 1683 2504 1719 :
2537 1664 2683 1734 Ergo
2709 1658 3046 1718 credendum
3075 1665 3159 1714 est
3180 1656 3321 1712 inter
3344 1671 3438 1713 eos
3464 1654 3695 1712 ordine-

2066 1765 2180 1812 tam
2201 1765 2254 1813 et
2279 1756 2361 1829 (ut
2386 1756 2460 1812 ita
2486 1754 2741 1827 dixerim)
2773 1753 3175 1826 disciplinatam
3209 1767 3326 1809 esse
3351 1750 3689 1823 nequitiam,

2070 1858 2134 1906 ut
2178 1848 2399 1921 quidam
2439 1847 2831 1904 vicissitudinis
2879 1846 2947 1904 ab
2989 1846 3066 1902 eis
3107 1843 3244 1902 ordo
3293 1852 3607 1910 servetur,a
3631 1861 3672 1900 c

2069 1943 2406 2000 rationabilis
2454 1951 2673 2016 geratur
2733 1939 3159 2015 impugnationis
3208 1940 3472 2006 incursio;
3534 1954 3681 1995 eum

2070 2043 2287 2092 constet
2327 2050 2432 2091 nec
2462 2034 2692 2091 modum
2720 2049 2824 2091 nec
2869 2035 3142 2091 rationem
3189 2032 3287 2089 nisi
3324 2032 3461 2088 inter
3493 2031 3695 2088 bonos

2074 2138 2234 2202 atque
2268 2129 2531 2187 honestos
2576 2145 2737 2203 posse
2800 2129 3096 2186 subsistere
3117 2171 3133 2198 ,
3183 2126 3495 2201 secundum
3526 2125 3689 2181 illam

2078 2222 2374 2295 Scriptura“:
2412 2222 2735 2280 sententiam
2789 2241 2804 2277 :
2845 2232 2865 2257 ε
2916 2226 3129 2291 Qiueres
3173 2222 3497 2292 sapientiam
3529 2219 3689 2289 apud

2077 2317 2266 2379 malos,
2295 2321 2345 2370 et
2369 2333 2474 2371 non
2486 2319 2723 2373 invenies
2740 2315 2918 2387 (Prov.
2936 2331 3176 2379 xrv,sec.
3195 2315 3401 2385 LXX),
3417 2322 3473 2370 et
3491 2332 3505 2368 :
3526 2301 3552 2346 ἀ
3570 2315 3688 2369 Ini-

2077 2413 2204 2465 mici
2220 2413 2391 2465 nostri
2407 2413 2671 2465 insensati
2687 2411 2921 2481 (Denter.
2953 2424 3161 2477 XXXII,
3187 2426 3287 2466 sec.
3308 2410 3512 2476 LXX).
3536 2405 3684 2463 Illud

2080 2504 2242 2560 etiam
2276 2523 2288 2558 :
2322 2513 2343 2540 °
2372 2508 2491 2565 Non
2521 2511 2597 2561 est
2623 2509 2913 2576 sapientia,
2945 2522 3050 2561 non
3075 2510 3151 2562 est
3175 2506 3466 2574 fortitudo,
3486 2520 3572 2559 nec
3597 2510 3686 2561 est

2079 2601 2359 2656 comitium
2382 2601 2533 2671 apud
2560 2603 2754 2672 impios
2785 2601 3053 2671 (Proverb.
3085 2614 3204 2669 XXI,
3238 2615 3342 2656 see.
3370 2598 3572 2669 LXX).

1461 2746 1716 2801 ALARDI
1756 2746 1981 2800 GAZ/FJ
2018 2743 2576 2801 COMMENTARIUS.

437 2885 462 2913 ⁸
490 2875 758 2932 Abstrusa
788 2873 1089 2933 admodum
1119 2883 1175 2931 et
1199 2874 1428 2930 obscura
1457 2871 1815 2943 comparatio,
1872 2871 1961 2926 cui

364 2946 702 3005 elucidandae
730 2945 844 3002 fere
876 2946 1126 3016 OEdipus
1149 2942 1524 3016 advocandus,
1540 2941 1635 3016 aut
1656 2941 1965 3016 ejus‘gene:

366 3020 443 3075 ris
607 3032 716 3096 quo
757 3018 937 3096 agitur
984 3011 1280 3096 quispiam_
1306 3013 1658 3096 latrunculus.
1687 3011 1964 3094 Dionysii

366 3083 708 3160 paraphrasis
763 3083 924 3160 paulo
957 3083 1289 3160 planiordet
1334 3083 1672 3160 egtplicatior,
1718 3083 1969 3160 quai’sic

369 3156 530 3215 habet
558 3173 573 3211 :
605 3157 1064 3225 Quemadmodum
1104 3156 1330 3225 quidam
1360 3156 1597 3210 latrones
1624 3158 1675 3211 et
1704 3156 1882 3223 fures,
1914 3157 1973 3209 in

367 3228 609 3285 domibus
630 3245 767 3298 quas
790 3230 991 3295 furtim
1018 3227 1413 3296 ingrediuntur,
1441 3227 1729 3297 explorant
1748 3227 1970 3281 divitias

2070 2879 2289 2943 vantur.
2320 2870 2483 2943 Quod
2554 2878 2608 2926 et
2644 2870 2937 2943 conﬁrmat
2974 2872 3045 2943 D.
3094 2869 3424 2943 Augustinus
3462 2884 3568 2925 xxv
3614 2868 3693 2926 de

2073 2941 2291 2998 Civitat.
2316 2941 2412 2997 Dei
2439 2957 2558 3012 cap.
2587 2947 2619 2997 3
2654 2961 2666 2997 :
2699 2944 2838 3006 Etsi,
2863 2942 3132 3068 inquiens,
3159 2941 3404 2997 diabolus
3434 2943 3685 3008 fornica-

2075 3018 2176 3068 tor.
2218 3014 2299 3068 vel
2330 3014 2583 3068 ebriosus.
2620 3014 2703 3068 vel
2738 3014 2873 3068 quid
2903 3030 2935 3067 a
2959 3014 3058 3068 iud
3091 3013 3405 3068 huiusmodi
3440 3014 3574 3067 mali
3601 3018 3685 3068 est

2075 3018 2176 3075 tor,
2218 3014 2299 3068 vel
2330 3014 2583 3081 ebriosus,
2620 3014 2703 3068 vel
2738 3014 2873 3083 quid
2903 3013 3058 3069 aliud
3091 3013 3405 3083 hujusmodi
3440 3014 3574 3067 mali
3601 3018 3687 3068 ﬁt

2076 3084 2221 3154 quod
2236 3085 2310 3139 ad
2325 3087 2506 3140 carnis
2520 3087 2754 3155 pertinet
2766 3086 3082 3155 voluptates,
3099 3100 3203 3140 non
3212 3090 3389 3154 potest
3406 3083 3533 3147 dici,
3559 3100 3681 3139 cum

2078 3158 2153 3210 sit
2181 3158 2345 3211 etiam
2381 3158 2573 3212 tat-itan
2599 3162 2938 3227 peccatorum
2973 3171 3163 3212 suasor
3192 3161 3244 3210 et
3275 3158 3563 3224 instigator
3591 3171 3685 3211 oe-

2080 3228 2276 3289 cultus,
2307 3232 2358 3282 et
2395 3233 2572 3283 tamen
2618 3231 2854 3283 maxime
2895 3227 3155 3298 superbus
3183 3231 3242 3298 et
3272 3227 3503 3285 invidus.
3544 3227 3691 3294 Quis

367 3280 658 3356 manu»:
675 3280 1527 3370 in“;teneminispargnas‘
1544 3280 1971 3353 manuni-num
1997 3280 2042 3345 C
2073 3280 2213 3353 eam
2228 3280 2325 3353 an
2342 3280 2741 3354 isiussi-ista:
2756 3280 3150 3366 nimietate
3174 3280 3435 3353 adversus
3456 3280 3684 3370 cesi:an

367 3389 560 3431 arenas
573 3379 633 3431 in
658 3373 825 3427 noctis
867 3372 1117 3439 caligine,
1156 3375 1217 3425 ut
1250 3384 1370 3440 opes
1418 3372 1475 3423 in
1522 3370 1673 3425 domo
1714 3371 1974 3440 repositas

368 3446 572 3504 tinnitu
589 3446 662 3502 ad
693 3445 903 3514 lapsum
921 3457 1215 3497 arenarum
1236 3442 1564 3512 percipiant,
1594 3444 1775 3514 sicque
1789 3456 1974 3511 perveo

367 3518 529 3571 niani
548 3521 622 3574 ad
640 3513 988 3571 certissimam
1027 3516 1279 3570 notitiam
1320 3515 1420 3576 rei,
1457 3517 1555 3567 aut
1597 3513 1976 3582 cujuscumque

367 3592 593 3650 metalli,
606 3588 953 3658 productione
970 3587 1090 3639 soni
1106 3586 1291 3649 eliciti;
1311 3586 1389 3658 sic
1415 3582 1677 3638 (temones
1704 3588 1973 3653 spargunt

369 3658 431 3711 in
454 3656 702 3714 cordibus
728 3659 902 3710 nostri
923 3658 1283 3723 suggestiones
1298 3656 1533 3722 iniquas,
1556 3659 1835 3723 tamquam
1857 3670 1973 3709 are-

367 3744 564 3785 narum
582 3729 867 3788 minutias,
891 3730 950 3780 ut
973 3726 1250 3795 emplorent
1260 3724 1432 3779 cordis
1449 3726 1619 3779 nostri
1638 3725 1967 3788 thesaurum,

371 3816 489 3855 cum
506 3802 669 3871 juxta
682 3798 1001 3870 qualitatem
1032 3798 1427 3866 suggestionum
1453 3795 1693 3849 viderint
1714 3811 1970 3864 escurgere

370 3873 641 3939 affectum
671 3875 1111 3941 corporumketc.

449 3944 475 3979 ³³
504 3937 806 4015 Dionysius
829 3939 1125 4015 elucidator
1155 3957 1167 3994 :
1197 3940 1313 3997 Non
1340 3953 1512 4015 omnes
1535 3937 1971 4015 dagthesquas-

368 4014 493 4070 libet
512 4010 759 4084 inferunt
780 4013 1093 4084 tentationes
1112 4016 1209 4065 aut
1223 4012 1519 4084 passiones,
1540 4010 1633 4084 sed
1652 4011 1787 4064 certi
1811 4012 1970 4065 certis

366 4088 515 4143 vitiis
540 4081 778 4143 serviunt
804 4089 855 4139 et
889 4083 1197 4139 intendunt.
1235 4084 1375 4140 Nam
1401 4082 1503 4135 alii
1529 4081 1970 4137 delectanturim-

366 4160 671 4225 munditiis,
731 4164 836 4212 etc.
885 4155 1091 4210 Similia
1141 4152 1303 4209 habet
1354 4154 1427 4207 D.
1497 4152 1864 4225 Hieronymus
1913 4153 1970 4209 in

366 4228 538 4300 Epist.
568 4230 637 4286 ad
656 4224 919 4299 Ephesios
930 4242 1048 4296 cap.
1072 4240 1134 4282 v1
1154 4246 1167 4280 :
1186 4226 1326 4300 sunt
1344 4226 1515 4300 enim,
1528 4224 1729 4300 inquit,
1745 4225 1969 4300 quidam

368 4297 630 4356 daemones
647 4297 917 4355 amoribus
947 4302 998 4352 et
1018 4298 1296 4351 amatoriis
1316 4297 1539 4350 canticis
1580 4298 1883 4363 sementes,
1908 4299 1970 4349 ut

361 4373 624 4441 propheta
647 4386 852 4441 quoque
870 4368 1441 4441 commemoratdicens
1465 4384 1478 4421 :
1501 4367 1712 4441 Spiritu
1733 4368 1970 4433 fornica-

368 4437 525 4494 tionis
575 4437 783 4495 seducti
808 4441 955 4491 estis.
990 4441 1128 4494 Nam
1153 4442 1204 4491 et
1234 4437 1472 4490 barbara
1507 4437 1757 4504 quaedam
1790 4452 1971 4492 eorum

369 4513 592 4564 nomina
609 4523 717 4564 esse
733 4509 991 4562 dicuntur
1014 4507 1111 4576 (ut
1138 4522 1277 4576 scepe
1305 4508 1537 4574 confessi
1561 4512 1686 4561 sunt
1714 4508 1789 4571 hi,
1840 4523 1971 4577 quos

366 4595 486 4635 vere
508 4581 702 4649 vulgus
730 4578 991 4647 maleﬁcos
1019 4577 1229 4644 vocat),
1254 4580 1306 4631 et
1334 4579 1745 4649 incantationes,
1772 4583 1822 4633 et
1839 4594 1973 4649 pre-

2078 3372 2419 3426 tentiosioret
2432 3372 2745 3433 animosior,
2771 3375 2821 3425 et
2838 3372 3012 3439 magis
3035 3370 3259 3424 cernulus
3277 3375 3438 3440 atque
3459 3369 3684 3425 invidus

2082 3443 2391 3524 invenitur?
2417 3445 2499 3498 Ita
2520 3442 2873 3524 Augustinus.
2910 3442 3083 3523 Deum
3115 3439 3398 3524 igiturhic
3574 3441 3683 3524 vel

2081 3511 2236 3567 audis
2262 3512 2542 3569 dwmones
2568 3510 2702 3567 alios
2729 3512 2951 3583 quidem
3001 3510 3366 3583 immunditiis
3390 3520 3444 3568 et
3484 3510 3680 3583 libidi-

2077 3583 2495 3655 numsordibus
2517 3580 2802 3655 oblectari,
2822 3583 2959 3655 alios
2986 3583 3094 3655 ira:
3134 3580 3414 3654 furorique
3440 3581 3682 3654 peculia-

2078 3654 2194 3709 rius
2221 3653 2530 3724 imminere,
2560 3653 2664 3710 alio
2688 3653 2832 3724 pasci
2858 3653 3095 3723 tristitia,
3125 3663 3259 3722 etc.,
3308 3653 3423 3710 non
3443 3653 3548 3710 ’sic
3589 3669 3681 3709 ac-

2079 3724 2215 3795 cipe,
2269 3724 2423 3795 quasi
2474 3723 2594 3780 haec
2639 3724 2735 3849 igsi
2766 3726 2820 3780 in
2870 3725 3069 3797 seipsis
3128 3733 3431 3788 exerceant,
3471 3732 3569 3779 aut
3603 3724 3682 3782 ad

2080 3793 2394 3849 huiusmodi
2423 3794 2549 3849 vitia
2595 3794 2653 3849 al
2692 3796 2925 3849 cientur.
2978 3805 3033 3849 et
3075 3812 3264 3849 eorum
3310 3795 3682 3849 delectatione

2080 3793 2394 3869 huiusmodi
2423 3794 2549 3869 vitia
2595 3793 3033 3869 afﬁciantur,_'et
3075 3812 3264 3869 eorum
3310 3795 3684 3869 delectatione

2077 3864 2388 3937 capiantur;
2417 3866 2512 3923 sed
2541 3865 2687 3937 quod
2703 3864 2805 3923 alii
2828 3867 3073 3936 libidine,
3121 3867 3209 3923 alii
3238 3864 3529 3932 irawndia,
3579 3866 3683 3922 alii

2077 3936 2318 4003 tristitia,
2355 3938 2445 3994 alii
2474 3936 2596 3993 aliis
2617 3938 2800 3995 modis
2826 3938 3079 3995 homines
3097 3937 3328 3995 vexandi
3356 3952 3418 3992 ac
3435 3937 3685 3994 tentandi

2078 4008 2250 4082 magis
2295 4008 2653 4082 delectantur,
2697 4010 2865 4082 sicuti
2903 4011 3067 4069 etiam
3110 4008 3394 4082 probabile
3430 4014 3683 4077 esttjesse

2078 4079 2346 4154 quosdam
2371 4081 2463 4154 qui
2509 4081 2968 4154 an;ent‘_homines
2991 4079 3144 4154 quos
3181 4079 3477 4154 possident
3495 4087 3685 4137 mutos

2076 4149 2328 4220 reddere,
2354 4149 2439 4209 vel
2469 4151 2667 4209 surdos
2679 4149 2881 4219 ;‘alios,
2909 4149 3038 4224 qui,‘
3080 4161 3141 4209 ut
3163 4149 3240 4224 ait
3278 4153 3350 4206 D.
3405 4151 3683 4223 Hierony-

2077 4224 2222 4290 mus,
2244 4227 2410 4281 Lunce
2456 4226 2779 4279 mutationes
2805 4223 3094 4288 observent,
3118 4227 3179 4279 ut
3208 4223 3446 4278 homines
3466 4226 3680 4287 vexerit,

2078 4299 2129 4349 et
2153 4298 2254 4350 Dei
2276 4300 2578 4350 creaturam
2605 4295 2890 4367 infament.
2936 4295 2999 4351 ld
3039 4294 3309 4367 colligitur
3342 4309 3407 4349 ex
3442 4293 3683 4367 manilii

2077 4380 2213 4421 xvtt
2241 4373 2298 4421 et
2325 4366 2492 4422 Marci
2513 4382 2594 4435 1x,
2625 4366 2717 4423 ubi
2738 4366 2986 4423 Christus
3014 4367 3127 4423 ait:
3151 4366 3264 4423 Hoc
3290 4382 3457 4437 genus
3481 4366 3677 4437 dm

2076 4439 2288 4509 nierum
2310 4452 2414 4491 non
2434 4438 2671 4509 ejicitur,
2701 4440 2811 4493 nisi
2837 4441 2896 4492 in
2922 4438 3135 4508 jejunio
3163 4442 3213 4494 et
3241 4436 3503 4500 aratione,
3527 4436 3683 4509 quasi

2076 4506 2318 4577 ipsorum
2356 4516 2566 4565 natura:
2582 4508 2687 4565 hoc
2727 4506 3046 4565 attribuens.
3074 4512 3152 4565 Ex
3191 4508 3293 4565 hac
3347 4506 3682 4565 autem'teno

2078 4578 2349 4635 tationum
2372 4587 2426 4634 et
2445 4581 2801 4637 vexationum
2837 4579 3145 4637 diversitate
3169 4580 3229 4635 ﬁt
3268 4588 3332 4636 ut
3351 4589 3405 4638 et
3442 4579 3686 4637 diversas

367 4666 467 4728 ces,
508 4657 559 4728 et
577 4648 772 4706 calores
788 4652 949 4728 varii,
980 4653 1032 4728 et
1060 4649 1278 4728 diuersa
1291 4648 1375 4728 vel
1390 4649 1734 4728 metallorum
1752 4664 1968 4728 genera,
2002 4666 2052 4728 ι)
2079 4649 2467 4728 appellationes
2496 4660 2547 4707 et
2566 4651 3023 4728 :nomenclaturas
3050 4651 3349 4728 sortiantur
3394 4671 3418 4728 :_
3441 4660 3498 4707 et
3517 4650 3685 4728 ‘alius

363 4718 453 4779 vel
473 4724 708 4779 ciborum
729 4722 803 4776 ad
831 4738 953 4793 quae
990 4721 1225 4775 invocati
1239 4720 1489 4796 assistere
1521 4720 1781 4796 dicinones
1805 4725 1865 4796 et_
1881 4723 1971 4796 _in-
2003 4718 2047 4728 ”
2078 4718 2294 4796 dicatur
2319 4722 2542 4796 spiritus
2564 4722 2901 4796 immundus,
2925 4725 3006 4796 vel
3022 4723 3245 4796 spiritus
3272 4720 3681 4796 fornicationis,
3758 4738 3761 4741 ·

362 4796 544 4861 felices
559 4799 770 4851 anilitas
780 4791 964 4864 uipere
979 4794 1373 4864 memorantur;
1388 4792 1490 4845 alii
1502 4807 1623 4846 vero
1633 4791 1967 4855 iracundias,

365 4871 416 4921 et
425 4869 656 4934 furores,
673 4870 722 4922 et
736 4863 871 4921 bella
888 4867 1207 4929 immittere;
1225 4863 1331 4917 alii
1340 4878 1567 4933 praesse
1584 4864 1906 4932 inimicitiis,
1920 4870 1972 4919 et

363 4939 506 4992 inter
530 4940 763 4992 homines
787 4937 910 4991 odia
936 4939 1219 4992 concitare.
1278 4935 1416 4991 Haec
1463 4937 1534 4990 D.
1578 4935 1967 5004 Hieronymus.

366 5008 546 5087 Porro
568 5006 883 5087 meminisse
908 5014 1148 5087 oportet,
1182 5006 1330 5087 quod
1360 5007 1493 5087 alias
1533 5022 1599 5062 ex
1628 5009 1732 5087 7D._
1757 5006 1969 5087 Thema

363 5079 678 5135 notavimus
703 5078 852 5142 (Lib.
878 5092 963 5132 xu
981 5095 1026 5132 c.
1049 5083 1135 5144 4),
1166 5078 1314 5146 vitia,
1335 5078 1449 5133 sive
1461 5086 1677 5147 peccata
1700 5078 1968 5134 daemoni-

364 5149 466 5206 bus
494 5149 785 5222 dupliciter
812 5148 1032 5222 attribui
1066 5169 1079 5204 :
1114 5152 1228 5222 _Uno
1255 5149 1646 5220 modo,inquit,
1676 5150 1966 5205 secundum

360 5220 588 5289 reatum,
617 5223 724 5276 alio
750 5220 904 5274 modo
931 5220 1222 5274 secundum
1249 5223 1534 5289 affectum.
1568 5223 1639 5275 Et
1678 5222 1967 5276 secundum

362 5296 573 5346 reatum
600 5294 814 5361 quidem
842 5293 1023 5346 omnia
1036 5295 1252 5360 peccata
1274 5293 1332 5345 in
1361 5292 1687 5346 daemonibus
1705 5305 1815 5345 esse
1836 5306 1965 5346 con-

364 5364 549 5431 tingit,
582 5365 711 5431 quia
738 5362 869 5417 dum
898 5363 1129 5417 homines
1148 5362 1223 5417 ad
1250 5365 1433 5417 omnia
1446 5367 1665 5432 peccata
1681 5361 1963 5430 inducunt,

361 5435 598 5487 omnium
614 5438 946 5504 peccatorum
971 5439 1181 5488 reatum
1207 5435 1512 5488 incurrunt.
1539 5432 1837 5490 Secundum
1866 5434 1965 5501 af-

358 5506 560 5571 fectum
588 5521 713 5561 vero
740 5506 1051 5568 illa.solum
1078 5509 1299 5575 peccata
1324 5507 1385 5559 in
1417 5505 1574 5559 malis
1615 5504 1824 5572 angelis
1850 5519 1964 5561 esse

354 5582 599 5644 possunt,
623 5578 697 5631 ad
723 5593 844 5647 qua:
868 5580 1127 5646 contingit
1151 5577 1305 5645 afﬁci
1328 5575 1670 5645 spiritualem
1688 5581 1959 5642 naturam;

358 5648 697 5716 spiritualem
726 5653 901 5703 autem
945 5654 1200 5702 naturam
1232 5649 1387 5717 afﬁci
1429 5662 1533 5700 non
1581 5648 1845 5716 contingit
1885 5648 1960 5702 ad

359 5718 490 5773 bona
517 5734 637 5788 qute
662 5723 790 5773 sunt
817 5721 1045 5788 propria
1069 5721 1304 5788 jccrpm'i,
1329 5725 1435 5772 etc.
1487 5719 1565 5771 Ex
1596 5717 1792 5787 quibus
1832 5734 1962 5773 con-

357 5789 525 5846 cludit
543 5788 847 5846 secundum
866 5788 1132 5845 affectum
1158 5804 1271 5843 non
1288 5788 1434 5844 aliud
1458 5797 1739 5859 peccatum
1760 5788 1814 5843 in
1842 5788 1959 5847 da:-

356 5861 613 5917 monibus
641 5874 757 5917 esse
793 5875 972 5931 posse,
1006 5874 1173 5931 quam
1217 5860 1535 5931 superbiam
1578 5869 1634 5916 et
1676 5859 1953 5931 invidiam,

356 5946 477 6005 qua!
495 5941 622 5992 sunt
651 5931 949 6006 spiritualia
993 5938 1236 6004 peccata,
1275 5939 1331 5988 et
1374 5947 1496 6005 qua:
1550 5931 1621 5989 ab
1666 5932 1771 5991 illis
1812 5933 1959 5991 deri-

2077 4791 2216 4866 alius
2275 4791 2499 4864 spiritus
2563 4794 2848 4866 superbiae,
2882 4791 3070 4866 ’aliusf
3096 4794 3319 4866 spiritus
3351 4793 3683 4866 vertiginis,

2078 4864 2231 4936 alius
2250 4863 2403 4936 pater
2427 4863 2717 4936 mendacii,
2759 4865 2896 4921 alius
2919 4863 3189 4923 homicida
3229 4865 3300 4923 ab
3346 4863 3546 4936 initio;
3568 4872 3675 4936 etc.

2079 4934 2237 5003 Quod
2253 4934 2486 5009 'adhmc
2516 4937 2645 4992 vitia
2691 4935 3028 5009 frequentius
3064 4945 3120 5009 et
3154 4935 3476 5009 propensius
3522 4935 3683 4991 indi—-

2075 5013 2210 5089 nent
2255 5015 2312 5063 et
2338 5007 2613 5089 instigent.
2664 5010 2744 5089 Et_
2765 5005 2960 5089 eadem
3005 5005 3235 5089 ratione,
3257 5005 3428 5080 ’apud
3468 5009 3679 5089 lineam

2077 5080 2261 5152 (Luca,-
2302 5083 2449 5152 ξω,-
2475 5077 2660 5152 ipsum
2696 5077 3050 5152 daemonium
3094 5077 3334 5152 mutum'
3355 5079 3678 5152 appellatur.

2077 5151 2283 5205 Verum
2302 5149 2370 5207 de
2397 5149 2481 5204 his
2511 5149 2665 5221 plura
2692 5149 2831 5207 intra
2857 5151 3080 5217 (Collat.
3125 5150 3267 5221 seq.)

2146 5224 2169 5253 °
2197 5223 2275 5276 Ita
2314 5237 2378 5277 ex
2427 5220 2618 5278 Graeca
2654 5222 3010 5278 translatione
3055 5220 3284 5289 ζητήᾶεις
3327 5221 3501 5291 σοφίαν
3547 5220 3687 5291 παρὰ

2074 5294 2265 5354 κακοῖς.
2298 5292 2527 5364 Vulgata
2553 5300 2737 5349 autem
2766 5293 2929 5351 editio
2955 5313 2967 5347 :
2994 5296 3199 5362 Quaerit
3229 5294 3440 5349 derisor
3458 5294 3685 5362 samen-

2071 5365 2229 5425 tiam,
2253 5367 2304 5418 et
2332 5379 2435 5418 non
2470 5366 2691 5421 invenit.

2142 5433 2167 5468 ιι
2206 5433 2363 5507 Vulg.
2396 5455 2408 5489 :
2440 5438 2520 5507 Et
2544 5439 2759 5493 inimici
2791 5440 2966 5493 nostri
3008 5442 3136 5507 sunt
3161 5436 3375 5507 judiecs
3424 5437 3701 5507 (Men.

2071 5503 2488 5580 ξξωιηᾋΜδΙᾳ
2531 5507 2588 5563 in
2630 5508 2957 5580 quibusdam
3004 5503 3178 5580 libris,
3219 5508 3388 5564 etiam
3424 5505 3691 5563 editionis

2072 5575 2445 5651 Plautinianee,
2466 5576 2582 5651 _boc
2620 5575 3001 5651 testimonium,
3037 5578 3388 5651 conjunctum
3415 5586 3690 5651 eratﬁs‘u-

2069 5647 2288 5731 periori,
2339 5648 2487 5722 quod
2514 5665 2579 5707 ex
2617 5652 2932 5710 Proverbiis
2957 5647 3179 5719 citetur,
3208 5658 3271 5707 ut
3314 5648 3526 5707 notavit
3557 5647 3694 5707 Cia-

2069 5733 2278 5777 CODIUS.

2141 5800 2163 5827 °
2197 5793 2377 5866 Vulgo
2416 5792 2543 5850 edit.
2570 5808 2677 5849 non
2702 5794 2779 5849 est
2805 5795 3099 5863 sapientia,
3128 5810 3233 5851 non
3252 5801 3335 5852 est
3359 5792 3693 5865 prudentia,

2066 5879 2173 5919 non
2204 5870 2286 5922 est
2306 5867 2585 5921 consilium
2608 5869 2786 5922 contra
2806 5866 3101 5922 Dominum.
