4048 6208
408 304 511 357 695

1484 287 1762 345 JOANNIS
1799 285 2104 342 CASSIANI
2140 281 2630 339 COLLATIONES.

3615 272 3723 329 696

410 446 528 487 esse
556 443 747 485 omnes
769 425 1014 499 ejusdem
1053 421 1349 479 ferocitatis
1391 427 1446 475 et
1482 417 1758 486 desiderii,
1800 415 1900 472 sed
1929 429 2001 470 ne
2032 418 2085 480 Α
2116 412 2409 479 voluntate,
2439 425 2547 465 non
2600 422 2782 482 pugna
2809 402 3037 463 dicenda
3073 410 3192 472 est,
3230 415 3336 456 nec
3377 398 3718 470 colluctatio,

412 525 573 581 unius
598 522 818 596 quidem
856 516 1190 577 fortitudinis
1226 524 1390 587 atque
1442 510 1728 583 nequitia;
1775 518 1829 565 et
1869 508 2013 564 inci-

413 616 683 690 pientibus
706 613 929 687 quidem
957 620 1121 683 atque
1150 606 1381 663 inﬁrmis
1407 620 1521 662 non
1558 604 1660 660 nisi
1689 602 2015 659 infirmiores

413 709 635 783 spiritus
690 710 747 765 in
798 705 1093 763 certamine
1143 699 1472 774 comparari,
1519 706 1575 756 et
1624 696 1709 754 bis
1757 695 2016 768 nequitiis

413 801 748 874 spiritalibus
805 798 1099 871 superatis,
1166 795 1435 869 gradatim
1483 807 1700 865 semper
1753 789 2016 847 adversus

417 895 672 951 athletam
699 893 899 951 Christi
925 891 1203 949 robustior
1234 905 1413 962 pugna
1437 887 1715 944 succedet.-
1736 887 1845 941 Pro
1859 898 2015 939 com-

399 988 701 1068 paratione
747 986 1015 1060 siquidem
1064 985 1261 1040 virium
1321 998 1384 1038 ac
1438 979 1714 1054 profectus
1767 976 2014 1046 humani,

419 1082 582 1141 etiam
608 1082 903 1140 difﬁcultas
925 1078 1322 1137 colluctationis
1363 1084 1616 1147 augetur.
1656 1072 1819 1129 Nullo
1871 1071 2015 1127 enim

416 1175 583 1234 modo
604 1175 830 1248 quilibet
851 1181 1164 1230 sanctorum
1188 1169 1465 1226 sufficeret
1481 1167 1676 1223 talium
1707 1171 2015 1222 tantorum-

418 1286 523 1343 que
562 1270 806 1326 bostium
846 1264 1075 1323 sufferre
1110 1263 1432 1337 nequitiam,
1460 1260 1541 1317 vel
1567 1258 1777 1317 insidiis
1818 1272 2014 1314 eorum

420 1371 604 1435 posset
625 1376 932 1430 occurrere,
975 1359 1072 1417 sed
1107 1374 1208 1416 nec
1251 1356 1627 1414 crudelitatem
1672 1351 1900 1426 quidem
1953 1366 2018 1407 ac

417 1457 675 1514 savitiam
701 1457 983 1520 sustinere,
1011 1454 1058 1511 si
1098 1469 1210 1509 non
1241 1449 1519 1508 certamini
1555 1456 1746 1503 nostro
1776 1445 2020 1502 clemen-

418 1551 666 1607 tissimus
689 1549 894 1605 arbiter
915 1556 1075 1620 atque
1099 1550 1122 1579 ³
1154 1542 1485 1618 agonotbeta
1509 1540 1812 1613 prasidens
1854 1538 2018 1596 Chri-

417 1652 563 1713 stus,
578 1652 633 1698 et
655 1650 963 1715 exaquaret
986 1640 1398 1698 colluctantium
1421 1637 1582 1702 vires,
1609 1644 1663 1691 et
1688 1631 2016 1691 immodera-

417 1744 504 1793 tos
532 1751 726 1792 eorum
749 1735 1028 1807 repelleret
1051 1749 1114 1788 ac
1160 1730 1459 1787 refrenaret
1494 1729 1765 1795 incursus,
1792 1723 2019 1781 faceret-

2119 524 2296 581 neque
2316 515 2611 572 certamen,
2631 502 2730 561 sed
2762 501 2944 573 iniqua
2996 497 3246 570 quadam
3287 504 3345 552 et
3376 494 3723 553 irrationabi-

2122 604 2186 659 lis
2213 600 2631 674 oppugnationis
2659 595 2963 671 oppressio.
3012 592 3121 649 Sed
3169 590 3331 664 plane
3369 590 3625 646 laborant
3672 600 3726 649 et

2120 698 2225 767 ipsi
2273 711 2386 751 non
2422 695 2609 751 minus
2646 693 3027 765 impugnantes
3065 685 3373 742 humanum
3409 699 3604 758 genus,
3669 694 3727 744 et

2121 788 2391 847 desudant
2427 796 2488 844 ut
2517 785 2844 859 pravaleant
2874 782 2942 840 de
2984 794 3320 854 unoquoque
3365 778 3515 835 illam
3557 795 3725 851 quam

2122 884 2353 956 cupiunt
2395 881 2640 938 obtinere
2685 879 2983 946 victoriam,
3027 885 3083 932 et
3132 882 3481 946 retorquetur
3525 872 3582 929 in
3633 888 3726 932 eos

2124 977 2217 1035 illa
2252 975 2508 1034 confusio
2537 990 2661 1048 qua
2678 990 2781 1032 nos
2810 971 3068 1029 manebat
3097 969 3143 1026 si
3173 967 3243 1025 ab
3272 968 3405 1041 ipsis
3432 966 3727 1026 fuissemus

2122 1073 2263 1142 elisi,
2300 1069 2606 1146 secundum
2635 1067 2806 1124 illud:
2846 1068 3019 1137 Caput
3055 1065 3311 1118 circuitus
3343 1077 3545 1125 eorum,
3577 1062 3728 1118 labor

2122 1168 2382 1223 labrorum
2410 1169 2645 1237 ipsorum
2671 1164 2865 1235 aperiet
2888 1175 2970 1217 eos
2994 1155 3434 1230 (Psal.cxxxrx).
3469 1156 3560 1223 Et,
3597 1156 3730 1212 Con-

2121 1266 2355 1318 vertetur
2378 1262 2529 1316 dolor
2547 1259 2661 1331 ejus
2680 1260 2737 1312 in
2767 1259 2927 1326 caput
2954 1254 3068 1325 ejus
3112 1251 3302 1320 (Psal.
3335 1249 3473 1321 vn):
3513 1250 3589 1303 Et
3626 1248 3731 1305 ite-

2124 1371 2250 1411 rum
2278 1374 2295 1409 :
2348 1355 2543 1412 Veniat
2588 1352 2675 1406 illi
2714 1351 2937 1420 laqueus
2974 1361 3130 1418 quem
3179 1347 3417 1414 ignorat,
3457 1348 3511 1398 et
3554 1345 3731 1413 captio

2123 1466 2288 1521 quam
2313 1447 2604 1511 abscondit,
2636 1442 3008 1517 apprehendat
3038 1454 3159 1495 eum
3186 1444 3238 1495 et
3265 1441 3327 1494 in
3366 1439 3625 1509 laqueum
3643 1453 3730 1493 ca-

2125 1544 2221 1599 dat
2249 1544 2423 1611 (Psal.
2450 1539 2699 1610 xxxrv),
2728 1538 2783 1594 in
2814 1536 2995 1609 ipsum
3011 1533 3222 1590 scilicet
3246 1546 3415 1605 quem
3439 1546 3609 1604 super
3628 1529 3725 1587 ho-

2128 1636 2344 1693 minum
2370 1633 2690 1707 deceptione
2717 1629 2965 1687 molitur.
3003 1627 3206 1683 Dolent
3237 1625 3401 1698 igitur
3426 1624 3593 1683 etiam
3620 1624 3723 1697 ipsi

2126 1745 2239 1786 non
2258 1730 2438 1786 minus
2460 1748 2476 1795 ;
2497 1734 2555 1785 et
2576 1721 3045 1800 quemadmodum
3064 1736 3168 1778 nos
3191 1718 3426 1788 elidunt,
3449 1720 3553 1792 ipsi
3576 1734 3725 1791 quo-

420 1844 528 1902 que
550 1845 677 1886 cum
705 1828 1002 1885 tentatione
1022 1820 1048 1858 ¹³
1071 1824 1294 1887 exitum,
1334 1830 1396 1879 ut
1420 1821 1689 1879 sustinere
1713 1817 2008 1891 possimus.
2042 1817 2091 1880 Β
2118 1838 2226 1894 que
2271 1822 2525 1880 similiter
2564 1818 2865 1887 eliduntur,
2908 1831 3015 1872 nec
3064 1814 3200 1870 victi
3242 1813 3360 1870 sine
3395 1810 3723 1869 confusione

996 1930 1240 1986 CAPUT
1281 1927 1441 1982 XXI.

424 2030 582 2103 Quod
608 2030 867 2086 dammas
910 2042 1027 2083 cum
1073 2026 1377 2103 hominibus
1427 2037 1531 2077 non
1551 2022 1667 2076 sine
1708 2032 1805 2074 suo
1845 2018 2022 2073 labore

1072 2097 1380 2165 conﬂigant.

491 2208 650 2261 Hanc
703 2211 890 2259 autem
935 2211 956 2238 ε
987 2197 1430 2256 colluctationem
1458 2194 1579 2250 illos
1615 2208 1728 2249 non
1758 2191 1876 2248 sine
1907 2189 2018 2248 'suo

415 2293 695 2351 credimus
734 2291 920 2348 labore
962 2290 1252 2347 conficere.
1316 2288 1537 2346 Habent
1588 2302 1821 2360 namque
1858 2285 2023 2343 etiam

424 2387 530 2459 ipsi
558 2386 617 2442 in
644 2400 745 2442 suo
772 2384 1029 2441 conﬂictu
1056 2383 1356 2456 quamdam
1384 2383 1717 2440 anxietatem
1753 2389 1811 2439 et
1852 2381 2024 2437 tristi-

422 2480 580 2549 tiam,
603 2488 657 2535 et
686 2479 925 2535 maxime
961 2494 1090 2535 cum
1119 2477 1321 2535 fuerint
1347 2476 1695 2535 validioribus
1715 2475 1948 2542 amulis,
1967 2474 2024 2532 id

422 2582 524 2642 est,
576 2573 708 2631 viris
756 2572 956 2630 sanctis
1011 2571 1370 2645 perfectisque
1414 2570 1713 2644 congressi.
1765 2568 2024 2641 Alioquin

410 2672 536 2741 jam
571 2683 682 2724 non
708 2666 1000 2724 conﬂictus
1022 2682 1123 2722 nec
1140 2664 1471 2733 colluctatio,
1514 2663 1610 2721 sed
1649 2662 1879 2736 simplex
1906 2671 2022 2718 tan-

422 2771 563 2831 tum,
598 2771 674 2831 et,
705 2769 769 2818 ut
793 2761 864 2817 ita
893 2759 1148 2832 dixerim,
1181 2775 1370 2817 secura
1410 2759 1517 2815 illis
1561 2765 1703 2816 esset
1730 2757 2020 2815 hominum

424 2857 685 2914 attributa
712 2855 979 2928 deceptio.
1001 2857 1072 2912 Et
1101 2854 1378 2927 quomodo
1421 2859 1590 2911 staret
1612 2851 1747 2909 illud
1768 2852 2020 2925 Apostoli

425 2950 572 3023 quod
592 2950 743 3016 dicit,
771 2949 990 3019 NonIcst
1016 2950 1165 3003 nobis
1191 2949 1491 3003 colluctatio
1523 2948 1781 3002 adversus
1810 2962 2022 3001 carnem

423 3050 475 3101 et
493 3048 828 3113 sanguinem,
846 3044 939 3099 sed
956 3044 1209 3098 adversus
1220 3045 1584 3114 principatus,
1613 3041 1870 3096 adversus
1883 3045 2025 3111 pote-

425 3142 609 3201 states,
630 3138 883 3193 adt‘ersus
914 3136 1109 3191 mundi
1154 3140 1379 3190 rectores
1425 3134 1765 3189 tenebramm
1806 3133 2020 3198 harum,

2126 1914 2437 1975 discedunt.
2482 1916 2629 1986 Quas
2665 1927 2863 1969 eorum
2890 1908 3083 1966 ruinas
3111 1916 3279 1980 atque
3305 1905 3590 1963 conﬂictus
3628 1904 3723 1961 ille

2128 2012 2223 2085 qui
2246 2025 2409 2068 sanos
2439 2007 2714 2066 interioris
2740 2003 2986 2061 hominis
3023 2001 3213 2059 oculos
3241 1998 3551 2072 possidebat
3576 2012 3726 2070 quo-

2129 2104 2260 2163 tidie
2291 2118 2548 2171 cernens,
2572 2100 2867 2171 vidensque
2902 2112 2998 2154 eos
3026 2093 3428 2169 supergaudere
3464 2092 3649 2149 ruinis
3674 2097 3734 2149 et

2128 2199 2345 2258 casibus
2367 2196 2710 2271 singulorum
2729 2237 2745 2264 ,
2768 2210 2833 2251 ac
2859 2193 3057 2249 timens
3082 2206 3153 2247 ne
3174 2188 3244 2247 de
3270 2204 3332 2246 se
3356 2201 3574 2261 quoque
3601 2200 3732 2243 eve-

2127 2293 2274 2351 niret
2306 2293 2387 2350 eis
2428 2292 2534 2348 ista
2580 2288 2789 2357 latitia,
2831 2285 3137 2343 Dominum
3177 2282 3541 2356 deprecatur:
3591 2281 3727 2337 Illu-

2128 2388 2296 2449 mina,
2329 2382 2603 2456 inquiens,
2637 2380 2806 2437 oculos
2834 2394 2995 2443 meos,
3022 2394 3088 2433 ne
3114 2392 3373 2448 umquam
3397 2374 3727 2430 obdormiam

2148 2482 2207 2533 in
2236 2482 2431 2544 morte;
2471 2493 2536 2532 ne
2571 2474 2788 2546 quando
2815 2474 2962 2528 dicat
2984 2473 3229 2527 inimicus
3259 2485 3428 2534 meus,
3461 2468 3733 2525 Pratului

2130 2574 2387 2629 adversus
2413 2587 2551 2628 eum.
2581 2571 2687 2637 Qui
2704 2569 2970 2624 tribulant
3004 2583 3109 2631 me,
3138 2564 3511 2627 exsultabant,-
3532 2564 3583 2618 si
3614 2577 3733 2617 mo-

2130 2672 2218 2723 tus
2248 2669 2402 2737 fuero
2426 2664 2608 2738 (Psal.
2642 2662 2792 2734 xu).
2822 2665 2932 2718 Et:
2964 2665 3106 2718 Deus
3128 2675 3312 2728 meus,
3335 2674 3402 2713 ne
3427 2671 3733 2728 supergau-

2130 2763 2295 2819 deant
2318 2762 2475 2825 mihi,
2496 2760 2765 2816 ne'dicant
2782 2760 2839 2813 in
2861 2757 3108 2813 cordibus
3130 2757 3265 2819 suis,
3286 2757 3453 2823 Euge,
3476 2767 3609 2822 euge
3624 2752 3736 2805 ani-

2129 2873 2232 2911 mae
2273 2857 2516 2920 nostra;'
2542 2869 2637 2909 nec
2675 2853 2884 2921 dicant,
2926 2851 3306 2908 Devorabimus
3371 2863 3491 2903 eum
3539 2845 3727 2914 (Psal.

2129 2953 2347 3015 xxxrv)
2370 2969 2387 3017 ;
2411 2957 2493 3005 et:
2524 2948 2895 3005 Frenduerunt
2920 2961 3176 3017 superme
3197 2944 3447 3000 dentibus
3465 2945 3594 2998 suis.
3622 2946 3733 2998 Do-

2131 3046 2293 3109 mine,
2319 3043 2533 3115 quando
2572 3044 2821 3114 respicies
2876 3041 3054 3108 (Ibid.
3079 3039 3132 3112 )P
3168 3036 3457 3095 insidiatur
3503 3035 3647 3092 enim
3672 3036 3732 3093 in

2130 3138 2475 3207 abscondito,
2515 3146 2577 3195 ut
2621 3137 2706 3194 leo
2751 3136 2807 3194 in
2845 3135 3007 3193 cubili
3030 3150 3132 3192 suo
3154 3176 3171 3204 ,
3216 3132 3510 3191 insidiatur
3537 3140 3596 3188 ut
3633 3146 3730 3187 ra-

426 3233 610 3284 contra
624 3228 901 3298 Spiritalia
919 3227 1173 3296 nequitia:
1198 3230 1253 3281 in
1273 3220 1562 3282 caelestibus
1583 3226 1794 3297 (Ephes.
1822 3226 1934 3298 γι).
1959 3228 2025 3281 Et
2055 3237 2101 3301 ο
2131 3234 2238 3306 piat
2266 3248 2588 3307 pauperem.
2638 3234 2730 3300 Et,
2781 3231 2986 3299 Quarit
3022 3246 3057 3284 a
3085 3232 3192 3286 Deo
3220 3242 3394 3285 escam
3429 3227 3535 3281 sibi
3564 3224 3729 3297 (Psal.

426 3321 594 3379 illud:
644 3323 924 3393 Sicpugno
957 3336 1065 3376 non
1107 3323 1269 3391 quasi
1298 3336 1471 3376 aerem
1498 3319 1776 3377 verberans
1807 3320 1860 3392 (ἰ
1900 3322 2020 3378 Cor.

426 3415 529 3487 1x).
566 3418 637 3471 Et
666 3414 891 3479 iterum,
916 3417 1123 3472 Bonum
1159 3429 1382 3484 agonem
1405 3416 1607 3469 certari
1626 3414 1707 3486 (Il
1736 3417 1869 3472 Tim.
1898 3415 2019 3488 ιν).

428 3508 541 3567 Ubi
569 3509 721 3565 enim
749 3508 776 3543 ἀ
794 3523 938 3580 agon
959 3506 1175 3579 dicitur,
1199 3516 1253 3563 et
1274 3517 1572 3579 certamen,
1592 3517 1648 3565 et
1684 3524 1884 3583 pugna,
1926 3524 2023 3567 seu

427 3604 760 3674 colluctatio,
792 3616 1011 3658 necesse
1033 3610 1115 3658 est
1138 3609 1195 3659 et
1211 3602 1494 3675 utrimque
1526 3602 1714 3672 sudor,
1753 3613 1808 3661 et
1843 3603 2021 3674 labor,

426 3706 482 3754 et
507 3694 815 3754 sollicitudo
864 3694 1141 3764 subeatur,
1174 3702 1227 3751 et
1260 3694 1541 3767 aqualiter
1576 3694 1696 3752 illos
1733 3696 1816 3752 vel
1862 3712 2026 3769 super

427 3792 728 3864 dejectione
756 3797 976 3846 maneat
1020 3787 1179 3845 dolor
1213 3797 1378 3862 atque
1401 3786 1672 3858 confusio,
1703 3789 1817 3845 vef~
1830 3789 1900 3847 de
1940 3791 2023 3848 vi-

427 3886 598 3943 ctoria
635 3883 897 3959 gaudium
936 3891 1327 3956 consequatur.
1351 3883 1452 3939 Ubi
1479 3899 1603 3942 vero
1631 3884 1740 3940 alio
1767 3894 1895 3942 cum
1925 3902 2023 3944 su-

425 3978 558 4036 dore
578 3979 841 4047 luctante,
872 3976 1011 4034 alius
1037 3993 1166 4034 cum
1191 3975 1302 4034 otio
1331 3992 1396 4033 ae
1423 3978 1712 4035 securitate
1754 3981 2020 4055 conﬂigit,

425 4080 481 4129 et
513 4071 585 4130 ad
613 4069 979 4146 dejiciendum
1006 4070 1273 4130 amulum
1316 4070 1430 4129 sola
1470 4088 1569 4145 pro
1620 4073 1825 4131 viribus
1855 4075 2024 4133 utitur

2144 3343 2262 3384 cui
2278 3327 2319 3400 ).
2365 3327 2473 3397 Qui
2500 3339 2726 3382 rursum
2749 3323 2957 3380 cunctis
2980 3322 3270 3379 conatibus
3298 3319 3576 3393 expensis,
3600 3332 3731 3375 cum

2130 3421 2508 3494 deceptionem
2532 3426 2781 3478 nostram
2821 3434 2937 3475 non
2964 3414 3241 3490 potuerint
3272 3413 3538 3483 obtinere,
3569 3426 3734 3484 super

2132 3523 2344 3571 cassato
2374 3513 2563 3570 labore
2588 3528 2712 3581 suo,
2742 3525 2965 3569 necesse
3012 3517 3096 3565 est
3131 3516 3195 3565 ut
3228 3505 3636 3564 confundantur
3672 3512 3730 3560 et

2132 3608 2452 3666 erubescant
2474 3606 2568 3678 qui
2594 3613 2848 3679 quarunt
2878 3605 3096 3661 animas
3120 3610 3361 3671 nostras,
3393 3609 3456 3657 ut
3479 3597 3732 3656 auferant

2133 3719 2224 3760 eas
2238 3747 2257 3772 ,
2280 3702 2582 3757 induantur
2600 3701 2906 3767 confusume
2922 3704 2974 3754 et
2985 3699 3192 3769 pudore
3215 3698 3314 3767 qui
3325 3697 3557 3764 cogitant
3578 3694 3732 3750 nobis

2131 3797 2283 3852 mala
2310 3799 2415 3861 (Ps.
2452 3793 2694 3864 xxxrv).
2725 3791 2989 3849 Jeremias
3016 3804 3262 3863 quoque,
3291 3785 3722 3853 Confundantur,

2132 3888 2308 3962 inquit
2327 3930 2343 3958 ,
2368 3890 2471 3953 illi,
2493 3892 2543 3944 et
2568 3903 2672 3943 non
2690 3886 2997 3955 confundar
3012 3900 3139 3955 ego;
3160 3884 3392 3955 par-eant
3411 3880 3517 3943 illi,
3539 3884 3591 3935 et
3621 3895 3732 3935 non

2130 3999 2359 4055 paveam
2373 3998 2467 4053 ego
2484 4003 2501 4052 ;
2521 3982 2684 4038 induc
2696 3996 2859 4053 super
2873 3995 2956 4036 eos
2972 3981 3112 4035 iram
3122 3979 3334 4045 furoris
3345 3979 3447 4041 tui,
3461 3982 3511 4032 et
3523 3973 3738 4047 duplici

2131 4079 2447 4133 contritione
2467 4081 2673 4132 contere
2690 4089 2773 4130 eos
2796 4074 3010 4145 (Jerem.
3030 4070 3196 4143 xvu)
3212 4110 3228 4123 .
3259 4070 3403 4127 Nulli
3421 4068 3630 4126 etenim
3643 4066 3735 4125 du-

1527 4181 1785 4239 ALARDI
1820 4185 2047 4243 GAZAZI
2081 4183 2641 4244 COMMENTARIUS.

428 4292 512 4368 tus
540 4291 817 4368 nequiores
834 4291 1130 4368 se,_et_f_i_eri
1167 4291 1457 4368 nopissima
1482 4290 1729 4368 _hominis
1769 4292 1927 4368 illius
1934 4309 2029 4363 pe-

418 4360 545 4427 jora
563 4360 836 4434 prioribus
864 4360 1089 4434 (Matth.
1119 4375 1212 4434 χιι
1232 4360 1272 4429 ).
1311 4359 1450 4434 Yide
1482 4359 1582 4434 hac
1614 4363 1681 4416 de
1707 4359 2030 4434 replepidum

426 4429 741 4507 exemplum
784 4428 926 4499 apud
967 4428 1269 4507 Caesarium
1311 4429 1726 4507 Cisterciensem
1760 4428 1858 4507 lib;
1897 4450 1929 4488 ν
1959 4433 2028 4491 de

427 4498 791 4554 Dambnibus
819 4498 939 4569 cap.
971 4502 1062 4565 36,
1078 4514 1187 4569 quo
1209 4500 1447 4555 ostendit
1462 4516 1578 4555 non
1603 4516 1797 4558 omnes
1819 4504 2027 4560 damo-

425 4582 526 4624 nes
561 4581 717 4638 aque
762 4568 938 4624 malos
954 4576 1010 4623 et
1050 4568 1242 4638 noxios
1278 4584 1416 4626 esse.
1475 4571 1744 4628 Palladius
1780 4574 1913 4631 item
1973 4575 2029 4631 in

426 4637 744 4716 Vita__Pauli_
773 4637 1214 4711 Simplicisrefert
1236 4641 1291 4716 _S.
1315 4641 1627 4716 Antonium;
1650 4658 1760 4699 non
1792 4646 2031 4716 potuisse

426 4710 693 4786 expellere
711 4709 1021 4786 damonem
1057 4712 1349 4786 quemdam
1377 4712 1722 4786 principalem
1763 4709 1869 4786 (sic
1903 4732 2029 4774 eum

426 4781 635 4859 yocat),
684 4783 1008 4859 eumquead
1040 4781 1270 4859 Paulum
1300 4781 1579 4859 remisisse
1626 4781 2025 4859 expellendum.

427 4854 562 4910 Vide
585 4871 703 4928 cap.
747 4862 807 4911 3|
829 4854 1008 4928 'hujus
1036 4855 1361 4928 collationis.

496 4871 562 4910 ae
585 4871 703 4979 cap.
747 4871 807 4911 δι
846 4871 1008 4928 ηυμις
1036 4871 1361 4912 οοιιαιιοωε.

496 4935 521 4960 ⁸
550 4928 753 5009 De_1ac_
764 4942 902 5006 _voce
897 4927 1056 5009 __alias
1071 4927 1297 5009 dictum
1320 4935 1407 5009 est
1436 4927 1577 5009 (Lib.
1609 4945 1698 4994 v1,
1720 4948 1765 4987 c.
1788 4932 1872 5009 s).
1909 4934 2030 5004 Qua

424 5009 556 5070 usus
579 5001 679 5070 est_
708 4998 871 5070 etiam
897 4998 1286 5067 Tertullianus,
1316 4998 1392 5055 ita
1428 4998 1705 5070 martyras
1737 4998 2030 5060 exhortans

429 5068 572 5152 (Lib.
604 5066 679 5151 ad
701 5067 979 5136 Martyras
998 5084 1114 5152 cap:
1140 5070 1202 5139 3)
1218 5087 1254 5152 _:
1273 5073 1478 5126 Bonum
1522 5066 1751 5152 agonem
1789 5076 2030 5152 subituri

426 5140 665 5223 gstis,_‘in
686 5154 790 5210 quo
816 5138 1166 5223 lagonothetes
1405 5157 1545 5223 unus
1564 5138 1671 5223 est,
1710 5147 2029 5223 xystarclies

422 5209 662 5284 Spiritus
674 5215 914 5284 sanctus,
937 5225 1131 5284 corona
1147 5214 1468 5284 calamitatis
1490 5209 2030 5284 braviumfangelicw

420 5282 734 5336 substantia
770 5281 965 5352 politia
988 5283 1045 5335 in
1073 5281 1234 5348 calis,
1273 5283 1446 5351 gloria
1477 5286 1534 5339 in
1565 5287 1763 5340 saecula
1804 5281 2029 5342 saculo-

422 5365 565 5425 rum.
609 5354 801 5421 Itaque
835 5355 1088 5425 epistulas
1124 5358 1297 5408 vester
1336 5355 1577 5411 Christus
1609 5358 1777 5419 Iesus,
1806 5359 1904 5425 qui
1936 5372 2027 5413 vos

418 5423 650 5495 spiritus
680 5423 1027 5495 unxit,_etad
1050 5423 1144 5479 hoc
1162 5439 1397 5479 scamma
1420 5427 1702 5495 produxit,
1742 5423 1892 5493 eté,;
1931 5427 2026 5483 ubi

419 5494 705 5576 exponitur
751 5493 1118 5576 anlthenano.
1141 5493 1462 5569 agnothetes
1483 5497 1580 5576 _qui
1634 5505 1909 5576 certamen
1946 5498 2029 5555 in-

417 5566 850 5649 struit‘pramio
899 5566 1211 5649 proposito}
1266 5566 1581 5649 xystarclies
1626 5568 1770 5639 xysti
1804 5584 2025 5649 praeses,

418 5632 543 5719 logi,
569 5632 841 5719 inquam,
875 5632 954 5719 in
1001 5632 1139 5719 'quo
1181 5632 1278 5711 per
1304 5632 1576 5719 'biemem
1629 5632 2025 5719 citercébantur

416 5704 950 5784 atb_letar,'epista_tes
959 5704 1308 5784 athletarum
1339 5709 1595 5784 magister
1636 5710 1820 5784 (Vide,
1848 5729 2022 5784 supra

418 5778 594 5853 collat.
627 5783 662 5834 6
685 5778 745 5853 c3;
781 5779 899 5850 16).
952 5781 1008 5853 ὃ.
1056 5778 1617 5853 Ηῇετοιιγιῃιιεέρίεῑ.
1646 5778 1734 5840 ’28
1760 5783 1828 5840 ad
1862 5778 2021 5841 Luci-

417 5848 575 5905 nium
625 5868 639 5905 :
690 5851 807 5907 Non
836 5848 934 5914 est,
969 5848 1149 5921 inquit
1200 5848 1419 5907 inuidus
1457 5848 1777 5922 agonotheta
1811 5862 2018 5920 noster:

2134 4310 2228 4349 nec
2263 4294 2485 4348 alterius
2507 4291 2697 4361 palma
2725 4289 2891 4343 alteri
2904 4291 3097 4361 parat
3119 4287 3486 4356 ignominiam
3520 4301 3535 4340 :
3563 4297 3734 4341 omnes

2136 4366 2369 4419 athletas
2398 4377 2519 4417 suos
2545 4361 2813 4415 desiderat
2853 4360 3120 4414 coronari.

2206 4428 2333 4489 l’Ita
2353 4432 2552 4504 passim
2575 4431 2948 4504 legiteaitum,
2988 4429 3114 4504 quia
3145 4427 3344 4504 graec
3387 4426 3616 4504 ἔκϐασψ,
3674 4432 3731 4481 ut

2132 4506 2206 4562 sit
2240 4497 2432 4560 sensus
2466 4522 2479 4558 :
2508 4502 2554 4559 si
2574 4497 2806 4558 tentatio
2828 4497 3112 4572 ingruerit,
3138 4497 3301 4572 faciet
3335 4505 3401 4553 ut
3441 4498 3631 4572 statim
3667 4509 3728 4572 ea

2134 4576 2352 4641 evolet,
2392 4581 2714 4646 superetur,
2762 4566 3050 4628 evanbscat
3094 4570 3266 4642 (Vide
3310 4574 3467 4626 notas
3505 4571 3582 4625 ad
3626 4566 3730 4623 col-

2139 4650 2243 4705 lat.
2291 4653 2323 4702 3
2353 4645 2474 4716 cap.
2502 4645 2621 4716 17).

2059 4696 2111 4760 D
2140 4696 2241 4792 θ’θ’
2259 4696 2652 4792 adgressa:
2683 4715 2859 4792 prima
2898 4712 3081 4792 fronte
3116 4711 3207 4792 de,
3229 4710 3415 4792 labore
3436 4707 3728 4792 £0me

2136 4778 2850 4862 intelligereXCum'enim
2896 4783 3143 4862 superius
3188 4784 3348 4856 (Cap.
3394 4784 3516 4862 13)_
3539 4778 3731 4862 dixerit

2134 4851 2416 4918 daemones
2458 4875 2572 4916 non
2603 4872 2721 4914 esse
2756 4851 2982 4929 prorsus
3018 4851 3388 4927 incorp'oréos,
3420 4851 3521 4911 sed
3539 4851 3731 4909 habere

2134 4947 2368 5004 corpus,
2416 4930 2540 4986 licet
2563 4926 3015 5004 _multo'tenuius_
3047 4926 3217 4998 quam
3260 4940 3396 5004 nos,
3439 4931 3727 5004 consenta-

2135 4995 2303 5059 neu'm
2331 4995 2447 5059 esse
2493 5000 2707 5057 videtur
2750 5015 2843 5056 eos
2886 4995 3172 5054 nobiseum
3204 4996 3553 5053 colluctando
3582 4995 3725 5051 labo-

2137 5090 2278 5153 rare,
2319 5081 2375 5130 et
2414 5072 2604 5153 labore
2638 5069 2881 5153 corporis
2902 5084 3063 5153 posse
3084 5067 3323 5153 fatigari.
3362 5069 3575 5124 Verum
3610 5077 3731 5153 opm

2137 5136 2460 5221 hujusmodi
2497 5136 2805 5221 colluctatio
2833 5136 3087 5221 spiritalis
3113 5136 3218 5207 sit:
3246 5136 3726 5221 noncorporalis,

2136 5224 2193 5272 et
2211 5207 2386 5292 'ipsos
2427 5215 2711 5292 daemones
2744 5207 2901 5285 plane
2929 5212 3307 5292 incorporeas.
3330 5218 3387 5265 et
3425 5207 3733 5292 spirituales

2135 5278 2497 5344 esse'abunde
2519 5278 2956 5353 demonstratum
2979 5284 3073 5349 sit,
3085 5278 3209 5339 "non
3239 5281 3412 5353 alium
3447 5278 3731 5352 imaginari

2137 5372 2428 5428 possumus
2463 5351 2705 5413 laborem
2729 5355 3076 5428 daemonibus
3110 5351 3434 5428 convenire,
3456 5351 3619 5424 quam
3641 5362 3727 5403 na-

2134 5423 2274 5485 tura
2300 5442 2494 5499 eorum
2517 5434 2929 5499 congruentem,
2959 5425 3016 5483 id
3037 5434 3139 5499 est,
3167 5423 3501 5499 spiritualem
3522 5441 3538 5490 ;
3561 5433 3728 5499 quem

2208 5498 2492 5570 stmodum
2516 5489 2898 5570 interpretatur
2916 5489 3277 5570 anxietatem,
3291 5489 3598 5570 tristitiam,
3624 5489 3731 5570 glo-

2155 5586 2333 5638 orem,
2357 5563 2768 5640 confusionem,
2795 5567 3201 5638 contritionem,
3224 5563 3355 5637 etc.,
3385 5581 3512 5639 qua
3528 5565 3586 5621 in
3612 5563 3732 5640 da-

2133 5635 2390 5698 monibus
2419 5642 2696 5713 passiones
2722 5635 2851 5698 sunt
2877 5635 3210 5713 spirituales,
3256 5635 3727 5713 noncorporales.

2200 5714 2227 5750 ἀ
2256 5706 2441 5786 Agon,
2477 5712 2677 5786 idest,
2709 5706 2988 5769 certamen
3016 5730 3030 5767 :
3058 5710 3201 5786 unde
3230 5706 3630 5786 _ag9_nista,‘_qui
3672 5706 3728 5786 in

2129 5777 2647 5853 agonc'wn'tendit,
2665 5777 2953 5856 'Acertator,
2982 5784 3162 5856 pugil,
3194 5777 3484 5855 gladiator.
3509 5777 3728 5837 Tertul-

2127 5857 2307 5914 lianus
2331 5854 2731 5929 deSpectaculis
2746 5871 2867 5928 cap.
2898 5861 2957 5912 11
2979 5854 2994 5908 ζ
