4024 6208
266 345 367 399 697

676 335 1016 395 COLLATIO
1055 336 1168 391 Vll.
1208 364 1280 376 —
1318 335 1407 390 DE
1444 334 1678 391 ΑΝΙΜᾹΞ
1715 333 2135 392 MOBILITATE
2176 337 2260 393 ET
2299 337 2763 396 SPlRlTALlBUS
2800 341 3161 409 NEQUlTllS.

3430 194 3465 205 ιρ

3473 350 3579 405 698

267 465 422 523 bium
456 471 555 531 est,
594 478 726 519 cum
753 476 785 517 a
820 460 985 516 nobis
1016 458 1221 517 fuerint
1247 458 1509 532 superati,
1535 459 1863 516 contritione
1890 465 1944 527 Α
1970 461 2208 518 minibus
2249 462 2487 535 legentes
2514 463 2627 520 sive
2665 475 2956 535 canentes,
2998 468 3109 525 nisi
3134 478 3160 504 α
3209 478 3402 526 contra
3440 472 3575 530 istas

268 571 362 614 eos
377 556 577 630 duplici
597 552 959 612 conterendos
976 572 989 607 :
1010 552 1252 625 primum
1265 550 1415 624 quod
1436 551 1758 609 hominibus
1772 567 1868 608 ex-

269 651 567 723 petentibus
579 649 957 717 sanctitatem,
976 647 1054 703 illi
1067 662 1190 703 eam
1206 644 1541 718 possidentes
1558 645 1864 715 amiserint,

265 761 538 819 causaque
594 743 901 803 exstiterint
956 741 1278 814 perditionis
1328 739 1613 809 humanae;
1669 740 1868 798 deinde

267 839 415 912 quod
452 838 727 911 spiritales
753 836 1071 894 substantia:
1098 835 1301 892 fuerint
1347 851 1378 890 a
1409 834 1718 891 carnalibus
1754 843 1870 891 ter-

266 934 518 1005 renisque
544 933 786 990 devictae.
818 932 934 987 Has
961 930 1129 1003 igitur
1147 928 1333 986 ruinas
1357 928 1605 985 hostium
1633 943 1869 1002 suasque

267 1028 525 1084 victorias
570 1026 788 1085 intuens
833 1011 1559 1099 unusquisqué’sanctorum
1597 1040 1725 1081 cum
1771 1040 1867 1081 ex-

265 1121 562 1179 sultatione
586 1121 907 1195 'proclamat
954 1142 968 1178 :
1010 1124 1310 1190 Persequar
1340 1123 1580 1175 inimicos
1616 1135 1782 1183 meos,
1818 1124 1869 1176 et

267 1218 705 1289 comprehendam
731 1234 843 1284 eos,
874 1222 925 1274 et
949 1233 1056 1273 non
1078 1221 1357 1273 convertar
1382 1216 1545 1271 donec
1567 1216 1819 1285 deficiant
1847 1234 1865 1270 :

267 1313 612 1381 confringam
642 1328 725 1368 eos
750 1327 843 1367 nec
864 1314 1122 1382 poterunt
1142 1314 1309 1377 stare,
1336 1309 1530 1364 cadent
1557 1309 1747 1363 subtus
1766 1324 1865 1378 pe-

266 1405 360 1460 des
406 1420 544 1462 meos
599 1405 766 1477 (Psal.
821 1404 995 1476 xvu).
1045 1404 1249 1460 Contra
1299 1416 1442 1473 quos
1486 1401 1654 1457 etiam
1700 1415 1866 1457 orans

267 1494 408 1552 idem
458 1496 751 1568 Propheta,
807 1497 1017 1559 Judica,
1066 1495 1267 1567 inquit,
1323 1495 1577 1561 Domine,
1625 1497 1864 1549 nocentes

270 1604 372 1658 me;
415 1604 668 1660 expugna
696 1592 1067 1659 impugnantes
1107 1604 1220 1655 me;
1251 1586 1591 1658 apprehende
1619 1602 1774 1642 arma
1814 1592 1867 1642 et

269 1687 493 1746 scutum,
525 1686 575 1738 et
602 1697 828 1751 exsurge
854 1684 912 1736 in
939 1681 1279 1751 adiutorium
1300 1681 1458 1744 mihi,
1484 1679 1715 1749 effunde
1738 1682 1866 1747 fra-

268 1792 450 1846 meam,
482 1780 533 1830 et
558 1774 809 1831 conclude
833 1774 1090 1829 adversus
1118 1789 1202 1829 eos
1220 1775 1322 1844 qui
1332 1777 1735 1844 persequuntur
1760 1789 1862 1838 me,

1974 555 2252 626 nequitias
2300 555 2608 626 spirituales
2645 572 2770 630 qua:
2809 559 2968 616 nobis
3016 560 3340 618 insidiantur
3385 562 3613 631 diebus-

1974 665 2040 705 ac
2094 649 2348 706 noctibus
2405 649 2775 723 acceperimus
2836 651 3006 711 fuisse
3070 657 3398 729 conscripta,
3464 673 3579 715 non

1975 741 2146 799 modo
2180 758 2244 798 ex
2265 743 2341 800 eis
2383 743 2807 801 aediﬁcationem
2836 746 3004 803 ullam
3033 746 3267 806 lenitatis
3296 759 3351 806 et
3366 751 3578 824 patien-

1974 838 2068 893 tiae
2098 853 2516 911 consequemur,
2549 838 2647 897 sed
2674 840 2840 896 etiam
2875 840 3059 897 dirum
3088 843 3381 915 quemdam
3411 854 3574 917 atque

1975 931 2313 987 contrarium
2341 932 2671 1005 evangelicae
2702 933 3019 1006 perfectioni
3048 938 3413 1010 concipiemus
3442 937 3585 996 affe—

1976 1031 2150 1080 ctum.
2188 1026 2311 1081 Non
2351 1025 2534 1081 solum
2574 1024 2722 1082 enim
2751 1026 3075 1084 docebimur
3122 1046 3235 1086 non
3275 1046 3434 1087 orare
3476 1048 3580 1105 pro

1976 1118 2212 1175 inimicis
2250 1119 2475 1189 nostris,
2517 1134 2621 1174 nec
2658 1118 2883 1192 diligere
2918 1136 3039 1189 eos,
3084 1122 3179 1178 sed
3208 1125 3377 1181 etiam
3425 1124 3580 1183 dete-

1975 1212 2107 1269 stari
2137 1212 2260 1268 illos
2289 1212 2621 1284 implacabili
2657 1211 2786 1269 odio
2815 1215 3253 1285 provocabimur,
3284 1211 3312 1249 ¹³
3339 1218 3578 1276 maledi-

1973 1319 2095 1361 cere
2121 1306 2203 1363 eis
2240 1313 2405 1377 atque
2435 1305 2744 1363 orationem
2774 1306 3037 1364 adversus
3070 1323 3165 1365 eos
3206 1309 3582 1369 indesinenter

1972 1398 2268 1457 effundere.
2307 1409 2329 1437 ο
2366 1400 2504 1470 Qua:
2527 1400 2623 1457 tali
2652 1400 2849 1474 spiritu
2875 1402 3191 1474 prolocutos
3232 1400 3406 1460 fuisse
3435 1404 3581 1463 viros

1973 1502 2192 1552 sanctos
2218 1503 2272 1551 et
2303 1495 2512 1552 amicos
2537 1497 2642 1551 Dei
2668 1496 2967 1569 intelligere
2995 1512 3259 1570 perquam
3289 1500 3580 1556 scelestum

1972 1595 2056 1643 est
2083 1604 2149 1644 ac
2186 1586 2499 1659 profanum,
2545 1588 2742 1661 quibus
2766 1598 2895 1646 ante
2925 1589 3219 1647 adventum
3258 1592 3460 1648 Christi
3489 1592 3577 1651 id-

1973 1681 2125 1737 circo
2171 1697 2285 1737 non
2328 1691 2412 1738 est
2460 1682 2543 1738 lex
2589 1681 2786 1755 posita,
2836 1698 2902 1739 eo
2933 1683 3081 1756 quod
3130 1685 3578 1744 transcendentes

1974 1773 2231 1831 mandata
2268 1775 2407 1847 ejus,
2455 1776 2779 1848 evangelicis
2806 1792 2994 1848 parere
3036 1780 3320 1850 praeceptis
3348 1788 3401 1835 et
3439 1796 3577 1852 apo-

269 1870 350 1925 dic
388 1872 582 1925 anim
610 1885 738 1926 meae
771 1888 786 1923 :
825 1869 986 1926 Salus
1020 1873 1118 1923 tua
1153 1884 1242 1937 ego
1269 1884 1389 1924 sum
1419 1867 1586 1939 (Psal.
1626 1867 1860 1937 xxxrv).
1896 1847 1945 1909 B
1972 1868 2175 1925 stolicae
2204 1867 2525 1941 perfectioni
2566 1847 2823 1939 studere,
2854 1847 3253 1942 prmvenientes
3293 1847 3578 1946 dispensa-

268 1965 415 2036 Quos
442 1981 592 2032 cum,
620 1964 858 2023 subditis
882 1973 939 2021 et
965 1964 1246 2021 exstinctis
1292 1963 1565 2021 universis
1594 1964 1863 2036 passioni-

267 2058 385 2127 bus,
421 2059 737 2128 vicerimus,
765 2058 1103 2115 merebimur
1138 2057 1292 2113 illam
1334 2055 1729 2114 benedictionis
1762 2071 1868 2113 vo-

266 2166 384 2208 cem
404 2160 805 2223 consequenter
825 2149 1035 2219 audire,
1055 2153 1349 2207 Emaltetur
1370 2165 1565 2205 manus
1586 2155 1680 2205 tua
1704 2165 1866 2221 super

270 2246 441 2300 hostes
468 2250 603 2309 tuos,
641 2249 694 2300 et
714 2259 890 2300 omnes
928 2246 1136 2299 inimici
1162 2245 1247 2299 tui
1266 2245 1524 2314 peribunt
1562 2242 1741 2315 (Mich.
1776 2242 1859 2314 ν).

214 2376 219 2381 -
272 2338 405 2394 flare
429 2337 592 2411 igitur
618 2337 805 2395 omnia
832 2347 887 2393 et
914 2335 999 2393 his
1038 2337 1235 2394 similia
1264 2337 1435 2393 sacris
1476 2336 1677 2393 inserta
1705 2337 1857 2393 volu-

1976 1962 2183 2019 tionem
2210 1963 2498 2035 temporis,
2530 1964 2861 2021 maluerunt.

2525 2067 2769 2127 CAPUT
2814 2071 3006 2127 XXII.

1975 2164 2126 2233 Quod
2160 2178 2266 2220 non
2301 2165 2375 2219 sit
2402 2168 2641 2234 potestas
2670 2167 2895 2292 Ἤθεηὲἰὶ
2926 2168 2987 2222 in
3015 2168 3242 2223 arbitrio
3275 2132 3575 2226 deemomtm

2630 2254 2688 2292 co
2731 2253 2824 2292 oca
2851 2254 2905 2292 a.

2630 2253 2707 2292 θοι
2712 2253 2728 2291 ι
2731 2253 2905 2296 οεαῑα.

2041 2336 2067 2371 ά
2109 2336 2231 2391 Non
2270 2334 2469 2393 habere
2496 2343 2696 2403 ﬁautem
2739 2352 2834 2395 eos
2879 2346 3204 2411 potestatem
3237 2354 3571 2413 quemquam

1354 2453 1610 2509 ALARDI
1648 2454 1874 2510 ϐΑΖᾹ-ἶῐ
1914 2453 2470 2512 COMMENTARIUS.

336 2564 360 2593 ⁸
390 2563 574 2635 Potest
591 2559 701 2635 hoc
736 2568 792 2616 et
827 2548 1058 2635 alterum
1094 2561 1254 2634 hujus
1286 2560 1865 2635 abbatislparadoxon

265 2631 493 2703 censeri,
539 2631 688 2703 quod
717 2647 910 2688 omnes
952 2633 1071 2689 illas
1094 2631 1407 2702 sententias,
1452 2631 1567 2689 tam
1612 2650 1675 2689 ex
1710 2634 1865 2689 Psal-

264 2702 367 2776 mis
411 2702 577 2776 quam
623 2716 689 2757 ex
736 2702 1020 2776 Prophetis
1065 2703 1384 2776 productas,
1435 2712 1588 2774 putet
1612 2773 1624 2776 Α
1644 2704 1867 2776 intelligi

1972 2564 2307 2631 matizando;
2335 2565 2473 2619 sicut
2497 2568 2547 2619 et
2560 2565 2837 2634 propheta:
2855 2568 2913 2620 in
2936 2567 3230 2636 Scripturis
3252 2567 3571 2636 quandoque

1973 2636 2339 2703 imprecantur
2358 2636 2504 2687 mala
2516 2637 2899 2705 peccatoribus,
2911 2639 3071 2705 quasi
3086 2640 3474 2705 conformantes
3484 2653 3572 2692 υο-

1976 2705 2249 2759 luntatem
2259 2719 2413 2757 suam
2429 2705 2630 2758 divina:
2642 2704 2895 2773 justitice,
2911 2704 3032 2761 licet
3058 2707 3140 2760 ha:
3166 2704 3570 2775 imprecationes

264 2772 463 2831 dobere
508 2773 766 2847 adversus
804 2772 1105 2847 daemones,
1148 2789 1259 2847 non
1302 2772 1570 2847 adversus
1611 2772 1868 2847 homines
1968 2776 2181 2847 possint
2228 2776 2391 2830 etiam
2418 2790 2521 2847 per
2552 2772 2781 2847 modum,
2801 2772 3274 2845 par-renuntiationis
3320 2775 3567 2845 intelligi.

266 2859 383 2902 esse
413 2844 666 2913 prolatas.
702 2850 775 2900 At
802 2860 916 2901 non
945 2844 1167 2902 tantum
1196 2846 1265 2902 de
1290 2846 1653 2909 daemonibus,
1681 2845 1737 2902 id
1755 2854 1859 2913 est,

2237 2861 2303 2900 ue
2340 2860 2460 2900 vero
2487 2846 2694 2900 dicitur
2733 2846 2959 2916 aliquod
2991 2848 3197 2901 malum
3226 2847 3326 2901 sub
3363 2850 3572 2902 ratione

266 2914 938 2988 hostibusuinvisibilibus,
987 2916 1084 2973 sed
1133 2917 1298 2973 etiam
1348 2916 1416 2974 de
1458 2916 1761 2974 visibilibus
1805 2926 1861 2973 et
1967 2918 2139 2980 utilis,
2153 2914 2293 2986 puta
2317 2932 2437 2971 cum
2450 2917 2655 2986 aliquis
2675 2914 3085 2987 optat—aliquem
3100 2923 3427 2988 peccatorem
3450 2920 3575 2988 pati

264 2986 639 3058 corporalibus
680 2986 903 3057 intelligi
950 3003 1138 3058 posse,
1192 2997 1258 3044 ut
1298 3003 1492 3058 omnes
1514 2988 1859 3058 interpretes
1966 2989 2213 3057 aliquam
2231 2988 2625 3056 wgritudinem,
2646 2992 2745 3043 aut
2768 2986 2991 3057 aliquod
3010 2986 3471 3057 impedimentum;
3493 2989 3575 3044 cel

266 3057 576 3139 intelligunt
612 3065 666 3113 et
704 3057 1021 3139 exponunt,
1048 3057 1259 3139 pernici
1279 3057 1655 3139 dubium_esse
1675 3057 1855 3139 debet.

262 3126 471 3201 Reque
482 3126 610 3201 inde
646 3126 894 3200 sequitur
920 3128 1069 3199 quod
1096 3128 1199 3185 iste
1236 3128 1414 3201 bonus
1441 3129 1611 3201 abbas
1634 3132 1859 3187 conclu-

260 3198 384 3269 dit;
396 3199 541 3256 unde
579 3198 876 3271 doceamur
896 3198 1013 3271 non
1042 3215 1203 3271 orare
1230 3215 1331 3271 pro
1358 3200 1612 3271 inimicis
1636 3202 1861 3269 nostris,

264 3287 367 3328 nec
394 3270 615 3344 diligere
643 3285 759 3344 eos,
786 3269 882 3344 sed
916 3270 1085 3344 etiam
1102 3269 1390 3344 detestari,
1417 3279 1522 3344 etc,
1556 3273 1681 3344 Non
1715 3271 1865 3328 enim

262 3358 329 3399 ex
357 3340 567 3399 odio'et
596 3341 997 3413 malevolentia,
1028 3340 1124 3413 sed
1161 3342 1345 3413 potius
1385 3357 1451 3397 ex
1477 3341 1744 3397 cbaritate
1769 3351 1865 3399 aut

262 3385 427 3495 ceri;
454 3429 521 3468 ex
551 3412 933 3495 _zelo__justi_tiae
961 3385 1226 3495 voluntati
1270 3385 1865 3495 divinarconsentane;
1899 3385 1943 3449 ί)

265 3485 526 3556 prolatae;
554 3483 946 3556 intelliguntur.
973 3483 1141 3556 rSunt
1205 3484 1350 3542 enim
1401 3483 1718 3556 hujusmodi
1781 3484 1866 3540 lo-

264 3552 474 3626 quendi
499 3552 756 3627 formulae
789 3555 847 3610 in
869 3555 1181 3627 Scripturis,
1211 3552 1521 3627 praesertim
1556 3556 1611 3627 in
1642 3556 1867 3627 Psalmis

263 3625 326 3683 et
370 3625 650 3698 Prophetis
706 3641 971 3698 perquam
990 3625 1257 3694 "usitatae,
1302 3627 1499 3698 quibus
1535 3625 1675 3683 nihil
1719 3626 1863 3684 aliud

264 3697 448 3770 agitur
472 3697 634 3772 quam
673 3705 737 3755 ut
766 3713 797 3753 a
819 3697 958 3772 Deo
1004 3697 1365 3772 cohibeantur
1390 3698 1562 3772 impii,
1602 3714 1704 3755 nec
1731 3715 1863 3771 pec-

265 3768 385 3841 cata
420 3768 653 3841 peccatis
693 3769 995 3837 cumulent,
1043 3778 1136 3827 aut
1164 3770 1220 3826 in
1266 3770 1334 3826 iis
1361 3768 1750 3841 perseverentf
1771 3780 1869 3828 aut

264 3838 444 3914 bonos
480 3839 707 3914 ulterius
749 3849 1164 3914 persequantur,
1210 3842 1294 3897 vel
1333 3838 1396 3896 ut
1432 3842 1615 3912 poenis
1650 3838 1865 3914 tempo-

266 3911 471 3985 ralibus
509 3910 828 3985 puniantur,
864 3910 939 3985 ne
973 3911 1031 3966 in
1050 3920 1329 3985 aeiernum
1367 3910 1622 3985 pereant;
1669 3910 1866 3985 quein-

263 3978 563 4039 admodum
604 3982 681 4037 ait
709 3980 1010 4053 Apostolus
1050 3983 1072 4033 Ι
1099 3978 1430 4053 _Corinthfx
1461 4000 1474 4036 :
1506 3982 1569 4035 Si
1593 3978 1703 4053 nos'
1727 3984 1868 4053 ipsos

265 4053 720 4123 diiudicaremus,
744 4048 853 4105 non
878 4052 1066 4123 utique
1079 4048 1486 4123 jud‘icaremur;
1516 4065 1633 4103 cum
1652 4049 1872 4123 judica-

265 4119 390 4180 mur
424 4131 626 4186 autem,
663 4140 699 4176 α
731 4122 956 4177 Domino
992 4119 1346 4188 corripimur,
1384 4121 1447 4172 ut
1478 4132 1587 4173 non
1619 4134 1741 4173 cum
1777 4121 1871 4176 hoc

261 4197 465 4253 mundo
490 4198 830 4261 damnemur.
864 4188 962 4244 Vel
981 4196 1127 4245 certe
1156 4197 1400 4261 nontam
1429 4188 1867 4261 imprecationes,

259 4280 433 4337 quam
461 4260 943 4337 comminationcs,
988 4267 1081 4315 aut
1107 4259 1487 4337 praedictiones
1511 4259 1665 4316 sunt
1699 4259 1868 4317 divini

252 4330 500 4409 Spiritus
528 4347 627 4404 per
651 4347 715 4409 os
760 4330 1146 4409 prOphetarum
1191 4330 1465 4403 loquentis
1514 4339 1571 4388 et
1609 4347 1871 4405 praenun-

252 4401 451 4475 tiantis
480 4401 674 4475 poenas
696 4401 961 4475 improbis
986 4401 1294 4475 destinatas.

338 4417 451 4461 nus
480 4418 674 4486 poenas
696 4417 961 4530 rapturus
986 4417 1294 4460 aesunatas.
1479 4473 1492 4486 .

335 4470 366 4510 υ
392 4475 717 4545 Maledicere
798 4488 889 4529 em
918 4481 1000 4529 est
1024 4473 1169 4545 quod
1198 4474 1407 4531 malum
1438 4473 1635 4531 dicere.
1670 4473 1735 4545 Id
1761 4491 1867 4531 au-

257 4558 380 4607 tem
423 4547 487 4603 fit
531 4544 815 4618 tripliciter
854 4562 869 4599 :
899 4544 1089 4618 primo
1122 4546 1458 4618 enuntiative
1492 4544 1781 4603 indicando
1812 4555 1868 4603 et

258 4618 587 4691 exponendo
607 4615 824 4691 fmalum
863 4615 1105 4691 alterius,
1151 4616 1299 4687 quod
1341 4616 1404 4671 fit
1442 4631 1537 4691 per
1572 4625 1855 4691 contume-

258 4684 433 4756 lia'm.
482 4688 819 4755 irrisionem,
863 4684 1293 4759 detractionem;
1322 4684 1576 4759 secundo
1622 4688 1860 4759 impera-

261 4761 394 4828 tive,
413 4759 675 4843 jubendp_
693 4758 848 4815 alteri
873 4757 1084 4840 malum
1109 4756 1364 4885 irrogari;
1395 4756 1555 4812 tertio
1591 4756 1856 4840 optitive,
1881 4782 1933 4844 Ι)
1959 4760 2245 4831 jaculatur
2284 4763 2345 4844 in

261 4831 535 4885 ontando.
558 4831 785 4885 scilicet.
809 4836 906 4885 aut
934 4844 1214 4885 imprecan
1255 4845 1289 4885 ο
1320 4826 1526 4883 malum
1570 4828 1721 4885 alter:
1758 4847 1772 4884 :
1800 4834 1863 4885 In
1970 4834 2120 4885 apud
2144 4833 2345 4885 district

259 4826 535 4903 optando,
558 4830 785 4899 scilicet,
809 4836 906 4886 aut
934 4826 1289 4899 imprccando
1320 4826 1526 4883 malum
1570 4826 1721 4885 alteri
1758 4847 1772 4884 :
1800 4826 1863 4895 In

259 4904 391 4959 istis
427 4906 607 4956 autem
630 4902 832 4957 duobus
858 4901 1071 4965 modis;
1083 4899 1260 4972 inquit
1286 4900 1342 4956 S.
1369 4896 1635 4972 Thomas,
1676 4901 1865 4970 quibus

258 4942 472 5030 33m
499 4972 703 5028 dicitur
715 4942 1051 5041 pevrwmodum,
1068 4942 1403 5042 imperantis,
1429 4970 1512 5025 vel
1527 4942 1635 5039 per:
1646 4942 1864 5042 ηλιράαῆ

259 5045 526 5115 optantis,
545 5043 727 5099 eadem
744 5045 953 5098 ratione
972 5048 1049 5099 est
1065 5042 1278 5113 aliquid
1298 5043 1509 5115 licitum
1519 5042 1859 5115 etAillicitum.

258 5112 329 5173 Si
359 5118 499 5172 enim
527 5115 732 5185 aliquis
768 5117 1010 5184 imperet,
1036 5115 1120 5168 vel
1144 5112 1289 5183 optet
1310 5113 1513 5185 malum
1531 5112 1775 5185 alterius,
1804 5116 1863 5170 in

376 5192 527 5242 ntum
552 5191 631 5242 est
665 5186 889 5242 malum.
917 5187 1077 5242 quasi
1114 5186 1137 5242 i:

259 5203 527 5257 quantum
552 5203 631 5242 εει
665 5203 889 5249 malum,
917 5203 1074 5255 quasz
1114 5203 1289 5255 ipsum
1322 5203 1527 5238 malum
1558 5203 1858 5248 intendens,

258 5261 342 5313 sic
368 5257 680 5313 maledicere
716 5261 942 5326 utroque
971 5255 1124 5311 modo
1146 5257 1252 5311 erit
1283 5255 1563 5321 illicitum;
1589 5258 1641 5310 et
1665 5256 1760 5310 hoc
1786 5260 1865 5311 est

258 5327 582 5384 maledicere
595 5344 696 5400 per
715 5343 771 5383 se
790 5327 1069 5397 loquendo.
1095 5327 1166 5400 iSi
1188 5330 1368 5381 autem
1383 5327 1593 5400 aliquis
1616 5329 1859 5400 imperet,

259 5400 351 5453 uel
380 5403 521 5470 optet
542 5398 746 5454 malum
775 5400 998 5455 alterius
1020 5399 1119 5454 sub
1146 5400 1358 5453 ratione
1376 5398 1515 5465 boni,
1545 5400 1624 5453 sic
1646 5402 1725 5455 est
1748 5399 1864 5455 lici-

264 5469 422 5540 tum,"
435 5487 528 5526 nec
556 5473 663 5526 erit
686 5470 988 5526 maledictio
1009 5485 1107 5540 per
1132 5486 1188 5525 se
1216 5469 1495 5539 loquendo,
1524 5469 1620 5524 sed
1638 5486 1742 5540 per
1768 5486 1859 5526 ao-

258 5539 469 5613 cidens,
496 5545 625 5613 quia
645 5542 959 5613 pﬁndpalis
982 5539 1204 5603 intentio
1229 5541 1453 5597 dicentis
1470 5556 1577 5596 non
1594 5539 1773 5609 fertur
1789 5542 1864 5597 ad

256 5610 616 5675 malumfsed
641 5610 717 5667 ad
760 5612 970 5668 bonum.
1003 5614 1276 5682 Contingit
1301 5616 1480 5667 autem
1505 5613 1711 5667 malum
1749 5612 1862 5666 ali-

250 5682 410 5752 quod
432 5684 545 5739 dici
571 5683 906 5754 imperando,
938 5684 1020 5739 uel
1036 5684 1287 5753 optando,
1317 5684 1417 5739 sub
1441 5685 1649 5739 ratione
1675 5683 1860 5754 dupli-

251 5754 514 5825 boni,
557 5755 879 5825 quandoque
904 5755 1122 5825 quidem
1147 5756 1245 5810 sub
1273 5757 1481 5810 ratione
1496 5756 1663 5825 justi,
1696 5760 1748 5810 et
1785 5757 1861 5813 sic

235 5823 431 5894 judem
467 5823 609 5881 licite
630 5823 1093 5881 maledicit'illum
1125 5828 1215 5880 cui
1231 5828 1484 5897 praecipit
1500 5823 1713 5895 justam
1740 5842 1859 5896 pa:-

244 5910 391 5951 nam
412 5897 639 5964 inferri.
666 5900 740 5954 Et
760 5898 837 5953 sic
863 5898 1024 5952 etiam
1071 5898 1297 5953 Ecclesia
1318 5897 1594 5955 maledicit
1629 5899 1853 5954 anathe-

665 5183 889 5249 malum,
917 5187 1077 5255 quasi
1114 5186 1289 5255 ipsum
1322 5183 1527 5238 malum
1558 5183 1858 5248 intendens,

1970 3064 2033 3113 ut
2052 3061 2164 3129 ipse
2189 3060 2378 3114 melior
2403 3060 2692 3127 efﬁciatur,
2721 3060 2805 3114 vel
2830 3065 2890 3114 ut
2910 3061 3099 3115 saltem
3119 3060 3187 3114 ab
3216 3062 3446 3114 aliorum
3473 3075 3570 3114 no-

1970 3135 2213 3201 cumento
2246 3134 2426 3201 cesset1
2454 3132 2599 3201 Hac
2612 3139 2832 3186 sanctus
2871 3130 3113 3201 fl‘homas
3140 3144 3263 3201 quae
3290 3130 3361 3186 ad
3389 3130 3566 3186 locum

1970 3198 2118 3256 hunc
2146 3199 2528 3257 elucidandum
2552 3199 2768 3258 abunde
2795 3199 3094 3258 sufﬁciunt.
3121 3198 3328 3258 Verum
3359 3200 3448 3257 hic
3473 3217 3570 3259 au-

1972 3272 2129 3345 ctarii
2181 3272 2303 3345 loco
2325 3342 2336 3345 Α
2359 3271 2599 3345 occurrit
2650 3273 2800 3345 quod
2842 3282 3030 3345 narrat
3070 3271 3227 3328 divus
3276 3272 3572 3345 Gregorius

1973 3342 2062 3398 lib.
2095 3357 2172 3398 ιιι
2215 3342 2432 3415 Dialog.
2467 3343 2628 3415 (Cap._
2652 3342 2778 3415 xv),
2805 3343 3043 3415 terribile
3082 3342 3417 3415 exemplum'
3432 3358 3572 3415 qua-

1972 3420 2099 3468 tuor
2111 3412 2517 3484 monachorum
2536 3412 2636 3484 qui
2648 3414 2859 3469 Ursum
2876 3414 3098 3469 cuidam
3114 3412 3394 3484 Florentio
3413 3412 3574 3470 servo

1972 3484 2073 3539 Dei
2102 3482 2453 3556 famulantem
2483 3481 2812 3556 occiderant
2839 3503 2851 3539 :
2895 3499 3065 3556 quam
3092 3483 3165 3540 ob
3187 3499 3427 3556 causam
3453 3485 3576 3556 ejus

1972 3562 2159 3628 secuta
2215 3554 2621 3628 imprecatione,
2676 3553 2870 3628 morbo
2910 3553 3273 3628 elephantino
3334 3553 3572 3628 correpti

1974 3626 2299 3682 interierunt
2330 3645 2342 3681 :
2377 3626 2528 3693 Quod
2551 3628 2781 3694 factum,
2821 3626 3025 3697 inquit,
3044 3630 3128 3682 vir
3150 3631 3252 3684 Dei
3271 3626 3574 3684 Florentius

1972 3701 2219 3769 expavit,
2260 3713 2415 3767 seque
2452 3700 2533 3752 ita
2576 3700 2847 3765 fratribus
2888 3698 3231 3754 malediwisse
3269 3702 3569 3769 pertimuit.

1975 3770 2135 3825 Omni
2155 3771 2298 3825 enim
2333 3771 2458 3823 vitae
2490 3785 2603 3825 sua:
2637 3774 2870 3839 tempore
2897 3771 3078 3838 ﬂebat,
3114 3772 3242 3839 quia
3279 3772 3572 3826 exauditus

1973 3842 2179 3907 fuerat,
2206 3856 2262 3896 se
2288 3841 2573 3902 crudelem,
2602 3858 2658 3895 se
2684 3843 2741 3894 in
2769 3856 2950 3895 eorum
2978 3845 3146 3894 morte
3175 3842 3446 3894 clamabat
3471 3841 3571 3894 ho-

1973 3913 2244 3967 micidam.
2289 3912 2440 3977 Quod
2477 3911 2672 3965 idcirco
2707 3912 3115 3980 omnipotentem
3157 3912 3442 3964 Dominum
3482 3912 3573 3975 fe-

1974 3984 2103 4036 cisse
2138 3983 2419 4044 credimus,
2443 3998 2510 4035 ne
2548 3984 2632 4035 vir
2658 3983 2811 4036 mirae
2844 3981 3208 4050 simplicitatis
3239 3980 3575 4050 quantolibet

1974 4051 2156 4105 dolore
2188 4056 2501 4114 commotus,
2531 4053 2841 4121 intorquere
2867 4053 3015 4121 ultra
3049 4055 3391 4121 priesumeret
3407 4051 3574 4119 jacu-

1977 4121 2524 4192 Iumimaledictionis.
2554 4120 2716 4176 Petro
2744 4120 2939 4192 deinde
2986 4120 3341 4192 interroganti
3374 4139 3387 4174 :
3428 4122 3573 4177 Num

2013 4191 2238 4245 uiduam
2264 4190 2423 4245 valde
2449 4207 2615 4259 grave
2642 4206 2752 4245 esse
2780 4190 3061 4254 credimus,
3093 4193 3143 4245 si
3161 4190 3394 4258 fortasse
3416 4192 3571 4246 cuili-

2013 4266 2083 4329 et,
2124 4262 2439 4333 exagitante
2479 4262 2781 4333 iracundia,
2821 4262 3243 4317 maledicamus?
3280 4260 3572 4333 respondet

1976 4331 2280 4404 Gregorius
2325 4351 2337 4387 :
2373 4335 2447 4388 De
2486 4332 2581 4386 hoc
2602 4337 2812 4402 peccato
2853 4348 2948 4387 cur
2974 4349 3058 4388 me
3092 4331 3456 4404 percuncttiris
3493 4351 3571 4391 an

1976 4419 2139 4476 grape
2165 4405 2266 4476 sit,
2282 4418 2399 4476 cum
2417 4405 2620 4476 Paulus
2647 4404 2795 4459 dicat
2822 4423 2841 4476 ς
2869 4406 3049 4475 Neque
3071 4406 3324 4461 maledici
3350 4422 3572 4476 regnum

1973 4474 2429 4549 Detlpossidebunt
2450 4473 2501 4546 (l
2521 4476 2760 4532 Corinth.
2778 4474 2859 4548 γ).
2879 4473 3051 4533 Pensa
3070 4479 3238 4545 igitur
3251 4473 3426 4549 quam
3441 4495 3570 4547 gra-

1972 4550 2057 4602 vis
2074 4548 2233 4619 culpa
2251 4552 2347 4612 est,
2376 4563 2498 4619 qua:
2519 4551 2740 4618 separat
2763 4564 2975 4619 arregno
3000 4550 3216 4606 caelestis
3236 4548 3379 4605 uitae.
3408 4552 3570 4606 Petro

1971 4634 2162 4674 rursus
2206 4618 2572 4690 interrOgante
2621 4638 2634 4674 :
2679 4618 2820 4687 Quid
2845 4622 2894 4674 si
2918 4620 3070 4675 homo
3107 4638 3211 4676 non
3246 4623 3474 4687 fortasse
3504 4637 3573 4675 ea:

1968 4691 2203 4754 malitia,
2236 4690 2331 4745 sed
2355 4706 2422 4745 ea:
2453 4692 2652 4760 linguae
2690 4692 2905 4745 incuria
2936 4691 3328 4760 maledictionis
3353 4691 3573 4744 verbum

2376 4758 2730 4832 prem-imum?
2772 4761 3066 4831 respondet
3105 4758 3398 4832 Gregorius
3417 4775 3462 4832 __:
3508 4759 3571 4813 Si

1970 4827 2120 4902 apud
2144 4827 2446 4886 districtum
2466 4832 2709 4887 Iudicem
2731 4827 2928 4885 otiosus
2946 4842 3117 4883 sermo
3140 4827 3568 4902 reprelienditur,

1971 4898 2174 4972 quanto
2192 4904 2364 4970 magis
2379 4906 2428 4956 et
2442 4903 2638 4955 nonius
2660 4902 2861 4954 !Pensa
2891 4913 3017 4972 ergo
3039 4903 3300 4972 quantum
3321 4899 3396 4954 sit
3417 4898 3569 4953 dam-

1969 4970 2169 5028 nabilis
2197 4974 2345 5041 quia
2369 4972 2585 5025 malitia
2606 4986 2714 5042 non
2733 4973 2911 5032 vacat,
2939 4971 2991 5024 si
3007 4974 3057 5024 et
3082 4970 3175 5026 ille
3201 4985 3369 5027 sermo
3386 4986 3570 5042 perna-

1971 5043 2040 5099 lis
2069 5046 2148 5097 est
2174 5044 2271 5111 qui
2295 5057 2331 5095 a
2354 5042 2588 5095 bonitate
2609 5041 2866 5096 utilitatis
2890 5043 3066 5096 vacat.

2043 5121 2065 5149 ο
2104 5115 2185 5168 Ex
2230 5111 2388 5168 dictis
2437 5111 2572 5186 satis
2613 5111 2837 5186 intelligi
2889 5120 3069 5186 potest
3101 5128 3213 5186 quo
3253 5112 3473 5186 spiritu,
3512 5114 3569 5169 id

1971 5193 2071 5249 est,
2108 5190 2311 5252 mente,
2353 5197 2449 5238 seu
2489 5182 3137 5241 intenﬁone'et'affectu'
3167 5184 3265 5239 viri
3284 5182 3474 5239 sancti
3515 5192 3571 5241 et

1970 5254 2133 5312 amici
2157 5253 2275 5324 Dei,
2305 5270 2504 5326 nempe
2525 5253 2829 5326 prophetae,
2860 5255 3157 5312 sententias
3183 5255 3304 5311 illas
3327 5262 3384 5311 et
3410 5253 3567 5312 simi-

1970 5327 2049 5384 les
2088 5326 2357 5399 proiocuti
2396 5324 2762 5399 fuerint—Sed
2804 5324 2971 5399 hujus
3005 5327 3086 5384 rei
3116 5326 3381 5384 tractatio.
3403 5342 3568 5385 accu-

1973 5398 2143 5455 ratior
2168 5398 2236 5454 ab
2260 5398 2642 5470 interpretibus
2669 5398 2917 5470 petenda.

2041 5470 2067 5542 f1
2095 5469 2301 5542 Docuit
2323 5468 2430 5526 hoc
2469 5471 2527 5526 S.
2553 5468 2833 5542 _Antonius
2875 5469 3161 5542 multiplici
3196 5469 3566 5542 experimento
3612 5518 3619 5531 .

2008 5540 2123 5597 rius
2168 5540 2425 5606 edoctus,
2467 5539 2722 5596 audacter
2769 5550 2825 5597 et
2867 5539 3069 5611 stepiu's
3103 5540 3248 5611 ipsos
3268 5539 3569 5598 daemones

2011 5612 2192 5684 isaut
2228 5611 2495 5670 similibus
2529 5612 2708 5668 verbis
2749 5626 3070 5684 provocans,
3111 5620 3167 5668 et
3207 5611 3449 5684 seipsum
3492 5613 3568 5671 eis

1970 5681 2232 5756 objiciens
2276 5703 2289 5739 :
2329 5687 2460 5741 Ecce
2497 5700 2592 5754 ego
2634 5684 2722 5739 hic
2749 5681 2882 5756 sum
2901 5684 3169 5741 Antonius
3212 5704 3229 5739 :
3263 5681 3368 5740 non
3414 5686 3568 5754 fugio

1968 5755 2145 5810 vestra
2175 5758 2489 5825 certamina,
2527 5757 2742 5810 etiamsi
2774 5755 2983 5825 majora
3012 5758 3252 5823 faciatis,
3278 5756 3458 5810 nullus
3486 5771 3567 5825 me

1966 5824 2243 5896 separabit
2271 5844 2305 5881 a
2325 5828 2592 5882 charitate
2616 5829 2830 5885 Christi.
2857 5824 3228 5896 Psallebatque
3256 5827 3435 5879 dicens
3463 5842 3480 5875 :
3504 5824 3567 5877 Si

1967 5898 2264 5953 consistant
2281 5898 2567 5953 adversum
2593 5914 2675 5953 me
2701 5903 2902 5962 castra,
2928 5914 3033 5953 non
3057 5896 3262 5953 timebit
3281 5909 3369 5946 cor
3392 5904 3566 5944 meum
