4048 6208
467 355 568 410 699

466 475 762 541 hominum
805 471 1061 530 laadendit
1104 471 1413 544 exemplum
1464 470 1608 527 beati
1649 470 1756 526 Job
1785 468 2067 527 manifesta
2095 472 2150 535 Α

422 619 435 629 .
468 576 681 634 ratione
720 575 1064 631 demonstrat
1107 573 1236 645 (Job.
1280 577 1376 641 ιι),
1409 571 1502 629 ubi
1531 588 1643 628 non
1671 571 1904 644 amplius
1939 586 2068 627 eum

470 688 682 737 tentare
709 676 871 734 audet
898 677 1148 734 inimicus
1176 692 1342 749 quam
1373 676 1553 734 divina
1593 675 1641 732 ei
1672 674 2072 746 dispensatione

473 780 812 846 conceditur,
844 786 897 834 et
923 778 1193 836 confessio
1237 778 1560 836 eorumdem
1589 778 1881 852 spirituum
1907 791 2073 833 evan-

473 881 656 954 gelicis
697 881 1074 937 monumentis
1121 881 1320 937 inserta
1366 888 1596 937 testatur
1641 879 1964 945 dicentium,
2012 879 2080 935 Si

469 984 519 1054 ej
524 987 617 1040 icis
646 1000 758 1049 nos,
782 988 934 1040 mitte
953 1000 1041 1041 fros
1064 985 1122 1039 in
1140 1001 1352 1055 gregem
1363 1000 1647 1056 porcorum
1666 982 1884 1053 (Matth.
1909 984 2069 1048 vm).

470 1088 574 1158 Qui
604 1089 779 1146 multo
810 1089 983 1161 magis
1011 1087 1263 1145 credendi
1296 1096 1425 1144 sunt
1452 1088 1511 1144 in
1538 1087 1752 1144 nullum
1781 1085 2072 1142 hominum

471 1193 564 1265 qui
612 1193 681 1249 ad
712 1194 1006 1265 imaginem
1035 1192 1137 1248 Dei
1179 1194 1346 1248 creati
1387 1202 1514 1248 sunt
1543 1191 1764 1248 introire
1791 1206 1890 1263 pro
1926 1188 2073 1246 arbi-

471 1295 580 1349 trio
619 1308 720 1349 suo
762 1308 942 1365 posse,
985 1307 1109 1348 cum
1139 1293 1195 1348 in
1230 1293 1485 1349 animalia
1512 1290 1796 1348 immunda
1825 1306 1888 1347 ac
1924 1297 2074 1346 muta

471 1394 818 1466 ingrediendi
849 1394 1052 1468 absque
1079 1395 1183 1452 Dei
1214 1396 1484 1467 permissu
1513 1411 1627 1452 non
1654 1395 1942 1464 habuerint
1972 1408 2077 1467 po-

473 1504 743 1555 testatem.
791 1502 1065 1556 Caeterum
1105 1514 1269 1555 nemo
1316 1508 1523 1571 posset,
1555 1515 1668 1555 non
1697 1499 1878 1555 dicam
1910 1498 2077 1571 juve-

474 1615 609 1655 num
657 1614 795 1671 quos
839 1599 1092 1657 videmus
1139 1600 1198 1655 in
1244 1599 1349 1656 hac
1403 1616 1590 1656 eremo
1638 1598 2074 1656 constantissime

473 1702 825 1771 commorari,
868 1702 965 1758 sed
992 1717 1092 1759 nec
1131 1702 1497 1775 perfectorum
1537 1701 1760 1774 quidem
1795 1701 1961 1757 tantis
1991 1707 2077 1756 ta-

468 1804 711 1877 liumque
742 1803 979 1860 hostium
1008 1804 1320 1875 agminibus
1376 1804 1770 1877 circumseptus
1800 1804 1855 1860 in
1884 1819 2073 1861 eremo

470 1905 758 1979 singularis
801 1904 1072 1974 habitare,
1118 1905 1165 1962 si
1215 1907 1271 1961 in
1311 1907 1444 1979 ipsis
1473 1914 1616 1962 esset
1661 1922 1760 1979 pro
1800 1906 2075 1964 voluntate

465 2023 562 2065 sua
600 1998 831 2064 nocendi
874 2007 957 2064 vel
1004 2005 1301 2064 attentandi
1345 2006 1580 2064 facultas
1625 2016 1786 2080 atque
1833 2007 2071 2065 libertas.

470 2110 632 2182 Quod
661 2110 971 2167 evidentius
1012 2110 1182 2168 etiam
1211 2110 1440 2167 Domini
1468 2127 1532 2167 ac
1562 2110 1860 2166 Salvatoris
1901 2110 2075 2166 nostri

468 2212 759 2270 conﬁrmat
796 2214 1083 2282 sententia,
1111 2215 1291 2287 'quam
1333 2231 1432 2287 pro
1481 2214 1790 2271 humilitate
1834 2214 2075 2272 hominis

468 2308 736 2389 assumpti
763 2318 987 2390 protulit
1017 2316 1085 2373 ad
1114 2316 1374 2387 Pilatum,
1399 2318 1474 2375 ita
1500 2317 1689 2375 dicens
1723 2336 1737 2374 :
1764 2321 1889 2375 Non
1913 2317 2076 2376 habe-

470 2433 557 2474 res
586 2420 644 2475 in
675 2433 766 2475 me
793 2418 960 2475 ullam
1000 2426 1345 2489 potestatem,
1374 2418 1477 2476 nisi
1521 2419 1713 2476 datum
1753 2418 1851 2475 tibi
1884 2418 2078 2476 fuisset

469 2521 702 2595 desuper
736 2523 912 2595 (Joan.
946 2521 1104 2593 xxx).

1573 346 1852 403 JOANNIS
1890 342 2193 403 CASSIANI
2232 335 2727 397 COLLATIONES.

3673 335 3780 390 700

2722 460 2969 516 CAPUT
3005 459 3224 514 XXIII.

2459 552 2536 604 De
2567 546 2857 601 imminuta
2883 542 3186 597 dtemonum
3212 544 3493 612 potestate.

2248 640 2389 700 Satis
2427 649 2613 696 tamen
2638 636 2802 694 nobis
2832 645 2887 692 et
2915 634 3247 708 experientia
3288 643 3479 690 nostra
3510 642 3568 691 et
3593 638 3783 695 senio-

2177 750 2303 792 rum
2330 733 2595 790 relatione
2621 737 2970 803 compertum
2992 736 3096 795 est,
3127 742 3239 784 non
3266 726 3525 784 eamdem
3555 727 3667 786 vim
3691 729 3789 788 ha-

2178 828 2308 886 bere
2339 843 2484 883 nunc
2529 825 2809 883 daemones
2836 838 3004 896 quam
3046 820 3317 878 anteriore
3356 828 3608 894 tempore
3646 822 3787 881 inter

2178 922 2632 979 anaehoretarum
2661 918 2944 976 dumtaxat
2970 915 3263 990 principia,
3294 915 3350 970 in
3379 915 3578 987 quibus
3605 917 3785 976 adhuc

2178 1016 2372 1074 raritas
2413 999 2914 1072 monachorum’iu
2944 1025 3128 1067 eremo
3172 1009 3578 1066 commanebat.
3609 1013 3787 1068 Tanta

2182 1126 2421 1182 namque
2440 1117 2559 1166 erat
2579 1124 2773 1165 eorum
2794 1105 3002 1173 feritas,
3033 1112 3091 1160 ut
3111 1104 3198 1159 vix
3225 1102 3381 1175 pauci
3401 1111 3458 1160 et
3484 1104 3789 1169 admodum

2179 1204 2401 1262 stabiles
2443 1211 2609 1274 atque
2650 1208 2810 1259 aetate
2838 1198 3080 1273 provecti
3119 1197 3349 1254 tolerare
3390 1196 3784 1255 habitationem

2179 1297 2488 1355 solitudinis
2525 1303 2770 1369 possent.
2814 1291 3089 1365 Siquidem
3117 1295 3141 1323 ³
3179 1291 3233 1346 in
3272 1290 3399 1364 ipsis
3425 1291 3693 1349 coenobiis
3728 1293 3785 1348 in

2181 1391 2379 1466 quibus
2406 1389 2890 1449 commorabantur
2930 1393 3056 1443 octo
3098 1384 3179 1440 vel
3221 1384 3438 1453 decem,
3481 1386 3558 1442 ita
3594 1401 3784 1442 eorum

2180 1486 2435 1554 atrocitas
2460 1482 2827 1558 grassabatur,
2858 1488 2914 1538 et
2945 1479 3257 1554 frequentes
3298 1495 3362 1536 ac
3387 1478 3622 1538 visibiles
3648 1495 3787 1537 sen-

2182 1579 2453 1635 tiebantur
2493 1591 2764 1650 egressus,
2809 1582 2872 1632 ut
2908 1590 3021 1630 non
3054 1572 3315 1630 auderent
3358 1590 3555 1631 omnes
3580 1575 3787 1648 pariter

2181 1672 2435 1730 noctibus
2460 1669 2798 1738 obdormire,
2822 1667 2921 1724 sed
2953 1667 3186 1724 vicissim
3222 1665 3340 1724 aliis
3368 1665 3787 1740 degustantibus

2181 1782 2465 1834 somnum,
2501 1765 2589 1822 alii
2622 1763 2831 1837 vigilias
2857 1762 3222 1831 celebrantes,
3253 1762 3474 1834 psalmis
3499 1771 3557 1818 et
3583 1762 3792 1818 oratio-

2102 1875 2150 1938 B
2183 1862 2366 1931 nibus,
2396 1878 2493 1919 seu
2524 1858 2865 1924 lectionibus,
2904 1855 3259 1914 inhaerebant.
3286 1857 3527 1927 Cumque
3554 1855 3679 1911 illos
3708 1854 3787 1911 ad

2183 1971 2440 2028 soporem
2481 1963 2694 2012 natura:
2736 1951 3029 2009 necessitas
3072 1950 3349 2018 invitaret,
3383 1948 3791 2023 expergefactis

2183 2050 2302 2108 aliis
2329 2050 2401 2107 ad
2441 2064 2632 2106 eorum
2660 2048 2752 2120 qui
2779 2045 3069 2103 dormituri
3113 2053 3271 2102 erant
3294 2042 3597 2101 custodiam
3623 2042 3789 2099 simi-

2183 2145 2309 2201 liter
2335 2142 2577 2200 excubiaa
2605 2140 2977 2198 tradebantur.
3009 2138 3174 2197 Unde
3212 2137 3449 2195 dubitari
3471 2153 3586 2194 non
3606 2145 3788 2209 potest

2183 2254 2358 2296 unum
2385 2253 2417 2295 e
2451 2235 2688 2304 duobus,
2732 2234 2874 2291 hanc
2915 2249 3064 2289 nunc
3108 2232 3456 2290 securitatem
3497 2232 3583 2288 vel
3612 2230 3786 2288 confi-

2185 2332 2424 2389 dentiam
2461 2346 2573 2387 non
2608 2330 2789 2386 solum
2827 2327 3010 2395 nobis,
3059 2327 3153 2403 qui
3184 2325 3432 2383 videmur
3472 2340 3574 2409 pro
3619 2339 3789 2397 expe-

2183 2425 2378 2482 rientia
2430 2423 2724 2481 senectutis
2771 2421 3116 2494 aliquatenus
3160 2418 3432 2488 roborari,
3475 2416 3571 2475 sed
3615 2417 3789 2473 etiam

2179 2518 2496 2594 junioribus
2525 2526 2684 2576 aetate
2709 2514 2971 2584 conferri;
3002 2522 3098 2570 aut
3119 2506 3148 2546 ι’
3182 2514 3389 2570 virtute
3414 2511 3591 2569 erucis
3616 2510 3789 2569 etiam

1569 2658 1828 2713 ALARDI
1868 2657 2093 2713 GAZzEI
2132 2655 2688 2713 COMMENTARIUS.

470 2783 685 2860 (Psalm.
713 2783 906 2855 xxvr).
933 2786 1002 2860 E_t
1024 2799 1214 2860 rursus
1232 2801 1247 2839 :
1268 2785 1330 2860 Si
1348 2786 1546 2838 virium
1569 2784 1781 2860 aliquid
1801 2785 2071 2860 haberetis
2174 2785 2443 2860 Sinuntur
2471 2784 2652 2835 autem
2679 2780 2788 2833 alto
2800 2779 2914 2860 ἨσΙὶ
2936 2779 3144 2860 summi
3685 2790 3787 2859 pro

466 2848 736 2923 sufﬁceret
755 2848 893 2910 unus
904 2856 978 2909 ad
988 2858 1258 2925 prwlium.
1280 2857 1527 2925 Itemque
1542 2874 1555 2907 :
1570 2856 1630 2911 Si
1646 2848 2000 2923 quidvaletis,
2019 2857 2071 2909 si
2173 2856 2377 2908 meritis
2399 2867 2591 2925 eorum,
2606 2865 2735 2925 quos
2759 2850 2826 2903 ab
2847 2851 2919 2903 eis
2941 2849 3228 2925 uelat/tigri
3249 2851 3482 2913 tantum,
3512 2848 3594 2925 vel
3620 2849 3788 2902 etiam

467 2917 612 2979 robis
638 2929 693 3005 in
732 2943 814 2979 me
849 2917 1165 3005 potestatem
1208 2917 1466 3005 Dominus
1509 2917 1680 2984 dedit.
1721 2940 1847 3005 ecce.
1873 2930 2073 3005 prwstq
2179 2925 2379 3005 subjici
2395 2938 2459 2977 ac
2477 2917 2877 3005 decipi’justum
2896 2924 2999 3005 est.
3018 2919 3485 3005 Etlib.'11_contra
3508 2917 3784 3005 adversar.

469 3009 609 3066 sum,
639 2990 889 3048 devorate
925 3011 1239 3050 concessum.
1272 2998 1334 3050 Si
1361 3011 1483 3048 vero
1506 3010 1610 3047 non
1648 2990 1892 3066 potestis;
1939 2996 2073 3064 quid
2180 2990 2315 3066 legis
2335 3009 2454 3065 cap.
2476 2990 2904 3066 ult.’:_Satanas,
2928 2991 3027 3066 ait,
3053 3005 3173 3044 cum
3191 2990 3387 3045 habeat

469 3064 685 3129 frustra
713 3066 953 3117 nitimini
966 3069 993 3119 ?
1011 3068 1221 3133 signum
1239 3068 1379 3118 enim
1395 3066 1569 3117 crucis
1591 3061 1788 3133 et'ﬁdes
1811 3067 1873 3119 in
1897 3061 2074 3119 Dbmi-
2181 3061 2417 3120 ditatem
2445 3064 2687 3132 nocendi,
2719 3078 2898 3119 nocere
2937 3064 3191 3131 cuiquam
3216 3077 3323 3117 non
3345 3065 3538 3131 potest,
3554 3063 3683 3133 nisi
3712 3061 3787 3116 ab

469 3148 599 3214 num
624 3130 1235 3214 inexpugnabilis'nobis
1253 3130 1832 3214 murus_e_st._Denique
1847 3135 2073 3214 inferius
2181 3138 2546 3214 omnipotente
2586 3130 3225 3214 accepantpotestatem.
3475 3130 3633 3214 aliud
3675 3147 3789 3214 non

470 3202 759 3275 objectioui
789 3219 1079 3260 occurrens
1103 3225 1115 3260 :
1145 3208 1221 3262 At
1249 3207 1384 3261 dicit
1409 3207 1614 3275 aliquis
1647 3225 1663 3260 :
1695 3202 1800 3263 Cur
1825 3207 2071 3262 diabolus
2179 3202 2354 3263 solum
2383 3210 2441 3262 in
2468 3208 2602 3262 libro
2629 3202 2745 3267 Job,
2771 3205 2865 3260 sed
2884 3202 3054 3259 etiam
3074 3204 3251 3272 magis
3286 3206 3350 3258 in
3374 3204 3661 3271 Evangelia
3690 3203 3793 3259 de-

471 3274 790 3361 aggrediegts
811 3276 1021 3357 beatum
1043 3277 1136 3361 .lob
1163 3281 1367 3361 omnem
1391 3279 1452 3330 in
1479 3274 1943 3361 ruinamimpulit
1969 3279 2070 3361 do-
2107 3297 2151 3361 ρ
2180 3281 2445 3361 claratum
2460 3283 2562 3361 est,
2586 3278 2681 3361 ubi
2696 3278 2928 3361 spiritus
2953 3275 3395 3361 immund‘inecin
3412 3289 3596 3361 pptcos
3616 3277 3789 3361 irent,

469 3349 657 3399 mum?
704 3346 812 3401 Cur
829 3348 952 3419 pejus
985 3348 1169 3417 opibus
1206 3351 1422 3417 penitus
1462 3349 1763 3418 dissipatis,
1798 3346 2072 3419 parietum
2110 3346 2151 3361 ν
2179 3353 2290 3406 nisi
2323 3352 2418 3405 hoc
2447 3351 2558 3404 illis
2589 3350 2846 3417 benignus
2882 3350 2997 3417 ipse
3016 3347 3267 3402 Salvator
3289 3347 3612 3419 petentibus,
3652 3360 3791 3416 quos

469 3431 680 3490 quoque
698 3417 1061 3483 fundamenta
1079 3420 1406 3481 subvertens,
1428 3417 1606 3474 unum
1615 3417 1908 3475 numerosae
1928 3421 2074 3475 sobo-
2182 3426 2320 3477 certe
2343 3425 2403 3475 in
2430 3423 2683 3490 abyssum
2702 3422 2878 3489 posset
2900 3419 3164 3488 relegare,
3186 3418 3517 3490 concederet;
3546 3432 3661 3490 rem
3686 3432 3790 3471 ne»-

469 3487 537 3561 lis
573 3491 901 3561 coacervavit
939 3491 1282 3559 sepulcrum?
1320 3492 1427 3547 Cur
1472 3493 1649 3561 ipsum
1675 3492 1748 3545 ad
1776 3496 2074 3547 extremum

468 3557 585 3633 diri
600 3559 839 3633 vulneris
864 3557 1102 3615 novitate
1120 3564 1425 3631 percussit?
1450 3557 1559 3628 Qui
1580 3563 1672 3617 hoc
1693 3565 1933 3633 opponit.
1966 3579 2075 3616 au-

469 3629 588 3682 diat
612 3645 638 3683 c
666 3631 872 3685 (lii-verso
911 3647 1018 3685 non
1046 3629 1318 3687 dicibolum
1343 3635 1582 3702 potuisse
1611 3629 1739 3696 hoc;
1757 3629 1854 3688 sed
1882 3636 2071 3689 Domi-

467 3715 616 3763 num,
648 3717 682 3754 a
708 3717 810 3770 quo
835 3707 1068 3771 potestas
1098 3704 1381 3757 adversum
1418 3719 1509 3757 nos
1551 3703 1843 3772 dupliciter
1881 3705 2065 3772 datur,

468 3773 549 3825 vel
566 3772 640 3825 ad
665 3773 895 3840 gloriam
913 3775 964 3826 si
980 3775 1291 3843 probamur,
1309 3775 1391 3828 vel
1408 3774 1483 3827 ad
1499 3789 1711 3843 pcenam
1731 3777 1783 3828 si
1796 3775 2069 3845 delinqui-

468 3857 606 3896 mus.
641 3846 779 3909 Quin
801 3847 984 3913 potius
1004 3861 1072 3899 em
1092 3846 1184 3900 hoc
1198 3845 1602 3899 animadvertat
1622 3860 1685 3899 ne
1702 3850 1885 3899 contra
1904 3861 2069 3900 unum

468 3915 686 3982 quidem
715 3915 978 3970 hominem
997 3917 1275 3972 diabolum
1297 3916 1598 3986 quidquam
1616 3919 1870 3986 potuisse,
1896 3918 1948 3971 si
1964 3933 2069 3972 non

460 3989 781 4058 potestatem
821 3990 1105 4057 accepisset
1149 4004 1182 4042 α
1212 3988 1454 4044 Domino.
1500 3988 1695 4044 Nullus
1737 3990 1879 4042 enim
1924 3989 2070 4058 quod

466 4071 577 4110 sua:
600 4056 826 4112 ditionis
849 4056 1016 4113 estab
1044 4058 1152 4113 alio
1177 4059 1513 4128 deprecatur.
1542 4059 1648 4115 Sed
1676 4060 1811 4128 quid
1835 4056 2072 4114 Jobbme-

465 4142 631 4191 moro,
678 4145 835 4197 quem
874 4146 967 4185 nec
1004 4133 1301 4201 expetitum
1328 4133 1505 4200 potuit
1548 4132 1796 4185 vincere?
1838 4131 1931 4185 sed
1971 4146 2069 4186 nec

465 4203 647 4253 contra
654 4201 684 4269 j
688 4206 905 4255 amenta
924 4204 1142 4271 quidem
1167 4201 1279 4271 ejus
1298 4218 1390 4257 nec
1404 4206 1589 4257 contra
1606 4217 1745 4270 oves,
1766 4217 1856 4256 nec
1884 4206 2068 4256 contra

464 4284 602 4343 sues,
629 4273 744 4325 sine
771 4288 1011 4327 concessu
1036 4276 1132 4327 Dei
1147 4276 1431 4343 proprium
1453 4275 1617 4327 robur
1636 4275 1905 4337 erccrcuit;
1931 4275 2068 4327 sicut

466 4341 526 4394 in
546 4343 839 4413 Evangelia
866 4345 1123 4411 scriptum
1146 4341 1223 4397 est
1250 4341 1266 4396 Ξ
1299 4349 1567 4399 Dremones
1596 4350 1777 4399 autem
1803 4345 2070 4413 rogabant

467 4425 588 4463 eum
617 4412 851 4464 dicentes
886 4431 901 4464 :
932 4414 995 4483 Si
1021 4414 1164 4480 ejicis
1191 4428 1285 4468 nos
1311 4415 1452 4475 hinc,
1484 4417 1635 4469 mitte
1657 4430 1751 4469 nos
1777 4417 1834 4468 in
1858 4412 2067 4483 gregem

461 4493 743 4555 porcorum
759 4482 976 4550 (Matth.
1002 4488 1167 4555 vm).
1186 4484 1455 4549 Quomodo
1476 4486 1649 4552 igitur
1671 4488 1770 4554 qui
1782 4482 2065 4555 porcorum

466 4554 728 4618 ett-petunt
753 4556 968 4614 mortes,
998 4554 1291 4620 imaginem
1318 4556 1417 4608 Dei
1441 4556 1705 4610 hominem
1732 4554 1789 4609 et
1808 4561 1919 4609 tam
1942 4557 2066 4610 cha-

467 4636 591 4695 rum
609 4622 896 4695 Conditori
926 4624 1133 4678 animal
1169 4638 1262 4678 suo
1297 4625 1547 4679 valebunt
1574 4626 1698 4693 jure
1737 4630 2068 4695 pervertere?

2181 3495 2467 3548 cessariam
2508 3489 2719 3546 edocere
2754 3505 2848 3544 nos
2884 3490 3090 3551 volens,
3140 3493 3201 3542 ut
3238 3489 3439 3543 scilicet
3476 3489 3790 3545 noverimus

2180 3564 2351 3619 multo
2374 3566 2551 3618 minus
2574 3577 2657 3616 eos
2676 3576 2829 3631 posse
2857 3576 2956 3615 sua
2978 3563 3237 3630 potestate
3258 3574 3441 3619 nocere

2181 3637 2281 3704 qui
2303 3650 2396 3688 nec
2419 3630 2700 3704 pecoribus
2731 3632 3201 3704 qualibuscumque
3226 3634 3535 3700 potuerunt.
3571 3630 3788 3704 Similia

2183 3700 2343 3761 liabet
2373 3700 2441 3758 Di
2474 3700 2774 3775 Gregorius
2802 3701 2893 3757 lib.
2912 3716 2999 3775 in
3041 3700 3396 3773 Dialogucap.
3426 3704 3488 3755 2t
3523 3708 3580 3755 et
3608 3700 3707 3756 lib.
3736 3715 3789 3757 ῐ.

2179 3775 2578 3849 Μαι-ειΙ-κρθρηθ
2595 3772 2658 3828 et
2680 3772 3049 3849 sequentibus.
3475 3846 3483 3849 _
3557 3836 3569 3849 ,

2250 3855 2276 3881 ⁸
2301 3840 2582 3902 νίἁθεῚήο
2621 3840 2786 3900 etiam
2831 3844 3109 3912 coenobia,
3147 3842 3256 3899 sive
3282 3840 3628 3912 monasteria,
3670 3840 3795 3898 hoc

2180 3923 2282 3985 est,
2316 3916 2433 3973 loca
2460 3923 2667 3982 sancta,
2697 3923 2753 3972 et
2791 3929 2821 3969 a
2859 3914 2990 3970 viris
3010 3908 3407 3985 sanctisgeulta,
3439 3926 3471 3965 a
3497 3908 3795 3985 daemoni-

2180 3982 2284 4045 bus
2308 3988 2562 4055 subinde,
2592 3991 2710 4043 Deo
2744 3986 3117 4057 permittente,
3154 3982 3413 4049 infestari,
3439 3989 3505 4037 ut
3532 3982 3790 4057 superius

2180 4059 2386 4116 dictum
2417 4068 2500 4116 est
2538 4054 2691 4129 (Cap.
2728 4054 2831 4128 {9).
2864 4061 2941 4112 lta
2969 4056 3232 4114 maximas
3264 4068 3490 4129 quoque
3511 4068 3543 4107 a
3568 4054 3787 4129 deamo-3

2178 4130 2341 4186 nibus
2389 4124 2670 4186 molestias
2707 4124 3025 4186 sustinuisse
3068 4124 3367 4183 monachos
3396 4124 3636 4192 Romae,
3688 4124 3786 4181 ubi

2179 4203 2243 4275 S._
2258 4202 2558 4275 Gregorius
2585 4216 2746 4275 suum
2772 4199 3073 4275 oratorium
3097 4198 3354 4275 habebat,
3382 4195 3556 4275 refert
3580 4196 3639 4251 in
3665 4195 3788 4275 ejus

2177 4273 2305 4328 Vita
2329 4267 2569 4328 Jbannes
2588 4272 2865 4327 Diaconus
2887 4272 3025 4337 (Lib.
3055 4286 3146 4336 ιν,
3173 4286 3218 4324 c.
3251 4274 3362 4336 89).
3388 4268 3509 4324 Alia
3535 4267 3786 4337 exempla

2176 4343 2296 4399 vide
2314 4343 2457 4413 apud
2479 4341 2776 4398 Caesarium
2796 4350 2852 4397 et
2874 4345 3095 4397 Petrum
3124 4340 3541 4413 Cluniacensem
3560 4338 3784 4413 (Caesar.

2178 4415 2218 4469 ι.
2247 4408 2529 4492 θρῆνυς
2559 4415 2794 4492 Cluniae.
2946 4427 2969 4468 Ι
2996 4412 3339 4492 deMiracul.
3374 4426 3499 4492 gap.
3533 4408 3641 4492 12).
3706 4478 3721 4490 ο

2247 4476 2273 4516 ¹³
2303 4485 2526 4556 Clarum
2570 4484 2909 4556 antiquitatis
2941 4482 3323 4556 testimonium
3358 4476 3640 4556 de_crucis
3673 4478 3783 4556 vir-

2176 4562 2292 4638 t‘ute
2334 4563 2392 4611 et
2436 4554 2677 4638 efﬁcacia
2702 4549 2782 4611 'ad
2824 4554 3190 4638 proﬂigandos
3236 4549 3785 4638 etcomprimendos

2177 4626 2459 4689 daemones
2506 4645 2520 4682 :
2566 4627 2723 4696 cujus
2764 4625 2845 4682 rei
2877 4625 3164 4681 innumera
3204 4631 3355 4696 sunt
3372 4625 3561 4696 omnis
3600 4625 3786 4696 astatis

466 4692 559 4770 Sic
599 4693 652 4749 S.
695 4693 965 4770 Antonius
1009 4695 1401 4770 (Athanast‘in
1444 4692 1585 4770 Vita
1616 4698 1673 4770 ξ.
1709 4692 1986 4770 Antonii);
2016 4706 2068 4753 et
2094 4702 2144 4764 Ι)
2176 4699 2446 4770 exempla,
2490 4713 2521 4754 e
2549 4692 2746 4770 quibus
2775 4713 2941 4770 pauca
2971 4698 3257 4770 dumtaxat
3291 4692 3787 4770 ad_illu_strandum

466 4763 606 4821 infra
637 4781 826 4840 rursus
850 4782 915 4822 ex
946 4763 1239 4840 ipSiusmet
1277 4764 1473 4840 diaboli
1505 4765 1868 4834 confessione,
1898 4782 2067 4839 quam

464 4852 627 4908 supra
657 4837 985 4904 retulimus,'
1009 4837 1309 4896 monachos
1336 4839 1636 4895 adhortans
1668 4848 1725 4896 et
1751 4837 2002 4896 animans
2047 4862 2059 4898 :

465 4911 704 4983 Enipea,
730 4910 927 4981 inquit,
951 4913 1222 4981 diabolus,
1250 4912 1346 4982 qui
1367 4912 1677 4983 hujusmodi
1705 4928 1824 4967 cum
1846 4914 1956 4967 suis
1976 4928 2064 4967 sa-

466 4979 722 5055 tellitibus
760 4979 965 5036 emet-oet
991 4979 1244 5047 astutias,
1258 4979 1415 5055 nihil
1436 4979 1498 5039 se
1520 4999 1674 5055 posse
1703 4989 1885 5040 contra
1912 4985 2065 5041 Chri-

462 5052 666 5104 stianos
688 5051 917 5117 fatetur.
944 5055 1067 5105 Jam
1087 5070 1231 5109 curae
1257 5050 1689 5111 Christianorum
1709 5061 1758 5111 et
1778 5056 2065 5112 monacho-

463 5136 586 5197 rum
608 5124 681 5176 sit
706 5136 771 5177 ne
788 5137 889 5197 per
912 5136 1093 5197 eorum
1115 5128 1364 5180 mer-tiam
1400 5129 1540 5182 vires
1569 5128 1897 5182 daemonibus
1915 5142 2067 5197 prce-

464 5191 711 5248 beantur.
745 5191 880 5250 Nam
904 5194 1084 5266 quales
1110 5210 1204 5250 nos
1234 5199 1285 5249 et
1305 5201 1519 5252 nostras
1546 5201 1896 5266 cogitationes
1914 5191 2064 5265 repe-

464 5266 663 5332 ret-int;
692 5266 824 5318 tales
843 5280 900 5319 se
918 5265 1066 5318 nobis
1081 5271 1347 5335 praestare
1364 5265 1761 5333 consueverunt,
1785 5273 1835 5322 et
1853 5270 1906 5321 si
1922 5268 2065 5335 quod

342 5346 351 5353 ‘
442 5312 521 5383 ’τίη
535 5312 833 5407 pectoribus
847 5336 1003 5388 malas
1024 5312 1212 5392 mbntis
1232 5344 1283 5392 et
1296 5342 1516 5407 pavoris
1540 5352 1716 5393 semen
1741 5312 2060 5401 invenei‘int,

503 5406 623 5457 uasi
639 5405 888 5473 latrones,
914 5408 1012 5476 qui
1023 5407 1235 5463 deserta
1256 5405 1491 5465 obtinent
1516 5410 1646 5471 loca,
1671 5412 1859 5477 caeptos
1879 5422 2063 5463 cumu-

484 5478 583 5529 ant
609 5478 841 5538 timores,
885 5483 935 5532 et
963 5480 1249 5535 crudeliter
1274 5481 1609 5535 imminentes
1643 5480 1912 5546 infelicem
1936 5494 2061 5547 pre-

463 5552 613 5601 munt
633 5550 890 5603 animam.
922 5551 984 5605 Si
1003 5556 1183 5605 autem
1208 5552 1413 5606 alacres
1441 5552 1704 5618 fuerimus
1733 5551 1790 5604 in
1816 5552 2059 5614 Domino,

461 5621 513 5670 et
537 5619 851 5692 futurorum
896 5622 1150 5677 bonorum
1188 5623 1482 5691 cupiditate
1503 5622 1752 5683 succensi.
1781 5623 1834 5675 si
1859 5637 2064 5692 semper

462 5691 643 5743 omnia
667 5692 916 5748 manibus
937 5695 1035 5747 Dei
1051 5697 1461 5761 committamus,
1475 5693 1657 5747 nullus
1673 5691 2062 5748 diemonum’ad

461 5761 888 5830 expugnandum
935 5765 1134 5819 valebit
1176 5766 1441 5828 accedere,
1482 5773 1589 5820 etc.
1636 5763 1735 5821 His
1763 5764 2061 5821 subscribit

461 5832 1019 5908 l_)_.Augustinus_lib,
1049 5849 1142 5889 vu
1165 5835 1240 5908 de
1273 5835 1431 5908 Civit.
1464 5836 1562 5892 Dei
1586 5851 1704 5908 cap.
1738 5841 1806 5892 35
1835 5835 2054 5893 dicens:

472 5903 580 5958 Non
607 5903 835 5975 possunt
861 5904 1184 5975 (daemones)
1222 5906 1366 5975 quod
1404 5923 1508 5965 non
1539 5903 1794 5965 sinuntur
1829 5910 2055 5978 efﬁcere.

2175 4768 2320 4826 hunc
2337 4763 2539 4826 'locum
2566 4763 2925 4841 attingamus.
2959 4772 3029 4824 D.
3078 4766 3305 4823 Basilius
3335 4766 3432 4841 lib.
3452 4765 3534 4841 _de
3567 4763 3787 4841 Spiritu

2176 4842 2373 4897 Sancto
2404 4842 2498 4913 (De
2519 4835 2800 4913 spiritus.
2844 4843 3012 4913 capJ
3051 4843 3115 4913 et"
3144 4837 3403 4913 aequent.)
3435 4835 3785 4894 docet’hanc

2172 4908 2931 4983 apostolicam—traditionem
2971 4911 3051 4983 in‘
3084 4908 3328 4983 Ecclesia
3371 4916 3687 4983 receptam:
3710 4914 3787 4961 ut

2175 4975 2358 5053 tl'deles
2386 4992 2501 5040 tam
2540 4983 2597 5038 in
2637 4982 2802 5038 sacris
2831 4997 2995 5053 quam
3037 4979 3092 5035 in
3122 4979 3331 5053 caeteris
3372 4975 3540 5034 rebus
3580 4975 3789 5053 quibus

2170 5052 2570 5121 benedicerent,
2600 5069 2769 5109 manu
2798 5048 2992 5119 ducta,
3036 5051 3218 5122 crucis,
3253 5050 3474 5122 signum
3503 5048 3786 5122 exprime-

2177 5134 2321 5194 rent,
2353 5141 2463 5208 quo
2489 5124 2754 5209 remedio
2774 5123 3131 5209 saluberrimo
3159 5120 3537 5209 adpellendgs
3563 5120 3791 5209 (imago:

2173 5212 2271 5253 nes
2309 5188 2667 5269 'pdtissimum
2701 5204 3004 5262 uterentur,
3047 5202 3209 5266 atque
3230 5188 3287 5248 in
3325 5192 3587 5248 omnibus
3611 5188 3793 5273 rebus

2174 5267 2309 5324 illud
2351 5267 2687 5346 adhiberent.
2718 5267 2967 5346 ‘Cyrillps
3005 5265 3520 5346 IIierosolvmorum
3563 5276 3795 5346 episco-

2174 5353 2273 5409 pus
2321 5358 2334 5394 :
2379 5342 2495 5396 Non
2525 5339 2728 5409 pudeat
2752 5336 2862 5400 vos,
2905 5338 3096 5409 inquit,
3140 5336 3794 5409 Cruciﬁxumconﬁtqﬁz

2171 5406 2264 5463 sed
2287 5411 2343 5462 in
2361 5406 2543 5476 fronte
2560 5410 2884 5479 conﬁdenter
2904 5406 3237 5478 signaculum
3263 5409 3435 5462 crucis
3451 5407 3646 5474 digitis
3669 5406 3797 5479 im-

2166 5482 2461 5550 primatur,
2494 5486 2545 5536 et
2572 5484 2630 5536 in
2654 5476 2783 5536 aliis
2824 5476 3064 5537 omnibus
3095 5496 3231 5535 emta:
3268 5482 3367 5548 ﬁat
3401 5479 3502 5532 :in
3534 5476 3797 5548 panibus

2171 5552 2521 5621 comedendis,
2543 5557 2595 5608 et
2618 5555 2678 5607 in
2700 5553 2907 5623 poculis
2940 5552 3199 5614 bibendis,
3232 5555 3281 5605 et
3301 5551 3361 5604 in
3386 5564 3626 5623 egressu,
3652 5553 3711 5602 et
3730 5550 3792 5623 ᾀι

2169 5625 2432 5693 ingressu,
2454 5618 2578 5679 ante
2587 5618 2848 5686 somnum,
2870 5618 3586 5693 recumbendo'etsurgendo,
3608 5618 3789 5673 eundo

2170 5692 2592 5765 et'quiescendo.
2627 5696 2832 5767 Magna
2859 5696 3085 5766 hwczest
3112 5692 3355 5751 custodia
3394 5707 3535 5767 quas
3559 5694 3790 5767 propter

2162 5782 2427 5837 pauperes
2467 5765 2650 5838 gratis
2669 5768 2853 5835 datur,
2882 5765 3002 5822 sine
3034 5767 3213 5822 labore
3236 5769 3485 5838 propter.
3514 5765 3782 5838 inﬁrmos.

2169 5834 2293 5893 cum
2312 5854 2347 5892 a
2374 5834 2567 5895 Deo'sit
2601 5840 2712 5893 lucc
2739 5840 2943 5908 gratia,
2968 5843 3021 5894 et
3043 5839 3204 5892 timor
3225 5834 3533 5908 daemonum
3548 5834 3785 5908 λέγων

2166 5888 2355 5979 ᾖ)λᾶὺᾶ
2374 5888 2767 5966 ’ἐιὶὲτὶίᾶἔῆὶὲ
2780 5888 3082 5979 tat-ms;
3092 5888 3338 5966 "citata
3359 5888 3451 5962 tu;
3481 5888 3782 5965 iaceam
