4048 6208
239 230 336 283 ’705

635 221 976 280 COLLATIO
1013 221 1130 278 VH.
1168 249 1243 263 -—-
1281 222 1370 276 DE
1409 221 1646 277 ANerE
1683 219 2106 278 MOBILITATE
2141 221 2231 276 ET
2267 221 2740 279 SPIRITALIBUS
2777 223 3144 294 NEQUITIIS:

3440 236 3548 292 706

242 365 362 409 casu
396 348 588 406 mulier
614 347 906 416 obviasset,
937 344 1187 404 offensus
1232 360 1468 404 occursu
1500 345 1643 418 ejus,
1673 352 1830 402 tanta
1857 349 1912 412 Α
1940 343 2120 402 delato
2149 343 2220 401 ad
2258 344 2572 402 coenobium
2597 355 2909 406 sanctarum
2948 349 3247 424 virginum,
3296 355 3450 414 cibus
3486 375 3550 417 ac

242 445 362 516 fuga
389 442 467 512 ad
505 457 670 499 suum
711 455 904 498 rursus
947 439 1347 500 monasterium
1377 439 1792 513 (praetermisso
1810 479 1843 508 ,-

240 537 382 611 quod
421 535 742 608 arripuerat,
786 535 892 606 piae
933 533 1252 592 visitationis
1295 532 1525 602 ofﬁcio)
1569 532 1830 601 recurrit,

239 638 432 706 quanta
453 631 636 688 nullus
661 647 696 688 a
731 629 867 687 facie
902 629 1078 688 leonis
1095 629 1180 686 vel
1222 627 1606 686 immanissimi
1633 627 1834 686 draco-

235 725 319 782 nis
355 723 660 798 aufugeret,
705 723 783 782 ita
809 731 872 780 ut
914 739 984 782 ne
1021 738 1270 781 memora
1281 724 1324 780 ti
1374 723 1598 796 quidem
1635 721 1837 782 abattis

237 817 498 878 Arehebii
517 817 820 877 revocantis
847 834 976 876 eum
1002 818 1240 876 clamore
1269 834 1334 876 ac
1367 817 1618 892 precibus
1643 819 1840 876 ﬂecte-

231 919 404 981 retur,
441 919 505 968 ut
553 910 622 968 ad
668 910 1059 984 requirendum
1109 926 1330 982 senem,
1359 909 1832 985 quemadmodum

232 1013 646 1080 proposuerant,
706 1015 886 1080 empto
947 1006 1142 1064 itinere
1215 1005 1616 1080 pertenderent.
1674 1003 1834 1079 Quod

231 1099 359 1158 licet
415 1101 532 1158 zelo
559 1100 830 1158 castitatis
882 1109 938 1158 et
965 1100 1217 1174 puritatis
1251 1099 1450 1158 ardore
1493 1101 1569 1158 sit
1596 1099 1832 1168 factum,

229 1203 420 1251 tamen
447 1194 575 1268 quia
611 1211 726 1252 non
771 1195 1072 1254 secundum
1109 1195 1390 1253 scientiam
1431 1203 1830 1268 praesumptum

229 1295 332 1356 est,
362 1287 460 1344 sed
485 1287 826 1345 observantia
863 1287 1160 1362 disciplina;
1191 1287 1463 1361 justaaque
1489 1287 1836 1345 discretionis

226 1395 492 1439 excessus
517 1389 602 1439 est
642 1381 838 1440 modus
880 1381 1030 1453 (non
1070 1381 1214 1439 enim
1262 1383 1441 1440 solam
1497 1379 1836 1439 familiarita-

226 1480 365 1541 teni,
419 1487 550 1546 quae
585 1489 712 1532 vere
765 1481 848 1531 est
875 1473 1060 1546 noxia,
1104 1473 1435 1531 feminarum
1456 1514 1474 1542 ,
1521 1471 1621 1530 sed
1650 1473 1830 1546 ipsam

226 1581 442 1640 quoque
475 1567 708 1640 ﬁguram
735 1583 900 1626 sexus
926 1567 1074 1626 illius
1099 1567 1328 1626 credidit
1363 1567 1784 1639 exsecrandam)
1813 1609 1834 1636 ,

226 1661 314 1718 tali
359 1662 660 1720 confestim
705 1664 1048 1736 correptione
1089 1677 1385 1736 percussus
1435 1670 1538 1730 est,
1603 1669 1668 1718 ut
1719 1661 1838 1734 ejus

1941 446 2124 512 potus,
2149 454 2318 513 quem
2338 455 2410 496 ne
2431 449 2570 498 nutu
2596 441 2816 514 quidem
2835 451 3018 516 petere
3037 453 3272 518 poterat,
3305 447 3540 508 femineo

1937 533 2287 608 ingerebatur
2315 533 2602 608 obsequio,
2630 536 3017 612 explendisque
3047 541 3302 600 omnibus
3331 551 3540 602 natura:

1943 621 2386 698 necessitatibus,
2412 626 2602 684 eadem
2635 627 2714 686 illi
2746 629 3022 702 diligentia
3045 647 3142 704 per
3171 649 3348 692 annos
3365 633 3546 695 ferme

1943 728 2202 794 quatuor,
2232 719 2287 778 id
2308 729 2414 791 est,
2441 736 2617 794 usque
2635 721 2710 780 ad
2739 723 2864 781 vitae
2893 739 3008 781 suae
3024 727 3325 784 terminum
3344 729 3544 787 servie-

1941 815 2058 873 bat.
2082 817 2187 887 Qui
2209 831 2340 876 cum
2352 824 2502 875 tanta
2526 825 2672 875 esset
2685 819 2935 876 omnium
2951 821 3332 880 membrorum
3353 823 3551 882 debili-

1943 917 2056 968 tate
2080 912 2438 981 constrictus,
2462 919 2522 968 ut
2543 912 2680 969 nulli
2707 913 2765 968 in
2794 927 2860 969 eo
2889 921 3043 970 artus
3067 914 3306 973 vivacem
3333 924 3546 974 motum

1943 1020 2008 1062 ac
2058 1005 2372 1064 sensibilem
2423 1014 2778 1074 retentarent,
2826 1007 3186 1068 nihilominus
3207 1019 3356 1068 tanta
3383 1026 3451 1068 ex
3480 1027 3546 1070 eo
3621 1063 3632 1069 -

1935 1099 2204 1158 virtutum
2229 1099 2399 1175 gratia
2430 1101 2784 1173 procedebat,
2817 1113 2880 1158 ut
2905 1119 3033 1160 cum
3077 1104 3145 1161 de
3169 1109 3195 1138 ³
3223 1105 3346 1162 oleo
3393 1106 3545 1179 quod

1943 1187 1970 1225 δ
1982 1193 2247 1252 cadavere
2265 1209 2368 1252 suo
2385 1194 2566 1266 potius
2587 1209 2754 1266 quam
2773 1211 3006 1268 corpore
3023 1197 3342 1270 contigisset
3363 1215 3541 1272 unge-

1943 1293 2130 1344 rentur
2151 1286 2380 1355 inﬁrmi,
2411 1285 2706 1344 confestim
2744 1287 2955 1344 cunctis
2983 1298 3004 1324 °
3030 1289 3442 1347 valetudinibus
3465 1307 3560 1348 cu-

1943 1389 2232 1449 rarentur;
2279 1379 2354 1438 ita
2395 1389 2461 1438 ut
2507 1396 2675 1453 super
2713 1379 2820 1438 hac
2858 1381 3000 1454 ejus
3039 1381 3345 1439 valetudine
3397 1385 3561 1442 etiam

1941 1475 2076 1550 ipsis
2115 1473 2428 1532 inﬁdelibus
2467 1475 2744 1533 evidenter
2793 1491 2924 1548 aper
2949 1484 3114 1548 teque
3145 1477 3466 1536 claresceret
3501 1489 3559 1536 et

1941 1569 2281 1627 debilitatem
2308 1569 2690 1626 membrorum
2727 1567 2981 1625 omnium
3005 1568 3420 1642 dispensatione
3464 1580 3558 1630 at-

1947 1679 2054 1736 que
2067 1678 2258 1719 amore
2273 1663 2502 1720 Domini
2516 1663 2908 1731 contributam,
2933 1671 2989 1720 et
3005 1664 3296 1722 sanitatum
3315 1666 3541 1738 gratiam

225 1755 546 1813 universum
579 1771 780 1830 corpus
825 1761 1142 1830 paralyseos
1173 1753 1486 1812 valetudine
1510 1753 1834 1823 solveretur,
1868 1775 1918 1838 Β
1947 1771 2048 1828 pro
2105 1755 2417 1813 testimonio
2441 1756 2696 1828 puritatis
2735 1773 2800 1813 ac
2848 1756 3288 1816 manifestatione
3314 1759 3546 1817 merito-

222 1848 555 1920 nullumque
596 1847 652 1904 in
701 1863 768 1904 eo
817 1847 1133 1905 membrum
1174 1847 1398 1920 penitus
1423 1845 1638 1919 explere
1673 1859 1837 1902 suum

221 1941 550 2014 praevaleret
589 1940 870 1999 .ofﬁcium.
902 1941 1186 2014 Siquidem
1217 1955 1329 1998 non
1355 1939 1532 1997 solum
1565 1937 1740 2013 pedes
1773 1954 1838 1994 ac

219 2050 441 2104 manus,
469 2033 576 2092 sed
605 2035 774 2091 etiam
799 2034 1001 2106 linguae
1031 2041 1235 2104 motus,
1268 2046 1380 2106 quo
1403 2033 1647 2090 elocutio
1685 2033 1836 2089 vocis

217 2129 592 2202 exprimitur,
641 2127 882 2199 ipsaeque
919 2141 1078 2184 aures
1123 2127 1198 2183 ita
1229 2126 1444 2184 auditus
1466 2125 1670 2198 proprii
1698 2126 1836 2182 ami-

217 2228 423 2278 serunt
468 2234 724 2288 sensum,
765 2227 830 2275 ut
869 2218 924 2274 in
947 2233 1014 2276 eo
1047 2215 1180 2274 nihil
1224 2217 1468 2291 amplius
1513 2233 1579 2274 ex
1615 2217 1840 2274 homine

215 2329 393 2388 quam
425 2311 738 2369 immobilis
755 2320 972 2370 tantum
1009 2311 1516 2385 atque'jnsensibilis
1545 2311 1718 2383 ﬁgura
1750 2328 1840 2370 re-

214 2415 497 2464 maneret.
543 2409 837 2464 Eo‘autem
859 2406 1110 2464 redactus
1145 2415 1248 2472 est,
1279 2413 1342 2463 ut
1373 2405 1680 2462 inﬁrmitati
1718 2407 1837 2479 ejus

214 2501 376 2558 nullo
420 2499 604 2558 modo
646 2501 895 2558 virorum
923 2499 1202 2575 diligentia
1231 2499 1502 2558 deservire
1535 2499 1834 2570 sufﬁceret,
1888 2562 1891 2564 ,

216 2594 324 2652 nisi
361 2595 484 2652 sola
543 2594 592 2650 ei
618 2594 914 2666 muliebris
950 2593 1210 2654 sedulitas
1249 2593 1635 2652 ministrasset.
1693 2595 1838 2650 Nam

1943 1864 2071 1908 rum
2097 1847 2146 1906 ei
2171 1848 2406 1923 Spiritus
2429 1849 2604 1906 sancti
2629 1849 2847 1907 virtutes
2877 1850 3142 1922 praestari.

2485 1942 2728 1999 CAPUT
2770 1944 3016 2000 XXVII.
3029 1981 3041 1988 .

2301 2037 2378 2090 De
2407 2038 2702 2092 tentatione
2729 2037 2942 2093 abbatis
2966 2039 3194 2108 Moysis.

2012 2125 2294 2185 Secundus
2325 2142 2476 2195 vero,
2505 2142 2671 2200 quem
2691 2126 2930 2184 diximus
2957 2129 3012 2184 in
3037 2127 3139 2184 hac
3175 2143 3363 2186 eremo
3387 2145 3550 2187 com-

1945 2229 2245 2289 moratum,
2282 2235 2408 2277 cum
2435 2220 2550 2294 ipse
2574 2237 2793 2294 quoque
2835 2221 3126 2295 singularis
3175 2231 3230 2280 et
3267 2222 3547 2296 incompa-

1945 2312 2134 2370 rabilis
2162 2312 2246 2370 vir
2264 2321 2407 2370 esset
2429 2353 2445 2381 ,
2475 2313 2548 2370 ob
2567 2313 3047 2388 reprehensionem
3077 2315 3238 2371 unius
3259 2317 3548 2384 sermonis,

1946 2420 2110 2478 quem
2159 2414 2350 2464 contra
2383 2405 2641 2464 abbatem
2675 2395 2703 2440 ά
2727 2407 3028 2464 Macarium
3065 2407 3347 2480 disputans
3389 2409 3555 2482 paulo

1947 2500 2134 2558 durius
2158 2501 2404 2574 protulit,
2431 2501 2668 2574 quadam
2694 2501 2905 2558 scilicet
2924 2501 3182 2573 Opinione
3218 2511 3546 2574 praeventus,

1946 2598 1970 2628 °
1992 2603 2110 2653 tam
2137 2595 2258 2653 diro
2291 2594 2584 2652 confestim
2615 2601 2696 2651 est
2721 2593 2952 2651 traditus
2975 2593 3236 2660 daamoni,
3259 2603 3324 2650 ut
3352 2593 3552 2652 huma-

1340 2736 1600 2794 ALARDl
1631 2736 1856 2793 ϐΑΖίΕι
1895 2735 2480 2816 COMMENTARIUS.‘

289 2867 313 2896 ³
345 2864 492 2922 Oleo
530 2878 562 2935 a
597 2877 656 2920 se
685 2861 1006 2935 benedicta,
1037 2871 1136 2935 aut
1171 2869 1428 2919 contacto
1467 2869 1524 2918 et
1559 2862 1841 2935 praestito,

215 2933 321 2992 viri
352 2933 546 2991 sancti
577 2947 954 2992 saepenumero
995 2933 1244 2990 inﬁrmos
1279 2933 1574 2990 curarunt;
1604 2933 1695 2991 Sic
1723 2948 1844 2989 san-

216 3015 345 3062 ctus
377 3004 641 3076 Hilarion
655 3003 825 3062 laesos
853 3021 885 3061 a
923 3006 1261 3076 serpentibus
1289 3005 1410 3061 oleo
1439 3003 1668 3061 sanabat
1694 3027 1708 3071 ;
1741 3019 1841 3061 eo-

217 3077 472 3148 demque
492 3075 640 3148 duos
660 3090 691 3130 a
715 3083 894 3148 morte
911 3075 1380 3148 suscitavitLteste
1403 3077 1475 3148 D_.
1500 3076 1844 3148 Hieronymo

218 3149 274 3218 (Ι
289 3165 332 3203 n
360 3145 490 3218 uita
515 3145 867 3218 Hilarionis).
901 3145 994 3218 Sic
1013 3145 1182 3200 abbas
1206 3145 1500 3218 Benjamin
1541 3145 1846 3218 apudPaI-

216 3215 449 3273 ladium
471 3215 490 3286 (
511 3215 881 3286 Lausia.13),
910 3215 1238 3286 cuicumque
1256 3215 1454 3286 manus
1475 3215 1844 3286 imposuisset,

219 3295 325 3344 aut
347 3283 512 3357 quod
549 3283 904 3357 benedixerat
945 3285 1125 3342 oleum
1141 3283 1433 3357 fdedisset,
1473 3283 1735 3341 liberatur
1777 3283 1845 3357 ab

216 3355 389 3415 omni
417 3355 752 3426 aegritudine
776 3375 788 3412 :
811 3359 881 3413 Et
903 3359 1109 3412 tameni
1133 3355 1239 3420 hic,
1267 3357 1366 3426 qui
1389 3359 1544 3410 tanta
1563 3359 1738 3424 gratia
1759 3356 1846 3411 di-

217 3443 370 3499 gnus
397 3427 630 3483 habitus
655 3428 866 3496 fuerat,
907 3431 1019 3483 octo
1045 3427 1314 3482 mensibus
1343 3430 1470 3499 ante
1495 3427 1703 3482 obitum
1729 3429 1846 3496 fuit

216 3498 588 3572 hydropicus,
637 3504 688 3554 et
725 3499 840 3570 ejus
857 3513 1050 3569 corpus
1086 3513 1257 3572 usque
1283 3498 1434 3572 adeo
1451 3499 1728 3562 intumuit,
1763 3503 1846 3572 Aut

208 3569 454 3643 propter
483 3571 692 3643 dolores
717 3569 1050 3643 inveniretur
1070 3571 1213 3643 alius
1253 3570 1368 3643 Job.
1391 3569 1525 3643 Cum
1553 3573 1731 3643 autem
1756 3569 1846 3624 la—

218 3641 450 3699 boraret
475 3642 574 3697 hoc
601 3643 780 3697 morbo
804 3642 1206 3704 immedicabili,
1233 3641 1542 3712 medebatur
1577 3641 1706 3697 aliis
1745 3643 1849 3712 qui

214 3715 562 3795 tenebantur
577 3714 850 3795 quibusvis
875 3713 1322 3795 egritudinibus.
1345 3711 1518 3795 Quod
1527 3712 1686 3795 plane
1705 3711 1840 3795 cen-

213 3785 370 3858 gruit
394 3799 536 3858 cum
563 3782 811 3858 exemplo
841 3783 1052 3858 abbatis
1079 3783 1236 3858 Pauli
1260 3783 1328 3858 de
1355 3799 1466 3856 quo
1505 3782 1594 3858 hic
1636 3783 1832 3858 agitur.

215 3854 364 3914 Cleo
395 3855 572 3912 etiam
597 3871 628 3912 a
650 3854 987 3926 SCMacario
1014 3863 1200 3926 curata
1223 3854 1422 3926 legitur
1445 3854 1764 3926 paralytica,
1783 3863 1842 3909 et

211 3927 624 3985 daemoniacus
675 3941 705 3980 a
757 3925 1009 3982 daemone
1045 3923 1342 3992 liberatus,
1405 3923 1551 3992 apud
1583 3923 1838 3979 eumdem

214 3996 569 4054 Palladium.
609 3995 748 4050 Oleo
802 3991 995 4048 itidem
1042 3991 1330 4046 benedicto
1379 3991 1586 4046 multos
1635 3994 1842 4047 sanavit

129 4123 132 4127 ,
207 4067 402 4125 abbas
451 4065 714 4119 Joannes.
756 4061 914 4117 Idem
983 4059 1052 4115 de
1095 4059 1296 4130 abbate
1349 4059 1622 4130 Aphraate
1668 4068 1722 4116 et
1776 4059 1845 4117 de

211 4138 508 4194 Simeone
538 4133 704 4190 refert
729 4131 1104 4188 Theodoretus
1129 4129 1186 4185 in
1231 4128 1432 4185 Hister.
1479 4131 1574 4187 SS.
1616 4133 1842 4186 Patrum

211 4222 350 4279 cap.
387 4210 519 4279 set
537 4208 608 4279 2§
636 4202 894 4279 (Lausia.
927 4207 997 4279 2_0
1016 4205 1065 4279 et
1093 4201 1206 4273 43).
1237 4199 1357 4257 Olei
1385 4201 1843 4279 etiam_unctione

205 4271 507 4336 monachi
541 4271 771 4348 Egyptii
828 4271 1180 4348 paralyticum
1219 4281 1516 4348 curarunt,
1551 4271 1760 4348 Ruﬁno
1789 4281 1844 4329 et

207 4352 564 4407 Sozomeno
589 4345 1044 4416 te'stibus’muﬁn.
1071 4345 1161 4416 lib.
1190 4358 1240 4400 II
1265 4359 1384 4415 cap.
1410 4345 1695 4416 4,8ozom.
1720 4345 1758 4400 ἰ.
1782 4359 1844 4400 vr

209 4437 334 4493 cap.
384 4417 518 4493 _21).
556 4418 804 4493 _Dcniqu_e
826 4413 994 4493 abbas
1024 4413 1488 4493 Maehetesjapud
1526 4415 1848 4473 Cassianum

210 4487 340 4550 haec
366 4491 444 4549 de
466 4487 534 4545 Se
553 4489 671 4561 ipso
692 4487 858 4544 refert
881 4488 1097 4561 {Oleum
1116 4490 1276 4561 etiam
1299 4487 1616 4552 benedicere,
1635 4503 1698 4544 ac
1717 4502 1849 4558 sup-

207 4559 744 4634 plicantibus—dare,
767 4560 907 4630 quod
920 4575 1038 4630 prae
1052 4559 1295 4634 omnibus
1319 4561 1848 4634 exsecrabanutpote

1952 2859 2398 2933 consequendam
2429 2858 2953 2933 fueritinstitutum,
2989 2864 3041 2914 et
3075 2873 3101 2912 a
3133 2855 3553 2933 quolibetACbri-

1950 2929 2155 3011 stiano:
2187 2932 2240 2988 in
2291 2931 2516 3011 nomine
2553 2929 2774 3011 Christi,
2819 2938 2874 2985 et
2927 2930 2978 2984 in
3006 2929 3303 3011 quemlibet
3331 2929 3492 3011 etiam
3512 2948 3554 3011 _a

1952 3003 2056 3060 ﬁde
2076 3003 2339 3070 alienum,
2387 3001 2455 3066 ad
2502 3002 2793 3071 sanitatem
2821 2999 3070 3071 corporis
3097 2999 3443 3057 tribuendam
3481 3003 3552 3059 sit

1952 3075 2180 3131 solitum
2211 3073 2477 3130 adhiberi.
2509 3070 2795 3144 Ejusmodi
2823 3070 2982 3144 plane
3010 3079 3158 3144 erat,
3184 3071 3332 3142 quod
3355 3073 3426 3144 ad
3449 3089 3550 3130 cu-
3649 3117 3654 3122 .

1951 3145 2156 3218 randos
2178 3145 2404 3218 morbos
2433 3159 2528 3218 per
2544 3141 2868 3218 A'Proculum
2909 3141 3299 3218 Christianum
3322 3143 3550 3218 admini-
3625 3157 3630 3165 '

1955 3215 2118 3272 strari
2137 3216 2374 3287 solitum
2395 3214 2584 3287 scribit
2619 3214 3008 3287 Tertullialius.
3031 3214 3062 3278 ’(
3080 3214 3196 3270 Lib.
3220 3215 3300 3287 ad
3323 3217 3544 3287 Scapul.

1955 3302 2079 3357 cap._
2095 3286 2344 3357 ,4)._Haec
2363 3294 2416 3357 et
2439 3286 2541 3340 alia
2554 3285 2844 3357 Baronius,
2871 3285 3129 3356 additque
3154 3284 3380 3342 solitum
3413 3284 3550 3357 ejus-

1953 3355 2313 3430 modi,'sicut‘
2327 3355 2460 3410 alias
2483 3358 2692 3430 species
2714 3355 2782 3430 ad
2819 3355 3119 3430 humanum
3140 3371 3301 3430 usum
3326 3355 3548 3430 compa:

1954 3435 2125 3500 ratas,
2147 3426 2419 3500 precibus
2429 3424 2758 3500 prmscriptis
2781 3425 3102 3500 sanctiﬁcari
3132 3425 3292 3500 (nam
3319 3437 3378 3500 et
3394 3424 3547 3500 apud

1953 3495 2295 3569 Clementem
2347 3495 2614 3569 (Cbnstit.
2652 3495 2703 3569 l._
2733 3510 2846 3569 rm
2875 3511 2918 3550 c.
2949 3496 3036 3569 3_5)
3085 3497 3286 3569 scripta
3319 3495 3550 3556 habetur

1955 3567 2273 3640 benedictio
2289 3567 2452 3640 aqua:
2490 3575 2548 3623 et
2571 3567 2673 3640 olei
2697 3567 2738 3639 ),
2767 3567 2846 3640 sic
2870 3575 2931 3622 ut
2952 3567 3108 3640 signo
3127 3567 3340 3640 tantum
3371 3571 3552 3627 crucis

1950 3638 2082 3696 illud
2105 3637 2465 3705 benedixisse,
2487 3637 2618 3695 etin
2641 3637 2866 3694 nemine
2890 3637 3247 3696 sanctissima
3268 3641 3550 3700 Trinitatis

1949 3710 2322 3784 sapetiﬁeasseq
2340 3718 2502 3782 atque
2519 3709 2911 3784 aegrotantibus
2927 3709 3228 3784 admovisse
3251 3713 3548 3770 sufﬁceret.

2021 3775 2049 3854 ξ’
2077 3781 2240 3854 Quasi
2256 3775 2430 3854 idicfat'
2456 3775 2614 3854 non'f
2617 3781 2758 3837 uisse
2787 3781 3009 3854 quidem
3032 3781 3259 3854 cadaver
3289 3784 3550 3854 (vivebat

1950 3849 2124 3908 enim'
2141 3853 2336 3910 Paulus
2355 3853 2396 3924 ),
2427 3851 2524 3908 sed
2554 3849 3190 3924 instar_cadaveri_s,h_oc
3215 3849 3317 3918 est,
3349 3856 3548 3910 morbo

1950 3939 2090 3994 pene
2116 3920 2430 3980 emortuum
2458 3941 2470 3976 :
2495 3924 2736 3994 Cadaver
2763 3921 2934 3989 enim,
2957 3921 3035 3976 ait
3062 3920 3321 3994 Isidorus,
3370 3939 3405 3976 a
3455 3939 3553 3978 ca-

1949 3992 2122 4116 lliegtdo
2141 3996 2501 4131 nominggum,
2529 3995 2658 4062 quia
2679 3992 2799 4062 jam
2818 3995 2964 4048 stare
2977 4006 3084 4046 non
3094 3997 3272 4061 potest
3288 3992 3543 4064 (Et-ymol.

1979 4079 1997 4116 ι
2035 4077 2142 4131 ,xr,
2167 4079 2286 4131 cap.
2395 4103 2408 4116 .
2770 4129 2784 4131 _
3307 4130 3312 4131 ί

1979 4065 2142 4123 ibam,
2167 4079 2286 4123 cap.
2321 4065 2408 4123 2).

2026 4079 2590 4205 gvaclgfudémassim
2647 4129 2792 4205 apud
2839 4131 3155 4205 Cassianum
3189 4130 3410 4203 ponitur
3449 4148 3547 4205 pro

1951 4199 2343 4269 invaletudine,
2365 4199 2459 4256 seu
2481 4199 2818 4268 inﬁrmitate,
2843 4209 2902 4256 ut
2933 4199 3066 4256 alibi
3092 4199 3366 4258 notatum.

2027 4265 2219 4344 otVide
2249 4265 2373 4344 quin
2414 4270 2548 4344 alias
2593 4271 2714 4344 (lib.
2739 4265 2942 4344 v,'cap.
2995 4277 3124 4339 xu)
3151 4274 3459 4332 notavimus
3483 4274 3551 4334 de

1958 4341 2175 4400 duabus
2207 4341 2476 4418 Macariis
2526 4341 2728 4418 sanctis
2759 4341 3118 4418 anachoretis
3171 4347 3438 4418 Egyptiis
3491 4357 3547 4404 et

1956 4415 2268 4484 coaetaneis,
2299 4429 2542 4488 quorum
2579 4413 2718 4470 alter
2732 4415 3042 4488 @gyptius,
3073 4415 3208 4473 alter
3228 4413 3552 4476 Alexandri-

1953 4502 2058 4562 nus
2099 4485 2518 4562 cognominatus
2545 4493 2646 4562 est.
2676 4485 2944 4562 Videntur
2971 4495 3156 4562 autem
3189 4505 3314 4562 qum
3345 4489 3434 4548 hic
3480 4491 3550 4550 de

1955 4557 2195 4634 Macario
2224 4557 2644 4634 traduntur,_de
2683 4559 2934 4634 Egyptio
2962 4557 3341 4634 intelligenda,
3383 4578 3549 4634 quem

204 4628 487 4710 iudicans
515 4631 658 4710 illud
684 4647 754 4710 ea;
771 4628 971 4710 inagna
991 4630 1166 4685 cordis
1184 4633 1602 4710 prasumptione
1629 4628 1845 4710 descen-
1875 4647 1928 4710 Ι)
1954 4629 2225 4710 Palladius
2248 4638 2304 4710 et
2326 4629 2418 4685 alii
2440 4628 2976 4710 scribunt_singulari
3009 4628 3176 4688 dono'
3202 4642 3260 4688 et
3283 4628 3552 4703 potestate

213 4701 366 4770 dere,
397 4701 879 4762 circumdantibus
909 4716 992 4756 me
1017 4704 1228 4771 repente
1252 4701 1595 4756 sweularibus
1619 4703 1842 4770 multis,

216 4779 302 4833 ita
319 4778 664 4834 constrictus
679 4789 823 4836 sum,
833 4774 897 4827 ut
905 4772 1066 4826 aliter
1082 4785 1164 4826 eos
1175 4771 1482 4826 nullatenus
1497 4771 1718 4827 evadere
1730 4788 1844 4842 pos-

215 4863 350 4914 sem,
381 4850 508 4905 nisi
526 4863 565 4902 a
579 4861 664 4902 me
691 4859 903 4900 summa
920 4845 978 4897 vi
997 4846 1049 4898 et
1065 4842 1409 4898 obtestatione
1427 4844 1768 4898 extorsissent
1781 4848 1843 4898 ut

218 4920 404 4975 oblato
453 4921 530 4975 ab
561 4919 642 4974 eis
665 4916 878 4972 vasculo
905 4928 1128 4970 manum
1171 4927 1343 4967 meam
1371 4914 1628 4983 impresso
1671 4915 1842 4968 crucis

221 4993 524 5062 signaculo
553 5005 623 5060 su

827 5001 994 5054 erem;
1015 4987 1198 5054 itaque
1224 4997 1279 5039 se
1316 4983 1586 5039 credentes
1627 4984 1844 5039 benedi-

221 5054 419 5121 ctionis
449 5054 640 5120 oleum
667 5054 984 5121 consecutos,
1017 5057 1235 5112 tandem
1260 5070 1344 5110 me
1379 5054 1669 5125 aliquando
1708 5056 1848 5110 rela-

221 5139 463 5192 aarunt.
492 5134 594 5192 Sic
613 5131 723 5188 ille.
753 5132 836 5186 De
864 5128 1055 5185 eadem
1079 5125 1188 5182 olei
1216 5125 1646 5182 sanctiﬁcatione
1661 5131 1713 5181 et
1741 5140 1846 5182 usu

225 5204 315 5280 ad
344 5202 762 5280 impartiendas
807 5199 1064 5280 sanitates
1092 5200 1323 5280 Severus
1360 5197 1418 5252 in
1443 5196 1580 5278 Vita
1603 5198 1660 5252 S.
1693 5197 1849 5280 Mar-

221 5277 346 5348 tini,
397 5273 458 5334 e't
478 5275 609 5348 alii,
635 5273 727 5348 qui
775 5278 1107 5348 res_gestas_
1121 5276 1436 5348 sanctorum
1476 5273 1845 5348 scrip_serunt_2

226 5337 696 5422 frequentissime
711 5337 1024 5422 memiﬁere.
1071 5339 1363 5422 Sciendum
1395 5354 1523 5422 vero
1573 5337 1847 5422 ejusmodi

228 5409 425 5492 oleum,
455 5428 516 5478 et
544 5415 823 5492 unctionis
863 5428 1053 5489 genus,
1084 5413 1206 5469 licet
1233 5411 1430 5492 aliqua,
1469 5409 1847 5492 benedictione

231 5491 668 5552 sanctiﬁcatum,
699 5502 728 5542 a
748 5488 1101 5545 Sacramento
1129 5493 1312 5541 tamen
1348 5491 1610 5540 extremae
1636 5488 1850 5540 unctio-

230 5559 334 5636 nis,
362 5562 526 5636 quod
557 5561 616 5616 in
637 5559 873 5616 Ecclesia
895 5555 1443 5636 catholica_inﬁrmis
1468 5555 1648 5636 datur,
1675 5553 1848 5636 f_uisse

228 5624 727 5708 longédiversum,
738 5637 817 5708 _ut
829 5629 963 5708 scite
977 5637 1165 5708 monet
1177 5626 1450 5708 Baronius
1481 5624 1498 5699 (
1519 5625 1657 5708 Vide
1675 5628 1843 5708 Baro.

229 5702 267 5755 l.
299 5695 579 5778 {Annali
605 5719 696 5778 an.
715 5695 950 5778 'D._63);
977 5695 1561 5778 quandoquidemnon
1587 5696 1660 5754 ad
1688 5695 1847 5778 inﬁr-

227 5785 459 5834 morum
519 5771 849 5832 dimittenda
889 5769 1105 5846 peccata
1162 5769 1230 5830 et'
1259 5769 1583 5828 invisibilem
1615 5769 1846 5842 gratiam

1953 4700 2210 4759 adversus
2233 4700 2516 4758 daemones
2543 4700 2820 4757 claruisse.

2022 4776 2046 4805 θ
2091 4771 2342 4829 Mirabile
2401 4771 2624 4842 quidem
2687 4771 2928 4842 videtur,
2976 4769 3155 4842 virum
3195 4776 3445 4842 sanctum
3475 4771 3548 4827 ob

1950 4841 2126 4913 levem
2176 4843 2392 4913 culpam
2417 4836 2500 4896 ita
2542 4842 2662 4896 diro
2691 4839 2930 4913 daamonj
2971 4836 3139 4913 fuisse
3181 4838 3464 4913 traditum,
3497 4849 3551 4898 et

1950 4912 2018 4986 ab
2070 4927 2135 4968 eo
2182 4906 2494 4981 correptum
2543 4918 2599 4986 e_t
2633 4916 2818 4963 mente
2870 4906 3260 4986 abalienatum,
3297 4917 3358 4965 ut
3386 4912 3552 4970 etiam

1954 4981 2196 5038 humana
2226 4977 2467 5036 stercora
2496 4979 2581 5034 ori
2611 4992 2714 5034 suo
2741 4977 3294 5048 turpiteringereret.
3327 4986 3402 5038 At
3437 5000 3552 5043 non

1955 5053 2093 5108 adeo
2135 5049 2336 5106 mirum
2390 5048 2686 5114 videbitur,
2726 5047 2772 5104 si
2819 5047 3232 5108 consideremus
3275 5051 3549 5112 interdum

1956 5122 2073 5178 ﬁeri
2110 5131 2172 5178 ut
2199 5121 2474 5194 homines,
2506 5121 2721 5194 absque
2741 5118 2982 5194 ullasua
3007 5121 3190 5194 culpa.
3217 5140 3331 5180 non
3369 5133 3552 5183 tamen

1955 5193 2073 5250 sine
2096 5192 2308 5264 magnis
2337 5191 2538 5264 divina
2574 5191 2926 5264 providentia:
2952 5191 3252 5264 rationibus
3275 5211 3306 5251 a
3335 5195 3552 5254 da2mo-

1956 5264 2122 5322 nibus
2152 5262 2524 5340 ebrripiantur
2547 5262 2612 5340 et
2636 5262 3014 5340 possideantur
3043 5263 3280 5340 ⁸([οαητι.
3326 5268 3556 5340 Chryso-

1955 5341 2110 5393 stom.
2146 5336 2237 5391 lib.
2269 5333 2334 5408 de
2361 5333 2707 5408 Providentia
2731 5333 2869 5406 Dei).
2903 5333 3330 5408 Quod‘pluribus
3363 5333 3550 5398 exem-

1995 5409 2058 5464 lis
2085 5413 2140 5464 et
2167 5405 2489 5464 testimoniis
2511 5405 2858 5478 compertum
2905 5405 3153 5464 habetur.
3188 5410 3438 5468 Primum
3473 5416 3546 5468 D.

1997 5423 2058 5464 us
2085 5423 2140 5464 et
2167 5423 2489 5464 tesumonus
2511 5423 2858 5478 compertum
2907 5423 3153 5464 nanetur.
3188 5423 3438 5468 Primum
3473 5423 3546 5468 D.

1955 5423 2330 5551 lelieronymus
2359 5478 2517 5551 epist.
2550 5483 2618 5534 25
2643 5477 2714 5551 de
2735 5475 2887 5533 obitu
2913 5477 3149 5535 Blesilla:
3171 5497 3184 5533 :
3209 5481 3353 5548 Quid
3377 5499 3556 5540 causa

1957 5555 2056 5615 est,
2084 5550 2280 5622 inquit,
2311 5555 2374 5606 ut
2395 5550 2538 5622 Swpe
2551 5550 2760 5616 bimuli,
2793 5551 3133 5621 trimulique,
3160 5556 3224 5606 ut
3243 5552 3404 5608 ubera
3427 5569 3550 5610 ma-

1956 5627 2108 5680 terna
2132 5623 2410 5686 lactentes,
2453 5638 2489 5677 a
2526 5622 2766 5677 daemone
2797 5623 3188 5694 corripiantur,
3239 5625 3553 5694 repleantur

1959 5695 2129 5765 lepra,
2153 5694 2330 5750 morbo
2353 5695 2496 5763 regio
2518 5695 2842 5766 decorentur
2862 5695 2890 5766 ?
2909 5689 2976 5749 Et
2995 5693 3144 5750 addit
3164 5689 3552 5766 postmodum:

1959 5767 2260 5824 lnrisibilia
2291 5767 2401 5822 hac
2431 5765 2775 5823 inscmtabili
2804 5765 3298 5837 Altissimijudzbio
3319 5771 3447 5822 sunt
3464 5779 3555 5819 re-
