4048 6208
438 251 540 305 707

1512 194 1800 296 .JOANNIS
1838 237 2139 293 CASSIANI
2178 237 2665 295 COLLATIONES.

3642 243 3750 297 ’708

437 389 535 431 nas
589 373 897 447 egestiones
938 369 1019 427 ori
1072 385 1172 426 suo
1215 369 1282 425 ab
1326 381 1391 424 eo
1420 365 1701 438 suppletus
1739 364 2024 435 ingereret.
2056 367 2107 428 Α
2135 372 2166 417 a
2205 362 2449 434 piissimo
2472 371 2623 435 patre
2676 362 3205 434 clementissimoque
3233 360 3448 419 medico
3500 377 3602 433 pro
3653 378 3754 420 no-

460 467 623 537 Quod
651 465 925 539 ﬂagellum
958 463 1297 537 purgationis
1330 461 1498 534 gratia
1520 474 1579 516 se
1598 458 1864 515 Dominus
1896 458 2038 513 intu-

440 562 595 630 lisse,
632 575 702 616 ne
729 560 934 617 scilicet
961 559 1017 614 in
1061 573 1127 614 eo
1169 557 1250 612 vel
1282 554 1651 612 momentanei
1696 552 1875 609 delicti
1915 568 2038 608 ma—

439 657 565 714 cula
614 655 894 720 resideret,
947 651 1225 707 velocitate
1257 649 1550 706 curationis
1597 649 1712 720 ejus
1750 657 1912 719 atque
1942 663 2035 702 au-

450 758 602 805 ctore
643 746 868 802 remedii
896 743 1314 801 demonstravit.
1358 744 1498 798 Nam
1538 740 1799 797 continuo
1846 738 2042 795 abbate

446 840 686 899 Macario
725 840 778 895 in
808 839 1051 895 oratione
1087 838 1384 907 submisso,
1425 837 1570 893 dicto
1600 835 1756 892 citius
1802 848 2039 906 nequam

439 933 663 1007 spiritus
685 932 752 989 ab
785 946 852 988 eo
874 931 1088 1005 fugatus
1125 931 1408 988 abscessit.

954 1035 1199 1091 CAPUT
1245 1035 1520 1091 XXVIII.

461 1136 611 1207 Quod
635 1138 817 1205 sperni
843 1149 947 1187 non
964 1133 1197 1215 {debeant
1223 1132 1406 1256 hi
1432 1132 1718 1201 spiritibus
1747 1131 2041 1186 traduntur

1076 1219 1278 1256 immun
1319 1218 1382 1256 is.

1076 1218 1382 1257 immundis.

522 1311 604 1363 Ex
652 1322 758 1376 quo
792 1303 1077 1360 manifeste
1106 1303 1459 1375 perpenditur
1485 1307 1511 1338 ³
1553 1319 1669 1360 non
1707 1303 1906 1360 debere
1943 1316 2039 1359 eos

453 1399 763 1457 abominari
803 1398 887 1454 vel
918 1397 1139 1469 despici,
1171 1413 1310 1469 quos
1334 1397 1581 1454 videmus
1605 1398 1835 1455 diversis
1870 1405 2042 1454 tenta-

444 1480 714 1562 tionibus',
752 1493 862 1549 sive
906 1492 1025 1546 istis
1060 1491 1314 1562 nequitiae
1353 1489 1632 1563 Spiritibus
1674 1489 1815 1547 tradi
1863 1511 1876 1547 :
1912 1492 2042 1564 quia

437 1592 556 1648 duo
586 1590 701 1644 haec
720 1587 939 1643 credere
955 1586 1307 1642 immobiliter
1327 1602 1429 1643 nos
1448 1594 1685 1658 oportet,
1707 1586 1881 1658 primo
1894 1588 2041 1658 quod

446 1683 564 1739 sine
593 1682 689 1738 Dei
730 1682 1002 1753 permissu
1049 1680 1230 1736 nullus
1259 1680 1327 1735 ab
1376 1680 1451 1735 eis
1491 1680 1719 1736 omnino
1756 1688 2035 1737 tentetur:

2143 456 2273 513 stris
2302 456 2628 514 utilitatibus
2650 456 2961 530 irrogentur
2988 476 3001 511 :
3031 463 3086 513 et
3109 455 3311 512 idcirco
3342 470 3437 511 eos
3463 457 3616 513 velut
3645 472 3757 529 pae-

2143 549 2367 625 dagogis
2417 552 2649 609 traditos
2694 550 2998 621 humiliari,
3027 558 3092 607 ut
3136 549 3472 607 discedentes
3526 566 3595 605 ex
3645 550 3754 611 hoc
3834 624 3839 629 Δ

2145 644 2374 712 mundo,
2416 646 2504 702 vel
2551 646 2884 718 purgatiores
2910 645 2979 702 ad
3010 646 3183 701 vitam
3210 644 3373 699 aliam
3412 642 3756 704 transferan-

2150 745 2261 809 tur,
2303 740 2385 796 vel
2421 754 2582 812 ptena
2628 739 2826 797 leviore
2875 742 3217 812 plectantur,
3269 739 3395 810 qui,
3446 740 3753 799 secundum

2163 835 2505 907 Apostolum,
2524 827 2551 866 δ
2564 834 2745 892 traditi
2761 844 2887 891 sunt
2901 836 2954 890 in
2981 833 3237 906 praisenti
3256 834 3459 890 Satani
3475 837 3536 889 in
3555 837 3757 894 interi-

2150 935 2266 984 tum
2287 931 2486 997 carnis,
2507 933 2571 983 ut
2609 931 2836 999 spiritus
2846 931 3026 985 salvus
3049 931 3213 999 ﬁatin
3243 927 3332 983 die
3350 931 3573 985 Domini
3585 935 3759 987 nostri

2147 1024 2274 1078 Jesu
2305 1023 2507 1081 Christi
2543 1023 2607 1095 (Ι
2646 1024 2763 1081 Cor.
2798 1027 2877 1092 ν).

2695 1127 2936 1183 CAPUT
2973 1126 3195 1180 XXIX.

2188 1224 2419 1295 Objectio
2458 1240 2555 1279 cur
2582 1224 2643 1278 hi
2662 1226 2762 1293 qui
2782 1223 3069 1294 spiritibus
3105 1227 3381 1277 uexantur
3419 1225 3718 1281 immundis

2411 1312 2447 1350 α
2475 1298 2838 1351 communione
2858 1296 3127 1351 dominica
3155 1299 3500 1364 separantur.

2220 1396 2527 1454 Germanus
2556 1413 2568 1449 :
2602 1400 2675 1453 Et
2687 1396 2967 1470 quomodo
2989 1411 3102 1453 non
3127 1395 3309 1453 solum
3331 1411 3425 1453 eos
3452 1396 3658 1469 despici
3687 1397 3756 1454 ab

2148 1490 2464 1549 hominibus
2488 1492 2571 1547 vel
2596 1491 2834 1561 horreri,
2863 1491 2959 1548 sed
2986 1490 3207 1561 etiamja
3235 1492 3632 1548 communione
3655 1491 3756 1549 do-

2148 1587 2350 1642 minica
2377 1586 2431 1642 in
2455 1586 2660 1644 nostris
2682 1585 2972 1659 provinciis
3000 1592 3267 1658 perpetuo
3287 1586 3539 1643 videmus
3582 1586 3753 1642 absti-

2149 1695 2277 1737 nere
2300 1723 2315 1750 ,
2368 1680 2670 1738 secundum
2707 1680 2856 1736 illam
2888 1678 3157 1752 Evangelii
3193 1681 3543 1750 sententiam,
3574 1681 3754 1738 Nolite

441 1776 681 1834 secundo
724 1774 872 1848 quod
902 1774 1082 1831 omnia
1131 1789 1253 1847 quae
1280 1790 1311 1830 a
1351 1777 1473 1830 Deo
1502 1774 1660 1831 nobis
1707 1774 2030 1845 inferuntur,
2065 1803 2113 1867 Β
2144 1775 3756 1844 sanctumdarecanibus,nequemittatismargan’tasvestras

444 1870 556 1926 sive
606 1868 785 1925 tristia
819 1867 890 1925 ad
931 1882 1190 1941 praesens,
1222 1883 1318 1925 seu
1357 1868 1482 1924 laeta
1534 1868 1838 1938 videantur,
1884 1870 2031 1926 velut

2145 1876 2270 1927 ante
2293 1884 2478 1941 porcas
2500 1870 2716 1938 (Matth.
2742 1868 2873 1940 vn),
2903 1883 3031 1925 cum
3048 1867 3256 1939 deillis,
3276 1867 3746 1940 quemadmodum

1538 1998 1802 2052 ALARDI
1838 1997 2062 2053 GAZEI
2101 1997 2659 2054 COMMENTARIUS.

445 2116 761 2186 linquenda.
787 2115 855 2167 D.
884 2113 1225 2186 Augustinus
1252 2112 1345 2168 lib.
1369 2128 1509 2169 xxu
1538 2115 1620 2168 De
1636 2113 1793 2168 Civit.
1826 2120 2040 2185 cap.22:

446 2184 639 2246 Contra
653 2185 800 2240 mille
817 2186 1036 2252 formes,
1051 2184 1143 2248 ait,
1158 2186 1455 2240 dwmonum
1468 2186 1738 2248 incursus,
1755 2202 1827 2254 qu
1834 2187 1879 2239 is
1894 2184 2047 2241 inno-

446 2260 616 2312 centia
644 2272 743 2308 sua
769 2256 913 2322 ﬁdit,
937 2257 1390 2325 quandoquidem,
1417 2272 1482 2311 ne
1509 2257 1629 2324 quis
1649 2258 1855 2325 ﬁderet,
1881 2260 2044 2312 etiam

441 2328 698 2397 parvulos
724 2327 1043 2395 baptizatos,
1076 2329 1272 2396 quibus
1292 2328 1432 2380 nihil
1460 2332 1539 2381 est
1566 2329 1916 2391 innocentius,
1941 2331 2044 2383 ali-

445 2399 662 2469 quando
687 2399 764 2452 sic
785 2403 1003 2460 cenant,
1030 2403 1093 2452 ut
1117 2401 1178 2452 in
1200 2401 1275 2453 eis
1297 2401 1553 2461 maxime,
1575 2402 1681 2454 Deo
1699 2402 1923 2462 sinente,
1938 2402 2045 2455 ista

446 2473 775 2524 monstretur
787 2468 946 2539 hujus
962 2471 1092 2524 vitta
1114 2469 1291 2536 ﬂenda
1309 2471 1616 2532 calamitas,
1639 2475 1691 2525 et
1708 2471 1929 2525 alterius
1948 2471 2045 2525 de-

444 2541 735 2596 sideranda
763 2541 1046 2607 felicitas?
1097 2543 1179 2595 Ita
1227 2541 1580 2610 Augustinus.
1629 2541 1728 2596 His
1778 2540 2044 2597 accedunt

444 2612 689 2685 exempla
709 2653 723 2677 ,
756 2611 998 2685 primum
1022 2610 1164 2685 illius
1194 2611 1345 2685 pueri
1371 2611 1523 2685 apud
1538 2612 1787 2667 Marcum
1807 2628 2039 2685 evange-

443 2678 631 2755 listam,
647 2678 773 2755 cap:
796 2698 876 2751 ix,
903 2682 999 2753 qui
1023 2678 1293 2755 daemonis
1308 2678 1681 2755 gravissimam
1699 2678 2042 2755 vexationém

441 2755 509 2811 ab
551 2753 778 2811 infantia
822 2753 1099 2826 sustinuit,
1158 2753 1627 2826 quemadmodum
1680 2763 1832 2826 pater
1874 2754 2042 2826 ipsius

445 2828 686 2883 Domino
708 2825 1056 2897 interroganti
1090 2824 1371 2881 confessus
1399 2834 1482 2882 est
1499 2845 1519 2897 ςί
1547 2824 1869 2891 secundum,
1896 2824 2041 2881 alte-

441 2897 553 2953 rius
600 2898 791 2968 pueri,
833 2896 1001 2967 quem
1055 2897 1437 2968 a__sznvissimo
1490 2896 1743 2968 daemone
1793 2896 2041 2968 liberavit

447 2969 501 3021 S.
533 2965 826 3029 Macarius,
851 2965 996 3020 teste
1021 2966 1258 3022 Palladio
1288 2968 1343 3019 in
1360 2966 1483 3021 Vita
1499 2966 1719 3020 Macarii
1746 2985 1761 3032 ;
1791 2965 2038 3035 tertium,

444 3038 636 3106 puellm
662 3035 970 3106 Tolosanzu,
1000 3050 1028 3088 a
1058 3051 1161 3105 qua
1186 3036 1499 3106 daemonem
1527 3036 1731 3106 expulit
1759 3038 1814 3091 S.
1850 3038 2039 3092 Remi-

446 3104 621 3176 giusha
651 3107 717 3176 Β,
755 3105 1049 3176 Benedicto
1074 3104 1341 3176 rogatus;
1374 3104 1442 3160 de
1477 3104 1679 3176 qua—in
1706 3106 1829 3162 Vita
1844 3108 1900 3162 S.
1927 3110 2037 3165 Re-

447 3174 597 3245 migii
640 3174 971 3245 Hincmarus
994 3174 1139 3243 (Lib.
1182 3190 1249 3230 II.
1285 3191 1332 3229 c.
1375 3176 1438 3244 3)
1467 3174 1791 3245 ;_quartum,
1817 3179 2038 3236 alterius

446 3243 580 3300 item
621 3243 795 3317 pueri,
835 3245 905 3317 de
939 3260 1047 3317 quo
1078 3245 1133 3300 in
1177 3245 1297 3317 Vita
1336 3248 1406 3302 D.
1438 3243 1724 3304 Bernardi.
1769 3249 2035 3317 Quintum

443 3314 639 3403 exstat'
658 3315 801 3403 apud
831 3314 1148 3403 Cresarium,
1200 3315 1303 3403 lib.
1332 3332 1387 3403 7v.
1428 3333 1549 3403 cap:
1593 3324 1691 3400 _26,
1742 3314 2035 3403 de‘puella

444 3386 780 3462 quinquenni
825 3402 856 3442 a
895 3387 1146 3462 daemone
1186 3402 1432 3462 possessa
1479 3386 1547 3444 ad
1590 3386 2031 3462 imprecationem

441 3458 627 3583 patris.
660 3458 733 3513 At
776 3473 845 3513 ne
885 3458 1006 3530 quis
1034 3458 1138 3514 hoc
1164 3466 1375 3514 tantum
1413 3459 1467 3514 in
1495 3458 1685 3531 pueris'
1704 3462 1784 3518 vel
1810 3462 2029 3519 infanti-

483 3544 565 3583 us.
597 3542 708 3583 non
748 3529 910 3583 etiam
939 3530 994 3583 in
1040 3530 1236 3583 adultis
1283 3532 1599 3583 contingere
1627 3535 1917 3583 existimat-
1949 3552 2029 3583 re.

444 3530 565 3596 bus,
597 3542 708 3583 non
748 3530 910 3584 etiam
939 3530 994 3583 in
1040 3530 1236 3585 adultis
1283 3530 1599 3602 contingere
1627 3535 1918 3602 existimet,
1949 3552 2034 3591 re-

442 3597 546 3680 fert
575 3599 833 3670 Sulpitius
860 3601 947 3680 (_Iii
968 3602 1188 3680 diaiogq
1210 3601 1275 3655 de
1301 3605 1493 3680 virtut.
1521 3606 2038 3680 S.Martini)exem-

443 3670 600 3746 plum_
630 3670 983 3746 memorabile
1001 3671 1283 3746 cujusdam
1312 3672 1655 3746 anachoretm
1677 3670 2034 3746 sanctissimi,

443 3741 500 3796 et
529 3742 747 3817 ivirtute
786 3741 1093 3808 celerrimi,
1125 3757 1308 3817 quem
1336 3742 1471 3799 dicit
1500 3760 1548 3817 ad
1580 3748 1697 3802 Deo
1737 3741 2038 3817 poStulasse

445 3820 499 3887 et
526 3812 841 3887 impetrasse
890 3821 971 3881 ut,
1000 3814 1273 3887 permissa
1288 3813 1352 3887 in
1377 3829 1435 3887 se
1458 3815 1701 3887 quinque
1738 3812 2037 3875 'mensibus

444 3881 972 3960 diabolopotestate,
1002 3881 1200 3960 similis
1246 3884 1352 3941 illis
1377 3881 1528 3941 fieret
1564 3881 1701 3960 quos
1747 3888 2040 3960 ipseicura-

447 3963 594 4030 verat
612 3973 647 4030 Δε
668 3957 772 4012 hoc
801 3965 882 4030 est
906 3997 921 4030 ε
945 3971 1040 4030 per
1078 3957 1315 4030 quinque
1341 3972 1553 4030 menses
1580 3957 1810 4030 'corpu'si
1833 3958 1949 4030 ejus
1968 3961 2038 4017 ab

444 4024 777 4100 inhabitante
819 4024 1039 4100 diabolo
1080 4024 1430 4100 aﬂligeretur,
1475 4028 1545 4084 ad
1601 4024 1912 4089 evitandum
1941 4047 2036 4088 su-

440 4097 641 4175 perbiai
668 4107 763 4154 aut
789 4114 941 4156 vanae
991 4098 1178 4171 gloria:
1199 4097 1522 4175 pcriculum.
1574 4101 1739 4170 Quod
1773 4103 2035 4175 Sulpitius

440 4167 715 4244 admirans
758 4176 813 4224 et
840 4167 1170 4243 exaggerans
1193 4167 1395 4227 subdit.
1426 4173 1524 4227 Ille
1566 4167 1889 4244 prapotens,
1944 4177 2036 4231 ille

439 4243 536 4314 qui
561 4244 730 4311 signis
755 4246 806 4296 et
833 4244 1127 4297 virtutibus
1157 4248 1263 4298 toto
1285 4245 1494 4300 Oriente
1532 4243 1802 4314 vulgatus,
1830 4247 1922 4300 ille
1961 4249 2036 4302 ad

439 4311 591 4381 cujus
630 4313 820 4366 limina
832 4315 1023 4383 populi
1044 4318 1170 4368 ante
1189 4318 1578 4383 conﬂuxerant,
1623 4311 1697 4371 ad
1719 4317 1870 4385 cujus
1892 4319 2033 4385 fores

437 4399 656 4438 summa:
671 4386 830 4457 istius
851 4386 1033 4437 sceculi
1045 4399 1099 4438 se
1110 4390 1524 4453 prostraverunt
1538 4391 1848 4457 potestates,
1872 4403 2035 4445 corre-

433 4456 563 4522 ptus
592 4469 626 4506 (ι
650 4454 884 4530 diemone
908 4460 1005 4530 est,
1033 4458 1207 4527 tentus
1235 4456 1294 4508 in
1320 4454 1565 4519 vinculis,
1594 4460 1773 4530 omnia
1799 4458 1896 4512 illa
1915 4475 2035 4530 quae

438 4526 777 4593 energumeni
791 4525 960 4577 solent
971 4525 1115 4590 ferre
1124 4525 1423 4594 perpessus,
1440 4544 1510 4595 qu
1519 4530 1627 4582 into
1642 4529 1850 4583 demum
1860 4525 2036 4588 mense

441 4599 709 4666 purgatus
729 4598 831 4658 est,
856 4610 963 4649 non
992 4598 1201 4650 tantum
1220 4596 1471 4660 dwmone,
1497 4599 1608 4661 sed,
1637 4600 1781 4668 quod
1802 4601 1888 4655 illi
1918 4608 2035 4658 erat

438 4668 632 4742 utilius
655 4670 819 4742 atque
836 4670 1093 4742 optatius,
1125 4669 1385 4742 vanitate.
1411 4668 1575 4724 Aliud
1603 4671 1912 4742 exemplum
1941 4673 2035 4729 ab-

439 4738 577 4796 batis
603 4736 904 4796 Alexandri
943 4738 1040 4813 viri
1069 4737 1240 4794 sancti
1274 4738 1468 4813 legitur
1487 4742 1541 4795 in
1571 4742 1736 4797 Prato
1755 4736 2031 4813 Spirituali

439 4815 573 4882 (cap.
612 4814 839 4886 182).‘ls
904 4811 1072 4876 enim,
1103 4813 1220 4866 Deo
1280 4812 1652 4886 permittente,
1708 4811 1869 4886 paulo
1905 4825 2029 4873 ante

439 4892 674 4938 mortem
693 4899 723 4938 a
741 4882 1300 4961 _darmonearreptus,
1321 4882 1499 4940 eidem
1515 4882 2035 4961 suamimbecillita—

439 4962 552 5030 tem
577 4954 786 5030 egregie
798 4954 1161 5024 exprobravit:
1181 4956 1273 5012 Ad
1282 4971 1575 5027 vesperam,
1596 4957 1792 5028 aiebat,
1814 4963 2024 5030 vem‘sti,

439 5026 622 5079 miser.
652 5026 760 5078 Hoc
786 5040 1039 5092 magnum
1070 5042 1173 5080 non
1206 5032 1311 5093 est;
1342 5026 1593 5097 quoniam
1629 5033 1685 5084 in
1725 5026 1908 5086 lectulo
1934 5026 2027 5088 de;

439 5098 651 5152 vinctus
674 5112 812 5162 sum,
838 5101 889 5149 et
906 5098 1106 5150 moveri
1134 5113 1239 5151 non
1256 5114 1474 5167 possum
1507 5102 1809 5166 ostendisti,
1838 5105 2024 5159 miser-

437 5171 589 5232 rime,
637 5167 1057 5241 imbecillitatem
1102 5172 1273 5223 tuam.
1306 5172 1445 5225 Nam
1471 5174 1521 5227 si
1552 5177 1737 5241 potens
1774 5178 1824 5228 et
1848 5178 2029 5231 calens

443 5255 597 5312 esses,
626 5245 755 5295 ante
791 5239 883 5293 hos
908 5239 1308 5312 quinquaginta
1337 5243 1418 5296 rel
1445 5239 1727 5312 sexaginta
1753 5260 1915 5299 annos
1941 5248 2033 5301 de-

440 5311 630 5365 bueras
652 5312 1091 5383 apprOpinquare
1115 5311 1253 5383 mihi
1267 5329 1281 5365 :
1309 5327 1403 5381 ego
1437 5317 1575 5368 enim
1596 5330 1693 5383 per
1720 5317 2032 5381 confortan-

444 5384 551 5435 tem
574 5396 656 5435 me
685 5382 954 5437 Christum
975 5382 1317 5437 ostendissem
1339 5385 1438 5438 tibi
1455 5382 1831 5451 in/irinitatem
1858 5390 2030 5451 tuam,

437 5451 809 5525 acdejecissem
822 5456 1061 5521 rugitum
1076 5457 1227 5508 tuum
1238 5459 1400 5524 atque
1408 5457 1779 5524 confregissem
1789 5457 2033 5525 rigidam

443 5523 593 5579 illam
631 5531 783 5580 tuam
824 5526 1184 5595 inﬂexamque
1221 5523 1469 5581 ceruicem
1504 5523 1654 5584 Nunc
1700 5523 1880 5582 autem
1928 5546 2032 5586 non

440 5601 649 5672 meaest
673 5597 1023 5672 imbecillitas,
1046 5598 1139 5653 sed
1161 5600 1448 5672 inﬁrmitas
1472 5603 1569 5665 cst,
1591 5602 2029 5672 qutepremitme.

440 5666 660 5739 Gratias
688 5673 864 5722 tamen
879 5666 996 5738 "ago
1026 5674 1152 5733 Deo,
1197 5666 1272 5723 ad
1304 5685 1458 5739 quem
1493 5666 1829 5739 proﬁciscens
1855 5678 2034 5728 osten-

438 5738 564 5794 dam
581 5737 842 5812 injuriam
856 5737 1019 5809 quam
1037 5741 1133 5794 abs
1152 5745 1201 5793 te
1216 5737 1409 5809 passus
1429 5737 1568 5804 sum,
1594 5737 1694 5811 qui
1703 5748 1827 5812 post
1850 5748 1926 5799 tot
1940 5761 2038 5799 an-

436 5825 625 5866 norum
656 5811 859 5865 labores
888 5815 938 5866 et
966 5812 1368 5880 fatigationem,
1399 5814 1539 5869 circa
1566 5811 1772 5871 exitum
1794 5818 1872 5872 sic
1894 5822 2036 5874 atro-

2153 2118 2286 2170 citer
2307 2131 2390 2170 me
2412 2117 2677 2170 inuasisti.
2700 2117 2811 2170 Ista
2837 2118 2889 2169 et
2915 2113 3027 2168 alia
3060 2114 3307 2183 plurima.
3350 2113 3490 2166 horis
3518 2113 3754 2180 singulis

2153 2188 2355 2249 dicens,
2388 2187 2595 2241 decima
2624 2186 2710 2240 die
2745 2200 2864 2239 cum
2893 2187 3038 2238 omni
3082 2187 3258 2254 quiete
3286 2184 3507 2240 Domino
3539 2184 3753 2239 Christo

2151 2260 2408 2338 spiritum
2430 2259 2489 2311 in
2507 2256 2933 2338 pace_reddidii.
2965 2254 3216 2338 Haicibi.
3253 2254 3583 2338 “extincta-vit.
3608 2269 3753 2324 pra:-

2153 2323 2299 2384 térea
2320 2323 2587 2399 Baronius
2617 2329 2794 2399 (Tomo
2832 2328 2855 2381 Ι
2881 2328 3219 2395 Annal.fan.
3245 2328 3457 2399 D._32),
3483 2323 3752 2381 facinoro-

2151 2414 2241 2480 sas
2262 2398 2532 2480 quasdam
2556 2397 2829 2466 mulieres,
2855 2412 2999 2480 quas,
3020 2397 3366 2480 quantumvis
3393 2405 3580 2480 postea
3625 2411 3752 2480 ptnf

2151 2465 2392 2526 nitentes
2407 2485 2469 2525 ac
2494 2474 2608 2525 Deo
2627 2484 2720 2540 per
2743 2465 2924 2540 omnia
2946 2465 3239 2540 placentes,
3261 2465 3526 2524 assecuta:
3548 2465 3753 2524 iuerint

2151 2556 2380 2613 suorum
2411 2538 2805 2613 indulgentiam
2839 2538 3183 2613 delictorum,
3218 2540 3575 2596 nihilominus
3590 2554 3749 2613 acer-

2153 2612 2396 2668 bioribus
2420 2609 2600 2669 solere
2629 2609 3070 2667 infestationibus
3098 2610 3417 2667 daemonum
3446 2610 3708 2682 exagitari
3734 2629 3749 2665 :

2152 2682 2300 2766 qpod
2329 2682 3010 2766 qques_gestas,_inq_pit,
3054 2680 3670 2766 Peiagiaahpmniteniis,
3698 2689 3755 2766 _et

2151 2752 2362 2827 Maria:—
2384 2752 2714 2827 Egyptiaca:
2756 2762 2820 2827 et_
2859 2752 3109 2827 aliarum,
3140 2752 3355 2827 legerit,
3387 2753 3550 2827 plane
3586 2752 3751 2808 intel-

2152 2825 2294 2898 liget.
2325 2823 2767 2898 Haec'Baronius
2790 2824 2858 2882 de
2886 2825 3061 2898 Maria
3093 2823 3410 2898 Magdalena
3431 2823 3749 2898 disputans,

2149 2893 2541 2969 (ueritneiante
2566 2896 2649 2952 vel
2692 2906 2816 2969 post
2854 2897 3174 2969 unctionem
3191 2893 3443 2951 ‘Domini
3468 2909 3501 2950 a
3532 2893 3751 2966 septem

2149 2965 2454 3041 daemoniis,
2473 2978 2533 3022 ut
2552 2965 2874 3041 evangelista
2895 2967 2986 3034 ait,
3014 2983 3273 3041 possessa.

2219 3040 2259 3111 “_
2275 3040 2378 3111 His
2401 3038 2670 3111 consentit
2694 3038 2766 3095 D.
2794 3038 3032 3111 Joannes
3078 3038 3549 3111 Chrysostomus;
3612 3052 3749 3111 nam

2148 3109 2205 3181 in
2246 3108 2396 3166 libris
2433 3125 2570 3181 quos
2598 3110 2666 3165 de
2692 3109 3037 3181 Providentia
3072 3108 3417 3181 conscripsit,
3471 3109 3637 3163 etiam
3664 3110 3752 3181 _in

2147 3179 2253 3254 hoc
2299 3178 2542 3254 divinam
2572 3180 2971 3254 Providentiam
3007 3182 3252 3254 agnoscit
3287 3178 3346 3254 et
3393 3178 3751 3254 commendat

2149 3252 2324 3325 (_tomo
2351 3252 2439 3325 V),
2460 3252 2611 3325 quod
2629 3252 2926 3308 sanctiores
2950 3251 3201 3309 homines
3223 3251 3455 3325 subinde
3485 3267 3515 3305 a
3539 3251 3750 3325 dazmo-

2145 3323 2305 3381 nibus
2325 3321 2693 3396 corripiantur
2716 3332 2770 3379 et
2797 3332 3082 3396 vexentur,
3110 3339 3201 3396 ne;
3221 3322 3276 3378 in
3316 3331 3535 3393 peccata
3562 3321 3753 3396 devol-

2145 3403 2356 3468 vantur.
2393 3391 2512 3468 Qua
2546 3395 2753 3450 ratione
2776 3409 2991 3468 quoque
3023 3391 3377 3468 Theodorum
3396 3391 3688 3468 quemdam
3717 3409 3750 3450 a

2145 3464 2396 3523 daemone
2415 3463 2735 3538 possessum
2760 3463 3098 3538 consolatur.
3134 3463 3271 3522 Vide
3316 3467 3541 3520 Petrum
3587 3464 3767 3535 ’ΠΨ-⁸

2140 3552 2314 3609 renum
2343 3538 2413 3609 de
2426 3536 2800 3609 _Daemoniacis
2821 3553 2938 3609 cap.
2970 3543 3058 3592 32.

2214 3602 2240 3639 ³³
2258 3608 2501 3664 Tradidit
2529 3608 2808 3679 apostolus
2830 3602 3030 3664 Paulus
3055 3606 3406 3665 Corinthium
3445 3606 3743 3679 quemdam

2142 3678 2515 3734 incestuosum
2539 3681 2819 3746 Satanae,l
2850 3680 2917 3735 ad
2946 3679 3282 3749 Corinthios,
3304 3695 3360 3735 ν.
3407 3678 3656 3734 Tradidit
3686 3687 3741 3733 et

2144 3751 2505 3818 Hymenaeum
2527 3759 2580 3804 et
2596 3749 2970 3805 Alexandrum
2998 3750 3282 3809 haereticos
3298 3758 3351 3806 et
3364 3749 3737 3819 blasphemos,

2150 3823 2171 3874 ι
2199 3821 2449 3876 Timoth.
2465 3862 2484 3889 ,
2508 3836 2552 3876 ι.
2570 3821 2807 3877 Tradere
2829 3829 3016 3876 autem
3032 3825 3264 3889 Satanae,
3285 3820 3338 3876 id
3354 3828 3454 3886 est,
3480 3819 3732 3889 diabolo,

2143 3899 2206 3964 ut
2229 3891 2361 3948 alias
2381 3891 2689 3964 notavimus
2720 3891 2831 3964 (lib.
2861 3907 2911 3949 II
2940 3895 3208 3962 Institut.,
3239 3909 3353 3963 cap.
3383 3895 3736 3964 16)‘,_secun7

2146 3963 2280 4019 dum
2312 3960 2737 4020 ecclesiasticum
2765 3979 2925 4019 usum
2971 3970 3025 4020 et
3052 3960 3358 4019 doctrinam
3380 4002 3397 4029 ,
3423 3961 3561 4017 nihil
3588 3960 3738 4019 aliud

2146 4042 2229 4090 est
2278 4050 2442 4106 quam
2499 4051 2594 4107 per
2620 4035 3200 4092 excommunicationis
3229 4034 3556 4107 sententiam
3585 4042 3735 4107 extra

2146 4105 2438 4188 Ecclesiam
2467 4105 2751 4188 projicere,
2790 4108 2901 4163 sive
2922 4122 3205 4188 acorpore
3235 4105 3449 4188 "Christi
3480 4105 3736 4177 praesciu-

2143 4177 2289 4233 dere.
2318 4181 2455 4235 Cum
2468 4177 2629 4250 enim
2658 4194 2891 4250 regnum,
2916 4177 3114 4233 Christi
3135 4178 3207 4234 sit
3234 4177 3732 4248 Ecclesia,regnum

2143 4258 2326 4304 autem
2354 4249 2554 4321 diaboli
2593 4257 2742 4306 extra
2769 4249 3085 4317 Ecclesiam,
3116 4264 3458 4321 consequens
3497 4257 3583 4321 est
3611 4262 3734 4304 eum

2144 4321 2236 4390 qui
2252 4328 2398 4393 extra
2421 4320 2721 4393 Ecclesiam
2742 4321 2843 4376 Dei
2862 4321 3167 4393 projicitur,
3191 4320 3596 4393 singulariiejus
3615 4328 3734 4392 pro-

2144 4390 2381 4464 tectione
2405 4390 2645 4464 destitui,
2666 4399 2828 4464 atque
2843 4390 2980 4448 adeo
3009 4390 3352 4464 daemonibus
3374 4390 3539 4464 objiei
3560 4390 3735 4464 ctiex—

2179 4461 2295 4529 oni,
2313 4469 2605 4535 tamquam
2622 4461 2759 4535 lupis
2780 4470 2929 4520 extra
2954 4464 3095 4520 ovile
3122 4463 3319 4535 Christi
3342 4461 3736 4535 grassantibus.

2190 4547 2315 4607 0er
2342 4541 2528 4607 monet
2550 4532 2975 4607 Chrysostomus
2998 4545 3051 4592 et
3073 4532 3454 4591 Tbeodorétus
3476 4535 3533 4589 in
3559 4533 3739 4607 primi-

2142 4603 2248 4659 tiva
2272 4604 2538 4678 Ecclesia,
2578 4603 2798 4678 quando
2823 4607 2921 4662 alia
2954 4607 3180 4664 facultas
3208 4621 3319 4678 non
3362 4614 3484 4663 erat
3506 4603 3739 4662 rebelles

2140 4675 2427 4732 coercendi
2450 4686 2504 4733 et
2525 4676 2579 4732 in
2595 4675 2790 4733 'ofticio
2820 4678 3154 4741 continendi,
3180 4677 3255 4733 sic
3283 4678 3738 4733 excommunica-

2139 4753 2226 4802 tos
2265 4755 2319 4803 et
2346 4749 2560 4804 Satanae
2588 4748 2839 4819 traditos,
2873 4751 3056 4806 statim
3084 4748 3251 4806 fuisse
3272 4765 3302 4805 a
3331 4749 3588 4805 daemone
3615 4764 3735 4803 cor-

2141 4827 2322 4891 reptos
2347 4827 2403 4892 et
2441 4821 2795 4892 corporaliter
2833 4830 3069 4890 vexatos,
3101 4825 3222 4878 Deo
3259 4821 3334 4876 ita
3385 4821 3735 4892 disponente,

2140 4898 2263 4964 tum
2297 4890 2367 4964 ad
2394 4890 2862 4964 comprobandam
2888 4892 3144 4949 Ecclesia:
3173 4901 3227 4949 et
3257 4890 3634 4964 praelatorum
3655 4907 3733 4947 ec-

2140 4962 2565 5019 clesiasticorum
2627 4971 2948 5035 potestatem
3002 4964 3081 5021 eis
3127 4981 3157 5019 a
3207 4962 3428 5021 Christo
3476 4964 3733 5019 collatam

2134 5050 2296 5104 super
2318 5037 2496 5089 omnia
2522 5036 2786 5090 daemonia
2815 5042 2865 5090 et
2881 5052 3042 5106 super
3055 5052 3260 5091 omnem
3282 5039 3607 5105 potestatem
3633 5035 3732 5086 ini-

2137 5108 2264 5180 mici
2286 5107 2508 5180 (Matth:
2528 5121 2593 5162 ιχ
2605 5147 2619 5173 ,
2636 5109 2790 5180 Lucae
2803 5121 2869 5163 rx
2886 5112 2937 5161 et
2951 5107 3010 5180 x)
3029 5125 3043 5172 ;
3068 5116 3197 5180 tum,
3211 5106 3279 5163 ad
3299 5108 3664 5180 coercendam
3685 5109 3742 5180 et

2137 5177 2474 5233 domandam
2494 5177 2872 5252 improborum
2895 5174 3326 5252 contumaciam:
3351 5179 3503 5252 quod
3525 5174 3741 5250 proprie

2138 5263 2201 5322 ac
2227 5249 2874 5322 germancsiguificatum
2896 5250 3002 5307 illis
3039 5251 3236 5322 verbis,
3284 5249 3501 5307 tradere
3524 5249 3745 5322 Satanae

2139 5321 2199 5374 in
2226 5323 2503 5376 interitum
2524 5320 2699 5376 carnis
2715 5364 2731 5386 ,
2761 5321 2818 5378 id
2846 5331 2950 5390 est,
2972 5320 3474 5391 mortiﬁcationem,
3496 5320 3745 5391 vexatio-

2140 5405 2291 5465 nem,
2320 5391 2620 5465 cruciatum
2656 5389 3015 5465 corporalem.
3050 5396 3242 5452 Caneri
3267 5411 3325 5450 m
3361 5389 3470 5450 hoc
3499 5392 3620 5465 loco
3662 5389 3743 5443 vi-

2141 5460 2301 5517 detur
2324 5461 2494 5542 abbas
2518 5460 3042 5545 _Serenus'ejusqui
3064 5466 3415 5545 traditionem
3438 5463 3748 5545 intelligere
3778 5466 3785 5471 “

2141 5547 2249 5611 qua
2296 5532 2418 5604 quis
2441 5532 2685 5611 _subinde
2722 5532 2815 5591 vel
2850 5537 2924 5611 ob
2964 5536 3139 5594 levem
3175 5538 3415 5611 culpam,
3450 5536 3535 5611 vel
3578 5532 3749 5611 edam

2143 5604 2346 5676 absque
2368 5605 2546 5678 culpa,
2576 5609 2694 5663 Deo
2724 5608 3095 5679 permittente,
3126 5626 3158 5667 a
3195 5604 3413 5667 diabolo
3445 5607 3747 5671 invaditur,

2144 5686 2441 5748 occupatur
2468 5685 2522 5733 et
2547 5679 2903 5751 corporaliter
2925 5689 3182 5748 vexatur;
3230 5690 3289 5737 ut
3336 5681 3437 5751 hac
3463 5679 3755 5736 vexatione

2145 5756 2449 5824 purgatus,_
2470 5750 2683 5824 cautior
2731 5750 2982 5824 deinceps
3006 5761 3062 5809 et
3090 5752 3327 5811 sanctior
3366 5750 3640 5809 efﬁciatur
3684 5756 3753 5803 ut

2146 5819 2207 5875 ex
2238 5819 2668 5892 praecedentibus
2696 5819 2991 5896 colligitur.
