4048 6208
277 270 383 325 709

674 259 1020 319 ‘COLIATIO
1058 259 1176 315 Vll.
1215 260 1415 331 -ιῡΕ
1453 258 1690 314 ΑΝΙΜᾸΞ
1728 255 2152 313 MOBILITATE
2189 258 2276 311 ET
2315 216 2786 313 SPlRlT.ALlBUS
2823 258 3184 326 NEQUITIIS.

3488 269 3595 321 710

279 393 434 457 dicis,
478 392 554 448 ita
594 380 932 447 credendum
974 389 1066 457 sit,
1114 387 1258 460 quod
1306 387 1385 442 eis
1416 386 1754 459 purgationis
1796 385 1879 441 vel
1906 388 1961 451 Α
1987 390 2393 441 sacrosanctam
2430 399 2459 440 a
2489 384 2792 443 senioribus
2829 387 3030 443 nostris
3063 404 3365 459 numquam
3393 394 3591 449 memi-

281 483 539 542 utilitatis
580 481 803 539 obtentu
856 479 1021 551 huius
1067 479 1382 537 tentationis
1421 477 1735 536 humiliatio
1781 478 1878 535 tri-

280 575 478 634 buatur
498 577 522 630 Ρ

833 667 1075 723 CAPUT
1125 667 1322 722 XXX.

510 763 800 832 Responsio
833 776 995 831 super
1010 763 1297 839 proposita
1325 762 1634 830 quastione.

353 861 587 916 Serenus
621 876 632 911 :
672 856 727 912 Si
755 853 1105 911 habuerimus
1145 853 1287 910 hanc
1328 852 1679 921 sententiam,
1711 850 1879 908 immo

277 950 468 1021 ﬁdem,
495 966 659 1022 quam
689 949 940 1023 superius
967 947 1373 1020 comprehendi,
1395 954 1459 1003 ut
1483 956 1539 1003 et
1565 946 1748 1003 omnia
1789 961 1882 1017 per

279 1044 583 1101 Dominum
608 1043 745 1113 ﬁeri,
776 1052 829 1099 et
867 1059 965 1116 pro
993 1042 1222 1099 utilitate
1245 1043 1550 1098 animarum
1585 1040 1878 1114 dispensari

280 1138 530 1194 universa
549 1137 859 1208 credamus,
889 1153 1005 1194 non
1028 1137 1207 1195 solum
1244 1152 1591 1210 nequaquam
1620 1134 1883 1207 despicie-

282 1246 409 1288 mus
445 1247 542 1288 eos
561 1274 576 1302 ,
612 1231 710 1288 sed
738 1231 900 1288 etiam
936 1248 1036 1303 pro
1065 1233 1144 1288 eis
1170 1240 1451 1303 tamquam
1482 1247 1579 1302 pro
1614 1229 1881 1286 membris

281 1323 484 1381 nostris
527 1325 859 1381 incessanter
884 1323 1190 1392 orahimus,
1221 1324 1406 1395 eisque
1428 1322 1558 1379 totis
1587 1322 1879 1379 visceribus

276 1433 343 1475 ac
383 1418 542 1489 pleno
581 1417 979 1489 compatiemur
1020 1416 1254 1485 affectu;
1312 1431 1443 1472 cum
1479 1416 1621 1472 enim
1661 1418 1879 1485 patitur

278 1527 444 1567 unum
460 1513 776 1591 membrum,
794 1514 1196 1583 compatiuntur
1211 1514 1387 1565 omnia
1403 1511 1642 1566 membra
1661 1513 1680 1579 (
1690 1513 1709 1566 ι
1732 1511 1875 1575 Con,

279 1602 432 1673 xtl);
470 1601 699 1659 scientes
740 1618 842 1659 nos
874 1603 1079 1675 absque
1119 1603 1224 1659 illis
1253 1611 1444 1675 utpote
1479 1602 1745 1659 membris
1770 1618 1872 1658 no-

277 1696 407 1752 stris
422 1695 754 1754 omnimodis
771 1697 1144 1754 consummari
1166 1713 1278 1753 non
1302 1712 1486 1769 posse,
1518 1695 1880 1768 quemadmo-

1989 478 2173 534 nimus
2222 477 2588 545 interdictam,
2630 479 2761 550 quin
2808 480 2979 539 immo
3027 481 3073 537 si
3107 481 3366 553 possibile
3408 494 3587 559 esset,

1989 573 2159 629 etiam
2185 573 2429 646 quotidie
2462 573 2541 629 eis
2569 572 2835 645 impertiri
2877 590 3001 631 eam
3030 574 3229 632 debere
3270 578 3587 637 censebant.

1987 670 2101 724 Nec
2122 668 2269 725 enim
2302 668 2607 726 secundum
2646 668 2920 742 Evangelii
2943 671 3287 742 sententiam,
3312 688 3477 745 quam
3499 673 3590 730 in-

1987 774 2227 833 congrue
2269 760 2398 816 huic
2429 759 2612 816 sensui
2653 761 2940 833 coaptatis,
2979 764 3152 820 Nolite
3182 770 3422 820 sanctum
3462 769 3591 825 dare

1987 856 2226 920 canibus,
2249 855 2320 913 ad
2343 856 2612 913 daemonis
2641 873 2824 914 escam
2872 868 3219 915 sacrosancta
3247 864 3587 930 communio,

1986 958 2043 1005 et
2077 965 2190 1005 non
2222 952 2404 1022 potius
2438 950 2506 1006 ad
2546 951 2933 1023 purgationem
2972 968 3036 1009 ac
3076 953 3311 1009 tutelam
3346 957 3593 1027 corporis

1986 1043 2300 1115 animaeque
2318 1085 2332 1111 ,
2358 1043 2641 1115 pervenire
2663 1044 2933 1102 credenda
2960 1054 3042 1102 est
3066 1066 3082 1115 ;
3116 1062 3240 1118 quae
3271 1048 3340 1104 ab
3368 1047 3592 1107 homine

1988 1144 2262 1207 percepta,
2288 1152 2416 1192 eum
2438 1136 2608 1208 quiin
2630 1136 2899 1193 membris
2927 1139 3045 1209 ejus
3089 1139 3288 1196 insidet
3312 1141 3588 1213 spiritum,

1984 1244 2080 1285 seu
2108 1229 2166 1285 in
2197 1230 2328 1301 ipsis
2368 1229 2588 1286 latitare
2614 1231 2983 1303 cognoscitur,
3018 1232 3169 1287 velut
3189 1234 3469 1305 quoddam
3495 1252 3592 1292 ex-

1985 1338 2148 1379 urens
2176 1322 2330 1397 fugat
2357 1323 2690 1380 incendium.
2736 1325 2857 1379 Hoc
2886 1340 3124 1396 namque
3151 1325 3318 1381 modo
3338 1338 3590 1386 curatum

1985 1424 2042 1472 et
2080 1415 2382 1473 abbatem”
2413 1417 2788 1474 Andronicum
2837 1434 3011 1490 nuper
3046 1420 3379 1492 aspeximus,
3423 1422 3589 1479 alios-

1985 1526 2091 1583 que
2128 1511 2505 1583 quamplures.
2536 1511 2714 1582 Magis
2754 1526 2995 1583 namque
3036 1527 3099 1568 ac
3135 1514 3310 1584 magis
3340 1514 3590 1571 inimicus

1985 1602 2273 1659 insultabit
2306 1603 2551 1672 obsesso,
2581 1620 2710 1660 cum
2739 1619 2867 1660 eum
2903 1620 2935 1660 a
2963 1606 3173 1661 caelesti
3216 1606 3481 1664 medicina
3504 1612 3587 1667 vi-

1984 1696 2126 1752 derit
2158 1705 2501 1768 segregatum
2525 1718 2541 1766 ς
2567 1705 2830 1767 tantoque
2856 1697 3023 1754 dirius
3047 1714 3110 1754 ac
3137 1697 3473 1772 frequentius
3501 1713 3585 1760 at-

276 1789 409 1847 dum
442 1790 669 1862 legimus
709 1805 781 1847 ne
804 1791 1105 1848 anteriores
1132 1791 1349 1863 quidem
1378 1798 1600 1847 nostros
1631 1789 1750 1846 sine
1771 1804 1876 1845 no-
1912 1808 1959 1870 Β
1988 1787 2247 1856 tentabit,
2275 1796 2480 1860 quanto
2503 1804 2628 1845 cum
2651 1803 2687 1845 δ,
2713 1788 2938 1861 spiritali
2957 1789 3200 1847 remedio
3226 1791 3436 1866 longius
3464 1811 3581 1852 sen-

276 1882 358 1939 bis
395 1882 838 1955 repromissionis
867 1899 1145 1941 summam
1180 1885 1443 1957 consequi
1484 1883 1751 1957 potuisse,
1802 1884 1878 1939 ita

279 1976 348 2035 de
369 1976 473 2034 illis
504 1978 773 2050 Apostolo
798 1979 1187 2055 pronuntiante
1212 2000 1224 2035 :
1260 1983 1331 2036 Et
1351 1980 1411 2035 hi
1434 1995 1611 2036 omnes
1641 1982 1881 2035 testimo-

280 2073 372 2126 nio
414 2072 544 2139 ﬁdei
571 2072 905 2140 comprobati
929 2088 1039 2127 non
1066 2079 1379 2142 acceperunt
1408 2074 1881 2143 repromissiones;

276 2169 387 2222 Deo
408 2167 524 2234 'pro
542 2166 697 2219 nobis
715 2167 903 2221 melius
918 2167 1138 2236 aliquid
1152 2168 1481 2236 prouidente,
1502 2183 1569 2222 ne
1590 2168 1704 2222 sine
1732 2168 1883 2222 nobis

273 2261 780 2312 consummarentur
799 2259 965 2323 (Heb.
987 2273 1051 2314 χι
1066 2263 1104 2326 ).
1127 2269 1152 2295 ³
1174 2259 1634 2316 Communionem
1659 2273 1786 2315 vero
1805 2259 1882 2315 eis

1987 1882 2123 1939 serit
2142 1881 2472 1941 abdicatum.

2532 1987 2770 2043 CAPUT
2807 1987 3049 2057 εχΧΧι.

1989 2085 2139 2154 Quod
2156 2084 2344 2139 miseri
2361 2086 2472 2139 sint
2500 2085 2558 2139 hi
2581 2087 2680 2153 qui
2698 2085 2864 2140 subdi
2878 2088 3264 2155 temporalibus
3282 2090 3405 2146 istis
3426 2096 3573 2149 tenta

2434 2156 2670 2211 tionibus
2699 2172 2801 2210 non
2844 2161 3130 2212 merentur.

2061 2261 2331 2316 Caeterum
2349 2262 2373 2291 ο
2416 2259 2494 2314 illi
2531 2267 2661 2315 sunt
2696 2274 2824 2315 vere
2845 2259 3037 2316 miseri
3063 2276 3126 2316 ac
3148 2261 3484 2321 miserabiles
3492 2267 3587 2339 ju-

1375 2375 1629 2430 ALARDI
1666 2375 1890 2429 (ἓΑΖιΕΙ
1931 2373 2481 2430 COMMENTARIUS.

350 2480 374 2509 ³
392 2478 788 2550 Energumenis
831 2478 946 2535 sive
969 2477 1323 2535 dmmoniacis
1342 2494 1449 2535 non
1473 2493 1588 2536 esse
1609 2478 1878 2550 denegan-

350 2494 374 2509 ε·
392 2494 788 2602 ωειοὲυιηρωε
831 2494 946 2535 εινθ
969 2494 1323 2535 ammoniacis
1342 2494 1449 2535 non
1473 2494 1588 2536 esse
1609 2494 1877 2550 denegan-

275 2547 404 2604 dam
435 2563 536 2603 euc
575 2549 776 2605 aristiae
795 2551 1238 2605 communionem
1269 2551 1429 2607 docet
1450 2550 1612 2606 etiam
1633 2553 1702 2606 D.
1731 2550 1877 2606 Tho-

277 2634 396 2703 mas
414 2620 441 2701 .(
463 2634 530 2701 ni
548 2625 726 2703 part,
754 2626 1072 2703 q..80,nart.
1103 2628 1136 2677 9
1156 2623 1229 2677 ad
1256 2626 1290 2703 1_
1307 2622 1356 2703 ),
1387 2630 1440 2676 et
1456 2620 1879 2703 confirmat‘hoc

276 2690 519 2763 Cassiani
553 2691 1041 2763 testimoniorPro
1097 2707 1204 2763 quo
1248 2690 1409 2748 etiam
1457 2691 1588 2747 facit
1630 2692 1777 2759 quod
1821 2693 1878 2748 in

278 2761 506 2816 concilio
536 2762 872 2817 Arausicano
906 2761 1138 2818 habetur
1167 2765 1300 2820 Can.
1345 2769 1375 2818 3
1397 2764 1589 2834 (apud
1624 2765 1871 2821 Gratian.

280 2838 371 2895 26,
395 2849 451 2901 q.
482 2837 536 2900 6,
567 2848 686 2903 cap.
721 2836 829 2901 Qui
849 2835 1140 2904 recedunt).
1164 2835 1487 2890 Amentibus
1528 2850 1875 2904 quiscumque

273 2905 501 2973 pietatis
519 2906 699 2972 ofﬁcia
719 2906 1041 2972 conferenda
1063 2911 1193 2960 sunt
1207 2912 1224 2969 (
1237 2907 1395 2962 Sotus
1413 2909 1473 2960 in
1489 2910 1523 2960 4
1545 2908 1717 2968 Sent,
1741 2906 1868 2960 dist.

282 2978 367 3037 l2,
383 2990 443 3056 _q.
479 2978 501 3029 1
534 2977 795 3056 (Nigrinus
826 2977 892 3030 de
928 2981 1161 3056 Damon.
1188 2983 1338 3048 part.
1375 2993 1429 3056 I,_
1451 2993 1571 3048 cap.
1608 2982 1735 3056 2_8).
1756 2976 1869 3056 ξω

280 3044 456 3120 multo
501 3044 699 3102 clarius
724 3046 782 3120 id
818 3044 1469 3120 conﬁrmaturjexemplo
1497 3044 1647 3118 quod
1680 3063 1711 3103 a
1740 3046 1868 3103 divo

281 3116 555 3189 Prospero
592 3117 914 3189 Aquitanico
938 3116 1175 3174 refertur
1195 3117 1278 3189 his
1313 3116 1490 3175 verbis
1508 3116 1596 3187 (de
1614 3121 1865 3174 Promiss.

282 3191 335 3259 et
363 3188 585 3243 Prcedic.
611 3189 806 3243 dimid.
836 3194 995 3259 temp.
1018 3205 1139 3258 cap.
1164 3188 1227 3259 6)
1260 3206 1273 3241 :
1298 3192 1505 3247 Nostris
1527 3191 1865 3259 temporibus,

284 3258 559 3330 Aspareto
582 3301 597 3321 ,
632 3276 683 3315 υ.
710 3276 754 3314 c.
787 3261 994 3315 consule
1013 3261 1334 3330 Carthagini
1352 3258 1667 3322 constitute,
1690 3261 1782 3314 hoc
1799 3262 1869 3315 si-

285 3329 813 3401 gnumdiabolicum,
835 3329 1337 3401 monstruosumque
1353 3332 1498 3401 quod
1519 3331 1631 3385 illic
1653 3331 1870 3398 accidit,

285 3400 413 3472 quis
437 3399 585 3455 illius
596 3405 796 3471 patrue
821 3404 954 3456 civis
967 3405 1224 3469 ignorat?
1243 3399 1501 3469 Quaedam
1511 3402 1803 3472 juvencula
1813 3404 1883 3457 A-

281 3470 417 3543 raba
429 3470 668 3539 natione,
690 3474 900 3528 ancilla:
920 3475 1019 3529 Dei
1030 3473 1275 3527 habitum
1291 3470 1526 3543 gestans,
1545 3488 1664 3527 cum
1683 3475 1740 3527 in
1766 3473 1884 3528 bal-

282 3556 381 3616 neo
400 3542 588 3599 lavans
606 3545 955 3600 simulacrum
984 3546 1204 3601 Veneris
1222 3542 1491 3616 impudice
1510 3546 1812 3615 respiceret,
1832 3548 1884 3600 et

285 3614 533 3682 seipsam,
584 3617 736 3685 eique
769 3630 824 3671 se
849 3617 1210 3684 consimilans,
1239 3614 1570 3672 domicilium
1590 3631 1646 3671 se
1668 3616 1883 3671 diabolo

276 3685 514 3759 prabuit
533 3705 548 3751 ;
574 3689 764 3741 statim
785 3687 874 3743 ille
893 3687 970 3742 leo
989 3691 1089 3757 qui
1104 3690 1320 3758 rugiens
1339 3691 1546 3752 circuit,
1568 3704 1724 3759 quem
1736 3704 1885 3757 qua:-

282 3755 438 3830 rebat
464 3758 695 3814 inuenit.
726 3760 938 3814 Meatus
962 3755 1130 3827 igitur
1157 3755 1392 3829 gutturis
1408 3755 1880 3830 ipsiusoccupans,

284 3827 493 3882 nullum
522 3830 719 3899 cibum,
751 3831 1067 3901 nullumque
1083 3827 1275 3899 potum
1304 3827 1602 3901 trcgici'ens,
1631 3827 1738 3900 per
1757 3846 1884 3899 sep-

284 3901 540 3968 tuaginta
566 3903 738 3967 ferme
766 3900 880 3954 dies
910 3901 1232 3969 totidemque
1254 3907 1457 3963 noctes,
1483 3901 1758 3968 jejunium
1781 3901 1889 3955 sibi

284 3969 536 4025 diabolus
560 3985 630 4025 ea:
644 3974 799 4036 capto
810 3983 1152 4037 possessoque
1175 3985 1298 4022 ease
1317 3971 1585 4023 embihuit.
1615 3973 1721 4023 Hoc
1746 3985 1887 4024 mon-

279 4045 465 4095 strum
492 4042 745 4106 parentes
782 4037 977 4105 puellm
1000 4052 1099 4104 per
1128 4041 1205 4091 tot
1235 4038 1442 4091 dierum
1468 4040 1649 4106 spatia
1681 4040 1892 4103 auferri

279 4123 442 4179 posse
467 4111 765 4179 sperantes,
787 4108 919 4179 dum
924 4106 1055 4174 juge
1077 4106 1285 4161 malum
1299 4107 1526 4163 ulterius
1542 4107 1771 4179 tolerare
1786 4123 1891 4162 non

281 4177 526 4248 possent,
550 4178 712 4251 simul
728 4193 847 4251 cum
859 4177 979 4251 ﬁlia
997 4192 1106 4232 sese
1122 4180 1452 4248 ingesserunt
1469 4178 1748 4251 sacerdoti,
1769 4193 1889 4251 quae

284 4246 417 4303 acta
442 4251 598 4302 erant
616 4248 844 4318 ﬁdeliter
862 4246 1197 4305 intimantesI
1226 4252 1336 4305 Hoc
1359 4246 1571 4304 tantum
1592 4246 1890 4320 puclla/a-

285 4320 531 4381 tebatur,
558 4335 709 4375 auem
733 4320 1024 4389 quamdam
1052 4324 1221 4391 noctis
1250 4322 1429 4376 medio
1447 4336 1728 4391 apparere,
1769 4336 1891 4391 quin

284 4391 400 4449 sibi
414 4392 505 4444 ori
520 4393 692 4446 nescio
712 4392 849 4461 quid
869 4393 1198 4459 infunderet.
1215 4394 1416 4461 Stupor
1430 4396 1555 4448 tunc
1573 4395 1750 4448 inerat
1768 4408 1887 4447 cun.

285 4464 384 4518 etis
402 4461 585 4517 videre
603 4463 841 4534 puellam
869 4464 1033 4520 nullis
1054 4466 1273 4520 indiciis
1299 4461 1545 4519 diuturni
1559 4464 1766 4534 jejunii
1779 4466 1891 4531 fa:-

285 4478 384 4518 cus
402 4478 585 4517 maere
594 4478 841 4586 puellam
869 4478 1033 4520 nullis
1054 4478 1273 4520 marcus
1299 4478 1542 4519 diuturni
1559 4479 1763 4534 Jejunu
1779 4478 1885 4531 fa:-

285 4535 500 4601 datam,
514 4550 590 4588 nu
615 4535 899 4605 lopallore,
920 4549 1013 4589 seu
1033 4540 1089 4590 ta
1098 4536 1159 4591 be
1180 4537 1264 4590 vel
1282 4536 1885 4604 debilitateconfectam,

285 4608 424 4675 quin
461 4607 645 4674 potius
670 4606 949 4660 robustam
984 4621 1135 4661 succo
1156 4609 1436 4670 uiscerum,
1464 4608 1600 4661 mole
1628 4608 1890 4662 membro-

1988 2496 2102 2536 cem
2134 2483 2463 2551 particulam
2493 2483 2727 2551 corporis
2758 2485 2974 2537 Domini
3007 2484 3228 2539 tinctam
3254 2502 3287 2539 a
3318 2488 3589 2543 sacerdote

1980 2555 2302 2623 perciperet,
2322 2553 2585 2607 semihora
2598 2554 2860 2607 mandens
2878 2554 3123 2623 trajicere
3132 2571 3235 2609 non
3252 2558 3446 2620 caluit,
3459 2574 3589 2613 non-

1985 2624 2115 2677 dum
2149 2624 2244 2677 illo
2274 2626 2463 2690 fugato
2490 2623 2556 2676 de
2590 2639 2691 2690 quo
2732 2624 2862 2677 dicit
2891 2627 3215 2694 Apostolus:
3248 2628 3375 2693 Qua:
3405 2643 3589 2683 conso-

1979 2696 2175 2767 nantia
2192 2695 2401 2767 βῆν-ἐξιῇ
2419 2694 2680 2767 adpelial
2705 2696 2733 2746 ?
2753 2696 3045 2767 Etiterum
3075 2714 3090 2749 :
3123 2699 3240 2753 Non
3258 2702 3483 2767 potestis
3502 2717 3589 2753 ca-

1986 2764 2137 2817 licem
2185 2764 2401 2817 Domini
2454 2763 2629 2816 bibere
2671 2767 2721 2817 et
2757 2765 2971 2819 calicem
3014 2763 3397 2821 dwmonidrum
3417 2808 3436 2833 ,
3484 2784 3589 2823 non

1976 2836 2201 2903 potestis
2220 2849 2415 2888 mensw
2434 2835 2647 2887 Domini
2660 2836 2993 2905 participare
3015 2840 3066 2889 et
3095 2851 3288 2890 mensae
3307 2838 3591 2893 dwmonio-

1980 2920 2103 2960 rum
2125 2908 2145 2971 (
2171 2907 2191 2958 ι
2216 2906 2336 2961 Cor.
2360 2907 2441 2970 Χ).
2472 2907 2641 2961 Manu
2682 2907 2855 2973 igitur
2885 2908 3084 2973 faciem
3122 2907 3238 2975 ejus
3261 2914 3591 2968 sustentante

1979 2975 2269 3037 sacerdote,
2300 2991 2367 3030 ne
2394 2977 2651 3032 Sanctum
2674 2976 2994 3045 projiceret,
3037 2994 3071 3031 a
3096 2979 3329 3046 quodam
3366 2980 3590 3036 diacono

1976 3052 2285 3116 suggestum
2311 3050 2469 3120 estut
2496 3047 2707 3120 calicem
2727 3048 3023 3103 salutarem
3048 3050 3262 3116 gutturi
3282 3050 3396 3118 ejus
3416 3056 3593 3120 ponti-

1976 3120 2074 3186 fex
2092 3120 2408 3189 applicaret.
2429 3118 2582 3183 Quod
2599 3122 2662 3172 ut
2675 3120 2883 3184 factum
2908 3124 3004 3181 est,
3028 3120 3218 3173 statim
3238 3121 3407 3175 locum
3416 3118 3591 3177 'illu-m

1979 3204 2133 3263 quem
2162 3188 2411 3244 diabolus
2432 3189 2729 3263 obsederat,
2756 3191 3057 3263 Saluatoris
3083 3192 3305 3263 imperio
3330 3194 3585 3263 reliquit,

1980 3262 2384 3316 Sacramentum
2412 3259 2555 3329 quod
2579 3276 2666 3333 ore
2684 3261 2933 3328 gestabat
2950 3278 3070 3315 cum
3095 3259 3255 3316 laude
3279 3259 3586 3333 RederizptoL

1986 3333 2065 3386 ris
2078 3332 2454 3399 transglutisse
2472 3331 2657 3399 puella
2679 3333 2943 3385 clamavit.
2965 3334 3101 3387 Hinc
3129 3334 3342 3397 lcetitia,
3365 3331 3489 3389 hinc
3506 3352 3593 3391 τω-

1990 3417 2070 3456 ces
2089 3404 2149 3456 in
2169 3402 2382 3457 laudem
2401 3403 2519 3463 Dei,
2544 3402 2686 3468 quod
2700 3406 2819 3469 post
2837 3405 3102 3469 octoginta
3124 3408 3172 3457 et
3192 3404 3325 3458 duos
3344 3406 3456 3460 dies
3476 3407 3595 3460 dia-

1993 3473 2110 3527 bolo
2133 3472 2374 3541 capulso,
2390 3471 2575 3540 puella
2599 3470 2667 3525 de
2684 3475 2948 3540 potestate
2972 3474 3145 3539 fuerit
3172 3479 3330 3528 eruta
3362 3477 3589 3538 inimici,

1991 3551 2094 3600 etc.
2124 3544 2405 3614 Hactenus
2433 3544 2506 3596 D.
2537 3543 2788 3612 Prosper.
2823 3544 2996 3614 Porro
3024 3544 3271 3614 quamvis
3291 3543 3595 3603 daemonia-

1990 3614 2070 3671 cis
2095 3612 2549 3689 communionem
2587 3628 2816 3689 sacram__
2842 3612 3055 3686 porrigi
3070 3631 3228 3686 posse
3257 3614 3590 3689 dixerimus,

1990 3701 2101 3743 non
2127 3694 2326 3761 tamen
2367 3684 2933 3761 dicimusomnibus,
2974 3684 3089 3761 nec
3114 3687 3307 3761 quovis
3344 3684 3594 3761 tempore

1990 3756 2409 3831 porrigendam;
2436 3755 2530 3813 sed
2560 3756 2662 3831 iliis
2708 3765 2921 3831 tantum
2948 3758 3043 3831 qui
3068 3755 3272 3831 mentis
3307 3770 3361 3815 et
3392 3755 3587 3831 judicii

1990 3826 2277 3900 comp'otes
2317 3837 2466 3896 sunt,
2506 3826 2754 3900 utqhunc
2782 3826 3066 3900 cibum'ab
3101 3829 3207 3884 alio
3234 3826 3449 3885 valeant
3484 3833 3595 3889 disi

1990 3897 2235 3965 cernere,
2265 3908 2317 3955 et
2344 3900 2413 3955 ad
2436 3897 2695 3954 eumdem
2726 3913 2855 3953 cum
2880 3898 3174 3954 devotione
3203 3904 3255 3952 et
3285 3903 3589 3957 reverentia

1991 3986 2051 4026 se
2086 3985 2412 4039 praeparare,
2456 3978 2513 4024 et
2552 3967 2770 4038 quidem
2795 3983 2862 4023 eo
2890 3976 3142 4038 tempore
3170 3984 3279 4038 quo
3316 3968 3596 4027 daemones

1993 4038 2215 4094 molesti
2240 4056 2351 4094 non
2376 4047 2523 4103 sunt,
2558 4054 2661 4093 nec
2688 4039 2794 4094 ulla
2827 4040 3179 4095 Sacramento
3206 4038 3431 4094 timetur
3465 4041 3596 4094 irre-

1997 4109 2233 4178 verentia
2255 4113 2401 4172 (Pct.
2428 4111 2594 4177 Thyr.
2617 4110 2708 4178 lib.
2732 4111 3129 4164 deDcemoniac.
3151 4124 3265 4177 cap.
3294 4117 3413 4177 28).
3440 4112 3594 4178 Quo-

1996 4177 2141 4251 circa
2174 4177 2323 4247 quod
2355 4179 2417 4232 Β.
2457 4176 2747 4251 Dionysius
2776 4179 3014 4251 (Ecclesi
3059 4176 3341 4251 Hierdrch.
3377 4176 3502 4251 cap.
3543 4187 3596 4250 3)

1997 4247 2151 4315 dicit,
2178 4247 2555 4318 energumenis
2582 4262 2693 4318 non
2719 4262 2846 4318 esse
2871 4247 3254 4318 porrigendum
3282 4249 3385 4307 hoc
3410 4247 3596 4309 Sacra-

1997 4262 2151 4315 Olcn,
2178 4262 2303 4303 ener
2344 4262 2555 4303 umems
2582 4262 2693 4301 non
2719 4262 2840 4303 esse
2871 4262 3254 4318 porrigendum
3282 4262 3385 4307 hoc
3410 4262 3596 4309 sacra-

1997 4326 2272 4383 mentum,
2303 4262 2371 4374 ge
2392 4332 2501 4373 non
2524 4317 2816 4385 baptizatis
2834 4317 3236 4389 intelligendum
3260 4330 3360 4388 est,
3384 4339 3447 4378 ex
3476 4340 3596 4381 seu-

1997 4391 2250 4462 tentias.
2278 4390 2509 4446 Thoma:
2549 4389 2664 4462 (ubi
2686 4389 2908 4462 supra).
2950 4390 3087 4447 Vide
3124 4389 3259 4448 infra
3285 4396 3594 4454 annotatio-

1996 4478 2127 4518 ncm
2165 4461 2433 4519 decimam
2461 4460 2685 4519 Cuichii.

2041 4536 2092 4580 ,υ
2122 4536 2195 4613 ρο
2212 4550 2322 4605 quo
2344 4532 2659 4613 Andronico
2687 4532 2939 4613 loquatur
2965 4533 3595 4613 hicabhasambiguum

1995 4613 2095 4684 est.
2124 4604 2317 4684 Fertur
2355 4604 2575 4678 quidem
2622 4605 2931 4684 Andronici
2951 4615 3004 4661 et
3044 4607 3321 4684 'i‘harasia:
3346 4604 3596 4684 coﬁjugis

285 4691 431 4750 rum.
457 4677 695 4750 Cumque
708 4677 1045 4732 incredibilia
1067 4678 1379 4750 riderentur
1398 4693 1519 4746 qua:
1542 4677 1880 4742 dicebantur,
1912 4685 1964 4748 1)
1996 4677 2115 4750 ejus
2138 4675 2595 4750 anachor'etarum
2626 4675 2850 4750 illustris
2881 4676 3133 4745 historia,
3158 4694 3394 4750 quorum
3426 4675 3594 4737 e'tiaTm

287 4748 475 4804 habito
502 4746 721 4803 consilio
748 4750 807 4803 in
846 4750 1166 4802 monasterio
1190 4748 1517 4817 puellarum,
1545 4750 1603 4801 in
1627 4765 1731 4817 quo
1756 4751 1885 4805 reli-

288 4821 437 4888 quia:
455 4821 513 4875 S.
542 4821 806 4890 Stephani
825 4821 948 4874 sitae
964 4823 1109 4885 sunt,
1133 4818 1378 4875 sacerdos
1403 4819 1641 4890 puellam
1657 4819 1889 4875 simulet

285 4892 579 4959 prmposito
604 4890 1010 4946 commendavit.
1033 4891 1149 4946 Illic
1165 4892 1344 4960 prima
1369 4894 1582 4945 tantum
1608 4889 1695 4943 die
1717 4906 1889 4960 appa-

286 4962 469 5017 ruisse
481 4963 637 5017 illam
651 4978 800 5017 avem
815 4964 1060 5029 asseruit,
1077 4977 1237 5031 seque
1254 4964 1554 5031 increpasse
1568 4960 1711 5029 quod
1722 4977 1892 5031 neque

285 5033 441 5099 fame
458 5049 629 5102 neque
654 5035 751 5088 siti
775 5034 1066 5101 compulsa,
1087 5034 1245 5087 illum
1270 5036 1540 5102 appeteret
1567 5033 1757 5094 locum,
1789 5048 1892 5101 quo

284 5104 397 5159 sibi
433 5105 676 5160 accedere
710 5121 817 5159 non
847 5106 1045 5160 liceret.
1082 5105 1184 5159 Per
1213 5104 1349 5159 duas
1379 5118 1507 5157 sane
1533 5103 1891 5157 hebdomadas

285 5175 434 5229 nihil
455 5176 561 5231 cibi
572 5176 657 5231 vel
679 5177 863 5246 poculi
886 5190 1119 5238 sumens,
1146 5177 1203 5229 in
1225 5177 1546 5229 monasterio
1558 5175 1777 5246 mansit.
1797 5175 1894 5229 Ac-

285 5246 429 5301 cidit
450 5252 631 5302 autem
656 5244 718 5302 ut
745 5250 970 5318 quintus
993 5247 1228 5302 decimus
1249 5246 1550 5301 dominicus
1573 5244 1896 5318 illucesceret

288 5318 435 5385 dies,
453 5319 765 5374 ascendente
784 5319 1057 5374 nobiscum
1073 5318 1344 5373 sacerdote
1363 5322 1424 5372 ut
1436 5318 1768 5372 matutinum
1786 5317 1897 5371 illic

288 5391 620 5459 sacriﬁcium
636 5391 790 5445 solito
805 5392 1128 5458 offerretur,
1147 5390 1383 5460 puellam
1398 5391 1720 5460 praepositus
1738 5387 1812 5442 ad
1825 5389 1898 5443 al-

292 5464 413 5516 tare
432 5462 719 5531 perdua'it,
760 5476 817 5517 eo
841 5464 1047 5517 incessu
1076 5466 1127 5517 et
1160 5462 1353 5517 habitu
1387 5476 1490 5531 quo
1513 5462 1683 5516 solent
1708 5460 1898 5515 rubore

292 5535 538 5600 perfusa:
581 5549 648 5588 ea:
688 5535 860 5603 epulis
886 5534 1192 5603 poculisque
1217 5533 1464 5589 mulieres
1492 5533 1762 5588 advenire.
1794 5531 1899 5588 Sed

295 5607 359 5658 ut
396 5619 452 5660 se
476 5605 573 5658 illa
597 5606 897 5675 prostravit
923 5606 1114 5672 altari,
1145 5606 1373 5661 clamore
1402 5607 1557 5674 ﬂetus
1585 5606 1676 5659 sui
1699 5605 1900 5658 cunctis

292 5676 605 5730 astantibus
617 5679 846 5744 gemitus
858 5676 1221 5746 lacrymasque
1232 5677 1434 5731 induxi
1438 5678 1580 5746 t,qui
1583 5676 1678 5730 bus
1686 5679 1899 5729 tantum

300 5747 504 5802 malum
521 5748 875 5815 auferendum
891 5762 1129 5817 prcesens
1143 5749 1294 5817 plebs
1312 5750 1599 5805 Dominum
1616 5746 1896 5802 exorabat.

306 5818 520 5876 Peracto
543 5821 729 5890 itaque
751 5820 1034 5889 sacriﬁcio,
1062 5835 1179 5876 cum
1208 5820 1390 5876 eadem
1423 5822 1565 5875 inter
1586 5822 1801 5874 caeteras
1823 5817 1900 5873 lc-

1357 6055 1390 6088 ι

1996 4747 2343 4821 memoriam
2385 4747 2779 4821 Martyrologio
2818 4750 3071 4802 Romano
3106 4747 3597 4821 celebrishabetur

1996 4828 2028 4877 9
2057 4818 2312 4876 Octobris
2328 4839 2345 4887 -,
2361 4818 2566 4890 quippe
2590 4818 2678 4890 qui
2700 4826 2896 4890 mutuo
2917 4830 3186 4890 consensu
3207 4818 3597 4890 continentiam

1997 4898 2287 4958 voventes,
2323 4884 2961 4958 vitam'anachoreticam
2989 4884 3269 4958 elegerunt
3292 4887 3599 4950 etjsancus-

2000 4961 2139 5016 sime
2171 4953 2530 5014 traduxerunt
2588 4955 2694 5029 sub
2733 4953 3276 5029 discipiinaabbatis
3313 4959 3555 5018 Danielis
3578 5002 3593 5029 ,

2002 5043 2166 5101 quem
2195 5029 2350 5102 illum
2395 5042 2513 5082 esse
2539 5024 2793 5102 egistimo
2830 5024 2923 5102 qui
2954 5024 3241 5102 collatione
3272 5035 3301 5084 4
3331 5031 3474 5102 apud
3505 5024 3603 5089 no-

1999 5095 2176 5157 suum
2197 5097 2522 5153 Cassianum
2551 5095 2811 5167 disputat.
2838 5099 3042 5153 Verum
3080 5113 3149 5153 an
3178 5098 3267 5154 ille
3294 5095 3601 5160 sit'Andro-

2000 5172 2154 5226 nicus
2189 5169 2259 5225 de
2307 5183 2414 5239 quo
2458 5168 2547 5224 hic
2590 5167 2786 5240 agitur,
2820 5167 3006 5225 lectori
3039 5168 3396 5241 judicandum
3430 5175 3595 5231 relins

2040 5258 2130 5298 ιιο.

2000 5258 2110 5347 qu?
2127 5311 2334 5387 Passim
2380 5310 2438 5368 id
2486 5311 2729 5387 indicant
2771 5327 2942 5368 sacra:
2990 5311 3233 5387 paginae,
3270 5331 3392 5387 qua:
3423 5316 3601 5387 felices

2003 5388 2231 5458 Deoque
2259 5384 2491 5458 dilectos
2519 5383 2813 5458 pradicant
2841 5399 2981 5455 quos
3007 5383 3121 5456 ipse
3142 5385 3196 5441 in
3219 5383 3318 5458 hac
3351 5390 3453 5445 vita
3478 5383 3602 5449 cas-

2005 5455 2160 5531 tigat,
2203 5472 2271 5513 ne
2300 5456 2358 5512 in
2392 5455 2665 5531 aeternum
2688 5455 2902 5531 puniat;
2930 5455 3122 5531 contra
3157 5456 3393 5531 infelices
3426 5470 3483 5517 et
3510 5480 3603 5520 rc—

2006 5527 2211 5601 probos
2246 5547 2259 5583 :
2294 5527 2501 5596 Quibus
2531 5529 2646 5601 ipse
2671 5542 2777 5601 non
2802 5529 3076 5601 irascitur,
3105 5529 3305 5586 Ezcch.
3339 5547 3463 5599 xvi;
3501 5537 3604 5592 Sed

2008 5598 2239 5655 dimittit
2274 5615 2356 5655 eos
2393 5599 2682 5655 secundum
2710 5598 2977 5653 desideria
3012 5600 3185 5655 cordis
3215 5617 3416 5668 comm,
3446 5598 3601 5664 ’Psal.

2009 5687 2202 5739 Lxxx;
2226 5674 2330 5750 Nec
2344 5673 2531 5725 uisitat
2554 5685 2714 5750 super
2724 5674 3019 5750 peccantes,
3047 5672 3173 5750 0_s_e.
3197 5686 3283 5729 1v.
3307 5678 3369 5750 l_n
3393 5676 3498 5733 hoc
3517 5695 3604 5750 ge-

2009 5743 2427 5816 nereﬁpracclara
2470 5750 2620 5816 sunt,
2658 5740 2785 5797 licet
2827 5740 3010 5816 minus
3036 5743 3181 5816 trita,
3227 5745 3389 5803 verba
3413 5740 3601 5803 aucto-

2009 5815 2084 5873 ris
2112 5813 2208 5871 lib.
2258 5816 2309 5870 ll
2343 5813 2594 5871 Machab.
2625 5828 2747 5887 cap.
2779 5828 2857 5881 vn,
2891 5813 2983 5871 ubi
3019 5815 3127 5870 ait:
3169 5816 3389 5873 Obsecro
3425 5823 3603 5871 autem
