4024 6208
452 264 550 316 ’711

1504 208 1821 302 ἰΟΑδἯις
1857 241 2160 299 CASSIANI
2196 242 2684 302 COLLATIONES.

3665 251 3766 307 712

456 381 697 449 dicandi;
728 379 818 454 qui
841 393 970 435 cum
1004 391 1065 433 se
1092 372 1357 432 universis
1380 369 1699 429 criminibus
1733 367 2065 440 ﬂagitiisque
2091 370 2146 435 Α
2174 369 2443 439 disputem
2463 374 2633 427 tecum
2656 375 2864 438 (Jerem.
2892 372 2995 436 xu)
3013 388 3031 437 ;
3052 382 3242 425 causas
3267 377 3450 425 tamen
3473 367 3642 442 hujus
3658 378 3774 431 tan.

454 476 846 543 contaminent,
876 488 989 529 non
1019 470 1200 527 solum
1224 469 1442 524 nullum
1474 462 1764 521 visibiliter
1790 462 1845 518 in
1873 461 1953 518 eis
1978 460 2059 516 si-

456 587 625 644 gnum
651 573 676 602 ι
721 566 1008 624 diabolicae
1032 558 1394 635 suppletionis
1437 554 1761 620 ostenditur,
1814 553 1908 611 sed
1954 568 2060 610 nec

456 665 632 737 aliqua
653 660 877 736 quidem
893 656 1148 730 Operibus
1173 668 1368 711 eorum
1387 649 1661 724 condigna
1679 648 1932 717 tentatio,
1954 661 2061 704 nec

455 758 630 815 ullum
659 754 932 828 ﬂagellum
960 746 1320 821 correptionis
1339 744 1587 801 infertur.
1618 745 1743 801 Non
1767 742 1913 799 enim
1939 756 2059 796 me-

455 861 644 911 rentur
667 851 903 908 celerem
932 846 1197 920 temporis
1235 843 1394 900 istius
1430 840 1846 915 expeditamque
1874 836 2059 895 medi-

453 948 656 1014 cinam,
677 960 911 1019 quorum
934 944 1143 999 duritia
1162 945 1213 997 et
1228 940 1570 1011 impcenitens
1587 952 1678 992 cor
1695 949 1916 1008 prunam
1936 933 2060 990 vita:

454 1038 741 1113 praesentis
762 1036 1049 1099 excedens,
1077 1034 1409 1091 thesaurizat
1430 1032 1539 1087 sibi
1560 1031 1672 1101 ipsi
1684 1030 1828 1083 iram
1847 1031 1899 1083 et
1916 1027 2060 1081 indi-

454 1134 764 1203 gnationem
786 1134 845 1185 in
869 1131 958 1186 die
984 1132 1083 1183 ira:
1109 1132 1161 1183 et
1195 1127 1537 1181 reuelationis
1556 1123 1704 1192 justi
1728 1122 1936 1192 judicii
1962 1121 2064 1177 Dei

456 1225 639 1295 (Rom.
669 1223 758 1293 ιι),
785 1222 840 1276 in
868 1235 978 1292 quo
997 1221 1195 1275 vermis
1218 1233 1400 1272 eorum
1423 1232 1526 1271 non
1550 1214 1901 1282 morietur,‘et
1919 1215 2061 1282 ignis

454 1332 635 1372 eorum
655 1330 762 1369 non
782 1316 1154 1382 emstinguetur
1172 1311 1301 1383 (Isa.
1326 1324 1475 1367 LXVI
1492 1314 1532 1377 ).
1557 1309 1761 1365 Contra
1781 1323 1918 1380 quos
1936 1322 2065 1379 pro-

452 1408 636 1479 pheta,
664 1408 808 1463 velut
833 1407 1032 1463 anxius
1062 1420 1163 1477 pro
1182 1402 1481 1460 afﬂictione
1507 1411 1842 1470 sanctorum,
1875 1400 2063 1457 videns

452 1516 548 1559 eos
596 1498 862 1558 aerumnis
909 1499 1070 1554 variis
1100 1513 1165 1554 ac
1206 1495 1596 1553 tentationibus
1642 1494 1955 1565 subjacere,
2005 1501 2063 1549 et

452 1601 674 1652 econtra
716 1600 1031 1664 peccatores
1073 1605 1188 1645 non
1214 1589 1394 1646 solum
1421 1587 1627 1659 absque
1660 1586 1771 1643 ullo
1800 1586 2063 1642 humilia-

453 1687 619 1743 tionis
659 1684 873 1754 ﬂagello
903 1697 1125 1739 cursum
1167 1681 1362 1738 mundi
1389 1680 1543 1736 istius
1570 1679 1918 1752 pertransire,
1964 1677 2060 1734 sed

2168 470 2241 520 tae
2280 464 2660 538 inaequalitatis
2698 463 2996 536 inquirens,
3038 462 3317 536 subjungit
3343 471 3400 519 et
3438 461 3612 519 dicit:
3667 466 3772 524 Ve-

2167 562 2465 615 rumtamen
2478 558 2840 630 justalloquar
2854 558 2930 614 ad
2944 562 3014 613 te.
3038 557 3210 624 Quare
3228 559 3319 610 cia
3338 557 3636 627 impiorum
3653 574 3777 629 pro-

2168 658 2422 723 speratur
2435 656 2464 707 ?
2479 654 2603 708 bene
2617 658 2693 709 est
2704 653 2948 708 omnibus
2959 652 3059 722 qui
3070 651 3501 722 praevaricantur
3518 655 3569 707 et
3590 654 3774 723 inique

2168 747 2357 814 agunt.
2378 745 2645 801 Plantasti
2662 760 2766 815 eos,
2784 750 2835 802 et
2848 745 3082 801 radicem
3103 745 3381 807 miserunt,
3398 746 3701 814 proﬁciunt
3722 754 3776 803 et

2164 838 2378 905 faciunt
2399 840 2674 907 fructum:
2700 854 2868 911 prope
2887 853 2940 894 es
2969 842 3030 893 tu
3055 839 3142 892 ori
3165 851 3348 892 eorum
3375 840 3427 891 et
3447 837 3608 906 longe
3626 854 3659 893 a
3679 855 3774 894 re-

2168 935 2327 991 nibus
2356 950 2537 991 eorum
2565 936 2777 1000 (Jerem.
2809 933 2949 1004 xu).
2987 934 3240 1005 Quorum
3280 930 3499 987 ruinam
3528 931 3777 991 deﬂente

2168 1029 2408 1086 Domino
2452 1044 2549 1102 per
2594 1028 2936 1102 prophetam,
2980 1035 3037 1083 et
3076 1025 3145 1083 ad
3185 1040 3383 1082 eorum
3411 1027 3778 1086 curationem

2170 1123 2416 1181 medicos
2448 1133 2610 1197 atque
2655 1123 2911 1181 doctores
2949 1120 3176 1179 sollicite
3199 1119 3485 1193 dirigente,
3525 1130 3582 1178 et
3628 1139 3775 1195 quo-

2168 1216 2469 1274 dammodo
2498 1232 2592 1274 eos
2620 1217 2691 1274 ad
2736 1216 3016 1288 planctum
3057 1214 3297 1271 similem
3337 1198 3773 1287 provocante-ac

2170 1311 2382 1369 dicente
2413 1331 2430 1368 :
2462 1313 2652 1370 Subito
2688 1312 2877 1368 cecidit
2898 1311 3158 1380 Babylon,
3191 1312 3425 1365 contrita
3443 1314 3542 1375 est,
3561 1311 3777 1368 ululate

2168 1420 2329 1477 super
2347 1422 2484 1468 eam,
2504 1407 2674 1462 tollite
2693 1408 2926 1461 resinam
2946 1404 3021 1458 ad
3039 1404 3271 1458 dolorem
3289 1403 3428 1473 ejus,
3452 1406 3505 1458 si
3522 1405 3668 1471 forte
3685 1420 3776 1461 sa-

2166 1504 2328 1555 netur
2372 1498 2588 1570 (Jerem.
2635 1500 2737 1568 LI).
2771 1496 3136 1571 Respondent
3167 1495 3517 1569 desperantes
3546 1497 3751 1570 angeli,

2167 1592 2384 1665 quibus:
2405 1592 2596 1647 salutis
2622 1591 2874 1647 humanae
2901 1605 3031 1646 cura
3063 1589 3361 1646 commissa
3385 1597 3487 1657 est,
3516 1588 3597 1645 vel
3619 1597 3774 1646 certe

2167 1685 2430 1760 propheta
2467 1702 2533 1743 ex
2578 1701 2807 1758 persona
2852 1684 3230 1757 apostolorum
3281 1699 3377 1740 seu
3403 1682 3773 1756 spiritualium

455 1779 622 1835 etiam
658 1775 937 1832 afﬂuentia
969 1773 1284 1831 divitiarum
1330 1788 1396 1829 ac
1444 1787 1662 1830 summa
1703 1787 1890 1829 rerum
1937 1787 2057 1828 om-
2089 1790 2138 1852 Β
2169 1780 2408 1836 virorum
2439 1786 2601 1850 atque
2626 1777 2922 1835 doctorum
2948 1775 3249 1833 videntium
3281 1774 3531 1833 duritiam
3560 1775 3774 1834 mentis

451 1872 607 1928 nium
640 1871 998 1944 prosperitate
1044 1867 1298 1941 gaudere.
1334 1866 1666 1925 intolerabili
1703 1868 1821 1923 zelo
1848 1882 1914 1923 ac
1943 1866 2061 1938 spi-

456 1968 593 2026 ritus
626 1966 710 2021 sui
752 1962 970 2020 fervore
1005 1977 1328 2031 succensus,
1367 1962 1635 2019 exclamat
1678 1982 1690 2018 :
1730 1964 1841 2018 Mei
1875 1966 2055 2016 autem

448 2078 585 2134 pene
604 2061 740 2115 moti
754 2062 883 2114 sunt
899 2058 1084 2129 pedes,
1099 2058 1268 2129 paulo
1292 2059 1471 2113 minus
1492 2057 1670 2126 effusi
1694 2062 1821 2112 sunt
1845 2071 2059 2126 gressus

454 2158 579 2226 mei,
606 2156 738 2224 quia
762 2154 939 2207 celavi
963 2165 1129 2223 super
1150 2153 1386 2221 iniquos,
1411 2167 1603 2221 pacem
1625 2154 1964 2223 peccatorum
1989 2153 2063 2205 vi-

454 2251 613 2317 dens,
644 2251 778 2319 quia
803 2262 911 2303 non
940 2250 1017 2301 est
1046 2250 1313 2316 respectus
1348 2248 1517 2301 morti
1546 2261 1752 2314 eorum,
1794 2250 1845 2301 et
1871 2248 2059 2315 ﬁrma-

452 2349 687 2402 mentum
707 2346 763 2397 in
785 2344 955 2412 plaga
984 2357 1182 2405 eorum,
1205 2343 1263 2396 in
1287 2341 1466 2396 labore
1482 2339 1757 2396 hominum
1780 2356 1887 2395 non
1908 2344 2057 2403 sunt,

454 2441 506 2494 et
533 2453 652 2493 cum
676 2434 980 2491 hominibus
1010 2449 1117 2488 non
1155 2435 1576 2504 ﬂagellabantur
1601 2435 1780 2501 (Psal.
1813 2436 2008 2499 Lxxu)
2043 2451 2057 2488 :

450 2532 658 2589 scilicet
683 2530 739 2585 in
781 2527 971 2585 futuro
1010 2543 1140 2584 cum
1197 2526 1542 2584 daemonibus
1568 2525 1862 2599 puniendi,
1890 2525 2060 2598 quiin

454 2624 709 2699 praesenti
736 2638 851 2678 non
880 2628 1200 2678 meruerunt
1224 2622 1282 2677 in
1322 2629 1472 2677 sorte
1513 2636 1577 2676 ac
1600 2619 1883 2691 disciplina
1913 2618 2061 2675 lilio-

452 2735 577 2777 rum
624 2733 752 2775 cum
805 2714 1121 2773 hominibus
1168 2713 1450 2789 ﬂagellari.
1512 2713 1781 2769 Jeremias
1840 2726 2062 2786 quoque

453 2829 584 2871 cum
626 2817 742 2870 Deo
791 2827 955 2884 super
992 2808 1098 2866 hac
1140 2809 1436 2882 impiorum
1461 2806 1820 2879 prosperitate
1848 2805 2060 2877 discep-

454 2916 574 2964 tans
597 2948 612 2975 ,
644 2906 769 2961 licet
792 2919 1137 2977 nequaquam
1159 2902 1411 2958 dubitare
1443 2917 1502 2957 se
1522 2900 1589 2958 de
1599 2900 1814 2971 justitia
1837 2898 2061 2954 Domini

460 3001 798 3074 proﬁteatur,
829 2998 1017 3056 dicens
1046 3016 1059 3051 :
1091 2999 1275 3052 Justus
1305 2994 1523 3064 quidem
1552 2998 1611 3046 tu
1639 3008 1711 3053 es,
1742 2993 1984 3054 Domine,
2011 2995 2064 3045 si

2168 1886 2362 1928 eorum
2383 1880 2438 1929 et
2462 1870 2810 1943 impaenitens
2833 1885 2931 1927 eor
2956 1887 2970 1924 :
3001 1870 3314 1927 Curavimus
3331 1870 3676 1939 Babylonem,
3711 1873 3774 1925 et

2165 1980 2269 2021 non
2297 1969 2375 2020 est
2400 1969 2629 2031 sanata;
2658 1964 3024 2034 relinquamus
3048 1977 3186 2025 eam,
3214 1966 3262 2016 et
3284 1963 3773 2031 eainusunusquis-

2167 2075 2268 2129 que
2286 2062 2344 2114 in
2369 2064 2570 2115 terram
2587 2072 2744 2113 suam
2758 2100 2777 2126 ,
2802 2059 3055 2128 quoniam
3074 2058 3324 2127 pervenit
3342 2069 3504 2125 usque
3521 2054 3597 2109 ad
3610 2054 3778 2110 cenios

2157 2154 2430 2224 judicium
2451 2153 2588 2222 ejus,
2607 2157 2658 2207 et
2678 2152 2936 2207 eleuatum
2956 2155 3033 2206 est
3066 2165 3236 2220 usque
3250 2149 3327 2204 ad
3343 2150 3509 2203 nubes
3537 2148 3712 2219 (Ibid.
3732 2153 3772 2214 ).

2166 2249 2249 2303 De
2297 2247 2529 2303 istorum
2573 2245 2739 2318 igitur
2793 2244 3077 2317 desperato
3127 2244 3386 2317 languore
3435 2259 3504 2298 ex
3538 2257 3803 2314 persona-

2168 2341 2267 2398 Dei
2288 2341 2531 2414 loquitur
2554 2342 2723 2397 Isaias
2745 2339 2815 2398 ad
2830 2339 3135 2397 Jerusalem
3167 2361 3180 2395 :
3209 2341 3262 2396 A
3289 2340 3485 2410 planta
3504 2339 3659 2409 pedis
3688 2354 3774 2394 us

2168 2451 2271 2505 que
2298 2436 2372 2491 ad
2397 2438 2643 2491 verticem
2668 2450 2771 2490 non
2792 2436 2948 2491 estin
2970 2451 3031 2490 ea
3052 2435 3295 2501 sanitas;
3315 2433 3513 2488 vulnus
3536 2437 3584 2488 et
3599 2433 3769 2495 livor,

2169 2533 2219 2584 et
2240 2530 2411 2600 plaga
2441 2532 2649 2583 tumens
2669 2543 2775 2582 non
2801 2531 2879 2584 est
2907 2527 3306 2596 circumligata,
3336 2540 3429 2580 nec
3447 2529 3634 2581 curata
3658 2539 3776 2579 me-

2168 2623 2450 2685 dicamine,
2484 2637 2658 2693 neque
2683 2623 2803 2689 fota
2825 2622 2936 2676 oleo
2964 2620 3100 2692 (Isa.
3127 2618 3204 2689 ι).

2701 2723 2943 2780 CAPUT
2971 2721 3226 2777 XXXII.

2170 2821 2243 2875 De
2259 2819 2575 2875 diversitate
2596 2818 2896 2873 studiorum
2921 2833 2985 2873 ac
3010 2819 3349 2873 voluntatum
3369 2831 3493 2888 qua
3521 2817 3583 2871 in
3602 2819 3777 2873 aereis

2588 2891 2949 2960 potestatibus
2989 2892 3327 2945 exercentur.

2238 2985 2387 3047 bTot
2428 2999 2613 3048 autem
2652 3008 2768 3048 esse
2807 2991 2865 3047 iu
2894 2990 3195 3048 immundis
3232 2989 3514 3063 spiritibus
3542 2998 3677 3063 quot
3708 2990 3769 3047 in

1551 3100 1808 3189 ALAltDI
1845 3133 2072 3189 GAZzEl
2108 3112 2665 3192 COMMENTARIUS.

453 3287 536 3328 eos
562 3272 672 3342 qui
695 3268 887 3321 libmm
914 3264 1053 3317 hunc
1082 3261 1273 3342 lecturi
1294 3262 1503 3342 suntne
1528 3259 1907 3342 abhorrescant
1928 3275 2066 3342 pro-
2096 3262 2141 3326 C
2164 3258 2396 3342 justitiae
2427 3275 2590 3342 poena
2617 3268 2898 3342 coerceat;
2928 3265 2981 3315 et
3022 3265 3219 3340 contra.
3237 3256 3419 3342 multo
3442 3273 3562 3342 esse
3583 3255 3771 3315 infeli-

448 3331 1035 3413 ptcr'adversoscasus
1059 3350 1075 3399 ;
1098 3332 1191 3413 sed
1217 3335 1468 3413 reputent
1495 3347 1555 3413 ea
1583 3345 1704 3401 qua:
1729 3331 2061 3413 acciderunt,

451 3402 555 3468 non
585 3409 659 3465 ad
712 3409 1012 3474 interitum,
1052 3404 1145 3459 sed
1183 3402 1257 3458 ad
1299 3405 1680 3472 correptionem
1720 3417 1828 3457 esse
1862 3405 2065 3472 generis

452 3484 649 3539 nostri.
683 3483 895 3537 Etenim
919 3478 1088 3533 multo
1119 3479 1347 3544 tempore
1374 3488 1479 3527 non
1504 3476 1677 3529 sinere
1697 3474 2064 3545 peccatoribus

455 3568 524 3605 ea:
543 3554 807 3605 sententia
824 3564 1005 3618 agere,
1026 3546 1119 3602 sed
1139 3549 1323 3600 statim
1344 3545 1573 3618 ultiones
1589 3546 1860 3618 adhibere,
1879 3547 2069 3613 magni

452 3621 690 3687 beneﬁcii
711 3626 787 3672 est
809 3621 1089 3681 indicium;
1116 3632 1224 3669 non
1253 3617 1396 3670 enim
1417 3617 1559 3668 sicut
1584 3618 1643 3668 in
1666 3617 1794 3669 aliis
1823 3618 2062 3687 notioni—

454 3690 552 3744 bus
578 3686 837 3743 Dominus
858 3689 1132 3755 patienter
1160 3688 1469 3753 exspectat,
1496 3688 1559 3736 ut
1592 3698 1707 3746 eas,
1733 3700 1851 3738 cum
1858 3686 2068 3753 judicii

451 3761 566 3816 dies
583 3759 885 3819 advenerit,
913 3758 969 3809 in
994 3755 1336 3825 plenitudine
1352 3758 1695 3823 peccatorum
1720 3756 1953 3823 puniat:
1982 3758 2062 3810 ita

452 3835 503 3887 et
530 3834 587 3886 in
615 3829 761 3885 nobis
788 3828 1005 3889 statuit,
1022 3830 1082 3879 ut
1100 3826 1555 3897 peccatisnostris
1575 3826 1632 3877 in
1658 3828 1817 3893 ﬁnem
1841 3825 2061 3880 devolu-

404 3926 407 3929 <
452 3906 547 3965 tis,
565 3904 647 3957 ita
671 3901 881 3954 demum
900 3900 958 3952 in
976 3912 1073 3951 nos
1089 3896 1346 3951 vindicet.
1365 3897 1587 3965 Propter
1602 3897 1746 3964 quod
1764 3912 2060 3966 numquam

461 3974 679 4046 quidem
693 3989 727 4025 a
739 3973 890 4046 nobis
901 3968 1321 4046 misericordiam
1334 3982 1489 4022 suam
1511 3971 1755 4046 ιιῃροτρρ).
1769 3969 2062 4046 ens

464 4038 590 4101 vero
612 4047 670 4098 in
695 4044 931 4098 adversis
948 4040 1208 4111 populum
1234 4055 1409 4102 suum,
1429 4054 1536 4111 non
1556 4038 2061 4111 derelinquit.‘lia3c

466 4116 577 4173 ille.
606 4117 667 4170 In
695 4108 1297 4170 eamdem—sententiam
1330 4108 1542 4182 egregie
1562 4108 1880 4165 Lactantius
1902 4108 1994 4164 lib.
2028 4126 2059 4164 v

459 4188 631 4244 Divin.
667 4185 850 4242 lnstit.
890 4198 1005 4255 cap.
1047 4186 1118 4239 23
1146 4224 1162 4250 ,
1217 4182 1479 4238 Senecam
1520 4189 1771 4255 secutus,
1814 4195 2054 4255 eumque

452 4259 731 4331 allegans:
779 4258 841 4312 Si
866 4253 1135 4331 quis,ait,
1174 4255 1311 4331 scire
1338 4254 1486 4331 volet
1518 4254 1853 4331 pleniuscur
1886 4253 2053 4331 malos

451 4335 504 4385 et
525 4325 750 4399 in'justos
777 4332 916 4399 Deus
937 4330 1195 4399 potentes,
1226 4326 1402 4380 beatos
1423 4328 1477 4399 et
1512 4325 1706 4378 divites
1724 4326 1848 4394 ﬁeri
1872 4326 2050 4399 sinat;

446 4404 565 4469 pios
577 4397 1092 4469 ὼηίνα,ᾲΙιιιηιίΙρξ,Δ
1120 4398 1361 4469 miseros,
1408 4398 1587 4469 inopes
1630 4411 1739 4450 esse
1771 4397 2048 4469 patiatur,

449 4465 629 4524 sumat
658 4482 775 4521 eum
798 4467 1004 4520 Seneca:
1030 4465 1249 4526 librum,
1275 4468 1364 4518 cui
1386 4466 1579 4518 titulus
1605 4470 1682 4519 est
1708 4485 1721 4519 :
1755 4467 1933 4531 Quare
1958 4467 2051 4521 bo-

450 4542 536 4593 nis
562 4540 691 4592 vim’s
711 4536 881 4589 multa
899 4536 1045 4588 mala
1066 4534 1334 4601 accidant,
1355 4550 1475 4588 cum
1496 4537 1567 4588 sit
1583 4536 1927 4604 providentia
1941 4539 1971 4590 ?
1991 4539 2051 4590 in

450 4624 556 4681 quo
588 4609 676 4663 ille
694 4606 889 4681 multa,
916 4621 1022 4681 11qu
1050 4606 1351 4681 imperitia
1361 4606 1645 4681 saeculari,
1660 4606 1758 4681 sed
1781 4608 2053 4681 sapienter

447 4676 510 4737 dc
521 4697 655 4752 pene
667 4679 929 4734 divinitus
944 4677 1175 4752 elocutus
1192 4680 1267 4752 est
1285 4677 1688 4752 :Deus,_inquit,
1698 4676 1945 4752 nomines
1953 4693 2054 4747 pro

450 4746 629 4809 lib-ais
671 4751 873 4806 habet:
910 4748 1004 4802 sed
1032 4750 1303 4817 corruptos
1339 4750 1390 4800 et
1427 4746 1646 4800 vitiosos
1694 4746 1963 4802 luxuriose
1991 4765 2055 4805 ac

447 4826 672 4881 delicate
684 4823 899 4894 patitur
916 4822 1110 4885 vivere,
1129 4820 1260 4889 quia
1278 4833 1381 4894 non
1393 4820 1557 4894 putat
1569 4818 1939 4894 emendatione
1955 4834 2055 4876 sua

449 4897 664 4965 dignos.
684 4889 1092 4965 'Bonosautem
1118 4905 1245 4961 quos
1276 4889 1479 4965 diligit,
1508 4891 1737 4965 castigat
1769 4891 1968 4961 scepius
2003 4895 2054 4947 et

445 4963 681 5022 assiduis
713 4963 987 5017 laboribus
1019 4963 1094 5016 ad
1125 4977 1282 5016 usum
1320 4963 1541 5016 virtutis
1571 4966 1804 5025 exercet,
1842 4978 1937 5017 nec
1969 4978 2053 5020 eos

446 5039 661 5094 caducis
687 5051 749 5089 ac
776 5033 1090 5087 mortalibus
1121 5034 1271 5088 bonis
1294 5035 1563 5103 corrumpi
1582 5049 1646 5089 ac
1669 5034 1966 5105 depravari
1979 5037 2053 5090 si-

443 5112 545 5166 nit.
584 5106 732 5163 Unde
761 5106 966 5158 nemini
1006 5105 1203 5157 mirum
1226 5105 1404 5158 videri
1430 5105 1615 5168 debet,
1648 5107 1701 5160 si
1717 5121 1824 5176 pro
1847 5108 2051 5162 nostris

446 5198 583 5251 sape
602 5178 811 5235 delictis
827 5192 861 5251 ᾳ
886 5178 992 5231 Deo
1014 5176 1377 5251 castigamur;
1407 5178 1563 5251 immo
1580 5192 1699 5231 vero
1714 5193 1844 5251 eum
1862 5177 2050 5251 jacta-

443 5247 567 5307 mur
591 5268 652 5306 ac
662 5249 980 5320 premimur,
1002 5249 1118 5320 tum
1137 5247 1374 5320 mna-imi;
1393 5248 1600 5314 gratias
1625 5250 1835 5315 agimus
1863 5248 2050 5320 indul-

443 5317 749 5392 gentissimo
760 5320 935 5392 Pat_ri,
949 5317 1098 5392 quod
1100 5317 1453 5392 corruptelam
1468 5322 1708 5392 nostram
1718 5333 1820 5372 non
1832 5319 2050 5392 patitur

467 5395 656 5461 ongius
680 5389 978 5459 procedere,
1005 5387 1098 5442 sed
1127 5388 1309 5457 plagis
1347 5404 1410 5442 ac
1438 5388 1746 5441 verberibus
1770 5390 2041 5461 emendat.

442 5460 659 5535 Etr’quo
683 5460 1037 5535 intelligimus
1066 5473 1293 5535 essenos
1322 5463 1427 5535 Deo
1465 5474 1625 5535 curae,
1665 5460 1888 5535 quibus,
1916 5462 2047 5529 quia

437 5531 735 5608 peccamus,
804 5532 1083 5608 irascitur:
1142 5532 1279 5608 lianc
1330 5531 1643 5608 iactantius
1691 5544 1756 5584 ex
1820 5531 2041 5608 Seneca.

441 5600 655 5677 Quibus
704 5602 908 5677 accedit
928 5601 1285 5677 iclarissimus
1328 5600 1416 5656 ille
1466 5609 1698 5677 senator
1719 5609 1774 5656 et
1797 5601 2043 5677 philoso-

442 5672 585 5751 phus
613 5674 1144 5751 Severinus_B_oetius
1170 5672 1316 5751 libro
1347 5681 1540 5744 quarto
1570 5672 2044 5751 de_Con§olatione

449 5742 833 5825 Philosophiae,
878 5744 972 5800 ubi
1008 5742 1216 5825 egregie
1253 5742 1419 5825 docet
1446 5751 1501 5797 et
1538 5743 1732 5825 probat
1767 5742 2044 5825 feliciores

437 5837 556 5881 esse
575 5814 858 5892 improbos
884 5814 1153 5887 supplicia
1195 5815 1430 5881 luentes,
1459 5828 1626 5884 quam
1671 5814 1717 5871 si
1757 5830 1854 5872 eos
1894 5817 2040 5873 nulla

2172 3329 2351 3403 ciores
2397 3329 2444 3386 si
2474 3330 2714 3403 impune
2737 3338 2924 3403 agant,
2972 3345 3137 3403 quam
3173 3329 3220 3386 si
3237 3329 3387 3403 justa
3426 3329 3641 3386 ultione
3660 3346 3770 3402 pu-

2170 3402 2410 3457 niantur.
2444 3400 2605 3471 Quod
2625 3401 2751 3457 huic
2777 3400 2899 3457 loco
2926 3400 3401 3473 optimequadrat.

2241 3476 2267 3506 ⁸
2300 3474 2364 3528 Id
2408 3484 2509 3540 est,
2554 3472 2872 3545 invasionis,
2912 3471 3288 3545 possessionis,
3332 3471 3659 3545 vexationis._
3679 3474 3768 3528 Ita

2169 3544 2394 3671 Sassim.
2416 3560 2444 3599 a
2474 3544 2747 3627 .Cassiano
2789 3540 3146 3629 usurpatum,
3186 3549 3246 3598 ut
3284 3551 3480 3599 caetera
3509 3540 3769 3614 ejusdem

2208 3624 2535 3671 envattonis.
2566 3616 2829 3671 suppleri.
2857 3616 3152 3671 suppletus.

2208 3614 2535 3685 erivationis,
2566 3616 2829 3685 suppleri,
2857 3614 3152 3685 suppletus.

2241 3630 2535 3682 nvauonis,
2707 3630 2829 3683 teri,
2857 3630 3152 3685 suppletus.

2241 3678 2505 3765 bRepetit
2539 3630 2705 3765 qm
2722 3686 2971 3765 superius
2997 3685 3116 3741 aliis
3156 3683 3335 3765 verbis
3372 3682 3605 3765 docuit]
3624 3686 3767 3756 Cap.

2172 3758 2239 3810 l7
2288 3756 2526 3824 ejusdem
2546 3757 2722 3810 collat.
2748 3756 2933 3824 ),Non
2951 3772 3129 3812 omnes
3166 3757 3420 3811 damones
3466 3758 3770 3811 universas

2167 3826 2467 3881 hominibus
2486 3828 2688 3894 inferre
2701 3830 2996 3897 passiones,
3016 3828 3114 3882 sed
3132 3829 3414 3896 unicuique
3427 3826 3558 3879 vitae
3576 3830 3766 3897 certos

2241 3898 2392 3952 iritus
2416 3899 2672 3952 incubare
2697 3896 2719 3951 Ξ
2739 3904 2789 3953 et
2808 3899 2941 3954 alios
2959 3899 3175 3968 quidem
3198 3897 3616 3968 immtmditiaac
3634 3896 3768 3951 libi-

2209 3970 2358 4023 inum
2380 3970 2627 4023 sordibus
2654 3970 2918 4032 obiectari,
2948 3967 3083 4025 alios
3116 3970 3471 4039 blasphemus,
3497 3967 3634 4022 alios
3658 3970 3770 4024 im

2165 4041 2449 4111 furorique
2474 4042 2807 4112 peculiarius
2846 4044 3141 4103 imminere,
3170 4042 3305 4096 alios
3327 4041 3483 4110 pasci
3502 4041 3763 4109 tristitia,

2165 4112 2299 4167 alios
2319 4113 2609 4167 cenodoa-ia
2630 4113 2983 4183 superbiaque
3000 4113 3250 4178 mulceri;
3266 4117 3317 4167 et
3332 4126 3769 4182 unumquemque

2164 4183 2306 4238 illud
2318 4185 2511 4254 vitium
2527 4183 2778 4238 humanis
2785 4184 3032 4238 cordibus
3046 4198 3152 4254 quo
3164 4185 3279 4254 ipso
3291 4183 3493 4253 gaudet

2160 4255 2344 4325 Atque
2368 4253 2724 4327 hingcolligit
2744 4253 3082 4327 daemonum,
3114 4262 3179 4310 ut
3213 4255 3386 4311 varias
3413 4253 3768 4327 operatione:

2159 4324 2321 4403 atque
2342 4324 2755 4403 _libidi_nes,'ita
2809 4326 2955 4403 varia
2994 4340 3111 4403 esse
3144 4340 3360 4403 genera:
3406 4324 3523 4403 Ubi
3561 4332 3763 4403 notan-

2161 4393 2295 4450 dum
2324 4394 2459 4469 duas
2498 4395 2872 4469 distinctiones
2900 4393 3219 4469 daamo'nu'm
3246 4396 3519 4469 assignari
3556 4395 3760 4469 solere,

2159 4479 2329 4538 unam
2352 4480 2385 4520 a
2416 4465 2549 4538 locis
2576 4466 2775 4538 quibus
2804 4467 3171 4524 immorantur
3205 4465 3633 4537 hominibusque
3669 4467 3760 4523 in-

2160 4534 2441 4612 sidiantur,
2490 4534 2716 4612 alteram
2743 4552 2774 4593 a
2818 4538 2960 4612 vitiis
3005 4538 3074 4595 ad
3105 4554 3228 4612 qua:
3251 4534 3604 4612 potissimum
3644 4538 3761 4593 im-

2159 4607 2358 4688 pellere
2395 4616 2459 4688 et
2518 4608 2754 4688 excitare
2768 4610 3059 4688 _nituntur.
3112 4607 3289 4688 Ρςὶοῇ
3339 4609 3513 4688 modo
3554 4615 3765 4666 veteres

2161 4677 2414 4734 dixerunt
2442 4680 2709 4751 quosdam
2753 4680 3032 4737 daemones
3070 4683 3350 4749 caelestes,
3392 4680 3509 4737 sive
3544 4695 3761 4747 aereos,

2161 4763 2386 4821 aqueos,
2418 4758 2723 4821 terrestres,
2753 4752 3138 4809 subterraneos
3180 4754 3340 4822 (Cal.
3385 4753 3623 4822 Rhodig.
3663 4752 3762 4822 lib.

2162 4835 2206 4895 ῃ
2231 4836 2349 4895 cap.
2377 4827 2411 4877 4
2432 4827 2485 4895 et
2512 4828 2751 4895 sequent.
2775 4843 2791 4892 ς
2830 4824 2967 4881 Lud.
3010 4827 3164 4880 Vives
3188 4821 3222 4895 ).
3250 4824 3340 4881 Sic
3371 4821 3598 4880 Marcus
3616 4821 3766 4895 apud

2164 4893 2402 4949 Psellum
2433 4893 2528 4966 lib.
2557 4893 2625 4950 de.
2648 4895 2965 4966 daemonum
2985 4893 3194 4951 Natura
3217 4899 3237 4962 (
3262 4898 3326 4952 In
3349 4911 3471 4966 cap.
3493 4899 3528 4951 9
3554 4901 3595 4961 ).
3619 4893 3763 4950 Tho—

2163 4977 2281 5020 mas
2300 4964 2977 5050 Qantipzatepsisquatuor
2987 4981 3184 5050 genera
3206 4964 3498 5050 distinguit
3519 4966 3654 5050 _(lib.
3684 4980 3753 5048 rt,

2160 5049 2280 5105 cap.
2321 5036 2443 5107 57).
2464 5036 2626 5094 ’Sunt
2657 5036 2816 5102 enim,
2850 5036 3050 5109 inquit,
3080 5039 3341 5094 damones
3368 5036 3469 5108 qui
3508 5041 3565 5092 in
3601 5037 3755 5106 aquis

2158 5113 2397 5174 manent,
2423 5112 2475 5162 et
2503 5109 2595 5162 hos
2614 5113 2773 5178 pietas
2806 5111 3077 5179 Neptunus
3096 5114 3315 5173 vocant;
3341 5110 3444 5164 alii
3472 5112 3579 5179 qui
3602 5121 3757 5179 super

2156 5181 2378 5242 terram,
2408 5185 2458 5233 et
2489 5180 2581 5234 hos
2600 5180 2814 5235 incubos
2832 5200 2848 5247 ;
2869 5182 2973 5234 alii
2991 5183 3049 5235 in
3068 5186 3232 5245 terra,
3250 5184 3392 5236 sicut
3412 5183 3474 5235 in
3493 5180 3759 5251 speluncis

2155 5254 2437 5312 montium,
2459 5256 2556 5305 aut
2570 5253 2626 5304 in
2652 5253 2824 5314 silvis,
2841 5257 2893 5307 et
2907 5254 3001 5306 hos
3010 5256 3237 5309 Drusios
3247 5257 3401 5307 vocat
3414 5254 3759 5321 Augustinus

2154 5322 2307 5385 (Liv.
2336 5336 2375 5375 x
2406 5322 2473 5375 de
2497 5323 2719 5391 Cirim;
2745 5324 2848 5377 alii
2872 5326 2930 5377 in
2954 5339 3096 5387 aere,
3128 5328 3180 5378 et
3199 5324 3290 5378 hos
3321 5325 3637 5393 spiritantia
3664 5335 3760 5393 ng-

2156 5393 2345 5465 quitice
2378 5394 2435 5445 in
2464 5390 2759 5465 calestibus
2783 5395 3070 5465 Apostolus
3104 5400 3256 5449 vocat
3284 5390 3501 5465 (Ephes.
3527 5399 3632 5457 vr).
3658 5390 3757 5465 Sic

2156 5459 2263 5543 ille.
2291 5532 2304 5543 _
2330 5461 2633 5543 Posteriore
2682 5459 2866 5543 autem
2917 5464 3085 5521 modo
3131 5459 3539 5543 distinguuntur
3602 5459 3757 5533 apud

2154 5533 2477 5608 Cassianum
2524 5533 2616 5608 lib.
2656 5552 2688 5589 v
2726 5536 2965 5592 lnstitut.
3005 5545 3061 5593 et
3103 5533 3475 5608 sequen'tibus,
3514 5537 3757 5608 itemque

2153 5605 2353 5681 _collat._
2403 5605 2699 5681 5_spiritus
2727 5607 3143 5681 gastrimargiaz,
3179 5604 3562 5681 fornicatiOnis
3584 5648 3600 5675 _.
3626 5604 3756 5678 phi-

2153 5674 2424 5758 largyrjm,
2447 5674 2564 5747 ἰτὼ,
2594 5674 2852 5758 tristitia,
2874 5674 3095 5744 acediie,
3120 5678 3460 5758 _cenodoxiw
3484 5687 3541 5758 et

2152 5745 2720 5829 Possunt_enirn
2764 5745 2850 5807 hae
2878 5751 3309 5829 nomenclatura:
3342 5757 3457 5807 tam
3507 5749 3579 5829 d_e_

2152 5818 2298 5876 vitiis
2323 5835 2489 5894 quam
2534 5819 2603 5877 de
2648 5820 2999 5880 daemonibus
3043 5820 3297 5881 vitiorum
3342 5818 3659 5880 auctoribus
3689 5823 3747 5875 et
