4024 6208
411 254 517 324 ’727

414 384 852 450 θῒὶςνίᾱεηῑίδιις
899 392 1220 449 intulerunt.
1252 391 1526 449 Nonnulla
1558 407 1688 448 vero
1713 390 1783 448 ad
1808 400 2019 449 utram-
2049 398 2103 459 Α

418 502 528 559 que
554 486 980 559 perceptionem,
1016 485 1073 542 id
1107 494 1212 552 est,
1243 492 1358 542 tam
1393 483 1712 542 historicum
1744 500 1909 558 quam
1938 485 2019 541 al-

417 580 737 655 legoricam,
781 581 855 639 ita
885 580 1176 638 commode
1216 594 1280 636 ac
1317 578 1617 636 necessarie
1638 579 1942 653 capiuntur,
1964 584 2025 637 ut

419 682 653 748 utraque
682 674 1004 748 explanatio
1042 673 1232 730 vitales
1270 672 1468 730 animm
1508 689 1702 731 succos
1752 674 2020 730 submini-

417 774 574 833 stret,
621 775 685 822 ut
706 775 790 822 est
815 765 978 834 istud,
1009 768 1072 824 Si
1105 768 1226 836 quis
1256 771 1306 822 te
1328 769 1651 838 percusserit
1680 768 1739 837 in
1771 767 2024 822 dextram

421 859 711 914 maxillam
727 864 899 927 tuam,
920 861 1106 930 praebe
1124 861 1214 915 illi
1237 865 1288 917 et
1308 861 1539 915 alteram
1558 861 1789 929 (Matth.
1813 859 1904 932 v).
1928 861 2024 929 Et,

418 951 551 1008 Cum
570 956 975 1022 persequuntur
994 950 1169 1023 vosiin
1196 954 1414 1008 civitate
1432 954 1560 1016 ista,
1579 954 1758 1022 fugite
1780 953 1835 1007 in
1856 952 2024 1006 aliam

419 1046 653 1111 (Matth.
678 1062 712 1100 χ
730 1050 775 1112 ).
800 1048 893 1110 Et,
923 1048 986 1103 Si
1002 1048 1087 1101 vis
1101 1047 1375 1117 perfectus
1399 1062 1526 1110 esse,
1550 1047 1895 1111 vade,‘uende
1914 1061 2028 1101 om-

417 1140 514 1193 nia
539 1155 658 1209 qua:
686 1140 844 1195 habes
860 1145 910 1194 et
927 1140 999 1195 da
1016 1140 1372 1210 pauperibus,
1402 1143 1455 1194 et
1475 1140 1694 1195 habebis
1714 1140 2026 1195 thesaurum

421 1231 481 1284 in
503 1232 646 1294 caelo,
678 1236 729 1285 et
747 1233 891 1294 ueni,
912 1247 1132 1301 sequere
1148 1246 1232 1285 me
1254 1233 1475 1298 (Matth.
1491 1246 1534 1287 χ
1548 1235 1589 1297 ).
1608 1230 1871 1289 Producit
1894 1244 2026 1288 sane

420 1330 479 1377 et
513 1320 701 1379 fenum
723 1323 1019 1395 jumentis,
1040 1325 1239 1397 quibus
1267 1324 1479 1396 pabulis
1507 1339 1701 1393 omnes
1721 1324 2026 1398 Scriptura-

420 1430 549 1472 rum
592 1418 779 1490 repleti
815 1426 943 1475 sunt
968 1419 1168 1492 campi,
1211 1419 1517 1493 simplicem
1550 1420 1752 1477 scilicet
1790 1435 2022 1493 puramo

421 1523 528 1580 que
561 1513 932 1569 narrationem
960 1511 1238 1569 historica
1267 1512 1536 1583 lectionis,
1574 1529 1682 1586 qua
1710 1514 2026 1589 simplicio-

418 1616 511 1659 res
564 1605 766 1676 quique
800 1621 867 1661 ac
912 1605 1100 1661 minus
1132 1620 1358 1678 capaces
1398 1605 1659 1679 perfecta
1694 1609 1779 1679 et]
1804 1608 2028 1682 integrae

418 1694 672 1766 rationis,
702 1705 761 1753 ct
796 1697 995 1769 quibus
1039 1697 1271 1767 dicetur,
1308 1702 1558 1756 Homines
1582 1700 1894 1771 etjumenta
1920 1702 2031 1758 sal-

1496 264 1776 323 tos»:le
1810 252 2112 325 CASSIANI
2148 267 2637 326 COLLATIONES.

3625 278 3735 332 ηδ’

2744 392 2990 450 CAPUT
3018 393 3112 448 IV.

2130 492 2207 546 De
2242 491 2458 559 gemina
2512 488 2780 543 sententia
2823 501 2986 613 super
3022 486 3289 542 intellectu
3327 486 3739 557 Seriphum-um

2122 590 2127 597 ι
2575 568 2582 597 τ
2765 572 2892 615 sane
2917 572 3098 614 arum.

2204 649 2576 721 Quamobrem
2603 648 2672 705 de
2705 648 2793 706 his
2829 662 2955 721 qua:
2982 657 3164 721 aperta
3191 648 3575 721 explanatione
3599 667 3743 726 pro-

2132 745 2243 801 lata
2271 751 2419 807 sunt,
2449 757 2554 799 nos
2578 754 2793 816 quoque
2822 751 3142 800 constanter
3164 740 3462 815 possumus
3487 745 3738 818 deﬁnire,

2136 837 2511 909 audenterque
2539 844 2786 893 nostram
2816 836 3058 909 proferre
3093 837 3445 894 sententiam.
3495 835 3576 896 Ea
3609 857 3745 901 vero

2132 947 2257 1006 qua:
2282 928 2621 989 meditationi
2647 938 2702 988 et
2741 931 2993 988 exercitio
3020 939 3217 988 nostro
3256 946 3540 990 reservans
3580 934 3743 994 obte-

2133 1032 2221 1081 cta
2260 1023 2462 1081 sanctis
2487 1023 2783 1096 Scripturis
2819 1018 3052 1095 Spiritus
3078 1020 3299 1079 divinus
3333 1024 3578 1095 inseruit,
3606 1029 3742 1101 qui-

2134 1117 2365 1175 busdam
2394 1132 2459 1174 ea
2497 1117 2688 1173 volens
2713 1115 2927 1172 indiciis
2963 1124 3021 1172 et
3051 1115 3399 1189 opinionibus
3430 1119 3630 1193 colligi,
3657 1121 3745 1178 ita
3800 1166 3803 1169 .

2137 1211 2469 1286 pedetentim
2511 1209 2712 1268 debent
2757 1210 3020 1283 cauteque
3057 1208 3316 1281 conferri,
3344 1218 3409 1268 ut
3446 1211 3519 1269 sit
3542 1228 3749 1271 eorum

2137 1304 2365 1363 assertio
2400 1320 2499 1363 seu
2525 1304 2872 1361 conﬁrmatio
2894 1302 2949 1359 in
2973 1303 3297 1376 disputantis
3331 1304 3412 1360 vel
3441 1305 3739 1379 suscipio“.

2142 1398 2215 1456 tis
2242 1398 2467 1456 arbitrio
2494 1398 2774 1455 collocata.
2799 1399 3234 1469 Nonnumquam
3255 1395 3401 1452 enim
3425 1412 3557 1454 cum
3579 1413 3744 1472 super

2141 1509 2251 1550 una
2284 1509 2345 1549 re
2386 1492 2596 1550 diversa
2633 1499 2918 1564 promatur
2957 1489 3243 1559 sententia,
3289 1498 3477 1563 potest
3513 1497 3753 1565 utraque

2133 1586 2473 1644 rationabilis
2509 1584 2761 1660 judicari,
2789 1593 2843 1644 et
2866 1585 2983 1642 sine
3021 1583 3351 1665 detrimento
3373 1584 3498 1663 ﬁdei
3519 1585 3601 1644 vel
3630 1588 3753 1645 ﬁxe

2136 1683 2218 1739 vel
2247 1681 2424 1739 medie
2447 1681 2667 1754 suscipi,
2691 1679 2746 1736 id
2769 1688 2877 1751 est,
2906 1687 2967 1736 ut
2994 1679 3074 1736 eis
3098 1695 3202 1736 nec
3229 1680 3387 1753 plena
3417 1682 3748 1757 credulitas,

422 1786 601 1853 nabis,
647 1793 866 1869 Domine
892 1793 1131 1859 (Psalm.
1172 1792 1406 1867 xxxv),
1437 1792 1743 1851 secundum
1759 1802 1937 1853 status
1953 1810 2041 1871 ac:

2150 1793 2250 1836 nec
2292 1777 2539 1835 absoluta
2585 1773 2842 1832 refutatio
2866 1774 3176 1848 deputetur,
3199 1774 3471 1849 priorique
3497 1791 3743 1851 sequens

426 1895 703 1940 mensurae
741 1898 857 1943 suae
897 1885 1296 1954 conditiOnem,
1336 1886 1406 1944 ‘ad
1448 1903 1587 1960 opus
1621 1895 1837 1945 tantum
1881 1897 1937 1946 et
1975 1889 2027 1946 la

423 1974 620 2032 berem
649 1978 876 2036 actualis
920 1980 1048 2063 vitm
1078 1981 1375 2055 vegetiores
1410 1981 1856 2056 robustioresque
1898 1982 2026 2039 red-

429 2072 651 2140 dantur,
1030 2078 1033 2083 “

2152 1873 2336 1947 opinio
2389 1871 2649 1945 derogare
2694 1887 2810 1929 non
2864 1869 3077 1936 debeat,
3129 1886 3255 1927 eum
3298 1880 3486 1929 neutra
3540 1888 3742 1930 earum

2128 1967 2263 2025 .ﬁdei
2315 1965 2619 2022 inveniatur
2663 1963 2964 2033 obsistere;
3007 1962 3168 2035 quale
3214 1970 3294 2019 est
3322 1963 3450 2021 illud
3469 2004 3488 2034 ,
3516 1968 3543 1997 ³
3584 1965 3748 2037 quod

2133 2059 2280 2117 Elias
2307 2059 2514 2116 venerit
2545 2059 2601 2114 in
2634 2059 2865 2128 Joanne,
2887 2064 2941 2113 et
2962 2056 3165 2114 iterum
3194 2056 3265 2113 sit
3289 2064 3414 2113 ante
3438 2055 3755 2116 adventum

2140 2153 2339 2223 Christi
2377 2160 2643 2221 venturus
2666 2153 2897 2229 (Matth.
2926 2146 3187 2224 1:1);etb
3228 2151 3299 2211 de
3335 2151 3761 2211 abominatione

1526 2320 1782 2378 ALARDI
1819 2322 2046 2379 GAZEI
2082 2317 2645 2378 COMMENTARIUS.

430 2441 485 2502 et
660 2442 847 2519 diebus
883 2446 1121 2519 singulis
1158 2449 1438 2519 iteramt,
1472 2432 1731 2518 puerulos
1766 2450 1946 2519 pomis
1986 2453 2039 2504 et

429 2517 702 2585 fructibus
724 2518 833 2572 sibi
859 2517 1006 2571 datis
1039 2518 1335 2581 alliciebat,
1377 2517 1699 2587 quibusdam
1727 2517 1801 2574 ex
1834 2521 2039 2575 civibus

431 2603 550 2645 cum
575 2589 825 2643 insanum
846 2589 1240 2659 reputantibus,
1258 2590 1585 2660 quibusdam
1606 2605 1729 2646 vero
1748 2591 1952 2645 altiora
1975 2591 2042 2645 de

433 2675 493 2717 eo
506 2661 856 2716 sentientibus
872 2664 922 2715 et
940 2660 1302 2716 columbinum
1314 2661 1775 2731 prcesumentibus
1785 2662 2045 2731 simplici-

650 2733 789 2789 Nam
810 2734 1183 2805 pauperrimis
1219 2732 1448 2787 indutus
1494 2733 1828 2805 panniculis,
1867 2732 2042 2805 nudis

427 2803 661 2874 pedibus
692 2803 988 2865 incedebat,
1012 2805 1128 2858 sine
1173 2804 1570 2859 intermissione
1597 2804 1805 2870 orabat,
1852 2803 2039 2858 diebus

434 2874 667 2942 singulis
680 2890 787 2928 non
805 2880 930 2930 ante
942 2889 1218 2943 vesperam
1237 2876 1410 2929 cibum
1424 2875 1687 2940 sumebat,
1696 2889 1898 2944 panem
1913 2889 2037 2929 vero

432 2944 702 3014 modicum
717 2949 769 2997 et
790 2960 992 3014 aquam
1008 2959 1214 3012 semper
1232 2945 1549 2999 comedebat.
1574 2946 1703 3001 Cum
1726 2949 1907 2999 autem
1918 2945 2035 3012 ejus

434 3015 592 3084 fama
607 3013 682 3066 ad
703 3016 1071 3080 Byzantinum
1088 3015 1534 3082 archiepiscopum
1550 3017 1896 3084 pervenisset,
1916 3030 2037 3069 eum

436 3082 515 3137 ad
533 3096 588 3135 se
604 3085 905 3155 accersivit,
922 3088 974 3138 et
986 3099 1084 3155 cur
1102 3085 1237 3137 talia
1249 3085 1527 3140 clamando
1540 3082 1641 3155 per
1654 3086 1839 3139 urbem
1849 3087 2039 3140 circui-

437 3155 521 3226 r_et
541 3153 843 3207 sciscitatus
871 3157 966 3226 est.
997 3154 1099 3208 Cui
1121 3158 1336 3209 sanctus
1362 3157 1452 3210 uir
1473 3153 1802 3226 prleceme
1823 3158 2043 3212 Domini

439 3223 509 3278 de
530 3236 697 3297 cruce
721 3223 981 3297 sumenda
1006 3225 1285 3291 confestim
1325 3223 1603 3297 allegauit,
1638 3223 1802 3296 quam
1842 3227 2038 3282 nedum

441 3294 645 3368 animo,
668 3294 769 3368 sed
796 3309 1012 3364 corpore
1038 3268 2038 3368 se'gestaturuizwquotidgdisp'osuvit:
2072 3268 2118 3331 (ἶ

441 3364 609 3439 quod
624 3366 676 3419 si
704 3368 977 3437 episcopus
1004 3369 1063 3423 in
1100 3364 1215 3439 ejus
1250 3370 1363 3424 sibi
1385 3364 1584 3425 diocesi
1615 3364 1938 3438 denegaret,
1969 3371 2045 3425 ad

439 3436 702 3511 oppidum
737 3441 852 3509 ipse
871 3436 1011 3494 mox
1053 3436 1211 3494 aliud
1241 3444 1574 3511 properaret.
1617 3436 1827 3497 Prwsul
1863 3445 2045 3496 autem

590 3524 702 3570 ens,
735 3513 911 3565 sancti
948 3512 1266 3578 confessoris
1288 3516 1484 3567 rectam
1511 3514 1860 3571 intentionem
1885 3516 1936 3566 et
1955 3527 2040 3566 co-

464 3579 739 3650 umbinam
756 3580 1158 3647 simplicitatem
1182 3583 1483 3644 attendens,
1506 3585 1557 3635 ei
1566 3584 1855 3650 prohibere
1872 3582 2044 3635 noluit

443 3649 579 3718 quin
606 3652 945 3720 propositum
971 3652 1331 3719 adimpleret;
1360 3653 1493 3720 quin
1520 3649 1680 3706 immo
1710 3654 1945 3719 rogavit,
1981 3656 2045 3706 ut

442 3719 689 3789 quotidie
709 3719 784 3774 ad
811 3734 968 3774 suam
992 3736 1231 3775 mensam
1258 3719 1578 3790 reﬁciendas
1600 3722 1889 3776 accederet.
1915 3723 2046 3779 Cum

446 3794 628 3874 autem
655 3791 907 3847 Nicotaus
931 3791 1605 3918 archiepismanduta
1633 3792 1972 3863 adimpleret,
1996 3796 2048 3849 et

446 3865 715 3918 ciuitatem
745 3879 812 3917 ex
838 3878 984 3918 more
1030 3866 1198 3918 Kume
1236 3879 1264 3918 e
1465 3864 1702 3918 clamans
1743 3868 1797 3918 et
1842 3878 2048 3918 cmeem

446 3864 715 3918 ciuitatem
745 3879 812 3917 ex
838 3878 984 3919 more
1030 3865 1198 3933 Kgrie
1236 3864 1427 3918 eleison
1465 3864 1702 3918 clamans
1743 3868 1797 3919 et
1842 3878 2049 3919 ciuem

450 3934 704 4002 bajulans
746 3951 867 3988 cum
902 3937 1090 4005 pueris
1125 3939 1468 4006 peragraret,
1503 3939 1629 4006 post
1670 3935 1785 3990 dies
1818 3936 2049 3990 modicos

446 4006 596 4074 febre
640 4007 954 4076 corripitur,
986 4011 1039 4061 et
1074 4004 1141 4061 in
1173 4004 1401 4077 hospitio
1423 4004 1708 4075 cujusdam
1745 4022 1813 4061 ex
1853 4007 2049 4061 civibus

446 4078 644 4133 nobilis
671 4080 914 4132 maxima
953 4077 1228 4133 devotione
1250 4080 1540 4147 refovetur.
1572 4079 1681 4145 Qui
1711 4078 1788 4133 ad
1809 4084 2052 4133 extrema

449 4149 749 4215 deueniens,
767 4164 962 4220 pueros
987 4164 1112 4205 suos
1128 4150 1433 4217 advocavit,
1464 4154 1516 4204 et
1535 4165 1741 4205 crucem
1766 4165 1925 4205 suam
1943 4151 2051 4205 eis-

448 4221 572 4277 dem
602 4222 845 4287 tradens,
882 4223 959 4277 eis
982 4223 1045 4276 in
1076 4223 1289 4277 nomine
1325 4222 1541 4276 Domini
1566 4221 1855 4288 benedixit,
1876 4223 2055 4291 sicque

448 4294 509 4346 in
532 4307 667 4361 pace
688 4294 946 4360 spiritum
970 4295 1193 4348 Domino
1216 4293 1457 4348 reddidit
1474 4298 1510 4346 4
1533 4307 1703 4347 nonas
1730 4295 1883 4348 Junii
1903 4311 1920 4359 ;
1941 4296 2055 4347 sta-

452 4363 659 4430 timque
689 4378 725 4414 a
747 4363 949 4415 civibus
982 4366 1316 4418 unanimiter
1339 4363 1413 4418 ad
1435 4379 1555 4418 eum
1576 4364 1957 4431 conﬂuentibus
1978 4362 2054 4417 ad

452 4432 720 4485 ecclesiam
762 4433 822 4484 B.
867 4434 1055 4485 Marica
1083 4433 1388 4495 deducitur,
1419 4438 1470 4487 et
1498 4450 1542 4488 -a
1577 4437 1780 4489 cunctis
1810 4436 2055 4489 certatim

455 4500 791 4554 irruentibus
822 4501 987 4569 pedes
1024 4501 1140 4570 ejus
1168 4518 1289 4557 cum
1323 4506 1621 4559 reuerentia
1655 4505 2052 4560 deosculantur.

457 4571 654 4639 Sicque
703 4570 772 4623 ab
800 4572 1189 4642 archiepiscopo
1227 4576 1279 4626 et
1314 4573 1513 4642 populo
1555 4589 1744 4643 corpus
1781 4577 2059 4643 Peregrini

2145 2446 2395 2528 gbristus
2438 2458 2731 2528 exponere.
2748 2440 2817 2528 d9
2844 2442 3055 2528 Joanne
3080 2441 3346 2514 Baptista,
3368 2449 3430 2528 _et
3455 2436 3600 2528 bune
3618 2452 3756 2528 esse

2145 2518 2346 2587 Ellam,
2375 2515 2466 2587 qui
2479 2511 2653 2587 juxta
2679 2511 2807 2569 illud
2827 2512 3144 2587 vaticinium
3161 2511 3751 2587 exspectandusesset.

2148 2583 2584 2645 Proinde'Eliam
2603 2585 2719 2657 jam
2743 2584 2953 2640 venisse
2984 2583 3037 2643 in
3065 2583 3299 2651 Joanne,
3320 2592 3394 2657 _ut
3411 2584 3501 2643 hic
3526 2583 3751 2657 dicitur,

2145 2657 2519 2740 ppnqamplius
2559 2654 3460 2740 yen'turumgecerspectandum.
3600 2656 3752 2740 enim

2106 2722 2112 2729 ’
2145 2722 2397 2786 Matthxi
2438 2744 2507 2785 χι
2544 2727 2612 2784 de
2639 2726 2850 2782 Joanne
2864 2722 3131 2799 'Baptista'
3174 2726 3442 2798 loquens:
3496 2730 3617 2797 Ipse
3650 2732 3755 2799 est,

2144 2942 2346 2999 Scriba:
2368 2942 2558 2996 dicunt
2599 2941 2745 3010 quod
2779 2942 2957 2995 Etiam
2991 2943 3232 3011 oporteat
3256 2941 3500 3010 primum
3520 2943 3711 2995 venire
3727 2944 3760 2997 ἲ

2146 3013 2486 3083 Respondeas
2530 3013 2612 3066 ait
2652 3013 2726 3067 eis
2765 3030 2779 3064 :
2812 3012 2967 3067 Elius
2996 3010 3215 3083 quidem
3254 3016 3515 3067 venturus
3556 3016 3635 3066 est
3658 3052 3677 3075 ,
3708 3016 3760 3067 et

2148 3082 2394 3141 restituet
2417 3085 2631 3149 omnia;
2662 3083 2779 3136 dico
2801 3086 2981 3137 autem
3004 3082 3171 3145 vobis,
3201 3084 3340 3154 quia
3356 3084 3511 3138 Elias
3521 3082 3649 3154 jam
3673 3098 3765 3138 ue-

2145 3159 2251 3223 nit,
2286 3159 2338 3211 et
2368 3171 2476 3210 non
2502 3157 2897 3224 eongnoverunt
2924 3169 3063 3220 eum,
3084 3153 3215 3224 etc.
3243 3153 3367 3222 Qua
3396 3153 3767 3224 responsione

2147 3225 2565 3297 merito-ambigi
2627 3232 2794 3291 otest,
2814 3223 2882 3279 de
2902 3238 3009 3295 quo
3030 3223 3147 3281 Elia
3169 3223 3427 3295 loquatur
3456 3223 3764 3293 Dominus,

2149 3296 2217 3350 de
2247 3312 2384 3350 vero
2426 3290 2547 3350 Elia
2576 3242 2857 3350 ’Fhesbite.
2898 3293 2988 3350 aui
3024 3293 3269 3350 creditur
3313 3304 3577 3350 venturus
3624 3303 3764 3350 ante

2149 3296 2217 3353 de
2247 3312 2384 3354 vero
2426 3290 2547 3352 Elia
2576 3290 2857 3361 Thesbite,
2898 3290 2988 3365 qui
3024 3290 3269 3365 creditur
3313 3304 3585 3365 venturus
3624 3290 3768 3352 ante

2150 3368 2461 3447 secundum
2491 3365 2692 3447 Christi
2718 3363 3041 3447 adventum,
3070 3381 3141 3420 an
3159 3363 3236 3447 _de
3260 3365 3494 3447 mystico
3512 3363 3683 3447 ﬁlia,
3708 3367 3761 3423 id

2149 3447 2254 3508 est,
2284 3443 2499 3496 Joanne
2526 3436 2765 3509 Baptista
2792 3452 3129 3507 praecursore
3159 3436 3407 3502 Domini,
3432 3437 3525 3509 qui
3550 3436 3763 3497 dicitur

2161 3511 2309 3581 Elias
2344 3510 2563 3581 spiritu,
2590 3511 2722 3581 quia
2772 3511 2833 3562 in
2860 3509 3060 3581 spiritu
3109 3513 3161 3562 et
3196 3510 3415 3581 uirtute
3442 3509 3578 3581 Elia;
3598 3510 3760 3564 venit

2153 3580 2303 3649 (Luc.
2337 3576 2426 3646 ι’),
2454 3589 2583 3636 ante
2599 3576 2849 3648 primum
2875 3576 3168 3637 adventum
3191 3579 3439 3649 Domini.
3464 3580 3534 3635 Et
3553 3576 3771 3636 fatetur

2152 3651 2444 3713 Jansenius
2468 3651 2504 3721 _(
2529 3649 2785 3721 Concord.
2837 3651 3205 3721 Evang.cap.
3242 3654 3327 3721 Δ’77
3347 3649 3367 3720 )
3412 3648 3483 3705 de
3514 3659 3768 3721 utroque

2142 3736 2311 3792 posse
2352 3718 2596 3792 intelligi.
2628 3722 2904 3792 Caeterum
2934 3718 3033 3776 etSi
3057 3720 3113 3776 in
3150 3718 3319 3792 verbis
3347 3718 3773 3792 :Domininén-

2151 3787 2394 3862 nullasit
2419 3787 2759 3862 ambiguitas,
2777 3798 3046 3862 constans
3071 3800 3250 3848 tamen
3286 3787 3768 3862 fuitortbodoxo-

2138 3877 2279 3919 rum
2307 3861 2527 3934 Patrum
2557 3859 2843 3934 sententia,
2874 3860 3123 3934 adeoque
3149 3859 3445 3934 communis
3470 3859 3765 3934 Qliristia-

2154 3949 2356 4008 norum
2382 3933 2591 4008 opinio,
2616 3932 2786 4008 Ellam
2819 3931 3269 4008 proph_eta_m,_de
3294 3948 3408 4008 quo
3424 3931 3480 3986 in
3506 3931 3761 4008 lVA‘Reg,

2158 4004 2296 4077 libro
2333 4002 2689 4077 agitur,ante
2726 4002 2881 4060 diem.
2909 4002 3095 4074 j‘udicii
3123 4004 3197 4074 et!
3212 4002 3511 4077 secundum

2157 4074 2453 4133 adventum
2475 4075 2650 4147 reipsa
2695 4089 2814 4147 esse
2842 4083 3151 4147 venturum.
3188 4074 3349 4147 Quod
3372 4083 3488 4129 tam
3516 4075 3673 4132 clare
3699 4091 3763 4132 ac

2159 4148 2439 4219 perspicue
2471 4162 2501 4203 e
2532 4145 2821 4219 scripturis
2845 4145 3135 4219 colligitur,
3157 4145 3378 4202 ut‘citra
3395 4146 3765 4219 temeritatem

2159 4215 2316 4275 aliter
2330 4217 2573 4290 _opinari,
2610 4215 2705 4290 aut
2727 4217 2780 4290 id
2802 4216 2865 4290 in
2885 4215 3116 4290 dubium
3141 4233 3414 4290 revocare
3430 4232 3550 4273 non
3578 4215 3763 4275 liceat.

2160 4292 2300 4347 Nam
2319 4286 2400 4361 _in'
2416 4288 2607 4359 primis
2634 4287 2959 4361 blalachiam
2989 4286 3057 4361 de
3083 4288 3325 4345 secundo
3348 4288 3589 4344 adventu
3614 4290 3764 4361 loqui

2162 4358 2507 4417 manifestam
2546 4367 2650 4428 est,
2677 4358 2811 4415 dum
2837 4359 2913 4413 ait
2942 4360 3282 4429 :Antequam
3305 4362 3490 4416 veniat
3518 4361 3634 4416 dies
3666 4358 3765 4419 Do-

2160 4434 2304 4486 mini
2323 4446 2553 4499 magnus
2584 4435 2635 4485 et
2675 4431 2954 4486 terribilis.
2984 4430 3466 4500 Quemadmodum
3494 4432 3674 4488 Joelis
3693 4437 3760 4485 2:

2161 4503 2253 4559 Sol
2277 4505 2605 4558 convertetur
2630 4504 2689 4555 in
2704 4503 2966 4565 tenebras,
2990 4507 3279 4574 antequam
3303 4505 3489 4558 verum
3516 4503 3631 4557 dies
3654 4507 3760 4574 Do-

2277 4517 2605 4558 OOﬂ‘UeTWW
2630 4518 2689 4555 ιη
2704 4517 2966 4565 teneoras,
2990 4517 3279 4565 antequam
3303 4517 3489 4558 vernat
3516 4517 3631 4557 ares
3654 4517 3765 4559 uo-

2161 4576 2302 4629 mini
2330 4588 2554 4644 magnus
2597 4578 2649 4628 et
2676 4574 2975 4629 horribilis.
3007 4572 3171 4631 Unde
3197 4582 3252 4630 et
3287 4574 3453 4629 verba
3480 4572 3767 4629 Malachia:

457 4643 672 4699 Nicolai
684 4643 745 4716 in
766 4644 887 4716 ipsa
910 4642 1131 4697 ecclesia
1151 4644 1432 4713 honoriﬁce
1453 4642 1774 4716 tumulatur,
1800 4646 1897 4700 ubi
1914 4642 2054 4701 mul-
2078 4650 2130 4716 D
2159 4647 2350 4702 Patres
2374 4642 2590 4716 omnes
2630 4644 2700 4701 de
2738 4660 2867 4701 vero
2908 4644 3023 4702 Elia
3055 4654 3110 4701 et
3133 4644 3202 4701 de
3234 4644 3481 4702 secundo
3522 4643 3763 4703 adventu

456 4715 714 4787 tispsvgnis
734 4713 971 4787 effulget.
991 4716 1127 4771 Haec
1152 4717 1340 4770 Petrus
1362 4715 1662 4787 Equilinus,
1691 4716 1786 4787 qui
1812 4723 1870 4772 et
1884 4716 2053 4774 mira-

422 4785 580 4842 ‘cula
600 4786 863 4860 nonnulla
898 4785 967 4860 ad
1008 4794 1326 4860 contactum
1348 4785 1597 4860 corporis
1630 4785 1838 4860 patrata
1862 4803 2055 4847 recen-

460 4865 563 4913 set.
608 4856 865 4914 Meminit
911 4858 1160 4929 ejusdem
1204 4858 1412 4917 Nicolai
1446 4856 1757 4915 Traneusis-
1786 4861 2056 4917 Baronius

459 4934 618 5005 temo
640 4929 935 4984 undecimo
959 4931 1250 5005 Annalium
1279 4929 1298 5002 (
1312 4932 1507 5005 An._C.
1541 4934 1700 5005 πφδ,
1720 4932 1944 5005 inﬁne).

527 4992 661 5082 ξιμιιι
706 5014 941 5082 numero
962 5078 973 5082 _
996 4992 1384 5082 quaestiopum,
1416 5002 1484 5060 de
1525 4992 1721 5082 quibus
1742 4992 1919 5082 _salva'
1946 5003 2054 5061 ﬁde

452 5071 703 5130 dubitare
728 5071 900 5144 liceat,
929 5078 982 5144 et
1009 5071 1325 5144 utramlibet
1351 5071 1562 5144 partem
1584 5076 1702 5132 sine
1725 5075 2052 5133 detrimento

450 5144 599 5225 ﬁdei,
629 5151 693 5199 ut
718 5142 813 5210 ait,
833 5150 900 5225 et_
921 5142 1143 5225 alterius
1165 5142 1727 5225 ῃδηίε-ίάθι-οεθςίοῃρ-
1743 5147 1916 5225 seqqi,
1951 5162 2051 5220 ρο..

451 5218 533 5273 nit
551 5215 664 5272 duo
692 5213 935 5286 exempla
955 5213 1271 5286 scripturae,
1296 5213 1534 5273 alterum
1556 5217 1625 5274 de
1646 5218 1787 5286 Elia,
1818 5213 2051 5274 alterum

449 5287 521 5359 de
543 5284 1356 5359 _abominatione_desOlationis,
1380 5287 1451 5344 de
1480 5304 1586 5359 qua
1610 5295 1731 5343 tum
1746 5358 1753 5359 ί
1770 5284 1913 5358 apud
1938 5291 2050 5343 Da-

449 5356 671 5431 nielem,
693 5364 814 5431 tum
839 5354 985 5431 apud
1007 5354 1361 5431 evangelistas
1378 5354 1577 5431 agitur.
1598 5358 1761 5430 Quod
1779 5354 2048 5431 adEIiam

450 5426 666 5507 attinet,
691 5427 983 5507 videturin
1013 5426 1519 5507 hoc,'quxstion'em
1549 5426 1729 5507 facere
1736 5428 2048 5507 problema-

446 5499 636 5562 ticam,
675 5506 859 5572 utrum
890 5499 1034 5554 Elias
1070 5498 1332 5572 propheta
1359 5510 1488 5558 ante
1513 5498 1817 5557 secundum
1844 5501 2052 5557 adven-

446 5578 572 5626 tum
608 5571 834 5645 Domini
879 5578 1143 5645 venturus
1173 5571 1265 5628 sit.
1302 5575 1443 5629 Nam
1486 5577 1778 5628 venturum
1827 5573 2048 5645 quidem

449 5642 706 5711 promisit
739 5647 908 5711 Deus,
950 5644 1228 5700 Malachia:
1258 5660 1327 5700 tv
1363 5662 1376 5698 :
1418 5648 1568 5706 Ecce,
1601 5660 1696 5712 ego
1722 5642 1880 5700 mitto
1905 5647 2051 5701 vobis

411 5749 428 5760 ο
442 5715 971 5785 Eliamprophetam,
987 5722 1276 5785 antequam
1286 5719 1469 5773 ueniat
1477 5716 1588 5775 dies
1602 5719 1818 5773 Domini
1822 5733 2052 5785 manus

447 5791 502 5859 et
524 5786 805 5859 terribilis,
846 5790 898 5841 et
923 5792 1193 5842 conuertet
1217 5803 1307 5843 cor
1339 5792 1567 5859 patrum
1594 5789 1679 5843 ad.
1703 5790 1864 5859 ﬁlios,
1894 5797 1946 5843 et
1963 5802 2053 5847 cor

440 5858 686 5930 ﬁliorum
722 5858 798 5914 ad
833 5863 1020 5931 patres
1052 5873 1256 5914 eorum.
1310 5856 1388 5915 A't
1432 5856 1579 5916 hunc
1622 5856 1804 5917 locum
1841 5859 2052 5918 videtur

2158 4715 2384 4790 Domini
2405 4716 2775 4790 communiter
2792 4717 3217 4790 interpretantur
3238 4718 3253 4785 (
3264 4718 3543 4786 Chrysost.
3567 4717 3711 4772 hom.
3728 4720 3765 4769 4

2160 4792 2218 4845 in
2235 4792 2281 4845 ll
2301 4789 2376 4844 ad
2398 4789 2632 4846 Thessal.
2650 4807 2668 4855 ;
2686 4791 2838 4845 Hier.
2856 4791 2914 4842 in
2931 4789 2979 4844 c.
3000 4804 3131 4846 xvn
3152 4792 3308 4845 Matt.
3332 4790 3577 4858 August.
3597 4790 3759 4843 tract.

2160 4866 2196 4918 4
2219 4878 2279 4917 in
2300 4864 2456 4917 Joan.
2484 4882 2500 4929 ;
2545 4862 2703 4929 Greg.
2736 4860 2833 4915 lib.
2866 4875 2933 4916 1x
2970 4862 3164 4919 Mor-al.
3205 4876 3326 4931 cap.
3353 4860 3447 4931 47).
3486 4859 3765 4927 Secundo,

2161 4940 2354 4990 auctor
2396 4930 2752 4989 Eeclesiastici
2779 4947 2898 5002 cap.
2931 4947 3092 4990 nm
3120 4931 3188 4987 de
3216 4930 3323 4987 hoc
3341 4930 3461 4988 Elia
3491 4931 3761 4995 scribens,

2162 5012 2219 5059 et
2240 5004 2308 5061 ad
2333 5004 2607 5060 Malaehiae
2644 5002 3024 5063 testimonium
3059 5002 3324 5067 alludens,
3357 5011 3484 5074 post
3502 5002 3608 5059 alia
3633 5010 3761 5056 tan-

2162 5074 2289 5131 dem
2310 5074 2496 5131 subdit
2521 5094 2533 5130 :
2562 5078 2669 5143 Qui
2688 5077 2975 5145 inscriptus
3010 5080 3089 5130 est
3124 5078 3181 5131 in
3194 5075 3425 5145 judicia
3446 5080 3759 5145 tmponun,

2163 5147 2329 5204 lenire
2346 5147 2683 5203 iracundiam
2699 5148 2817 5213 Dei,
2842 5147 3126 5203 conciliare
3148 5163 3234 5203 cor
3253 5149 3437 5215 patris
3463 5147 3543 5201 ad
3567 5146 3764 5215 ﬁlium,

2163 5222 2215 5273 et
2228 5221 2508 5275 restituere
2555 5218 2729 5274 tribus
2770 5219 2947 5274 Iacob.
2996 5217 3198 5285 Tertio,
3239 5214 3493 5275 Christus
3529 5214 3662 5273 dicit
3704 5214 3764 5285 in

2132 5326 2141 5331 -
2163 5286 2348 5345 futuro
2365 5291 2541 5347 Etiam
2571 5294 2953 5356 venturum,et
2972 5284 3353 5349 restituturum
3379 5286 3587 5353 omnia,
3613 5284 3767 5357 quod

2162 5359 2471 5444 99.10am
2494 5362 2684 5444 ιιθειιρίι
2710 5360 2953 5444 inmitia-
2994 5362 3285 5444 Cumae")
3314 5357 3771 5444 υοεειειοάυπέηξὲἓ

2166 5431 2343 5504 Etiam
2365 5432 2485 5504 jam
2511 5425 2741 5504 venisse,
2785 5425 2933 5495 satis,
2949 5432 3191 5490 ostendit
3218 5448 3279 5489 se
3313 5425 3425 5504 non
3454 5429 3517 5504 de
3540 5444 3609 5504 eo
3636 5425 3771 5483 Elia

2156 5503 2313 5576 loqui
2353 5499 2773 5576 quemdixerat
2797 5518 2917 5576 esse
2955 5513 3278 5576 venturum,
3309 5501 3410 5576 sed
3446 5499 3515 5557 de
3542 5499 3771 5554 Joanne

2152 5573 2423 5646 Baptista,
2453 5573 2547 5646 qui
2585 5575 2639 5631 in
2678 5575 2869 5646 spiritu
2906 5582 2965 5631 et
2988 5575 3186 5632 virtute
3221 5574 3354 5631 Elite
3368 5574 3489 5646 jam
3519 5576 3765 5628 venerat.

2158 5648 2379 5718 Caetera
2397 5655 2712 5718 argumenta
2742 5646 2862 5702 vide
2885 5646 3031 5717 apud
3043 5646 3402 5718 interpretes.

2232 5710 2489 5789 “Alteri
2515 5720 2776 5788 quaestio,
2824 5710 2993 5789 quam
3040 5716 3147 5789 hic
3177 5710 3349 5789 abbas
3401 5716 3573 5789 etiam
3614 5710 3768 5789 ipter

2162 5780 2579 5865 problematicas
2617 5799 2674 5855 et
2707 5780 2986 5861 utrimque
3031 5787 3359 5865 prpbabiles.
3384 5786 3596 5865 δειρὴν

2161 5850 2280 5919 esse
2326 5860 2553 5925 videtur,
2595 5850 2858 5932 quantum
2893 5850 2971 5917 'ex
3006 5850 3183 5917 verbis
3211 5859 3383 5933 ipsius
3409 5850 3667 5931 colligere
3696 5850 3765 5909 li—
