4024 6208
431 203 530 258 731

1513 188 1794 246 JOANNIS
1830 183 2134 244 CASSIANI
2169 175 2657 237 COLLATIONES.

3637 175 3755 230 732

436 325 624 382 ritales
651 323 1008 393 caelestesque
1037 320 1266 376 virtutes
1316 320 1493 373 Deum
1527 313 1736 382 fecisse,
1776 327 1900 385 qua:
1935 326 2034 384 pro
2063 311 2116 375 Α
2139 305 2400 364 creationi
2436 302 2702 370 siderum,
2735 306 2860 355 ante
2905 293 3050 352 istud
3083 291 3403 393 principium
3427 290 3484 348 in
3519 306 3637 393 quo
3655 292 3757 393 ta-

450 417 557 472 hoc
607 416 726 487 ipso
755 387 1146 488 quod-scirent
1199 426 1260 468 se
1310 409 1382 466 ad
1437 416 1645 465 tantam
1696 403 2049 465 beatitudinis
2149 414 2301 462 ctum
2324 402 2524 459 dicitur
2551 398 2753 457 coelum
2777 403 2836 453 et
2868 402 3042 461 terra,
3073 390 3236 448 creati
3283 387 3461 488 fuisse
3491 390 3759 449 manifes-

445 509 675 582 glorid’m
704 507 968 564 beneﬁcio
1015 504 1300 562 Creatoris
1346 517 1410 559 ex
1465 501 1644 557 nihilo
1695 499 1862 558 fuisse
1911 515 2048 571 pro-

443 600 639 657 ductas
733 607 1025 672 perpetuas
1109 597 1159 654 ei
1237 595 1439 668 gratias
1517 593 1808 652 referentes
1889 592 2047 650 inde-

443 691 683 747 sinenter
755 691 872 762 ejus
944 689 1201 746 laudibus
1248 687 1602 754 inhaererent,
1680 701 1844 744 nemo
1916 685 2050 742 lide-

449 782 582 838 lium
653 781 890 838 dubitat.
948 791 974 816 ι
1045 780 1159 838 Nec
1212 781 1362 836 enim
1417 779 1733 836 existimare
1783 778 2050 836 debemus

448 872 742 930 creationis
774 881 830 928 et
859 872 1058 944 opiﬁcii
1097 872 1184 929 sui
1223 871 1484 944 principia
1518 871 1587 928 ab
1632 870 1805 944 hujus
1855 869 2051 928 mundi

448 966 844 1023 constitutione
891 969 1072 1023 Deum
1119 964 1376 1037 primitus
1424 963 1739 1032 inchoasse,
1781 963 1938 1038 quasi
1991 961 2050 1018 in

446 1060 554 1116 illis
582 1060 951 1117 anterioribus
985 1068 1148 1132 atque
1186 1056 1486 1112 innumeris
1542 1055 1752 1112 saeculis
1788 1055 1860 1113 ad
1899 1053 2050 1111 omni

447 1155 786 1226 providentia
835 1162 889 1210 et
939 1151 1340 1225 dispensatione
1379 1149 1559 1205 divina
1600 1148 1761 1206 fuerit
1803 1149 2048 1218 otiosus,

446 1262 510 1302 ac
537 1254 819 1317 tamquam
849 1262 961 1302 non
987 1244 1196 1302 habens
1226 1245 1285 1301 in
1308 1259 1446 1315 quos
1473 1243 1734 1299 bonitatis
1762 1258 1880 1299 sum
1898 1257 2054 1299 exer-
2092 1281 2098 1287 ρ

446 1347 593 1395 ceret
621 1339 904 1407 beneﬁcia,
923 1338 1223 1408 solitarius,
1253 1345 1417 1410 atque
1445 1337 1513 1392 ab
1537 1336 1693 1393 omni
1720 1335 2051 1393 muniﬁcen-

447 1431 521 1487 tia
549 1431 754 1488 alienus
806 1431 973 1490 fuisse
1027 1430 1300 1498 credatur,
1338 1429 1488 1501 quod
1537 1429 1606 1484 de
1661 1427 1748 1484 illa
1785 1429 2052 1486 immensa

445 1541 511 1581 ac
539 1525 652 1580 sine
681 1524 948 1597 principio
971 1533 1026 1579 et
1052 1521 1592 1595 incomprehensibili
1612 1519 1901 1592 majestate
1922 1521 2054 1576 satis

450 1617 656 1672 humile
682 1625 765 1672 est
807 1616 1276 1690 incongruumque
1311 1614 1530 1683 sentire,
1565 1613 1685 1685 ipso
1717 1613 1956 1669 Domino
1986 1613 2053 1670 de

449 1709 554 1765 illis
619 1709 980 1781 potestatibus
1027 1709 1145 1764 haec
1198 1706 1410 1763 dicente
1457 1725 1470 1761 :

2153 502 2368 559 tissime
2394 497 2843 571 comprobantur,
2870 491 3066 565 quippe
3095 488 3187 560 qui
3225 503 3326 560 pro
3347 486 3472 544 istis
3499 488 3763 548 omnibus

2144 597 2458 656 visibilibus
2511 592 2799 659 creaturis,
2847 603 2984 662 quas
3023 585 3280 643 videbant
3329 598 3400 640 ex
3428 582 3594 641 nihilo
3620 601 3761 658 pro-

2155 693 2398 764 cessisse,
2421 693 2736 749 Creatorem
2763 700 2959 758 magna
2983 698 3118 740 voce
3144 679 3465 738 referuntur
3495 689 3550 737 et
3569 680 3765 741 admi-

2156 790 2368 850 r’zltione
2415 787 2684 869 laudasse.
2751 785 2778 821 ά
2820 787 2974 843 Ante
3021 779 3172 838 istud
3249 795 3383 852 ergo
3455 782 3767 852 temporale

2159 889 2487 962 principium
2529 885 2675 959 quod
2716 899 2748 940 a
2786 884 2980 955 Moyse
3004 877 3251 953 ponitur,
3282 875 3538 950 quodque
3565 876 3767 937 mundi

2157 988 2322 1060 hujus
2337 985 2641 1044 secundum
2665 980 3013 1046 historicum,
3032 978 3204 1034 immo
3227 974 3768 1050 Iudaicumme

2158 1087 2344 1160 signat
2366 1093 2590 1144 aetatem
2636 1081 2805 1153 (salvo
2834 1077 3042 1135 scilicet
3068 1083 3261 1132 nostro
3299 1089 3481 1143 sensu,
3513 1091 3621 1147 quo
3651 1090 3770 1134 nos

2159 1184 2584 1257 interpretamur
2605 1178 2858 1236 omnium
2884 1191 3072 1233 rerum
3102 1172 3389 1230 Christum
3413 1187 3533 1228 esse
3554 1173 3771 1245 princi-

2158 1282 2331 1355 pium,
2387 1281 2444 1336 in
2486 1294 2596 1351 quo
2647 1275 2833 1334 omnia
2889 1270 3152 1329 creaverit
3201 1271 3400 1336 Pater,
3459 1269 3767 1328 secundum

2159 1379 2290 1436 illud
2316 1378 2524 1452 (Joann.
2549 1379 2602 1446 l)
2628 1397 2644 1431 :
2678 1375 2874 1432 Omnia
2890 1388 2993 1444 per
3023 1374 3199 1442 ipsum
3220 1371 3378 1436 facta
3397 1371 3544 1437 sunt,
3572 1373 3626 1424 et
3650 1370 3768 1424 sine

2158 1484 2493 1554 ipsofactum
2525 1483 2602 1536 est
2634 1478 2820 1549 nihil);
2851 1483 2976 1531 ante
3006 1471 3172 1543 istud,
3204 1472 3447 1543 inquam,
3480 1471 3773 1530 Gens-secs

2160 1583 2830 1659 temporaletprincipium,
2864 1595 3056 1637 omnes
3081 1578 3200 1635 illas
3242 1583 3529 1649 potestates
3552 1574 3772 1634 coeles-

1541 1701 1566 1738 b
1588 1678 1844 1774 ὀααηάο
1897 1709 2049 1776 facta
2077 1727 2125 1789 Β
2159 1699 2348 1763 tesque
2372 1689 2600 1745 virtutes
2627 1689 2812 1742 Deum
2836 1697 3045 1740 creasse
3080 1697 3193 1738 non
3221 1678 3454 1736 dubium
3491 1686 3591 1735 est.
3620 1682 3770 1752 Quas

450 1808 576 1857 sunt
605 1805 770 1858 simul
787 1804 989 1867 sidera,
1009 1802 1368 1858 laudauerunt
1395 1818 1478 1857 me
1497 1817 1615 1856 voce
1635 1818 1838 1871 magna
1875 1818 2053 1858 omnes
2077 1782 2119 1789 —
2160 1793 2457 1868 APOStOIUS
2506 1807 2602 1864 Per
2641 1788 2890 1846 ordinem
2947 1786 3302 1843 dinumerans
3348 1783 3423 1839 ita
3457 1782 3714 1840 δεεστίδίε
3745 1802 3763 1839 ε

451 1901 637 1969 angeli
677 1901 783 1954 mei
835 1900 991 1970 (Job.
1046 1898 1330 1970 xxxvm).
1380 1908 1402 1934 °
1440 1897 1543 1968 Qui
1600 1913 1730 1970 ergo
1782 1898 2056 1954 intersunt

2233 1907 2256 1933 °
2287 1898 2429 1965 Quia
2455 1898 2514 1951 in
2547 1895 2758 1952 Christo
2785 1894 2968 1948 creata
2993 1892 3121 1946 sunt
3164 1889 3367 1955 omnia,
3404 1889 3508 1942 sive
3533 1903 3655 1958 qua:
3703 1889 3767 1944 in

1539 2009 1796 2062 ALARDI
1833 2008 2064 2064 GAZz‘EI
2102 2004 2670 2065 COMMENTARIUS.

449 2117 728 2186 principio
779 2119 980 2172 creavit
1015 2121 1156 2174 Deus
1191 2115 1375 2170 malum
1403 2118 1695 2170 et'terram.
1739 2113 1921 2186 (Nam
1958 2114 2054 2170 hoc

455 2184 652 2258 reruni
673 2204 779 2243 non
807 2194 958 2254 esset,
990 2190 1043 2242 si
1070 2187 1214 2258 quid
1241 2190 1471 2258 creasset
1497 2189 1676 2249 antea,
1727 2184 1808 2240 ait
1833 2193 2054 2241 sanctus

454 2257 736 2323 Thomas).
766 2261 902 2313 Item
934 2257 1106 2313 Exodi
1135 2273 1218 2313 xx
1249 2277 1261 2313 :
1291 2259 1398 2314 Sea:
1427 2257 1616 2310 diebus
1635 2258 1765 2324 fecit
1794 2259 2055 2312 Dominus

455 2331 645 2384 calum
665 2335 716 2384 et
755 2335 975 2392 terram,
1009 2333 1060 2383 et
1095 2345 1263 2396 mare,
1293 2333 1343 2383 et
1379 2330 1558 2382 omnia
1576 2343 1696 2397 qua
1723 2329 1782 2380 in
1805 2329 1881 2382 eis
1903 2331 2052 2390 sunt,

458 2405 510 2456 et
538 2402 803 2469 requievit
831 2403 889 2454 in
909 2401 996 2455 die
1021 2403 1262 2470 septimo.
1285 2398 1537 2454 Secundo
1563 2397 1886 2470 auctoritate
1912 2413 2057 2453 con—

455 2470 562 2527 cilii
584 2472 989 2538 Lateranensis,
1018 2471 1108 2526 ubi
1136 2470 1337 2526 dicitur
1367 2487 1380 2524 :
1404 2473 1542 2525 Deus
1569 2469 1637 2522 ab
1665 2470 1823 2523 initio
1850 2472 2050 2539 tempo-

455 2544 535 2614 ris
565 2547 847 2614 utramque
870 2543 935 2597 de
973 2542 1143 2596 nihilo
1170 2541 1411 2614 condidit
1433 2544 1758 2614 creaturam,
1796 2542 2056 2614 spiritua-

457 2613 558 2668 lem
585 2619 637 2668 et
664 2609 1006 2684 corporalem,
1033 2614 1328 2681 angelicam
1356 2611 1604 2684 videlicet
1631 2614 1682 2664 et
1696 2609 2053 2684 mundanam.

455 2684 645 2740 Tertio
691 2680 1018 2741 auctoritate
1047 2680 1296 2749 Patrum,
1330 2681 1420 2754 qui
1460 2680 1904 2754 ita_doc_iterunt,_
1927 2680 2057 2753 Epi-

456 2755 642 2824 phauii
671 2756 861 2814 haeresi
893 2763 986 2824 65,
1011 2755 1298 2828 Augustini
1318 2751 1495 2808 li'b.x1
1516 2752 1584 2834 de
1613 2751 1776 2808 Civit.

456 2829 512 2877 ο.
543 2825 876 2877 Theodoret.
899 2834 1095 2877 unumst.
1131 2833 1162 2877 3
1182 2841 1346 2877 super
1369 2825 1666 2877 Genesnm.-
1685 2823 1938 2877 Gregorii
1957 2823 1993 2877 ll
2041 2864 2055 2877 .

455 2823 512 2892 ο,
543 2825 876 2900 Theodoret.
899 2823 1666 2900 quaastfasuperGenesim,
1685 2823 1938 2900 Gregorii
1957 2823 2055 2900 lib.

455 2910 632 2971 sitsit
648 2899 843 2952 Moral.
863 2894 989 2968 cap.
1024 2903 1088 2971 ιο
1112 2894 1274 2971 (Kide
1297 2895 1751 2971 SixtumSenens.
1779 2894 1878 2971 lib:
1895 2909 1935 2950 ν
1964 2896 2054 2950 Bi-

461 2965 876 3035 blioth._annot.
930 2961 1186 3035 'quinta):
1227 2965 1384 3035 Quae
1416 2961 1632 3035 quidem
1672 2964 2054 3035 auctoritates,

457 3033 705 3102 quamvis
734 3034 877 3106 hanc
889 3031 1220 3106 sententiam
1247 3031 1420 3106 solide
1447 3031 1797 3102 conﬁrment;
1831 3034 2055 3106 etplus-

456 3116 626 3176 quam
655 3103 993 3176 probabilem
1036 3102 1286 3169 reddant,
1317 3103 1401 3176 pie
1437 3109 1622 3158 tamen
1675 3111 1730 3160 et
1787 3102 2059 3176 sapienter

459 3170 720 3246 tidmonet
745 3173 802 3228 S.
847 3174 1094 3229 Thomas
1132 3170 1471 3246 contrarium
1512 3190 1622 3230 non
1648 3189 1766 3230 esse
1799 3170 2064 3246 reputans

457 3240 594 3323 dum
635 3258 973 3323 ~erroneuin,
1020 3248 1322 3323 _Pra'cipue,
1346 3245 1550 3323 inquit,
1594 3251 1814 3323 propter
1835 3240 2062 3323 senten-

459 3315 596 3386 t‘iam
625 3315 868 3384 Gregorii
887 3315 1236 3383 Nazianzeni,
1267 3315 1611 3386 cujus'tanta
1625 3315 1706 3372 est
1731 3321 1788 3371 in
1812 3317 2060 3372 doctrina

2161 2131 2290 2170 eum
2313 2115 2702 2185 appropriatur
2718 2112 2891 2172 Patri,
2915 2110 3138 2185 propter
3144 2107 3479 2185 potentiam;
3517 2106 3602 2159 ita

2162 2175 2367 2255 cipiuni
2385 2175 2697 2254 ere-inplere
2713 2175 3108 2255 appropﬁatur
3137 2175 3297 2255 Filio,
3317 2181 3541 2255 propter

2165 2248 2301 2312 tiam
2333 2257 2348 2325 (
2373 2255 2512 2311 Vide
2540 2248 2700 2322 'Aug.
2744 2248 2855 2306 ’Iib.
2877 2248 2983 2306 3m
3012 2251 3326 2325 Confess.}.
3357 2253 3468 2313 23).
3497 2248 3772 2325 {impero

2163 2319 2444 2390 dixerunt,
2469 2319 2771 2390 corporalia
2813 2337 2922 2377 esse
2963 2325 3143 2376 creata
3173 2337 3208 2373 a
3236 2322 3342 2374 Deo
3357 2361 3370 2381 ,
3401 2319 3774 2374 meditantibus

2162 2400 2424 2454 creaturis
2435 2390 2834 2467 spiritualibus;
2847 2397 2898 2446 et
2908 2393 3048 2467 adid
3058 2390 3444 2467 excludendum
3452 2391 3773 2467 βςιῬοηίιιιτε

2163 2473 2230 2524 In
2249 2461 2518 2539 pnTnCip'tb
2547 2468 2745 2521 creavit
2758 2469 2896 2539 Deus
2919 2463 3103 2539 caelum
3129 2465 3178 2516 et
3196 2467 3416 2539 terram,
3439 2461 3497 2539 id
3525 2465 3624 2522 est,
3639 2465 3777 2539 ante

2166 2532 2369 2594 omnia.
2413 2532 2661 2606 Quatuor
2689 2538 2831 2592 enim
2854 2538 3132 2605 ponuntur
3157 2534 3324 2606 simul
3341 2536 3541 2594 creata,

2165 2612 2350 2665 calum
2398 2603 2726 2679 einpyreum,
2779 2603 3013 2660 materia
3039 2604 3353 2674 corporalis,
3395 2619 3518 2679 quae
3561 2603 3776 2679 nomine

2167 2687 2327 2808 aegrae
2349 2672 2695 2750 intelligitur,
2723 2682 2953 2749 tempus,
2993 2681 3044 2732 et
3071 2672 3278 2730 natura
3304 2675 3578 2742 angelica.
3604 2675 3691 2730 Ita
3720 2672 3776 2731 S.

2253 2767 2430 2808 omas.

2167 2755 2430 2809 Thomas.

2238 2827 2262 2856 °
2290 2823 2446 2878 Absit
2472 2827 2535 2876 ut
2570 2821 2656 2877 sic
2676 2819 3052 2875 existimemus
3074 2817 3252 2872 Deum
3278 2813 3635 2870 anterioribus
3663 2813 3778 2872 illis

2165 2901 2222 2948 et
2264 2891 2562 2948 innumeris
2589 2890 2804 2947 saeculis
2838 2889 2923 2958 (si
2966 2888 3044 2943 sic
3069 2885 3408 2956 loquendum
3451 2887 3594 2958 sit),
3641 2901 3776 2958 qua:

2165 2963 2370 3019 scilicet
2412 2962 2686 3018 mundum
2740 2957 3152 3032 praecesserunt,
3191 2958 3297 3032 hoc
3339 2965 3444 3032 e_st,
3495 2957 3563 3012 ab
3615 2957 3773 3032 omni

2164 3034 2466 3091 aeternitate
2510 3033 2676 3088 fuisse
2721 3028 2985 3097 otiosum,
3035 3036 3132 3084 aut
3174 3029 3509 3095 solitarium,
3553 3035 3651 3083 aut
3711 3028 3775 3085 ab

2169 3105 2320 3161 omni
2347 3103 2718 3160 munificentia
2760 3102 3020 3157 alienum.
3051 3101 3300 3154 Aiternas
3354 3100 3410 3154 in
3452 3102 3567 3154 Deo
3593 3113 3775 3170 agno—

2167 3177 2376 3232 scimus
2413 3176 2674 3237 actiones,
2705 3187 2840 3244 quas
2865 3171 3104 3242 theologi
3135 3177 3349 3244 vocant;
3379 3170 3774 3238 immanentes,

2168 3246 2274 3303 hoc
2318 3254 2423 3315 est,
2470 3247 2528 3302 in
2558 3247 2686 3318 ipso
2715 3241 2832 3300 Deo
2876 3241 3278 3318 manentes,_et
3334 3241 3599 3318 internas,
3637 3256 3778 3318 quas

2175 3321 2320 3374 Deus
2344 3312 2473 3375 ante
2501 3312 2689 3373 mundi
2721 3313 3166 3371 constitutionem
3197 3312 3252 3367 in
3277 3313 3462 3383 seipso
3477 3312 3773 3383 tractabat,

462 3382 781 3481 aeneae
807 3382 1869 3481 mensarum
1885 3389 2063 3481 sine
2090 3418 2135 3481 c
2168 3387 2997 3481 esietetg-_s§ere2ez31.":
3019 3382 3774 3481 stateeefaeﬂrieisr

458 3455 785 3531 calumniam
813 3460 1015 3527 inferre
1040 3453 1464 3530 praesumpserit,
1489 3453 1626 3516 sicut
1643 3475 1738 3514 nec
1759 3453 2063 3516 Athanasii
2091 3453 2135 3481 ν
2168 3453 2502 3531 suorumque
2525 3453 2924 3531 attributorum
2945 3463 2999 3531 e_t
3019 3453 3772 3531 perfectionumcontempla-

455 3527 804 3595 documentis,
833 3535 896 3599 ut
927 3527 1293 3599 Hieronymus
1308 3531 1460 3584 dicit.

528 3603 552 3631 ⁸
581 3601 758 3652 immo
796 3598 874 3670 sic
895 3597 1202 3670 existimare
1227 3599 1511 3663 debemus,
1536 3597 1682 3670 salva
1703 3597 1865 3670 hujus
1887 3598 2060 3655 abba-

453 3668 522 3723 tis
537 3668 861 3735 reverentia,
879 3668 1020 3724 sicut
1039 3669 1426 3738 existimarunt
1442 3676 1496 3722 et
1511 3667 1811 3738 probarunt
1833 3670 1926 3724 SS.
1953 3670 2058 3724 Pa-

455 3747 568 3812 tres
595 3739 763 3796 modo
812 3739 1000 3812 citati,
1033 3739 1253 3812 angelos
1315 3737 1423 3812 dici
1475 3737 1721 3812 primum
1768 3738 2059 3812 opiﬁcium

461 3811 600 3873 Dei,
658 3827 770 3866 non
821 3810 969 3882 quod
1015 3809 1139 3882 ante
1187 3809 1377 3882 mundi
1407 3809 2056 3882 hujus‘constitutionem

457 3882 794 3953 exstiterint;
825 3878 920 3937 sed
949 3881 1098 3953 quod
1118 3881 1296 3953 primo
1325 3879 1414 3936 die
1433 3878 1598 3953 simul
1625 3895 1769 3953 cumi
1809 3880 1971 3945 caelo,
2003 3889 2059 3936 et

455 3952 510 4008 in
535 3953 794 4025 caalo,ut
832 3949 1023 4008 eorum
1047 3949 1294 4025 dignitati
1328 3950 1697 4025 congruebat,
1728 3949 1836 4006 sint
1865 3953 2054 4025 creati,

456 4032 518 4079 ut
553 4023 906 4096 nobilissimae
947 4021 1132 4096 partes
1169 4031 1225 4096 et
1261 4021 1526 4078 creaturae
1578 4021 1754 4078 totius
1799 4022 2053 4096 universi.

527 4096 552 4129 δ
578 4098 660 4168 ita
702 4093 1328 4168 quidem'iseptuaginta
1359 4097 1708 4168 Interpretes,
1744 4108 1857 4168 quo
1887 4093 2056 4150 etiam

456 4167 626 4238 modo
672 4164 847 4238 citant
883 4164 1220 4238 Epiphanius
1241 4173 1298 4222 et
1325 4164 1666 4238 Augustinus
1715 4164 1824 4238 ubi
1852 4179 2055 4238 supra:

457 4236 604 4308 unde
630 4237 810 4308 etiam,
835 4234 1099 4308 colligunt
1126 4245 1182 4292 et
1207 4234 1442 4308 probant
1476 4235 1707 4308 angelos
1746 4234 1938 4308 primo‘
1966 4237 2057 4293 die

456 4304 626 4361 fuisse
653 4307 925 4361 conditos.
952 4304 1124 4362 Porro
1146 4304 1374 4378 vulgata
1406 4304 1576 4360 lectio‘
1590 4305 1670 4378 sic
1695 4304 1892 4362 habet:
1925 4308 2057 4364 Cum

457 4390 540 4428 me
567 4378 849 4429 laudarent
869 4379 1197 4430 simulastra
1212 4376 1503 4440 matutina,
1518 4379 1568 4430 et
1570 4376 2057 4443 jubilarent'omnes

457 4446 563 4512 ﬁlii
584 4448 682 4498 Dei
709 4445 1148 4520 (.{ob.xxxv_m).
1168 4445 1478 4520 _Unde_hoc
1500 4453 1714 4502 tantum
1753 4449 1934 4520 colligi
1961 4465 2058 4519 po-

455 4521 572 4588 test
609 4514 832 4586 angelos
877 4524 1001 4569 ante
1031 4514 1312 4588 hominem
1349 4513 1520 4588 fuisse
1543 4525 1793 4588 creatos;
1844 4513 1913 4574 de
1946 4513 2057 4588 quo

457 4585 606 4642 nulla
619 4585 700 4640 est
715 4585 1106 4657 controversia.
1121 4587 1280 4642 Certe
1298 4589 1369 4641 D.
1386 4586 1686 4657 Gregorius
1701 4587 1840 4644 libro
1859 4585 2058 4646 xxvii!

457 4657 656 4729 Moral.
686 4673 806 4729 cap,
843 4661 905 4712 Μ
933 4655 1066 4713 dicit
1104 4658 1325 4728 angelos
1362 4655 1546 4712 vocari
1575 4666 1734 4729 astra
1764 4658 2056 4728 matutina,

457 4730 580 4802 quia
609 4728 826 4785 fuerunt
842 4729 1054 4802 conditi
1075 4729 1278 4802 inipso
1319 4743 1488 4785 mane
1517 4730 1674 4802 primi
1713 4728 1842 4786 diei.

2167 3526 2706 3596 tionemfaeteruam
2743 3528 2858 3584 Filii
2896 3542 2927 3581 a
2955 3528 3116 3581 Patre
3143 3526 3571 3596 generationem,
3613 3533 3776 3582 eter-

2165 3615 2294 3655 nam
2323 3599 2555 3670 Spiritus
2586 3599 2817 3670 sanctia
2849 3600 3010 3670 Patre
3045 3605 3102 3651 et
3143 3597 3285 3652 Filio
3315 3597 3740 3670 processioneni
3755 3616 3771 3664 ;

2168 3666 2434 3726 aeternum
2489 3669 2558 3725 de
2588 3669 2778 3725 mundi
2832 3668 3110 3724 creatione
3150 3676 3206 3722 et
3243 3666 3654 3732 gubernatione,
3701 3667 3774 3724 de

2169 3739 2287 3796 Filii
2337 3741 2708 3796 incarnatione
2758 3747 2819 3795 et
2867 3738 3202 3803 oeconomia,
3243 3735 3306 3792 de
3330 3735 3662 3806 angelorum,
3711 3745 3773 3793 et

2169 3810 2467 3868 hominum
2514 3810 2772 3865 electione
2817 3819 2872 3865 et
2918 3809 3324 3881 reprobatione,
3379 3805 3454 3881 de
3497 3805 3772 3881 omnibus

2169 3882 2334 3938 rebus
2359 3882 2434 3938 ad
2465 3881 2704 3937 divinam
2739 3877 3148 3937 Providentiam
3181 3877 3547 3950 spectantibus
3576 3879 3775 3950 consi-

2168 3953 2301 4009 lium
2346 3961 2402 4009 et
2429 3953 2748 4020 decretum;
2774 3952 2969 4023 quibus
2997 3955 3148 4023 Deus
3172 3947 3299 4023 ante
3334 3947 3528 4023 mundi
3560 3949 3769 4005 consti-

2167 4025 2437 4081 tutionem
2467 4032 2764 4094 occupatu
2779 4020 2808 4091 ,⁷
2818 4023 2865 4078 si
2892 4021 3143 4094 italoqni
3172 4022 3351 4087 liceat,
3369 4020 3604 4094 Aotiosus
3622 4030 3771 4094 certe

2165 4095 2273 4151 dici
2323 4111 2435 4152 non
2460 4091 2658 4167 potuit,
2692 4109 2866 4167 neque
2910 4091 3336 4167 sol_itarius,_aut
3365 4091 3769 4167 immuniﬁcus.

2167 4167 2394 4222 Summa
2449 4162 2603 4222 enim
2631 4162 2825 4221 aeterni
2855 4163 3033 4220 Patris
3077 4163 3453 4219 muniﬁcentia
3483 4162 3588 4219 fuit
3611 4177 3770 4219 suam

2165 4238 2457 4293 essentiam
2486 4237 2647 4304 Filio,
2679 4251 2742 4290 ac
2769 4235 2968 4292 deinde
2986 4250 3114 4291 cum
3136 4235 3276 4290 Filio
3307 4234 3563 4291 eamdem
3592 4234 3765 4304 ipsam

2167 4308 2386 4379 Spiritui
2425 4315 2618 4379 saneto
2651 4307 3078 4379 communicare,
3099 4313 3160 4360 ut
3183 4321 3329 4379 unus
3357 4321 3577 4379 semper
3607 4305 3769 4379 fuerit

2168 4375 2318 4434 Deus
2341 4379 2396 4432 in
2424 4378 2678 4443 essentia,
2706 4386 2762 4433 et
2801 4378 2982 4433 trinus
3010 4377 3066 4432 in
3092 4377 3356 4448 personis.
3393 4375 3558 4447 Quod
3587 4377 3633 4432 si
3665 4375 3768 4432 hoc

2167 4457 2551 4522 argumentum
2595 4449 2709 4522 vim
2736 4448 2912 4522 ullam
2957 4447 3203 4522 haberet,
3237 4447 3598 4522 concluderet
3621 4454 3766 4502 certe

2166 4517 2388 4592 angelos
2410 4535 2519 4574 non
2548 4519 2729 4592 solum
2759 4535 2877 4575 esse
2900 4519 3005 4575 hoc
3029 4517 3239 4574 mundo
3260 4519 3564 4575 anteriores
3591 4525 3646 4574 et
3667 4533 3766 4573 an-

2168 4591 2438 4662 tiquiores
2455 4633 2470 4659 ,
2491 4591 2586 4646 sed
2619 4591 2782 4646 etiam
2801 4593 2916 4646 Deo
2947 4598 3254 4662 coaeternos
3270 4632 3285 4659 ,
3310 4605 3380 4645 ne
3397 4593 3579 4662 Deum
3597 4600 3761 4662 iante-

2166 4660 2402 4718 rioribus
2443 4669 2496 4716 et
2532 4662 2840 4718 innumeris
2889 4661 3102 4717 saeculis
3151 4661 3476 4717 aeternitatis
3527 4660 3764 4715 otiosum

2171 4741 2265 4805 aut
2303 4732 2608 4805 solitarium
2647 4731 3178 4805 fateri_cogeremur.
3213 4735 3420 4787 Verum
3471 4730 3562 4786 hic
3588 4730 3764 4786 locum

521 4810 549 4881 ,ο
597 4799 953 4881 Respondent
993 4793 1338 4881 Epiphanius
1371 4808 1427 4856 et
1449 4793 1880 4881 i'llheodoretus,
1911 4809 2058 4881 astra
2093 4793 2144 4856 D
2172 4803 2451 4881 habetilla
2478 4804 2744 4881 Sapientis
2765 4793 3072 4881 admdnitio
3092 4825 3105 4870 ;
3125 4805 3534 4881 Quiscrutator
3555 4807 3638 4881 est

457 4869 622 4946 fuisse
651 4869 830 4946 creata
852 4869 1184 4946 quarto—die,
1218 4881 1281 4928 ut
1299 4871 1474 4946 docet
1486 4872 1768 4946 Scriptura
1792 4891 1804 4928 τ
1830 4873 2061 4946 proinde
2157 4875 2397 4946 jestatis,
2437 4869 2769 4946 opprimetur
2814 4891 2849 4929 a
2889 4876 3063 4946 gloria
3081 4869 3100 4939 ;'
3125 4869 3197 4930 Et
3239 4875 3324 4930 illa
3354 4875 3609 4944 Apostoli
3636 4872 3767 4931 :Noli

455 4940 698 5010 angelos,
725 4940 999 5022 quierant
1021 4943 1188 4998 creati
1229 4943 1554 5022 p_rimo_die_,
1606 4940 1848 5022 potuisse
1887 4945 2055 5002 inter-

456 5024 577 5066 esse
599 5011 856 5065 creationi
879 5011 1142 5076 siderum,
1181 5011 1315 5070 et'in
1339 5030 1400 5070 ea
1423 5011 1645 5072 laudare
1675 5018 1874 5073 Deum.

525 5082 552 5117 τι
579 5081 874 5158 Ρτίωειλίιιε
907 5084 1176 5158 sententia
1208 5083 1331 5139 libri
1379 5086 1657 5143 Geneseos
1683 5108 1696 5144 :
1755 5091 1820 5143 In
1844 5091 2058 5158 princi-

450 5153 547 5240 pio
592 5155 803 5240 creavit
819 5155 1185 5240 Deusmcwlum
1213 5159 1264 5240 et
1284 5160 1502 5221 terram,
1525 5158 1813 5240 tripliciter
1823 5153 2054 5240 exponi-

455 5229 565 5299 tu_r,
594 5223 920 5299 ut_docet_S.
955 5222 1196 5281 Thomas
1215 5229 1360 5296 (par.
1393 5243 1435 5292 ι,
1467 5246 1521 5297 q.
1557 5222 1613 5291 4;
1658 5244 1744 5282 ar.
1786 5233 1863 5293 3),
1895 5222 2058 5299 idque

456 5290 529 5347 ad
561 5293 962 5368 excludendum
990 5303 1104 5352 tres
1138 5290 1353 5355 errores
1383 5319 1394 5353 :
1420 5290 2059 5368 'Quidamjenimposue-

458 5367 588 5440 runt
624 5365 888 5440 mundum
913 5383 1122 5438 semper
1148 5372 1338 5437 fuisse,
1372 5375 1423 5425 et
1451 5365 1684 5440 tempus
1723 5385 1830 5424 non
1858 5365 2058 5427 habere

453 5436 789 5519 Iniitcipium
843 5442 895 5519 e_t
1065 5436 1159 5495 hoc
1211 5436 1602 5519 excludendum
1646 5443 1952 5510 exponitur,
1992 5445 2057 5498 In

452 5512 739 5583 mincipt'o,
775 5512 970 5566 scilicet
1009 5515 1284 5582 temporis.
1330 5514 1565 5579 Quidam
1605 5527 1727 5566 vero
1761 5519 2057 5583 posuerunt

458 5575 568 5654 duo
588 5575 698 5632 esse
717 5583 1000 5654 weatiqnis
1012 5575 1310 5654 principia,
1339 5575 1509 5639 unum
1531 5575 1808 5654 bonorum,
1825 5587 2056 5640 alterum

457 5647 743 5730 malorum,
766 5657 816 5730 et
841 5653 914 5730 ad
942 5647 1449 5730 inanimum
1473 5647 1871 5730 ezponitur,'ln
1893 5660 2055 5726 prin-

458 5720 618 5789 cipio,
645 5720 706 5774 id
741 5727 836 5793 est,
879 5725 936 5777 in
962 5724 1120 5780 Filio.
1148 5727 1298 5782 Sicut
1321 5729 1462 5782 enim
1483 5720 1818 5798 principium
1835 5720 2055 5798 effecti-

2167 4948 2339 5002 altum
2361 4962 2569 5017 sapere,
2595 4947 2689 5001 sed
2726 4948 2892 5017 time;
2926 4949 3012 5013 Et,
3045 4949 3159 5004 Non
3183 4946 3310 5015 plus
3338 4959 3564 5016 sapere,
3607 4957 3759 5014 quam

2163 5023 2388 5096 oportet,
2413 5018 2508 5073 sed
2526 5033 2713 5096 sapere
2741 5019 2816 5096 ad
2855 5019 3218 5096 sobrietatem.
3245 5019 3374 5096 Quis
3403 5020 3761 5096 enim

2161 5087 2240 5144 vit
2287 5105 2497 5146 sensum
2538 5087 2772 5152 Domini;
2822 5095 2922 5145 aut
2959 5091 3095 5159 quis
3145 5090 3492 5144 consiliarius
3520 5088 3635 5158 ejus
3657 5087 3763 5154 fuit

2163 5164 2336 5237 (Prov.
2361 5175 2510 5237 xxiv;
2523 5164 2682 5237 _Bom.
2711 5165 2818 5237 xu)
2836 5165 2860 5217 ἒ
2877 5165 2980 5237 e_tc.
3005 5161 3170 5237 Libet
3186 5169 3370 5215 tamen
3381 5159 3473 5216 hic
3496 5164 3562 5237 D_.
3581 5165 3765 5237 Augu-

2164 5231 2373 5304 stinum
2404 5232 2473 5288 de
2521 5230 2623 5288 hac
2650 5239 2745 5304 aut
2767 5231 2943 5304 simili
2979 5232 3301 5304 quaestione,
3327 5231 3583 5304 quamvis
3609 5227 3767 5304 proli-

2163 5303 2306 5384 xius,
2345 5309 2532 5384 tamen
2559 5303 2806 5386 apposite
2833 5303 2904 5360 ad
2931 5301 3084 5386 hunc
3127 5304 3314 5359 locum
3342 5301 3761 5359 ‘elucidan'dum

2163 5373 2355 5429 audire
2383 5373 2741 5430 disserentem
2764 5375 2859 5430 lib.
2891 5373 3184 5430 undecimo
3207 5372 3459 5431 Confess.
3497 5388 3614 5442 cap.
3653 5374 3761 5426 12:

2162 5447 2311 5507 Ecce,
2333 5444 2528 5516 inquit,
2571 5446 2862 5516 respondeo
2893 5447 3094 5502 dicenti
3121 5465 3138 5502 :
3176 5448 3321 5515 Quid
3363 5446 3598 5513 faciebat
3630 5445 3766 5499 Deus

2164 5521 2456 5588 antequam
2489 5518 2695 5584 faceret
2734 5519 2920 5574 calum
2955 5522 3008 5573 et
3035 5523 3235 5573 terram
3257 5523 3286 5574 ?
3311 5517 3626 5587 respowdeo,
3663 5528 3763 5588 non

2163 5587 2326 5660 illud,
2357 5590 2504 5659 quod
2527 5590 2752 5659 quidam
2777 5589 3112 5660 respondisse
3124 5587 3760 5660 perhibent-jamJaqu

2163 5655 2385 5714 eludens
2395 5655 2708 5730 quies—tionis
2721 5655 3061 5716 violentiam:
3079 5655 3238 5725 Alia,
3251 5655 3762 5730 ίηςπίιλεανωειβ·

2165 5731 2262 5786 bus
2288 5728 2554 5800 gehennas
2583 5733 2843 5803 parabat.
2883 5733 3060 5789 Aliud
3083 5736 3160 5789 est
3193 5728 3372 5789 videre
3400 5728 3564 5788 aliud
3589 5728 3757 5786 redi"
