4048 6208
1041 157 1069 177 ο

311 282 397 370 πε
933 310 1274 369 COLLATIO
1312 308 1453 369 vni.
1490 340 1565 353 —
1598 312 1689 368 ns
1725 310 2246 369 PRINCIPATIBUS
2280 294 2408 369 ’ssu
2446 313 2974 374 consumens.

3503 329 3611 386 742

313 439 459 496 tione
478 434 688 508 vitiati;
715 444 773 494 et
795 449 895 508 per
918 433 1026 492 hoc
1051 435 1200 494 inter
1224 436 1481 494 homines
1508 444 1564 494 et
1586 434 1904 495 immundos
1936 440 1983 504 Α
2015 443 2232 509 petunt,
2257 438 2420 494 etiam
2445 448 2633 496 contra
2657 452 2719 497 se
2745 440 2980 499 invicem
3016 442 3164 515 ipsos
3192 441 3453 503 affectare
3480 464 3602 506 cer-

308 540 464 605 atque
494 545 678 588 aereas
705 536 1008 603 potestates
1034 529 1188 587 ﬁeret
1220 529 1384 586 noxia
1430 528 1684 603 quadam
1727 527 1903 587 fami-

315 627 511 684 liaritas
541 635 706 699 atque
734 624 1044 699 perniciosa
1092 623 1429 699 conjunctio,
1457 623 1582 697 quia
1610 623 1731 680 hac
1748 624 1903 697 ﬂagi-

305 720 371 778 tia
396 735 522 795 qua
546 735 698 776 nunc
724 719 868 775 inter
897 717 1150 776 homines
1180 717 1575 787 admittuntur,
1609 718 1691 774 vel
1718 719 1903 791 parie-

304 821 416 871 tum
452 813 640 887 septis,
688 811 772 869 vel
803 812 1051 869 locorum
1079 812 1385 880 intervallo,
1414 821 1469 870 et
1508 811 1765 886 quaedam
1804 827 1905 869 ve-

302 905 572 964 recundia
588 903 911 963 confusione
943 905 1219 973 celantur;
1245 921 1370 977 qua
1399 906 1446 963 si
1475 910 1665 978 aperta
1694 904 1903 962 visione

299 1000 496 1072 jugiter
518 1000 912 1072 conspicerent,
936 997 1007 1056 ad
1038 1000 1306 1073 majorem
1361 998 1565 1057 furoris
1608 998 1900 1057 incitaren-

303 1104 386 1152 tur
408 1097 701 1165 insaniam,
746 1097 900 1153 nullo
935 1096 1144 1154 scilicet
1182 1097 1581 1155 interveniente
1631 1096 1894 1170 temporis

302 1182 497 1262 puncto
543 1190 751 1264 quotab
792 1191 914 1247 istis
960 1190 1255 1248 sceleribus
1276 1207 1373 1248 eas
1422 1199 1708 1249 cernerent
1745 1189 1895 1247 desi-

297 1290 502 1353 nentes,
528 1283 725 1357 quippe
753 1298 887 1356 quas
910 1283 1057 1349 nulla
1110 1281 1372 1340 lassitudo
1404 1282 1635 1341 carnalis
1658 1299 1752 1343 seu
1796 1294 1894 1339 oc-

303 1375 522 1449 cupatio
571 1375 858 1433 familiaris
884 1375 983 1446 rei,
1035 1375 1339 1434 sollicitudo
1362 1376 1668 1451 quotidiani
1696 1377 1893 1446 victus,

295 1470 753 1543 quemadmodum
779 1485 882 1527 nos
914 1487 946 1527 a
986 1472 1170 1545 captis
1200 1470 1589 1528 intentionibus
1615 1469 1781 1527 etiam
1808 1469 1898 1527 in-

297 1560 583 1622 vitissimos
605 1578 1023 1636 nonnumquam
1064 1579 1278 1621 cessare
1305 1563 1662 1636 compellunt.

858 1667 1103 1723 CAPUT
1135 1665 1302 1722 XIII.

301 1761 445 1833 Quod
467 1764 928 1835 impugnationem
955 1778 1121 1835 quam
1148 1778 1276 1832 erga
1297 1762 1537 1817 homines
1572 1759 1895 1832 impendunt

474 1836 677 1905 angeli,
726 1836 891 1890 etiam
923 1834 1209 1890 aduersum
1244 1848 1301 1889 se
1326 1837 1701 1889 commoueant.

363 1937 477 1995 Has
499 1951 743 2009 namque
769 1934 1235 2007 impugnationes,
1266 1934 1464 2007 quibus
1496 1933 1747 1990 homines
1782 1932 1894 1988 im-

2006 531 2278 590 tissimum
2301 542 2403 590 est.
2426 536 2570 591 Nam
2599 534 2895 594 discordias
2913 545 3075 610 atque
3101 539 3393 600 conflictus
3436 559 3604 617 super

2006 632 2287 689 nonnullis
2312 633 2563 706 gentibus
2587 651 2688 707 pro
2710 635 2954 709 quadam
2980 637 3082 695 sibi
3116 641 3375 713 nequitiae
3403 659 3601 701 verna-

2008 730 2131 787 cula
2155 729 2524 789 familiaritate
2552 735 2838 806 susceptis,
2882 736 3157 795 indefesso
3188 741 3484 799 certamine
3521 746 3604 801 si-

2009 826 2213 883 militer
2228 843 2475 886 exercere
2502 846 2615 887 non
2639 831 2914 890 desinunt.
2952 834 3113 904 Quod
3140 838 3306 894 etiam
3326 839 3382 895 in
3399 841 3607 900 visione

2006 926 2249 985 Danielis
2267 929 2546 1002 propheta:
2571 928 3021 989 manifestissime
3039 934 3269 1008 legimus
3291 936 3603 1011 ﬁguratum,

2004 1023 2196 1096 angelo
2233 1025 2486 1084 Gabriele
2517 1026 2590 1083 ita
2631 1037 2888 1085 narrante
2927 1051 2940 1086 :
2990 1033 3119 1089 Noli
3158 1035 3368 1098 timere,
3388 1040 3603 1103 Daniel,

1999 1123 2131 1190 quia
2145 1138 2214 1177 ea:
2240 1124 2525 1194 dieprimo
2549 1139 2654 1194 quo
2666 1127 2903 1194 posuisti
2922 1141 3010 1181 cor
3034 1131 3184 1184 tuum
3209 1132 3284 1185 ad
3299 1134 3609 1204 intelligen-

1998 1215 2146 1281 dum,
2176 1223 2239 1274 ut
2282 1224 2333 1275 te
2384 1222 2655 1290 afﬂigeres
2688 1222 2746 1275 in
2772 1226 3050 1291 conspectu
3087 1227 3190 1280 Dei
3208 1227 3309 1288 tui,
3341 1231 3606 1286 exaudita

1998 1318 2125 1369 sunt
2148 1316 2308 1373 verba
2332 1320 2450 1381 tua,
2471 1321 2523 1373 et
2544 1332 2637 1387 ego
2646 1318 3266 1390 ueniproptersennones
3277 1324 3414 1377 tuos.
3444 1328 3604 1380 Prin-

2002 1433 2121 1488 ceps
2142 1422 2324 1474 autem
2345 1421 2500 1489 regni
2519 1422 2806 1477 Persarum
2827 1424 3029 1478 restitit
3051 1423 3189 1478 mihi
3204 1426 3406 1493 viginti
3423 1429 3476 1483 et
3495 1444 3604 1484 uno

2007 1520 2215 1585 diebus,
2226 1526 2277 1577 et
2288 1537 2401 1578 ecce
2411 1523 2787 1581 Michaetunus
2806 1524 2871 1580 de
2879 1526 3222 1597 principibus
3236 1530 3438 1598 primis
3456 1533 3603 1586 venit

1997 1624 2061 1678 in
2085 1622 2427 1693 adiutorium
2451 1640 2650 1694 meum,
2668 1628 3085 1696 etegoremansi
3108 1628 3189 1682 ibi
3209 1628 3382 1698 juxta
3410 1647 3588 1701 regem

2000 1727 2310 1782 Persarum.
2340 1728 2482 1783 Veni
2497 1732 2679 1782 autem
2698 1732 2762 1782 ut
2776 1727 3009 1783 decerem
3026 1733 3077 1784 te
3092 1745 3212 1799 qua
3222 1735 3447 1786 uentura
3473 1739 3604 1789 sunt

1924 1848 1975 1913 Β
2001 1828 2207 1899 populo
2231 1831 2325 1884 tuo
2350 1830 2409 1884 in
2427 1830 2731 1887 novissimis
2749 1830 2938 1886 diebus
2978 1829 3210 1902 (Daniel.
3241 1832 3324 1904 x).
3354 1840 3380 1867 ι
3416 1833 3599 1904 Quem

2002 1928 2305 2005 principem
2330 1932 2485 2005 regni
2530 1935 2828 1990 Persarum
2867 1932 3239 1992 adversariam
3276 1944 3605 2009 potestatem

1395 2067 1652 2123 ALARDI
1686 2066 1915 2123 GAZAEI
1952 2064 2510 2123 COMMENTARIUS.

340 2182 389 2219 ἰ
419 2184 593 2255 Vetus
612 2191 668 2239 et
692 2182 921 2255 vulgata
954 2181 1183 2254 quaestio
1213 2180 1299 2255 est
1320 2180 1390 2255 de
1422 2181 1665 2255 principe
1688 2185 1887 2255 Persa-

290 2270 445 2327 rum,
463 2254 555 2327 qui
574 2253 716 2327 apud
738 2249 1016 2327 Danielem
1028 2268 1155 2327 cap:
1178 2269 1231 2327 x_
1251 2249 1453 2309 dicitur
1480 2249 1751 2327 restitisse
1774 2254 1889 2327 (ia:

288 2322 447 2382 brieli
477 2322 808 2397 arcliangelo
856 2338 1080 2397 causam
1091 2322 1459 2397 __Juda:orumn
1475 2325 1673 2396 agenti,
1704 2323 1888 2396 viginti

288 2404 343 2453 et
358 2410 472 2467 uno
485 2395 715 2467 diebus,
741 2395 976 2467 fueritne
1000 2395 1087 2467 ille
1106 2395 1288 2467 bonus
1310 2395 1537 2467 angelus
1576 2411 1646 2467 an
1683 2395 1792 2450 mal
1802 2411 1885 2462 iis,

289 2475 344 2525 et
370 2464 507 2550 quid
532 2465 899 2550 contentionis
926 2482 990 2522 ac
1027 2464 1236 2550 dissidii
1257 2463 1410 2550 inter
1617 2464 1885 2550 interces-

289 2535 441 2610 serit.
463 2537 642 2610 Quam
672 2537 1385 2610 quaestionemzaccurateqet
1426 2535 1642 2607 capiose
1678 2543 1887 2610 tracta-

289 2609 366 2666 vit
387 2606 714 2665 Benedictus
754 2607 1003 2665 Pererius
1031 2607 1122 2665 lib.
1155 2621 1250 2664 xu
1287 2606 1655 2663 Comméntar.
1684 2606 1742 2662 in
1767 2610 1887 2663 Da-

290 2678 510 2751 nielem,
541 2695 715 2751 quem,
746 2677 974 2751 proinde
1000 2678 1188 2734 lectori
1236 2677 1449 2751 plenius
1498 2677 1568 2733 de
1613 2676 1889 2751 hac_difli-

289 2745 505 2807 cultate
530 2745 928 2807 consule-udum
989 2764 1192 2805 moneo
1226 2745 1257 2803 τ’
1292 2748 1430 2804 mihi
1473 2763 1603 2803 vero
1639 2745 1891 2804 sufﬁcere

292 2820 465 2893 visum
511 2829 595 2878 est
614 2822 832 2893 aliquot
872 2820 1253 2893 annotatipnes
1277 2819 1606 2893 summarias
1628 2817 1700 2875 ad
1725 2817 1892 2893 lianc

285 2891 469 2949 locum
505 2887 885 2964 explicandum
913 2890 1021 2964 huc
1063 2889 1278 2948 afferre.
1305 2896 1365 2946 1°
1398 2891 1688 2964 :angelum
1715 2887 1886 2964 fuisse

291 2960 661 3034 memoratum
682 2962 986 3034 principem
998 2963 1309 3029 Persarum,
1327 2975 1440 3017 non
1460 2960 1764 3034 hominem,
1782 2960 1885 3034 Pa-

286 3040 400 3092 tres
427 3033 541 3092 fere
561 3030 933 3099 consentiunt,
971 3041 1026 3089 et
1051 3047 1207 3089 sacer
1242 3040 1529 3089 contextus
1572 3031 1707 3088 satis
1734 3030 1878 3087 indi-

289 3112 418 3175 cat:
460 3105 557 3162 sed
577 3104 666 3160 hic
704 3104 1084 3175 quaerituruan
1111 3103 1485 3175 fueritgbonus
1527 3103 1882 3175 angelus,‘_an

283 3174 510 3246 damon
552 3171 745 3246 aliquis
781 3174 848 3231 de
889 3173 1077 3232 ordine
1133 3173 1555 3246 principatuum,
1603 3171 1696 3229 'vel
1721 3171 1876 3246 alio.

286 3242 484 3327 Fuisse
510 3241 989 3327 malumnangelum
1012 3261 1106 3302 seu
1120 3241 1568 3327 éacodamqnem
1592 3241 1765 3327 sepsit
1792 3241 1883 3297 hic

280 3320 520 3385 Auctor,
562 3331 657 3372 seu
694 3313 998 3384 Cassianus,
1024 3330 1121 3373 seu
1157 3315 1337 3387 potius
1388 3313 1558 3387 abbas
1622 3315 1880 3387 Serenus,

278 3388 367 3460 cui
393 3382 515 3444 hac
540 3387 753 3460 collatio
794 3395 848 3443 et
884 3382 1183 3460 disputatio
1212 3400 1244 3441 a
1268 3383 1527 3460 Cassiano
1572 3382 1879 3460 ascribitur.

2002 2182 2077 2239 ita
2092 2182 2546 2262 ambiguelocum
2571 2182 2725 2262 illum
2757 2182 2997 2239 Danielis
3015 2184 3284 2262 expospit,
3303 2196 3366 2244 ut
3388 2189 3456 2247 de
3475 2192 3594 2262 ejus

2001 2253 2270 2325 sententia
2306 2253 2443 2308 nihil
2488 2254 2620 2309 certi
2660 2263 2909 2311 constare
2943 2253 3124 2325 queat.
3172 2253 3422 2317 Primum
3449 2253 3599 2320 enim

1996 2323 2165 2404 dicit:
2193 2324 2419 2404 Videtur
2441 2326 2682 2404 milii-lite
2698 2327 2948 2404 princeps
2959 2323 3276 2404 Persarum,
3302 2346 3412 2387 esse
3436 2349 3603 2404 (lnge-

1996 2398 2102 2476 lus,
2129 2399 2223 2476 cui
2246 2397 2412 2476 Persis
2445 2398 2646 2476 credita
2683 2401 2779 2476 est.
2809 2396 2920 2452 Ubi
2964 2396 3173 2476 videtur
3191 2396 3599 2476 bonumange-

1995 2466 2112 2522 lum
2137 2466 2442 2543 intelligere
2474 2467 2866 2543 :qpostmodum
2913 2483 3048 2543 vero
3069 2468 3252 2543 subdit
3284 2471 3433 2543 quod
3474 2466 3595 2531 1ἱύ-

2062 2547 2180 2620 rtns
2216 2539 2451 2620 retuli-th:
2476 2540 2577 2620 Isti
2590 2544 2723 2620 sunt
2740 2540 3043 2620 principes,
3063 2539 3130 2593 de
3160 2539 3365 2620 quibus
3392 2548 3596 2602 Paulus

1993 2552 2180 2678 ﬁsus
2216 2552 2405 2594 retulit
2436 2558 2451 2593 :
2476 2552 2572 2594 isn
2595 2552 2723 2592 sunt
2740 2554 3039 2620 principes,
3063 2552 3130 2593 ae
3174 2552 3365 2610 quibus
3392 2552 3596 2602 Paulus

2104 2611 2231 2691 itur
2253 2611 2279 2663 Ι
2309 2609 2637 2691 adCorintlt.
2662 2624 2711 2664 ii
2751 2609 3129 2691 :_Saptentia1n
3157 2611 3429 2691 loquimur
3456 2620 3599 2672 inter

1989 2679 2279 2749 perfectos,
2310 2694 2477 2759 quam
2495 2679 2675 2733 nullus
2689 2682 2997 2759 principum
3018 2681 3180 2750 hujus
3198 2679 3386 2737 sacuti
3406 2702 3598 2753 cogno-

1994 2751 2095 2811 uit,
2116 2758 2221 2805 etc.
2246 2748 2355 2804 Ubi
2387 2748 2740 2824 proculdubig
2769 2764 2966 2824 sermo
2978 2758 3059 2805 est
3096 2750 3164 2805 de
3185 2752 3347 2824 malis
3370 2757 3601 2824 angelis,

1999 2834 2029 2895 ς
2048 2833 2287 2890 quorum
2307 2835 2383 2874 nu
2392 2818 2541 2895 inero
2559 2818 2867 2895 signiﬁcare
2881 2818 3103 2895 videtur
3116 2821 3414 2895 principem
3442 2818 3596 2882 illum

1997 2888 2637 2965 Persailimexstitissef
2671 2892 2838 2946 Porro
2876 2888 3240 2965 _objectiones
3280 2888 3596 2965 nonnullas,

1991 2967 2085 3015 aut
2107 2957 2486 3025 difﬁcultates,
2512 2976 2638 3033 qua}
2664 2970 2859 3033 contra
2876 2957 3017 3018 banc
3043 2963 3361 3033 opinionem
3392 2957 3598 3024 moveri

1989 3039 2236 3156 possent,
2284 3030 2561 3102 Rupertus
2609 3030 2723 3103 ipse
2751 3032 2917 3087 etiam
2957 3030 3231 3116 proponit,
3268 3044 3323 3091 et
3350 3037 3513 3093 solvit
3539 3039 3596 3097 in

2028 3118 2134 3156 unc
2154 3101 2415 3156 modum:
2455 3102 2602 3156 Unde
2629 3104 2773 3156 malo
2794 3103 2984 3156 anaelo
3004 3110 3176 3156 virtus
3197 3110 3596 3156 nunnandiad.

2028 3118 2134 3159 unc
2154 3101 2415 3159 modum}
2455 3102 2602 3159 Unde
2629 3101 2773 3158 malo
2794 3103 2984 3171 angelo
3004 3101 3176 3160 virtus
3193 3101 3490 3175 pugnandi
3502 3111 3599 3165 ad-

1986 3186 2171 3251 uersus
2190 3175 2387 3251 bonum
2407 3179 2570 3251 atque
2584 3174 2907 3251 resistendi?
2924 3177 3013 3251 Ea
3037 3174 3309 3251 hominum
3334 3181 3418 3234 uel
3432 3196 3599 3251 pepu-

1991 3244 2164 3324 lorum
2181 3247 2432 3324 peccatis.
2464 3246 2566 3324 Ubi
2582 3247 2648 3324 fit
2662 3248 2766 3324 ista
2781 3260 2968 3324 pugna
2982 3248 3124 3324 inter
3153 3248 3385 3324 bonoset
3412 3244 3597 3320 incitos

1990 3316 2240 3393 angelos?
2263 3319 2325 3371 In
2343 3316 2881 3393 campojustitiaiin
2919 3318 3163 3393 conflictu
3191 3316 3427 3393 iudicii,
3480 3325 3597 3393 ipso

1990 3390 2279 3454 spectatore
2309 3401 2372 3438 ac
2394 3385 2578 3454 judice
2616 3390 2742 3441 Deo.
2774 3386 2878 3440 Sed
2906 3388 3167 3454 quomodo
3195 3385 3334 3442 boni
3368 3385 3418 3445 et
3463 3385 3600 3447 mali

280 3458 469 3588 εἴδω
506 3459 832 3542 sententiam
866 3454 1031 3540 etiam
1075 3465 1299 3539 secutus
1348 3454 1558 3536 videtur
1602 3457 1883 3537 Itnpertus
1921 3489 1968 3553 ϐ
1992 3456 2433 3526 angelipugnant
2449 3458 2590 3508 inter
2623 3458 2714 3509 se?
2738 3456 2915 3511 Malus
2933 3462 3143 3525 pugnat
3166 3462 3482 3528 accusando,
3508 3464 3599 3517 bo-

350 3529 450 3588 bas
477 3531 770 3586 TuitienSis
801 3545 856 3586 in
886 3530 981 3585 lib.
1016 3544 1084 3585 ix
1107 3527 1174 3584 de
1202 3529 1447 3583 Victoria
1472 3525 1635 3582 Verbi
1667 3534 1741 3581 ita
1764 3539 1888 3582 scri-
1996 3542 2096 3580 nus
2121 3526 2473 3588 defendendo.
2505 3528 2567 3581 In
2585 3530 2847 3588 quantum
2865 3531 2943 3581 est
2955 3543 3150 3588 magna
3170 3532 3222 3583 et
3242 3545 3371 3585 vera
3390 3547 3599 3588 accusa-

350 3529 450 3588 bas
477 3529 770 3586 Tuitiensis
801 3529 856 3586 in
886 3530 981 3585 lib.
1016 3544 1084 3585 ix
1107 3527 1174 3584 de
1202 3526 1447 3583 Victoria
1472 3525 1635 3582 Verbi
1667 3526 1741 3581 ita
1764 3525 1888 3582 scri-

280 3599 415 3659 bens
444 3619 457 3656 :
484 3603 763 3672 Principes
792 3603 922 3656 istos
944 3604 1232 3657 Persarum
1272 3603 1323 3654 et
1345 3599 1674 3665 Gracorum,
1701 3598 1888 3672 quales

282 3673 415 3741 sint,
446 3688 587 3728 unus
609 3669 1003 3729 de'doctoribus
1024 3672 1242 3727 eximiis
1268 3674 1337 3729 D.
1360 3671 1719 3741 Hieronymus
1762 3669 1885 3723 bre-

281 3744 420 3814 uiter
436 3747 617 3798 innuit
638 3746 770 3799 :Isti
787 3747 934 3807 sunt,
950 3742 1150 3814 inquit,
1166 3744 1443 3813 principes
1461 3742 1528 3797 de
1538 3741 1733 3812 quibus
1748 3743 1885 3796 Pau-

282 3813 589 3885 lusscripsit
606 3833 621 3868 :
635 3816 974 3885 Sapientiam
985 3813 1257 3882 loquimur
1267 3816 1410 3868 inter
1418 3815 1703 3881 perfectos,
1721 3827 1886 3881 quam

279 3885 465 3942 nullus
475 3883 786 3956 principum
807 3883 970 3952 hujus
981 3885 1420 3956 saculicognouit
1433 3901 1447 3947 ;
1460 3884 1512 3956 si
1533 3885 1675 3956 enim
1697 3897 1889 3956 cogno-

277 3952 504 4023 uissent,
521 3952 824 4023 numquam
836 3954 1117 4023 Dominum
1127 3953 1317 4019 gloria
1326 3953 1711 4023 cruciﬁnissent
1724 3952 1745 4013 (
1755 3957 1776 4004 ι
1792 3953 1890 4006 Cor

276 4030 374 4099 ῃ).
398 4018 644 4099 Profecto
664 4018 775 4099 'etsi
786 4022 951 4099 liujus
961 4018 1496 4099 doctorisguctoritas
1515 4018 1890 4099 deesset,pru.-

277 4086 417 4151 deus
437 4086 630 4160 tamen
658 4086 879 4144 auditor
888 4091 1161 4160 principes
1178 4087 1301 4142 illos
1323 4086 1717 4160 angelos_malos
1740 4086 1894 4143 intel-

279 4157 457 4232 ligere
468 4177 580 4216 non
603 4157 909 4232 dubitaret;
926 4157 1123 4215 scilicet
1160 4160 1344 4214 contra
1369 4172 1508 4232 quos
1527 4157 1673 4212 bonis
1683 4160 1894 4232 princi-

269 4229 449 4306 pibus
478 4231 851 4306 praliandum
897 4235 1033 4306 erat,
1064 4233 1164 4306 qui
1185 4229 1619 4306 contradicebant
1647 4229 1893 4306 precibus

274 4300 593 4361 sanctorum
612 4303 884 4357 hominum
904 4307 955 4358 et
970 4300 1231 4373 legationi
1232 4305 1535 4355 sanctorum
1551 4300 1885 4368 angelorum.

272 4375 576 4447 Siquidem
588 4371 1034 4447 mundipiinceps
1051 4371 1296 4447 diabolus
1312 4386 1346 4447 a
1366 4373 1589 4447 Domino
1599 4374 1775 4447 dictus
1785 4377 1884 4447 est,

274 4444 401 4503 cum
426 4446 494 4501 de
525 4450 632 4501 toto
648 4448 863 4508 constet,
889 4445 954 4500 de
961 4446 1212 4515 partibus
1242 4446 1363 4515 quis
1387 4444 1708 4500 dubitet?Si
1720 4446 1884 4499 totius

267 4520 530 4588 princeps
550 4517 746 4599 mundi
761 4516 1021 4580 diabolus,
1047 4531 1217 4572 nonne
1238 4520 1612 4585 consequenter
1631 4516 1884 4585 partium

272 4588 494 4652 mundi,
522 4588 719 4643 scilicet
755 4590 1040 4643 Persarum
1063 4593 1227 4658 atque
1268 4587 1568 4658 (Siracorum
1607 4588 1883 4656 principes

271 4661 439 4716 mala
458 4662 748 4730 potestates
788 4659 983 4728 majori
1014 4657 1252 4730 principi
1276 4657 1495 4730 diaboqu
1512 4658 1881 4730 ministrantes

273 4736 418 4787 recte
439 4727 821 4799 intelliguntur
835 4727 987 4784 ?non
1010 4730 1150 4783 enim
1175 4729 1348 4782 Persa
1378 4732 1427 4782 et
1445 4727 1630 4799 ‘Graci
1645 4730 1747 4782 Dei
1770 4729 1884 4782 cul-

273 4806 420 4858 tores
450 4796 636 4869 erant,
655 4800 747 4855 sed
764 4802 953 4870 potius
980 4803 1411 4870 creaturaquam
1427 4796 1661 4853 Creatori
1674 4800 1880 4870 servie-

276 4814 420 4858 tores
450 4814 628 4869 erant,
655 4814 747 4855 sea
764 4814 953 4870 portus
980 4814 1282 4922 creaturaq

276 4871 442 4939 bant,
486 4888 581 4927 nec
602 4875 792 4934 Deum,
823 4871 918 4927 sed
956 4886 1058 4941 pro
1098 4872 1204 4925 Deo
1228 4940 1253 4941 η

270 4943 459 4998 Persa
479 4943 719 5013 quidem,
740 4943 900 4997 solem
924 4958 1080 5011 quem
1098 4942 1218 5010 Apo

270 5017 466 5069 autem
482 5011 583 5070 sub
598 5016 811 5069 nomine
827 5013 911 5067 uel
929 5014 1147 5068 obtentu
1158 5012 1433 5081 sapientia
1443 5024 1554 5063 sua
1563 5011 1857 5066 Minervam
1864 5028 1883 5078 ;

266 5085 507 5156 aliaque
530 5090 707 5155 gentes
730 5085 959 5139 aliorum
983 5084 1285 5156 damonum
1304 5085 1555 5152 portenta
1572 5100 1594 5147 ;
1613 5094 1741 5148 gens
1760 5097 1888 5156 una-

264 5153 506 5227 quaque
532 5153 691 5212 suum
716 5171 837 5226 pra
866 5157 1069 5210 cateris
1104 5153 1453 5227 singularem,
1499 5165 1676 5227 omnes
1704 5155 1884 5208 autem

259 5222 673 5292 universaliter,
699 5222 799 5282 sub
816 5228 1029 5281 nomine
1055 5222 1214 5287 Iovis,
1242 5225 1537 5294 principem
1555 5222 1876 5294 damonum,

254 5301 579 5370 principem
592 5316 641 5352 m
650 5299 783 5353 undi
792 5298 1067 5353 diabolum
1078 5292 1331 5370 colebant,
1345 5298 1395 5349 et
1406 5292 1886 5370 hujusmodirnalis

263 5366 560 5439 mariti—bus
576 5384 751 5425 coram
775 5371 1076 5424 simulacris
1090 5369 1203 5422 suis
1223 5382 1280 5422 se
1296 5366 1717 5438 prasternebant.
1735 5367 1885 5434 Ergo

265 5453 510 5508 quorum
526 5441 611 5495 dii
628 5442 876 5509 fuerunt,
889 5442 1055 5495 multo
1072 5440 1246 5508 magis
1258 5440 1528 5509 principes
1548 5453 1727 5493 eorum
1746 5442 1883 5492 recte

264 5514 405 5567 sunt
441 5512 725 5583 appellati.
754 5514 826 5567 Et
854 5512 977 5567 boni
998 5525 1200 5581 semper
1222 5512 1493 5583 principes
1518 5511 1629 5566 sibi
1662 5509 1882 5583 quidem

260 5580 646 5649 consentiunt;
670 5585 809 5639 mali
825 5589 1002 5638 autem
1030 5588 1081 5639 et
1101 5580 1313 5651 semper
1347 5581 1516 5643 bonis,
1548 5580 1729 5650 quoad
1749 5595 1881 5649 pos-

257 5659 424 5724 sunt,
447 5657 731 5722 resistunt,
745 5660 796 5710 et
808 5654 1018 5709 sibimet
1031 5669 1235 5724 semper
1245 5654 1590 5719 dissentiunt,
1602 5656 1652 5706 et
1669 5665 1882 5721 semper

433 5741 519 5783 eos
529 5731 653 5806 sunt
660 5726 1020 5806 jungianuia
1034 5723 1254 5796 superbi
1262 5724 1560 5806 sunt._Hac
1580 5724 1879 5805 Rupertus,

258 5793 438 5876 initio
477 5792 705 5870 quidem
736 5792 805 5853 15.
853 5792 1255 5876 Hieronymum
1277 5795 1577 5876 veluLsnin
1607 5792 1880 5864 opinionis

256 5865 449 5926 uitans
475 5864 761 5926 ductorem
771 5876 825 5926 et
847 5864 1163 5941 patronum.
1183 5867 1390 5923 Verum
1409 5867 1485 5922 D.
1506 5864 1880 5936 Hieronymus

1222 4940 1401 4994 llinem
1420 4939 1697 5004 dicebant;
1715 4940 1889 4996 Graci
1994 4945 2185 5004 erant;
2215 4945 2398 4994 contra
2422 4937 2544 4992 uero
2572 4939 2877 4992 minuendis
2911 4937 3058 4991 bonis

1996 3542 2096 3580 nus
2121 3526 2473 3593 defendendo.
2505 3528 2567 3581 In
2585 3530 2847 3595 quantum
2865 3531 2943 3581 est
2955 3543 3150 3595 magna
3170 3532 3222 3583 et
3242 3545 3371 3585 uera
3390 3526 3599 3588 accusa-

1996 3599 2072 3672 tio
2095 3599 2230 3672 mali
2243 3598 2441 3672 angeli,
2458 3599 2514 3650 in
2529 3601 2744 3652 tantum
2760 3601 2838 3672 est
2858 3597 3020 3672 tarda
3034 3601 3085 3652 et
3100 3600 3343 3655 invalida
3353 3602 3599 3672 defensio

1997 3669 2138 3747 boni.
2154 3670 2410 3747 Exanpli
2434 3669 2860 3747 causa,langelus
2880 3670 3076 3747 malus,
3098 3673 3195 3740 qui
3223 3669 3595 3747 aderat'regno

1990 3741 2363 3810 Assyriorum,
2380 3756 2483 3810 quo
2502 3739 2676 3795 ducta
2692 3746 2820 3795 sunt
2835 3741 2894 3795 in
2917 3739 3279 3810 captivitatem
3307 3745 3480 3801 decem
3492 3739 3598 3802 Vtri-

1998 3811 2091 3866 bus
2119 3812 2307 3885 Israel,
2334 3811 2788 3885 ualidissimeqeas‘
2802 3813 3114 3885 accusabat,
3131 3814 3276 3880 quod
3301 3831 3595 3885 numquam

1994 3883 2330 3937 recessissent
2353 3898 2386 3936 a
2400 3884 2635 3952 peccatis
2649 3882 2942 3952 Jeroboam,
2969 3882 3114 3951 quod
3134 3898 3280 3950 reges
3302 3882 3477 3939 omnes
3497 3902 3602 3940 sce-

1998 3952 2188 4006 leratos
2206 3957 2257 4006 et
2276 3951 2468 4021 impios
2484 3952 2816 4014 habuissent,
2832 3951 3061 4022 denique
3077 3953 3220 4020 quod
3241 3956 3600 4022 pertinaciter

1998 4023 2500 4088 etincorrigibiliter
2518 4026 2843 4091 peccassent.
2907 4026 2979 4079 Et
3025 4024 3157 4091 quia
3184 4024 3294 4078 hac
3330 4028 3599 4080 accusatio

1998 4092 2318 4163 gravissima
2341 4097 2476 4163 erat,
2502 4097 2785 4163 propterea
2818 4094 3082 4163 inefﬁcax
3109 4095 3221 4158 fuit
3250 4095 3402 4163 apud
3429 4099 3598 4151 Deum

1998 4160 2242 4226 defensio
2254 4160 2375 4213 boni
2397 4161 2578 4227 angeli
2593 4162 2689 4229 qui
2698 4177 2883 4214 curam
2895 4162 3112 4228 gerebat
3123 4160 3345 4218 illarum
3361 4167 3598 4223 tribuum

2000 4231 2339 4300 Quapropter
2360 4246 2657 4299 numquam
2684 4231 2792 4284 illa
2816 4231 2984 4285 tribus
3004 4234 3317 4300 captivitate
3328 4241 3455 4291 sunt
3470 4237 3600 4293 libe-

1996 4306 2151 4356 rata.
2182 4301 2449 4373 Similiter
2494 4301 2671 4356 malus
2700 4302 2943 4370 angelus,
2971 4304 3071 4373 qui
3098 4304 3293 4359 aderat
3310 4308 3507 4371 Persis,
3545 4314 3598 4365 et

1994 4376 2214 4427 uocatur
2234 4372 2317 4427 hic
2342 4398 2347 4404 ι
2384 4375 2498 4426 rinc
2565 4387 2589 4426 s
2604 4376 2759 4443 regni
2774 4372 3083 4438 Persarum,
3108 4376 3438 4434 vehementer
3455 4381 3594 4435 obsi-

1994 4444 2166 4498 stebat
2176 4459 2241 4498 ne
2254 4388 2425 4498 mins
2440 4388 2583 4498 13a
2598 4446 2911 4498 captivitate
2928 4445 3263 4498 liberaretur-
3289 4452 3394 4498 Hoc
3414 4458 3593 4498 (uitam

1993 4444 2166 4500 stebat
2176 4459 2241 4498 ne
2254 4444 2425 4499 tribus
2440 4444 2583 4499 Juda
2598 4446 2911 4514 captivitate
2928 4445 3263 4503 liberaretur.
3282 4452 3394 4507 Hoc
3414 4458 3593 4508 autem

1991 4514 2234 4590 [aciebqt
2278 4521 2510 4590 quatuor
2550 4517 2744 4590 modis.
2770 4519 3011 4572 Primum
3055 4520 3370 4590 instigando
3407 4530 3459 4580 et
3502 4528 3591 4579 in-

1991 4585 2231 4673 ducenda
2261 4588 2470 4673 ,ludaos
2491 4586 2907 4673 adgravissima
2921 4585 3259 4673 scelera,_quo
3273 4595 3589 4673 liberatione

1989 4661 2241 4730 eacaptiv
2249 4662 2379 4716 itate
2391 4658 2543 4731 apud
2560 4663 2724 4716 Deum
2745 4662 3081 4729 indigniores
3094 4658 3460 4731 efficerentur;
3474 4672 3592 4718 tum

1988 4728 2347 4801 dissuadendo
2368 4732 2567 4787 Judais
2588 4733 2822 4786 reditum
2847 4735 2904 4786 in
2916 4734 3176 4801 patriam,
3195 4735 3593 4799 eaaggerandis

1990 4800 2134 4855 bonis
2154 4817 2274 4869 qua
2300 4805 2359 4855 in
2384 4804 2696 4870 captivitate
2723 4806 2861 4855 certe
2878 4801 3248 4869 possidebant,
3283 4805 3333 4854 et
3355 4804 3590 4870 ampliﬁ-

1283 4870 1565 4941 amonium
1612 4867 1882 4941 colebant;
1912 4870 1965 4933 D
1992 4867 2180 4925 caudis
2194 4872 2350 4933 malis
2363 4867 2524 4939 atque
2537 4867 3011 4941 incommodisqua
3025 4870 3085 4941 in
3098 4867 3596 4941 redituperpessuri

3093 4955 3211 5007 qua
3239 4942 3298 4995 in
3334 4943 3512 4999 reditu
3530 4949 3589 5001 in

1986 5012 2232 5081 patriam
2249 5013 2747 5081 sperarepoterant.
2774 5008 2866 5064 Ad
2890 5008 3016 5071 hac,
3044 5010 3328 5068 alieruindo
3346 5018 3589 5073 animum

1994 5082 2125 5149 Cyri
2146 5081 2287 5148 regis
2313 5095 2348 5132 a
2373 5080 2597 5141 Judais,
2634 5084 2696 5133 ut
2746 5083 2969 5134 reversis
3000 5082 3059 5136 in
3095 5084 3337 5139 Judaam
3375 5090 3590 5144 minime

1992 5153 2224 5219 faveret,
2242 5155 2293 5205 et
2306 5164 2399 5205 eos
2426 5153 2523 5220 qui
2538 5152 2691 5220 apud
2705 5154 2879 5221 ipsum
2891 5160 3255 5209 remanserant
3273 5158 3419 5210 nullo
3434 5160 3589 5214 modo

1992 5223 2305 5296 dimitteret.
2324 5223 2554 5277 suadens
2565 5222 2625 5296 id
2633 5223 2953 5296 majoremin
2970 5224 3185 5280 modum
3205 5227 3582 5296 incolumitati,

1992 5295 2277 5374 tranquilli
2280 5300 2333 5374 ta
2340 5296 2384 5349 ti
2391 5337 2403 5355 .
2416 5295 2741 5374 securitatiet
2751 5294 3106 5374 diuturnitati
3112 5299 3330 5374 imperii
3339 5302 3427 5354 sui
3438 5294 3591 5374 cape-

1989 5364 2143 5422 dire.’
2161 5368 2426 5422 Praterea
2454 5367 2827 5435 gratissimam
2846 5382 3022 5422 coram
3048 5372 3154 5425 Deo
3172 5364 3475 5427 Judaorum
3501 5364 3590 5431 ac-

1990 5441 2309 5493 cusationem
2330 5437 2618 5514 afferebat,
2639 5452 2908 5514 apponens
2936 5456 3115 5514 eorum
3133 5443 3347 5514 scelera,
3365 5451 3589 5514 propter

1991 5524 2130 5579 qua,
2149 5510 2435 5564 secundum
2452 5510 2614 5577 legem
2640 5507 3095 5579 dieinajustitia,
3117 5513 3266 5566 nullo
3292 5507 3445 5567 mo—do
3464 5507 3589 5571 libe-

1988 5582 2107 5634 rari
2120 5581 2388 5637 deberent.
2416 5584 2541 5637 Hac
2562 5581 2651 5634 ille
2671 5581 2846 5634 nullus
2870 5583 3089 5650 angelus
3108 5584 3359 5639 adversus
3385 5585 3589 5643 tribum

1987 5652 2148 5706 Juda.
2184 5654 2346 5721 Cujus
2371 5654 2637 5707 accusatio
2652 5652 2764 5718 fuit
2778 5652 2875 5705 illa
2897 5653 3113 5721 quidem
3140 5656 3344 5723 gravis,
3372 5657 3464 5710 sed
3482 5675 3589 5714 non

1990 5728 2099 5777 tam
2119 5725 2335 5794 efficax,
2353 5728 2416 5778 ut
2436 5724 2693 5778 adversus
2713 5722 2890 5777 tribus
2915 5725 3098 5779 Israel.
3116 5722 3350 5780 Peccavit
3368 5729 3587 5794 quidem

1989 5795 2151 5849 etiam
2170 5796 2287 5858 illa,
2324 5794 2417 5850 sed
2438 5810 2540 5850 non
2554 5797 3056 5866 tampertinaciter:
3079 5797 3267 5849 habuit
3287 5799 3426 5866 enim
3448 5796 3588 5845 mul-

1988 5867 2069 5921 tos
2093 5880 2263 5935 reges,
2285 5867 2383 5934 qui
2406 5868 2488 5922 uel
2509 5865 2889 5938 panitentiam
2917 5871 3153 5935 egerunt,
3184 5870 3245 5918 ut
3272 5865 3397 5917 Man
3408 5874 3587 5919 asses;
