4024 6208
426 294 536 351 743
1515 279 1797 339 JOANNIS
1833 279 2048 363 CASS”

2173 274 2659 357 COLLATIONES.
2794 326 2798 331 .
2878 346 2881 349 η
3641 271 3773 328 74s

429 434 569 489 esse,
600 431 722 491 qua:
751 413 970 475 favebat
986 412 1137 487 genti
1160 413 1478 475 Persarum,
1520 403 1809 462 inimicam
1831 403 2033 477 populo
2060 405 2114 470 Α
2142 400 2287 460 diem
2304 399 2584 475 pervenire
2604 396 2840 454 fecisset.
2875 396 2944 452 Et
2962 401 3085 468 post
3108 407 3285 467 pauca
3308 393 3416 491 :Et
3439 396 3570 491 ait:
3572 392 3762 466 inquit

435 486 562 583 Dei,
597 486 824 571 minime
861 486 1220 567 dubitandum
1246 511 1363 571 est;
1395 501 1596 574 quique
1618 497 1693 556 ad
1730 496 2048 579 impedienf
2142 497 2364 571 angelus
2395 513 2410 550 :
2441 492 2720 563 Numquid
2746 493 2847 547 scis
2866 505 3035 562 quare
3055 491 3289 545 venerim
3315 486 3394 541 ad
3421 491 3511 544 te?
3523 487 3595 542 Et
3610 504 3764 544 nunc

431 611 562 668 dam
576 608 863 665 utilitatem
884 617 1046 675 quam
1070 598 1289 655 videbat
1312 599 1337 629 ³
1360 611 1454 668 per
1482 592 1884 652 absolutionem
1897 608 2023 669 qum
2147 594 2410 657 revertar,
2447 592 2511 643 ut
2536 587 2759 658 prwlier
2799 585 3052 640 adversus
3086 584 3397 653 principem
3437 584 3762 638 Persarum.

430 703 620 760 stionis
652 716 748 771 pro
789 680 895 768 qua
924 693 1194 766 prapheta
1238 687 1547 745 Dominum
1594 697 1916 745 exoraverat
1971 689 2040 746 ab
2147 684 2278 741 Cum
2298 683 2440 739 enim
2454 680 2855 751 egoegrederer,
2895 677 3154 771 apparuit
3170 677 3425 745 princeps
3445 677 3761 733 Grecorum

433 769 757 864 archangelo
806 784 1258 851 ministrandam,
1301 783 1496 840 lubens
1533 783 1912 855 semetipsum,
1969 799 2042 840 ne
2145 779 2392 833 veniens:
2414 778 2779 830 verumtamen
2802 769 3132 828 annuntiabo
3156 770 3758 864 tibiquodearpressum

435 884 587 942 ocius
613 863 683 938 ad
706 879 989 937 Danielem
1019 877 1271 934 salutaris
1301 877 1478 952 angeli
1504 875 1819 934 consolatio
1850 892 2042 949 perve-
2148 873 2224 925 cst
2240 871 2297 923 in
2316 870 2596 941 Scriptura
2608 868 2875 927 veritatis.
2906 868 2978 923 Et
2996 879 3150 921 nemo
3173 866 3254 919 est
3276 863 3674 934 adjutorzmeus
3694 866 3761 920 in

434 974 597 1042 niret,
618 972 828 1043 Deique
868 968 1128 1043 populum
1166 969 1509 1043 (cuiGabriel
1529 968 1891 1042 archangelus
1907 984 2045 1042 pra:-
2148 963 2233 1020 his
2252 963 2498 1019 omnibus
2525 961 2640 1016 nisi
2667 960 2897 1023 Michael
2925 959 3183 1030 princeps
3231 962 3398 1013 vester
3438 957 3646 1031 (Ibid).
3679 960 3763 1014 Et

435 1066 574 1139 erat)
601 1063 962 1135 confortaret,
990 1063 1210 1139 objecit.
1239 1063 1346 1135 Qui
1367 1072 1552 1119 tamen
1579 1061 1675 1131 ait,
1693 1077 1762 1118 ne
1778 1061 2043 1134 tuncqui-
2146 1057 2347 1114 iterum
2378 1058 2481 1113 :In
2509 1060 2740 1133 tempore
2768 1054 2861 1109 illo
2909 1055 3192 1121 consurget
3230 1051 3451 1109 Michael
3481 1054 3751 1123 princeps

435 1158 567 1217 dem
590 1159 664 1216 ob
687 1155 1118 1239 impugnationis
1146 1156 1291 1213 illius
1314 1156 1721 1213 vehementiam
1752 1171 1812 1212 se
1829 1148 1897 1214 ad
1912 1171 2040 1212 eum
2143 1165 2392 1223 mgnus,
2412 1152 2512 1221 qui
2530 1153 2641 1205 stat
2659 1165 2762 1219 pro
2781 1148 2907 1219 ﬁliis
2926 1147 3125 1218 populi
3151 1147 3239 1200 tui
3257 1148 3417 1212 (Dan.
3437 1149 3607 1217 xxx).
3628 1147 3752 1205 Le-

447 1254 729 1328 pervenire
759 1253 1020 1326 potuisse,
1040 1259 1093 1308 et
1120 1250 1219 1307 nisi
1233 1251 1289 1307 in
1312 1249 1648 1322 adiutorium
1675 1248 1783 1306 sibi
1808 1240 2040 1306 Michael
2149 1246 2330 1319 gimus
2361 1260 2492 1320 ergo
2537 1244 2865 1303 Grmcorum
2898 1256 3116 1316 quoque
3143 1240 3452 1314 principem
3503 1242 3756 1300 similiter

438 1347 793 1421 archangelus
806 1345 1135 1415 advenisset,
1184 1353 1239 1401 et
1267 1358 1564 1402 occurrens
1607 1342 1838 1416 principi
1891 1343 2043 1418 regni
2148 1340 2319 1397 alium
2329 1339 2654 1413 nuncupari,
2675 1339 2769 1411 qui
2786 1337 2968 1410 utique
2984 1334 3179 1393 favens
3200 1335 3351 1410 genti
3369 1335 3478 1392 sibi
3488 1335 3757 1408 subditae,

442 1446 756 1506 Persarum,
799 1455 1024 1512 seseque
1061 1439 1347 1495 conflictui
1378 1438 1495 1509 ejus
1523 1435 1849 1493 interserens
1868 1444 1924 1492 et
1942 1452 2043 1508 op-
2148 1441 2264 1491 tam
2281 1435 2482 1509 populo
2504 1433 2692 1490 Israeli
2717 1448 2883 1507 quam
2898 1431 3107 1488 nationi
3138 1433 3434 1488 Persarum
3457 1430 3754 1489 videbatur

439 1553 667 1610 ponens,
696 1548 935 1606 eumque
959 1532 1028 1589 ab
1069 1532 1239 1604 ipsius
1280 1530 1689 1603 impugnatione
1718 1527 2041 1597 defendens,
2149 1527 2442 1617 adversari.
2474 1528 2553 1583 Ex
2573 1543 2685 1599 quo
2707 1512 2915 1598 liquido
2932 1523 3241 1597 pervidetur
3269 1523 3417 1597 quod
3439 1522 3759 1582 discordias

442 1631 511 1687 ad
534 1627 951 1685 instructionem
980 1624 1260 1699 propheta:
1286 1632 1415 1697 post
1441 1623 1769 1696 vigesimum
1792 1630 1850 1678 et
1872 1636 2055 1677 unum
2151 1621 2396 1695 gentium
2424 1629 2480 1677 et
2500 1620 2791 1677 conﬂictus
2815 1629 2981 1693 atque
3006 1617 3314 1677 simultates
3343 1634 3476 1691 quas
3495 1619 3641 1675 inter
3660 1635 3753 1689 se,

1536 1732 1794 1804 suum
1826 1745 2057 1803 cum
2095 1746 2656 1804 COMMENTARIUS.

441 1870 524 1924 vel
544 1870 707 1923 etiam
725 1868 812 1937 pii
832 1876 892 1921 ac
906 1865 1054 1937 justi
1064 1868 1387 1934 fuerunt,ac
1402 1863 1663 1937 populum
1681 1867 2041 1937 correxerunt,
2071 1864 2130 1930 B'
2144 1863 2338 1937 populi
2345 1862 2460 1937 uita
2470 1861 2647 1937 adhuc
2671 1861 3015 1937 'contradicit
3040 1861 3289 1937 :ut'quia
3316 1861 3529 1937 necdum
3554 1862 3616 1915 hi
3634 1862 3752 1937 qui

440 1945 503 1995 ut
517 1931 795 2010 Josaphat,
810 1931 1087 2005 Ezechias,
1109 1942 1161 1992 et
1177 1939 1370 2010 Josins.
1389 1931 1623 2010 Proinde
1659 1938 1744 2010 ait
1776 1936 1996 2010 Gabriel
2019 1953 2035 1987 :
2144 1931 2600 2010 injcaptivitatem
2612 1935 2842 2010 fuerunt
2862 1932 3037 2010 ducti,
3037 1931 3209 2010 plene
3221 1936 3447 2010 purgati
3460 1937 3607 2010 sunt,
3616 1931 3755 2010 jure

440 2006 691 2080 Princeps
710 2013 992 2065 Persarum
1014 2011 1214 2063 restitit
1228 2008 1384 2061 mihi.
1399 2009 1470 2080 Et
1481 2006 1915 2080 subaudiendum
1933 2010 2040 2080 est:

2152 2002 2329 2060 adhuc
2351 2006 2427 2060 eis
2450 2007 2622 2061 Persea
2641 2005 3000 2059 dominentur.
3032 2006 3187 2060 Recte
3224 2002 3350 2071 ergo
3387 2002 3588 2057 dicitur
3606 2002 3761 2072 quid

442 2083 548 2140 Sed
569 2073 677 2135 non
694 2095 1077 2150 usquequaque
1103 2080 1348 2150 resistere
1363 2078 1501 2131 mihi
1514 2079 1713 2147 potuit,
1735 2079 1868 2150 quia
1890 2074 2043 2131 vide-
2153 2080 2339 2150 contra
2354 2088 2409 2131 se
2419 2074 2982 2150 angeliplmiuﬁguia
2992 2074 3356 2150 subjectarum
3380 2073 3491 2150 sibi
3514 2076 3761 2150 gentium

2154 2148 2352 2202 merita
2360 2146 2758 2209 contradicunt.
2774 2145 2915 2204 Nam
2921 2146 3172 2201 sublimes
3186 2147 3415 2216 spiritus
3427 2145 3629 2199 eisdem
3636 2161 3758 2214 gen-

2157 2218 2343 2273 tilibus
2358 2219 2544 2288 princi
2615 2223 2749 2281 ntes,
2769 2231 3105 2287 nequaquam
3114 2232 3215 2286 pro
3234 2215 3445 2286 injusta
3469 2218 3756 2283 agentibus

2155 2287 2451 2344 decertant.
2471 2233 2756 2344 sedxelorum
2772 2289 2920 2344 facta
2930 2287 3184 2344 'rectejud
3189 2288 3386 2341 icantes
3406 2289 3753 2344 examinant:

2223 2293 2451 2352 certant,
2471 2304 2496 2344 s

2154 2375 2378 2429 cumque
2396 2359 2816 2430 uniuscujusque
2840 2361 3010 2430 gentis
3028 2358 3110 2412 vel
3133 2358 3317 2430 culpa,
3334 2358 3420 2412 vel
3427 2357 3651 2426 justitia
3677 2359 3757 2413 ad

2155 2428 2415 2501 supremae
2431 2431 2596 2484 curia:
2612 2428 2892 2486 consilium
2911 2429 3151 2496 ducitur,
3167 2428 3403 2498 ejusdem
3422 2430 3595 2501 gentis
3604 2444 3753 2498 prae-

2150 2500 2362 2571 positus
2385 2502 2470 2556 vel
2499 2502 2790 2558 obtinuisse
2832 2503 2889 2555 in
2909 2502 3192 2555 certamine
3217 2501 3301 2554 vel
3325 2516 3433 2553 non
3458 2500 3753 2556 obtinuisse

2148 2572 2484 2642 perhibetur.
2519 2572 2755 2639 Quorum
2783 2578 2964 2628 tamen
2986 2573 3224 2626 omnium
3262 2586 3373 2642 una
3400 2572 3627 2625 victoria
3654 2575 3771 2639 est,

2156 2641 2247 2697 sui
2257 2656 2419 2713 super
2433 2657 2487 2697 se
2508 2643 2768 2699 Creatoris
2782 2643 3059 2708 voluntas;
3071 2657 3234 2712 quam
3253 2641 3383 2695 dum
3400 2656 3608 2711 semper
3618 2644 3754 2712 aspi-

2156 2715 2324 2778 ciunt,
2346 2714 2489 2782 quod
2503 2714 2734 2770 obtinere
2754 2728 2858 2770 non
2870 2714 3068 2776 valent,
3083 2728 3378 2782 numquam
3396 2714 3606 2766 volunt.
3620 2714 3756 2769 Bene

2155 2786 2329 2852 igitur
2352 2783 2502 2841 dixit
2527 2785 2621 2841 Job
2650 2803 2665 2839 :
2697 2785 2802 2853 Qui
2825 2783 3316 2854 facit,concordiam
3350 2786 3407 2837 in
3427 2784 3753 2839 sublimibus

2157 2855 2290 2939 gob‘.
2324 2856 2485 2939 xxx).
2505 2856 2725 2939 HascD‘.
2744 2854 3048 2939 Gregorius
3076 2897 3089 2939 .
3122 2858 3198 2939 [12.x
3216 2854 3415 2939 quibus
3436 2854 3707 2939 colligifur
3728 2875 3749 2938 ε

2159 2929 2219 2996 tl?
2245 2923 2453 2996 Angeli’
2479 2926 2655 2982 sancti
2696 2935 2827 2982 tunc
2864 2923 3010 2996 inter
3034 2938 3097 2981 se
3129 2923 3392 2981 dissidere
3422 2933 3471 2980 et
3503 2923 3745 2996 prmliari

2158 2993 2441 3068 dicuntur,
2467 3011 2596 3052 cum
2618 2996 2692 3068 de
2722 2995 3008 3053 contrariis
3036 3004 3090 3053 et
3129 2996 3271 3068 inter
3296 3010 3356 3051 se
3384 2993 3746 3068 pugnantibus

2160 3064 2451 3138 hominum
2490 3067 2701 3123 meritis
2744 3068 2986 3125 divinam
3023 3067 3355 3138 Sapientiam
3380 3064 3403 3128 ῑ
3412 3064 3745 3136 consulunt,

2152 3135 2377 3209 ejusque
2404 3137 2685 3194 decretum
2712 3145 3024 3209 exspectant
3042 3135 3199 3193 suam
3222 3137 3497 3209 utrimque
3527 3135 3753 3209 causam

2152 3208 2413 3280 agentes;
2444 3224 2556 3280 non
2581 3209 2729 3280 quod
2749 3208 3026 3280 voluntate
3054 3209 3305 3265 absoluta
3330 3208 3643 3280 discordent
3662 3208 3750 3264 in-

2150 3278 2338 3351 ter‘se,
2381 3278 2476 3351 sed
2504 3278 2629 3351 quia
2677 3280 2778 3336 Dei
2811 3279 3086 3336 voluntate
3110 3287 3169 3351 et
3190 3280 3461 3351 sententia
3500 3279 3750 3337 nondum

2150 3349 2278 3421 ipsis
2303 3349 2667 3423 manifestata,
2702 3351 3031 3423 populorum
3076 3350 3187 3423 sive
3218 3349 3516 3407 hominum
3550 3351 3749 3423 quibus

2149 3420 2395 3491 praesunt
2412 3420 2626 3493 diversa
2647 3420 2843 3493 merita
2871 3420 3238 3493 veldemerita
3264 3431 3547 3493 exponunt
3561 3420 3749 3493 coram

2156 3490 2298 3562 Deo,
2325 3501 2382 3549 et
2405 3490 2646 3550 diversos
2665 3491 2735 3564 ab
2758 3493 2876 3564 ipso
2905 3490 3130 3564 effectus
3147 3490 3447 3561 postulant.
3473 3494 3609 3549 Cum
3638 3492 3751 3562 pri-

2156 3576 2316 3635 mum
2343 3572 2526 3619 autem
2561 3562 2830 3635 patefacta
2851 3563 2986 3635 ipsis
3011 3564 3217 3635 est_Dei
3249 3565 3501 3635 voluntas
3538 3571 3594 3619 et
3617 3577 3746 3618 sen-

2154 3632 2341 3701 tentia,
2375 3632 2578 3706 cessat
2593 3635 2776 3689 omnis
2822 3632 3045 3706 illorum
3087 3632 3377 3706 dissensio,
3420 3647 3749 3706 summaque

2153 3702 2446 3784 concordia
2482 3703 2661 3784 ipsum
2685 3720 2879 3784 omnes
2909 3705 3153 3761 sentiunt
3186 3713 3238 3760 et
3263 3704 3449 3760 volunt
3482 3704 3633 3784 quod

2155 3773 2297 3828 vium
2342 3773 2607 3830 voluntati
2664 3783 3094 3832 consentaneum
3138 3789 3249 3832 esse
3288 3773 3608 3832 agnoscunt.
3632 3777 3747 3830 ‘Ita

2155 3842 2425 3920 Pet-crius,
2467 3852 2523 3902 et
2549 3845 2825 3920 colligitur
2853 3862 2919 3920 ex
2947 3846 3122 3920 verbis
3168 3844 3274 3920 div.
3291 3842 3745 3920 gregoriijmodo

2155 3914 2413 3985 recitatis,
2438 3925 2496 3972 et
2519 3914 2823 3975 accuratius
2852 3917 3157 3975 declaratur
3175 3932 3204 3972 a
3225 3914 3499 3972 S.Tlioma
3527 3914 3746 3986 (ripam,

2155 3992 2372 4069 q._113,
2394 3993 2504 4069 a_rt.
2542 3988 2619 4063 8).
2644 3989 2752 4069 Sic
2781 3988 2946 4063 igitur
2968 3988 3334 4069 illeprinceps
3354 3988 3675 4069 Persarum,
3694 3986 3748 4043 id

2154 4060 2509 4132 est,_angelus
2540 4056 2982 4132 custodiae'regni
3024 4056 3511 4132 illiusdeputatns,
3552 4056 3748 4132 dicitur

2154 4129 2415 4203 restitisse
2428 4131 2661 4203 Gabrieli
2679 4131 2865 4203 viginti
2882 4129 2935 4186 et
2950 4145 3059 4185 uno
3080 4129 3310 4203 diebus:
3336 4131 3460 4203 quia
3473 4144 3619 4203 Acum
3642 4129 3749 4186 Ga-

2154 4197 2289 4273 briel
2304 4209 2420 4258 toto
2436 4202 2541 4259 hoc
2563 4197 2807 4273 tempo're
2825 4216 3011 4273 preces
3029 4201 3274 4273 Danielis
3294 4197 3668 4273 Deoofferret,
3693 4207 3746 4273 et

2152 4270 2475 4345 Iudaeorum
2502 4270 2843 4345 ereptionem
2871 4288 2902 4328 e
2929 4272 3245 4345 captivitate
3271 4271 3625 4345 Babylpnica,
3653 4271 3746 4326 Mi-

2153 4341 2337 4414 chaele
2365 4343 2425 4414 ei
2440 4341 2794 4414 suffragante,
2825 4341 3157 4414 procuraret,
3192 4342 3282 4400 ille
3307 4341 3633 4414 ex'adverso
3659 4357 3748 4413 po-

2155 4412 2269 4487 puli
2321 4412 2538 4487 Judaici
2579 4412 2942 4487 impietatem,
2994 4414 3462 4487 ingratitudinern,
3511 4412 3745 4487 aliasque

2155 4481 2394 4558 rationes
2441 4491 2495 4539 et
2525 4481 2934 4558 impedimenta
2962 4481 3317 4558 proponebat,
3349 4484 3550 4558 quibus
3596 4481 3743 4558 illam

440 2155 570 2231 l_i_c_et_
590 2168 753 2231 causa
765 2146 1295 2231 "vestrm—modusque
1304 2146 1584 2231 peccati-et
1593 2149 1836 2231 principi
1868 2152 2043 2231 vestro

442 2223 709 2283 Michaeli,
737 2222 835 2289 qui
860 2220 1004 2273 solus
1028 2219 1259 2289 adjutor
1276 2228 1422 2272 meus
1451 2222 1549 2289 est,
1581 2217 1642 2289 in
1664 2217 1750 2272 his
1772 2217 2041 2284 amnibus,

444 2294 612 2347 locum
633 2287 770 2358 facit
786 2288 1304 2361 juste'defendendi,
1325 2288 1471 2358 quod
1485 2304 1587 2344 non
1607 2287 1841 2345 debeatis
1856 2305 2046 2361 perpe-

444 2366 538 2418 tua
552 2362 869 2431 captivitate
883 2360 1078 2431 teneri;
1095 2361 1226 2428 quia
1240 2374 1349 2431 non
1364 2363 1420 2413 in
1438 2364 1758 2431 perpetuum
1770 2377 1812 2431 Aa
1823 2363 2046 2416 Domino

443 2429 754 2493 recessistis,
785 2430 1198 2502 etc._Hact_enus
1226 2444 1293 2486 ex
1311 2429 1739 2502 _Rupe_rto,qua:
1767 2429 1893 2487 licet
1914 2446 2045 2502 pro-

445 2502 868 2583 lixipra,_tamen
890 2499 1179 2583 .hnic‘loco
1204 2499 1523 2583 explicando
1558 2499 1672 2583 visa
1695 2509 1823 2583 snnt
1853 2499 2043 2583 neces:

444 2573 606 2639 saria,
638 2568 694 2629 et
718 2572 906 2644 lectori
934 2568 1183 2628 studioso
1222 2568 1449 2644 minime
1500 2572 1709 2644 ingrata
1737 2571 1943 2628 futura.
1989 2577 2050 2628 2°

445 2645 634 2700 Altera
661 2642 966 2711 fsententia,
994 2656 1166 2714 eaque
1207 2643 1381 2715 multo
1426 2642 1901 2715 probabilionest,
1927 2649 2047 2715 tam

484 2716 713 2785 rincipes
731 2718 1024 2772 Persarum
1052 2712 1221 2785 quam
1246 2712 1591 2781 Graecorum,
1617 2713 1710 2785 qui
1740 2712 1887 2770 dicto
1927 2712 2046 2770 loco

502 2732 616 2772 inci
658 2731 713 2771 es
733 2728 1024 2772 Persarum
1052 2729 1221 2785 quam
1246 2728 1591 2781 mancorum,
1656 2729 1710 2768 ut
1740 2728 1887 2770 arcto
1927 2728 2046 2770 loco

502 2733 686 2844 aniefis
713 2790 1083 2857 nominantur,
1102 2784 1280 2841 bonos
1307 2784 1475 2857 fuisse
1497 2728 1737 2856 angélos,
1759 2785 1852 2857 qui
1879 2799 1910 2839 a
1931 2786 2048 2840 Deo

445 2858 553 2915 illis
578 2859 767 2942 gnegnis
787 2867 842 2915 et
887 2856 1135 2942 gentibus
1158 2856 1398 2942 praefecti
1433 2854 2044 2942 inerantretpmpe‘m,

445 2924 796 3000 quzegibi'dem
824 2924 1183 2996 mémoratur',
1210 2928 1352 2983 inter
1381 2924 1516 2982 istos
1550 2925 1839 3048 principes,
1866 2925 2047 3005 etG_a-

448 2997 700 3048 brielem.
733 3015 797 3048 ac
811 2996 1166 3048 Michaelem.
1198 2997 1600 3048 contentionem
1631 3002 1684 3048 et
1742 3002 2047 3048 iscentatto-

448 2996 700 3064 brielem,
733 3015 797 3053 ac
811 2996 1166 3064 Michaelem,
1198 2997 1600 3050 contentionem
1631 3002 1684 3064 et
1703 2996 2048 3064 disceptatio-

402 3082 407 3087 '
447 3082 599 3131 nem,
628 3062 741 3144 non
767 3066 874 3119 nisi
904 3066 1043 3118 inter
1080 3062 1255 3142 bonos
1277 3062 2049 3144 angelos_co-ntigisse.:i_iujus

444 3135 733 3191 sententiae
762 3144 1010 3202 auctores
1036 3132 1292 3202 praecipui
1326 3132 1456 3202 sunt
1493 3135 1564 3188 D.
1592 3132 1829 3189 Basilius
1854 3132 2046 3192 libfm

467 3220 504 3259 ιι
532 3202 885 3275 Eunomium,
918 3200 1297 3275 The—adoretur;
1321 3200 1377 3256 in
1402 3218 1521 3274 cap.
1548 3218 1592 3259 χ
1617 3203 1878 3275 Danielis,
1910 3206 2047 3262 Gre-

446 3275 633 3346 gorius
661 3273 752 3328 lib.
781 3271 1211 3346 xv_ttMoral_i_um
1229 3289 1349 3346 cap.
1374 3278 1437 3346 _7,
1465 3271 1633 3345 quem
1653 3273 1827 3332 instar
1855 3271 1908 3332 et
1928 3278 2044 3335 vice

446 3340 696 3401 anium
748 3343 963 3401 audisse
1011 3340 1393 3400 suffecerit'ad
1427 3340 1695 3402 nostrum
1730 3346 2043 3405 institutum

446 3416 728 3489 aptissime
746 3416 1103 3491 disserentem
1135 3433 1149 3470 :
1174 3418 1322 3472 Inter
1342 3417 1473 3491 haec,
1492 3416 1685 3491 inquit,
1703 3418 1832 3474 libet
1858 3421 2040 3491 inqui-

448 3486 567 3545 rere
580 3491 630 3543 si
636 3491 811 3563 parin
823 3486 1138 3563 sublimibus
1151 3502 1360 3563 summa
1372 3486 1799 3563 retinetur,quid
1812 3496 1891 3546 est
1905 3486 2050 3563 quod

442 3575 543 3628 per
570 3558 818 3630 angelum
841 3559 1055 3613 Danieli
1077 3558 1296 3630 dicitur,
1323 3561 1570 3630 Princeps
1593 3558 1750 3629 regni
1763 3558 2050 3617 Persa—rum

447 3629 648 3681 restitit
670 3629 803 3680 mihi
826 3630 1028 3695 viginti
1037 3632 1087 3680 et
1107 3644 1210 3683 uno
1241 3629 1427 3683 diebus
1450 3648 1465 3682 :
1492 3629 1543 3684 et
1566 3646 1675 3685 ecce
1704 3634 1934 3687 Michael
1954 3649 2047 3688 ve-

449 3699 533 3771 nit
558 3700 615 3750 in
642 3697 978 3771 adjutorium
1012 3697 1177 3771 mihi,
1199 3702 1249 3771 et
1273 3712 1413 3751 nunc
1452 3706 1712 3763 revertar,
1732 3707 1797 3756 ut
1827 3704 2049 3771 prcelier

448 3768 704 3824 adversus
726 3768 998 3841 principes
1020 3768 1179 3841 regni
1198 3770 1504 3841 Persarum.
1536 3771 1680 3841 Quid
1704 3768 1884 3841 itaque
1911 3774 2046 3830 alios

444 3842 712 3913 principes
728 3837 992 3913 gentium,
1017 3840 1132 3892 nisi
1145 3837 1363 3913 angelos
1390 3839 1650 3913 appellat,
1676 3844 1775 3911 qui
1789 3837 1899 3898 sibi
1916 3846 2047 3898 resi-

445 3911 582 3967 stere
596 3913 816 3965 emeunti
822 3911 1123 3980 potuissent
1136 3912 1166 3965 ?
1189 3911 1316 3977 Quce
1334 3911 1507 3978 igitur
1525 3925 1635 3966 esse
1649 3928 1770 3982 pas:
1793 3915 1852 3968 in
1875 3914 2049 3969 subli-

451 3983 624 4037 mibus
644 3986 841 4055 potest,
872 3982 923 4035 si
949 3983 1091 4035 inter
1126 3982 1272 4055 ipsos
1298 3997 1506 4055 quoque
1538 3983 1799 4052 angelicas
1823 3985 2048 4055 Spiritus

448 4053 745 4124 praeliandi
758 4055 1031 4125 certamen
1042 4053 1248 4125 agitur,
1265 4054 1363 4123 qui
1381 4068 1588 4125 semper
1615 4053 1919 4125 conspectui
1938 4057 2048 4112 Ve-

447 4122 629 4181 ritatis
651 4123 949 4179 assistunt?
972 4122 1077 4179 Sed
1097 4124 1229 4193 quia
1246 4122 1392 4178 certa
1411 4124 1720 4192 angelorum
1733 4122 2048 4183 ministeria

344 4195 351 4202 '
447 4194 828 4266 dispensandis
836 4194 1134 4264 quibusque
1143 4196 1389 4264 gentibus
1401 4197 1778 4265 suntprtelata,
1792 4213 1907 4252 cum
1917 4200 2047 4255 sub-

443 4265 700 4340 jectorum
712 4280 883 4320 mores
898 4265 1181 4340 adversum
1190 4281 1282 4340 sev
1290 4268 1489 4340 ic-issim
1504 4270 1919 4338 praepositorum
1927 4272 2047 4340 spi-

450 4339 659 4391 rituum
672 4351 1011 4409 Opemmeren
1016 4340 1126 4399 tur,
1137 4338 1248 4406 ipsi
1255 4339 1595 4407 quipraasunt
1605 4338 2045 4409 spiritus,contra

449 4422 506 4480 s_e
532 4410 713 4480 venire
740 4406 1085 4480 referuntur:
1114 4409 1168 4480 Is
1204 4406 1437 4477 namque
1465 4406 1685 4477 angelus
1710 4412 1811 4480 qui
1832 4412 2051 4468 Danieli

450 4475 787 4552 loquebatur,
813 4477 1253 4552 captivisludceis
1269 4480 1327 4531 in
1341 4475 1558 4552 Perside
1573 4475 1876 4537 constitutis
1892 4497 2045 4552 prce-

2076 3245 2123 3310 C

2580 2305 2756 2343 eorum
2770 2289 2920 2356 facta
2930 2292 3069 2342 recte
3074 2287 3184 2357 jud
3189 2288 3386 2341 icantes
3406 2289 3753 2353 examinant,-

449 4547 619 4627 latus,
646 4547 984 4614 agnoscitur,-
1027 4546 1254 4627 ilfichael
1293 4564 1414 4627 vero
1436 4550 1642 4627 iudicis
1665 4554 1852 4627 quiin
1885 4546 2045 4627 terris
2074 4621 2113 4627 _
2155 4552 2541 4627 libertatemret
2575 4546 3315 4627 ereptionemrdissnaderet,
3362 4546 3512 4612 verbi
3556 4555 3741 4627 gratia,

448 4616 652 4700 {adiere
675 4620 1061 4700 remonserant,
1078 4616 1880 4700 pntepositusinvenituignde
1898 4627 1949 4678 et
1977 4624 2045 4678 ab
2074 4621 2125 4684 D
2156 4624 2301 4695 quod
2329 4626 2509 4682 Persis
2532 4616 2770 4700 multum
2803 4626 3160 4700 emolumenti
3182 4616 3475 4700 spiritualis
3517 4616 3743 4700 accede;

453 4690 546 4745 hoc
568 4691 684 4759 ipso
700 4689 889 4762 angelo
904 4688 1106 4744 dicitur
1127 4691 1341 4745 Danieli
1362 4709 1379 4745 :
1395 4693 1559 4749 Nemo
1573 4697 1650 4748 est
1668 4693 1889 4762 adjutor
1900 4709 2046 4751 meus

449 4762 565 4817 nisi
588 4760 816 4816 Michael
833 4763 1084 4831 princeps
1099 4766 1288 4816 vester.
1305 4765 1377 4818 Et
1404 4779 1616 4827 rursus,
1640 4760 1866 4820 Michael
1881 4781 2044 4832 unus,

450 4833 518 4905 de
531 4832 885 4905 principibus
894 4834 1115 4903 primis,
1140 4834 1286 4905 venit
1300 4834 1361 4905 in
1400 4834 1735 4905 adjutorium
1759 4836 1914 4892 mihi.
1947 4837 2054 4904 Qui

453 4903 583 4957 dum
604 4919 710 4975 non
730 4903 891 4975 simul
909 4919 1036 4973 esse,
1058 4904 1152 4959 sed
1174 4906 1231 4959 in
1256 4903 1593 4975 adjutorium
1614 4908 1797 4961 venire
1824 4903 2046 4973 dicitur,

454 4977 638 5048 aperte
664 4974 714 5048 ei
728 4974 926 5048 populo
949 4974 1570 5048 prwlatusagnoscitur,
1593 4980 1693 5047 qui
1718 4981 1960 5048 captivus
1991 4981 2053 5035 in

451 5044 564 5118 qlia
587 5045 746 5118 parte
774 5043 1068 5118 tenebatur.
1096 5046 1239 5112 Quid
1269 5043 1350 5101 est
1386 5063 1511 5117 ergo
1551 5043 1803 5118 angelum
1838 5050 2048 5107 dicere:

449 5117 562 5184 Ego
572 5115 695 5191 veni
721 5116 944 5191 propter
961 5128 1224 5191 sermones
1241 5122 1377 5191 tuos,
1392 5115 1487 5173 sed
1497 5115 1752 5191 princeps
1772 5122 2053 5178 Persarum

453 5188 655 5241 restitit
678 5185 831 5259 mihi,
854 5185 986 5259 nisi
1007 5200 1109 5259 sua
1127 5186 1370 5259 subditis
1406 5185 1567 5259 opera
1592 5185 1887 5248 nuntiare?
1912 5209 1975 5248 ac
2004 5194 2057 5248 si

454 5261 634 5326 aperte
660 5257 807 5311 dicat
844 5256 1089 5329 Danieli,
1120 5257 1337 5312 Precum
1367 5256 1584 5329 quidem
1615 5266 1832 5315 tuarum
1859 5265 2055 5319 merita

452 5329 680 5393 exigunt
694 5331 757 5379 ut
752 5327 1004 5450 Cpopulus
1018 5331 1142 5382 tuus
1158 5330 1332 5399 ajugo
1348 5327 1459 5385 sua:
1470 5332 1805 5400 captivitatis
1824 5337 2058 5388 eruatur

450 5396 548 5452 sed
557 5400 633 5451 est
646 5412 750 5456 quo
808 5397 1004 5456 adhuc.
1020 5399 1076 5452 in
1089 5414 1145 5453 eo
1161 5402 1375 5456 nonulo.
1388 5403 1674 5456 Persarum
1691 5402 2056 5456 dominionur-

450 5413 546 5452 sea
557 5413 633 5451 es:
646 5413 788 5466 quoa
808 5413 1004 5465 aanuc,
1020 5413 1076 5452 in
1089 5414 1145 5453 eo
1155 5413 1375 5470 populo,
1388 5413 1674 5456 Persarum
1691 5413 2056 5473 aomtniopur-

448 5468 816 5551 garidebeat:
840 5469 984 5551 unde
1000 5472 1323 5551 ereptionem
1338 5472 1486 5526 illius
1506 5474 1791 5551 Persarum
1807 5475 2055 5547 princeps

451 5540 591 5592 mihi
588 5540 722 5617 jure
735 5540 1087 5617 contradicit,
1104 5547 1349 5617 quamvis
1367 5558 1548 5617 preces
1568 5548 1695 5617 tum,
1717 5540 1899 5600 eorum
1917 5540 2056 5617 qub-

451 5624 557 5680 que
586 5614 853 5688 lacrymte,
879 5615 978 5688 qui
1012 5614 1072 5688 in
1093 5614 1282 5688 Judtea
1309 5614 1484 5671 relicti
1501 5618 1645 5679 sunt,
1669 5615 1804 5671 hanc
1831 5614 2058 5688 ereptio-

453 5696 573 5757 nem
575 5681 859 5757 adjuvant.
884 5681 1160 5753 Propheta:
1181 5687 1352 5755 igitur
1358 5702 1540 5757 preces
1560 5688 1782 5757 angelus
1794 5681 2024 5746 exaudit
2033 5710 2051 5757 ;

453 5750 549 5831 sed
570 5754 857 5831 Persarum
866 5750 1122 5831 princeps
1141 5750 1381 5831 resistit;
1395 5760 1527 5831 quia
1553 5750 1657 5831 etsi
1654 5758 1776 5829 jam
1793 5762 1909 5816 vita
1909 5750 2056 5831 justi

448 5823 781 5897 deprecantis
808 5823 1126 5897 ereptionem
1153 5828 1346 5901 populi
1382 5823 1573 5900 erigit,
1604 5823 1840 5902 ejusdem
1874 5823 2054 5889 tamen

2155 4694 2241 4771 ret
2277 4711 2345 4771 ei;
2387 4697 2722 4754 commercio
2746 4706 2815 4771 _et
2845 4694 3235 4771 consuetudine
3282 4698 3469 4771 populi
3504 4697 3651 4771 illius
3686 4694 3743 4752 in

2157 4767 2379 4842 Perside
2391 4769 2788 4842 commorantis
2804 4789 2819 4838 ς
2848 4778 3100 4842 poterant
3110 4766 3479 4842 {enim'Persae
3493 4766 3607 4823 ﬁeri
3627 4782 3747 4842 pro:

2155 4838 2308 4923 ξριγῆ
2364 4847 2420 4896 et
2463 4839 2534 4897 ad
2576 4837 2901 4923 Iudaeorum
2929 4837 3251 4923 religionem
3287 4840 3611 4923 cultumqne

2159 4910 2278 4989 I_)ei,
2301 4912 2774 4989 eprumexemplo
2803 4919 2869 4989 et.
2885 4910 3101 4989 ho_rtatu
3131 4911 3350 4989 adduci,
3371 4912 3552 4989 bonos
3572 4922 3750 4989 mores

2158 4978 2364 5046 doceri,
2405 4983 2578 5039 malos
2620 4978 2890 5038 dedoceri.
2934 4984 3004 5037 Et
3027 4991 3172 5039 certe
3213 4982 3424 5040 videtur
3467 4981 3587 5037 haec
3614 4978 3746 5033 ratio

2158 5051 2493 5136 plausibilior
2535 5069 2704 5136 quam
2739 5052 2885 5136 quod
2908 5052 3157 5135 princeps
3175 5056 3472 5136 Bersarum
3500 5052 3742 5136 Deiprq:

2160 5118 2386 5207 poneret
2454 5140 2487 5181 ο
2519 5118 2599 5207 .u'li
2642 5118 2997 5207 impietatem,
3028 5118 3501 5211 ingratitudinem,
3539 5118 3640 5177 etc.
3684 5118 3753 5176 ld

2160 5208 2310 5252 enim
2332 5141 2534 5252 ὼειὶοῇ
2554 5212 2649 5252 seu
2666 5203 3000 5252 accusatoris
3018 5193 3264 5251 officium
3281 5205 3365 5252 est
3388 5206 3571 5252 DOtlllS
3586 5206 3753 5252 uuam

2160 5195 2310 5269 enim
2332 5193 2534 5269 diaboli
2554 5212 2649 5269 seu
2666 5193 3001 5269 accusatoris
3018 5193 3264 5269 ofﬁcium
3281 5205 3365 5253 est
3388 5197 3571 5269 potius
3586 5206 3754 5269 quam

2160 5263 2290 5349 boni
2314 5267 2509 5349 angeli,
2549 5267 2703 5349 cujus
2727 5274 2806 5322 est
2835 5266 3090 5349 omnibus
3115 5266 3255 5349 bene
3284 5263 3419 5324 velle
3437 5276 3493 5324 et
3524 5263 3754 5349 precari,

2161 5345 2217 5392 et
2264 5345 2515 5393 omnium
2549 5345 2807 5408 salutem,
2845 5345 3111 5411 quantum
3143 5345 3198 5394 in
3227 5352 3286 5396 se
3320 5349 3423 5407 est,
3464 5348 3760 5413 procurare

2163 5422 2228 5463 ac
2264 5420 2611 5478 promovere.
3585 5475 3603 5488 _
3628 5476 3643 5489 ο

2177 5546 2215 5560 __
2234 5480 2260 5509 ³
2289 5478 2360 5560 Id
2383 5486 2488 5560 est,
2520 5479 2915 5560 decisiqnem,
2939 5495 3040 5560 seu
3086 5478 3539 5560 terminationem
3567 5477 3677 5534 litis
3706 5483 3763 5533 et

2162 5546 2577 5632 disceptationis
2605 5550 2672 5632 de
2692 5546 3053 5632 _|iberta_te_et
3082 5552 3360 5632 ereptione
3408 5551 3763 5632 Judaiorum,

2166 5620 2349 5704 dequa
2364 5620 2506 5706 inter
2537 5622 2762 5706 Gabriel
2760 5638 2846 5679 em
2851 5664 2872 5706 ,
2885 5620 3534 5706 Iudaeorumpatronum,
3550 5630 3609 5677 et
3620 5621 3767 5693 prin-

2160 5691 2680 5821 rPersarum,
2712 5694 2768 5753 id
2800 5702 2902 5764 est,
2936 5693 3062 5753 huic
3087 5691 3234 5769 genti
3254 5691 3769 5769 ρτωίεοωωίοω-

2187 5784 2215 5820 il

2188 5771 2398 5823 abatur.
3264 5804 3396 5841 ,μδ
