4048 6208
327 278 420 333 765

944 275 1284 335 COLLATIO
1322 278 1463 335 Vlll.
1501 307 1575 319 —
1612 278 1699 334 DE
1737 277 2257 336 PRINCIPATIBUS
2293 279 2419 336 SEU
2459 279 2989 341 POTESTATIBUS.

3521 296 3625 348 746

324 399 432 458 isti
461 399 868 474 instigantibus,
898 410 1114 475 gerunt,
1146 403 1314 459 etiam
1343 411 1534 461 contra
1576 419 1633 461 se
1675 402 1917 461 adversa:
1946 409 2000 472 Α
2031 403 2379 476 principatus.
2408 404 2568 475 Quod
2598 405 2759 463 etiam
2802 407 2856 463 in
2886 409 3177 481 Evangelio
3198 409 3463 484 designari
3518 414 3625 471 h'a-

326 504 599 553 exerceant
631 504 925 569 potestates
945 539 962 565 ,
1009 506 1063 553 et
1093 497 1305 554 illarum
1329 498 1410 555 vel
1438 497 1712 572 gaudeant
1742 499 1913 555 victo-

325 590 422 654 ria,
454 589 533 647 vel
577 588 940 648 diminutione
970 591 1296 664 crucientur,
1327 601 1381 651 et
1406 593 1480 650 ob
1514 593 1621 651 hoc
1648 610 1761 650 non
1790 599 1915 666 pes-

322 683 426 740 sint
452 684 557 742 illa:
594 685 744 742 inter
784 701 844 743 se
869 701 986 742 esse
1013 686 1332 753 concordes,
1373 687 1507 744 dum
1543 688 1916 761 unusquisque

322 793 418 849 pro
448 775 536 835 bis
571 777 775 851 quibus
807 787 1004 850 praeest
1030 787 1221 837 contra
1250 780 1474 838 alterius
1502 781 1688 854 gentis
1719 797 1919 854 praesu-

320 868 425 927 lem
442 870 684 945 inquieta
709 887 920 946 semper
947 873 1300 932 aemulatione
1326 874 1629 932 contendit.

902 1005 1149 1062 CAPUT
1175 1007 1331 1063 XIV.

310 1127 474 1184 'Unde
494 1128 701 1203 factum
721 1132 792 1184 sit
830 1134 893 1184 ut
920 1136 1246 1201 potestatum
1272 1147 1363 1188 seu
1394 1134 1809 1203 principatuum‘
1830 1148 1917 1188 no-

531 1202 683 1255 mina
712 1204 987 1272 spiritales
1016 1206 1266 1272 nequitia
1289 1202 1627 1259 sortirentur.

389 1326 508 1380 Nos
538 1340 699 1398 ergo,
724 1333 921 1397 praeter
955 1326 1072 1382 illas
1106 1341 1240 1397 quas
1277 1328 1523 1400 superius
1561 1327 1914 1398 exposuimus

314 1410 623 1487 opiniones,
650 1419 812 1475 etiam
852 1418 1054 1475 idcirco
1082 1419 1188 1476 dici
1216 1420 1546 1492 principatus
1575 1420 1657 1476 vel
1685 1428 1912 1492 potesta-

317 1516 401 1565 tes
428 1509 662 1567 evidenti
704 1527 992 1584 possumus
1016 1513 1229 1569 ratione
1255 1512 1506 1586 colligere
1528 1522 1553 1549 ⁸
1574 1555 1590 1582 ,
1631 1513 1779 1586 quod
1813 1515 1911 1571 sci-

320 1602 445 1661 licet
477 1604 560 1661 vel
605 1604 828 1662 diversis
881 1607 1134 1679 gentibus
1176 1605 1527 1664 dominentur
1567 1623 1631 1665 ac
1669 1608 1910 1680 praesint,

316 1696 394 1755 vel
439 1705 583 1755 certe
624 1698 770 1771 quod
801 1701 856 1756 in
887 1699 1173 1758 inferiores
1203 1701 1425 1773 spiritus
1452 1709 1619 1774 atque
1641 1700 1910 1758 daemonia

2023 498 2432 571 sphemantibus
2461 499 2745 559 Pharisaeis
2783 503 3231 562 manifcs3issime
3269 507 3571 579 reperimus
3602 530 3613 565 :

2018 592 2080 646 in
2106 593 2395 648 Beelzebub
2414 597 2661 665 principe
2680 595 3059 652 dtemoniorum
3076 598 3160 654 hic
3179 601 3327 670 ejicit
3347 601 3553 657 damon
3561 618 3611 658 es

2024 686 2250 758 (Matth.
2270 690 2423 755 xu).
2452 690 2593 745 Nam
2615 698 2669 745 et
2694 695 2914 746 rectores
2929 694 3264 749 tenebrarum
3285 694 3512 768 legimus
3533 714 3620 770 ap-

2023 780 2212 853 pellari
2242 784 2470 854 (Ephes.
2495 782 2622 855 vr),
2648 793 2702 839 et
2722 784 2893 841 alium
2919 788 3110 842 mundi
3139 789 3297 859 hujus
3319 792 3623 862 principem

2021 876 2327 948 nuncupari
2359 876 2530 948 (Joan.
2574 882 2730 946 xxv).
2765 879 2916 949 Quos
2956 887 3139 937 tamen
3181 882 3382 956 gradus
3436 885 3626 943 beatus

1977 975 1987 984 '
2025 971 2321 1043 Apostolus
2366 971 2422 1027 in
2468 970 2738 1041 futurum,
2772 989 2899 1030 cum
2937 976 3124 1031 omnia
3155 976 3374 1035 Christo
3422 976 3626 1037 fuerint

2022 1063 2282 1134 subjecta,
2336 1065 2530 1122 asserit
2575 1066 2918 1124 evacuandos
2950 1086 2965 1124 :
3004 1070 3135 1126 Cum
3179 1073 3488 1142 tradiderit,
3539 1073 3628 1131 in-

2022 1156 2233 1228 quiens,
2252 1174 2474 1229 regnum
2490 1164 2595 1215 Deo
2623 1164 2675 1213 et
2688 1163 2868 1223 Patri,
2886 1162 2911 1195 δ
2927 1177 3046 1215 cum
3066 1168 3403 1219 evacu'averit
3414 1181 3620 1223 omnem

2016 1254 2740 1325 principatum,potestatem
2762 1259 2815 1309 et
2837 1254 3249 1311 dominationem
3279 1256 3323 1328 (Ι
3354 1259 3468 1315 Cor.
3497 1261 3624 1331 xv);

2021 1345 2166 1416 quod
2198 1346 2383 1418 utique
2416 1362 2525 1402 non
2566 1346 2726 1404 a‘iter
2763 1346 2875 1411 ﬁet,
2905 1347 3007 1404 nisi
3054 1342 3252 1405 fuerint
3285 1351 3351 1406 de
3380 1352 3623 1423 ipsorum

2021 1439 2223 1520 ditione
2261 1440 2480 1507 sublati,
2517 1457 2679 1512 supra
2720 1457 2856 1512 quos
2883 1441 2940 1496 in
2976 1440 3081 1497 hoc
3126 1444 3325 1499 saeculo
3381 1453 3619 1517 potesta-

2020 1542 2104 1590 tes
2138 1549 2233 1590 seu
2273 1532 2676 1590 dominationes
2724 1535 2804 1589 vel
2859 1535 3196 1606 principatus
3236 1537 3623 1595 administrare

2022 1635 2340 1683 noscuntur.

2618 1713 2858 1768 CAPUT
2905 1714 3035 1769 XV.

319 1791 411 1863 (de
460 1792 656 1866 (Ιυίδυε
703 1794 868 1851 etiam
902 1796 1211 1869 Evangelia:
1255 1796 1506 1871 legiones
1528 1811 1646 1854 esse
1692 1796 1907 1869 propria
1940 1817 1988 1881 Β
2022 1808 2174 1877 Quod
2212 1823 2320 1881 non
2350 1809 2463 1861 sine
2491 1821 2655 1881 causa
2681 1808 2882 1881 sanctis
2909 1808 3309 1876 culestibusque
3331 1810 3624 1864 virtutibus

316 1883 557 1958 ipsorum
611 1887 949 1945 confessione
1013 1890 1171 1961 (Luc.
1230 1889 1383 1963 vni)
1438 1896 1736 1956 testantur)
1779 1906 1910 1947 suos

316 1990 599 2037 exerceant
647 1982 998 2054 principatus.
1031 1986 1152 2039 Non
1182 1982 1329 2038 enim
1357 1983 1760 2041 dominationes
1798 1984 1909 2041 dici

317 2081 573 2145 possunt,
602 2073 703 2128 nisi
732 2073 973 2130 habeant
1004 2075 1063 2130 in
1096 2091 1235 2147 quos
1261 2074 1656 2133 dominationis
1680 2092 1794 2134 suae.
1821 2078 1911 2133 di-

310 2167 526 2223 tionem
574 2174 903 2233 exerceant;
952 2183 1051 2223 nec
1099 2175 1397 2240 potestates
1437 2177 1531 2224 aut
1580 2170 1915 2242 principatus

310 2259 500 2316 vocari
532 2268 759 2332 queunt,
792 2260 898 2317 nisi
930 2260 1132 2316 fuerint
1147 2276 1312 2333 super
1352 2276 1491 2332 quos
1519 2261 1619 2318 sibi
1644 2261 1917 2319 vindicent

2091 1880 2404 1949 angelorum
2419 1880 2528 1933 sive
2542 1878 2981 1946 arehangelomm
2995 1881 3212 1932 nomina
3232 1881 3344 1932 sint
3364 1881 3563 1934 indita.

2095 1984 2115 2017 ¢
2135 1983 2277 2037 Nam
2308 1980 2434 2052 quia
2463 1980 2621 2035 bonae
2650 1978 2786 2051 parti
2809 1978 3000 2035 eadem
3033 1978 3286 2035 ordinum
3315 1967 3341 2011 ἀ
3366 1980 3623 2036 vocabula

2022 2089 2133 2130 non
2170 2074 2289 2129 sine
2324 2072 2536 2129 ratione
2567 2088 2793 2129 causave
2817 2072 2927 2128 sint
2966 2072 3160 2143 indita,
3187 2082 3241 2128 et
3273 2071 3585 2131 officiorum
3607 2120 3620 2141 ,

2024 2167 2105 2223 vel
2145 2167 2494 2236 meritorum,
2529 2182 2622 2222 seu
2650 2166 2973 2238 dignitatum
3027 2167 3135 2223 sint
3180 2168 3432 2237 nomina,
3481 2169 3619 2225 nulli

2025 2262 2257 2320 dubium
2281 2268 2383 2319 est.
2417 2261 2637 2318 Etenim
2665 2259 2731 2318 de
2762 2260 2945 2318 olticio
2986 2261 3300 2331 nuntiandi,
3324 2271 3345 2298 θ
3376 2262 3619 2335 angelos,

1402 2431 1653 2486 ALARDI
1684 2432 1910 2489 GAZ/EI
1946 2431 2504 2488 COMMENTARIUS.

381 2587 407 2614 ⁸
433 2580 557 2634 Non
579 2579 728 2650 quod
748 2594 873 2654 eum
906 2580 1268 2654 principatum
1299 2591 1351 2639 ct
1378 2591 1706 2654 potestatem
1735 2602 1767 2641 a
1787 2587 1907 2641 Deo

310 2648 938 2733 daemones—acceperint,
968 2653 1062 2733 sed
1084 2648 1238 2724 quod
1261 2648 1653 2733 eum'iiabeant
1691 2655 1763 2710 ob
1792 2656 1905 2710 im—

313 2720 638 2797 probitatem
667 2732 721 2777 et
742 2720 1082 2797 impietatem
1107 2720 1303 2779 eorum
1332 2725 1531 2796 quibus
1556 2724 1832 2797 imperant
1854 2734 1908 2781 et

312 2791 687 2875 dominantur,
718 2791 915 2875 quique
945 2794 1050 2849 illis
1072 2808 1163 2865 per
1188 2791 1484 2875 peccatum
1510 2811 1574 2875 se
1584 2791 1904 2875 subjiciunt.

313 2862 452 2919 Hinc
488 2866 555 2917 D.
602 2862 943 2935 Augustinus
971 2862 1138 2920 serm.
1180 2862 1215 2921 8
1251 2865 1320 2922 de
1364 2867 1552 2922 Verbis
1582 2862 1805 2923 Domini
1850 2868 1905 2923 in

311 2940 518 3007 monte,
539 2949 813 3007 exponens
828 2935 983 3007 cujus
994 2936 1181 2992 mundi
1196 2945 1438 2993 rectores
1459 2938 1568 2993 sint
1583 2938 1863 2994 daemones
1887 2956 1901 2993 :

310 3006 393 3078 Ne
406 3005 566 3067 male,
589 3004 784 3078 inquit,
815 3004 1110 3074 intelligas,
1135 3011 1352 3076 emponit
1379 3009 1513 3078 quid
1547 3012 1621 3063 sit
1647 3011 1902 3073 mundus,

310 3019 387 3063 ne
406 3019 784 3127 mate,1nqlun,
815 3019 1110 3074 mtemgas,
1135 3019 1352 3076 exponit
1379 3019 1512 3078 quid
1547 3019 1621 3063 sit
1647 3019 1902 3073 mundus,

308 3076 460 3145 cujus
479 3081 606 3130 sunt
625 3076 667 3129 il
689 3076 713 3127 i
730 3079 978 3141 rectores,
1002 3081 1229 3131 rectores
1246 3081 1440 3133 mundi
1462 3080 1795 3135 tenebrarum
1819 3082 1909 3136 ha-

308 3162 453 3201 rum.
488 3146 729 3218 Quidest
752 3146 991 3218 mundi?
1010 3148 1346 3202 tenebrarum
1373 3150 1582 3203 harum.
1608 3152 1806 3218 Quibus
1831 3157 1909 3206 est

306 3221 482 3271 rector
504 3220 533 3269 φ
560 3216 908 3290 pilectoribus
925 3217 1038 3290 suis
1063 3222 1116 3290 et
1138 3218 1464 3286 inﬁdelibus,
1486 3216 1684 3289 quibus
1700 3223 1909 3290 plenus-

306 3291 388 3342 est
410 3286 662 3357 mundus.
691 3288 798 3341 Hos
822 3287 1065 3357 appellat
1082 3288 1367 3357 Apostolus
1390 3286 1652 3345 tenebras.
1688 3286 1768 3346 l'ta
1792 3295 1910 3347 Au-

346 3355 585 3413 ustinus.
630 3355 1011 3422 Porro,'eum
1059 3355 1307 3416 diabolus
1348 3368 1571 3416 vocetur
1604 3377 1637 3417 a
1686 3362 1906 3418 Christo

361 3426 548 3503 omino
578 3430 834 3499 princeps
879 3428 1076 3503 mundi
1126 3431 1292 3503 hujus
1326 3430 1500 3503 (Joan.
1533 3447 1635 3488 uv

308 3498 577 3569 Apostolo
589 3503 732 3556 Deus
760 3498 812 3555 et
833 3502 1088 3571 princeps
1117 3498 1281 3572 hujus
1308 3498 1493 3558 siccati
1508 3507 1558 3568 (Ι
1581 3498 1709 3559 Cor.
1740 3507 1829 3571 Il),
1851 3515 1906 3560 et

306 3573 479 3647 rector
520 3572 862 3647 tenebrarum
883 3572 1105 3647 harum
1133 3574 1348 3647 {Ephes
1380 3574 1504 3646 v1),
1538 3574 1667 3647 quid
1694 3576 1901 3632 mirum

307 3641 421 3719 ejus
456 3640 740 3719 ministros
785 3643 963 3719 malos
992 3640 1215 3719 angelos
1240 3640 1578 3719 diversorum
1606 3662 1901 3719 regnorum

310 3711 570 3790 principes
601 3722 656 3790 et
695 3714 954 3790 praesides
993 3711 1312 3790 nominari?
1354 3711 1756 3790 utARupertﬁm
1801 3735 1900 3776 su-

264 3846 273 3850 _
308 3782 493 3873 perius'
527 3782 943 3873 ratiocinantem
986 3786 1316 3873 audivitniis.
1363 3788 1466 3844 His
1502 3782 1712 3873 accedit
1750 3790 1901 3873 quod

309 3854 639 3942 maii‘angeii
664 3872 742 3942 ex_
763 3855 1022 3935 omnibus
1053 3856 1336 3942 o‘rdinibus
1359 3860 1686 3942 angelorum
1715 3854 1906 3942 aliquit

305 3925 633 4009 ceciderunt,
686 3934 749 3981 ut
782 3926 1030 4009 superius
1066 3925 1277 4009 dictum
1297 3935 1380 4009 est
1420 3925 1679 4009 (Cap._8
1714 3948 1747 4009 ς·
1769 3925 1907 3986 sicut

304 3994 467 4067 igitur
513 3998 659 4050 Deus
682 4010 765 4067 ex
810 3993 1005 4067 ordine
1048 3993 1449 4067 principatnum
1499 3993 1688 4067 statuit
1733 3998 1908 4067 bonos

301 4061 556 4136 s'piritus,
591 4063 697 4188 (qui
741 4062 925 4143 regnis
952 4069 1009 4114 et
1044 4061 1334 4142 provinciis
1376 4073 1634 4145 praesunt,
1658 4064 1748 4121 ita
1777 4066 1908 4124 nihil

301 4136 590 4188 incommo
634 4133 650 4186 i
679 4139 761 4187 est
780 4147 823 4187 sn
854 4131 1098 4187 dicamus
1119 4131 1394 4188 diabolum
1424 4133 1697 4188 destinare
1721 4135 1908 4188 itidem

301 4131 650 4189 incommodi
679 4139 761 4187 est
780 4131 831 4187 si
854 4131 1098 4187 dicamus
1119 4131 1395 4189 diabolum
1424 4131 1697 4192 destinare
1721 4135 1910 4192 itidem

300 4204 526 4277 aliquos
563 4217 639 4277 ex
686 4201 970 4258 ordinibus
1008 4202 1439 4277 principatuum,
1488 4214 1819 4277 potestatum
1850 4216 1904 4262 et

297 4272 773 4350 dominationum,
826 4272 1219 4350 perturbandis,
1260 4272 1590 4350 decipiendis
1616 4286 1686 4350 iet
1707 4279 1912 4350 depra-

294 4343 495 4419 vandis
556 4343 893 4419 gentibuset
946 4344 1162 4416 populis
1220 4346 1311 4419 qui
1362 4343 1493 4419 sunt
1545 4348 1648 4406 sub
1687 4343 1915 4409 diversis

295 4414 490 4486 regnis
518 4414 575 4469 et
594 4414 913 4486 provinciis.

435 4485 645 4559 Eodem
680 4486 844 4542 modo
872 4487 943 4542 D.
973 4485 1399 4559 Chrysostomus
1417 4489 1536 4547 haec
1561 4490 1629 4549 de
1653 4493 1913 4551 dmmoni-

298 4558 408 4615 bus
438 4557 845 4635 interpretatur,
871 4564 926 4635 et
955 4557 1151 4635 rectius
1175 4559 1402 4630 quidem
1429 4570 1485 4617 et
1515 4566 1911 4635 congruentius

293 4643 485 4706 quam
520 4626 611 4701 qui
659 4627 748 4706 de,
773 4626 933 4706 bonis
959 4626 1209 4706 ‘angelis'
1236 4640 1514 4700 exponunt
1558 4626 1656 4703 (ST
1685 4637 1869 4692 Thom.
1891 4678 1910 4706 ,

302 4697 332 4756 1‘
353 4697 781 4771 part.;q.108.
813 4697 998 4771 (1.7).

1650 3402 1906 3502 )ra'a:
1939 3402 1983 3465 ο

2088 2573 2114 2617 ἀ
2143 2584 2350 2656 Duplex
2375 2582 2527 2656 enim
2557 2581 3229 2656 ratiohorum‘nominum
3251 2598 3351 2656 seu
3379 2583 3618 2640 vocabu-

2018 2652 2203 2710 lorum
2231 2652 2492 2724 angelicis
2525 2653 2806 2723 spiritibus
2842 2652 3137 2724 inditorum
3177 2670 3261 2724 ex?
3288 2654 3506 2708 diverso
3538 2670 3618 2724 re-

2019 2733 2207 2793 spectu
2249 2723 2768 2778 et’consideratione
2813 2723 3114 2793 generatim
3161 2723 3489 2793 assignatur,
3536 2723 3623 2793 al-

2018 2792 2131 2849 tera
2155 2810 2203 2874 ἐξ
2225 2797 2281 2848 Β.
2318 2793 2582 2874 Dionysio
2626 2792 2971 2874 Areppagita,
3000 2793 3165 2874 altera
3199 2810 3225 2847 a
3357 2792 3619 2865 Gregorio

2017 2865 2271 2935 pontifice
2301 2884 2315 2928 ;
2342 2863 2637 2935 Dionysius
2661 2864 2807 2918 enim
2842 2863 2892 2917 in
2921 2863 3254 2935 expositione
3285 2863 3495 2919 horum'
3515 2879 3616 2920 no-

2017 2933 2228 2993 minum
2252 2933 2517 3006 specta~it
2549 2935 2993 3006 proprietateset
3033 2933 3387 3002 perfectiones
3418 2935 3618 2990 intrin-

2014 3021 2182 3078 secas
2203 3005 2544 3078 singulorum
2572 3005 2850 3078 ordinum,
2880 3020 2943 3078 ex
2972 3020 3205 3078 quarum
3242 3006 3614 3078 convenientia

2016 3077 2144 3133 dicit
2172 3075 2486 3149 hujusmodi
2518 3076 2736 3131 nomina
2764 3076 2865 3131 illis
2900 3075 3151 3149 imposita
3182 3094 3194 3129 :
3232 3078 3490 3140 Dicimus,
3538 3076 3621 3132 in-
3728 3124 3745 3133 -

2016 3149 2137 3219 quit
2159 3150 2315 3219 (Cap.
2341 3157 2372 3204 7
2396 3149 2539 3205 Eccl.
2565 3149 2841 3203 Hierarch.
2868 3149 2910 3216 ),
2926 3148 3108 3217 primo
3133 3162 3285 3201 omne
3304 3154 3612 3203 sanctorum

2016 3222 2311 3289 spirituum
2349 3235 2630 3291 cognomen
2676 3221 3091 3291 insinuationem
3138 3223 3302 3289 atque
3356 3220 3614 3291 indicium

2010 3293 2272 3359 praeferre
2300 3291 2496 3344 diuime
2527 3290 2807 3358 cujuslibet
2835 3292 3076 3358 ipsorum
3114 3290 3489 3358 proprietatis.
3534 3293 3616 3347 Ac

2014 3367 2319 3415 sanctorum
2344 3361 2563 3430 quidem
2585 3360 2852 3429 seraphim
2873 3361 3308 3430 appellationem,
3336 3363 3380 3413 ii
3398 3365 3494 3430 qui
3518 3365 3619 3417 He-

2019 3432 2172 3486 brcete
2201 3433 2400 3500 linguis
2414 3432 2583 3500 periti
2605 3434 2751 3495 sunt,
2780 3432 3135 3495 incendentes,
3158 3432 3269 3484 sive
3293 3432 3617 3498 calefacien-

2016 3507 2090 3557 tes
2114 3522 2127 3569 ;
2158 3504 2433 3557 cherubim
2453 3517 2574 3556 vero
2592 3501 2993 3555 multitudinem
3011 3502 3265 3572 scientia,
3286 3503 3395 3556 Sive
3413 3504 3617 3572 εαΡίεη·

2014 3576 2105 3628 tice
2137 3576 2461 3642 effusionem
2488 3574 2786 3643 signiﬁcare
2815 3574 2991 3626 aitmt.
3019 3571 3320 3642 Gregorius
3351 3571 3531 3628 autem
3559 3574 3613 3629 in

2011 3645 2388 3715 explanatione
2422 3643 2619 3700 horum
2650 3643 2935 3700 nominum
2959 3645 3136 3709 (Hom.
3162 3645 3229 3715 34
3248 3645 3306 3698 in
3318 3646 3574 3713 Evangel.
3598 3651 3614 3711 )

2012 3714 2190 3787 magis
2231 3716 2509 3772 attendere
2546 3715 2757 3771 videtur
2785 3715 3054 3771 exteriora
3101 3714 3416 3787 ministeria,
3445 3718 3523 3771 ait
3551 3717 3607 3771 S.

2011 3786 2253 3843 Thomas
2274 3787 2455 3858 (part.
2480 3802 2522 3849 t,
2550 3804 2606 3856 q.
2640 3793 2735 3842 108
2755 3791 2861 3840 art.
2890 3792 2922 3840 5
2943 3790 2995 3850 );
3024 3786 3162 3858 Dicit
3188 3787 3328 3858 enim
3348 3788 3495 3855 quod
3518 3803 3614 3840 an-

2014 3860 2120 3927 geli
2131 3862 2229 3929 qui
2233 3856 2491 3915 dicuntur
2500 3859 2724 3911 minima
2739 3859 2994 3929 nuntiant
3008 3874 3023 3919 ;
3036 3856 3361 3922 archangeli,
3374 3873 3447 3924 qu
3454 3859 3619 3929 isum-

2013 3945 2103 3983 ma
2121 3927 2403 3997 {virtutem
2416 3944 2516 3999 per
2535 3942 2672 3997 quas
2689 3927 2953 3981 miracula
2973 3929 3465 3999 ﬁunt;potestates,
3488 3928 3617 3999 qui-

2020 3999 2113 4052 bus
2132 4001 2374 4054 adversa:
2386 3996 2672 4068 potestates
2685 4003 2938 4052 arcentur
2952 4001 3003 4051 et
3020 3997 3355 4065 repelluntur
3376 4014 3393 4061 ;
3415 3996 3616 4065 princi-

2010 4072 2199 4137 patus,
2225 4072 2324 4137 qui
2340 4072 2474 4137 ipsis
2502 4069 2647 4121 bonis
2675 4069 2958 4136 spiritibus
2980 4069 3244 4137 praesunt.

2091 4145 2113 4172 °
2162 4134 2401 4207 Angelus
2426 4152 2539 4190 non
2573 4134 2805 4207 naturae,
2835 4137 2930 4190 sed
2970 4134 3251 4207 ministerii
3282 4149 3480 4191 nomen
3508 4145 3613 4199 est.

2018 4214 2158 4262 teste
2203 4204 2278 4262 Di
2308 4206 2665 4276 Hieronymo.
2711 4206 2849 4276 Hinc
2891 4204 3100 4276 psalmo
3131 4219 3292 4276 Δ(ιιηε
3337 4206 3444 4273 Qui
3476 4210 3617 4276 facit

2021 4278 2235 4347 angelos
2273 4292 2395 4333 suos
2431 4274 2679 4347 spiritus,
2710 4275 2761 4331 id
2787 4274 2905 4344 est,’
2928 4289 3022 4348 eos
3051 4274 3141 4348 qui
3166 4283 3357 4348 natura
3392 4274 3616 4348 spiritus

2023 4345 2154 4404 sunt
2176 4348 2304 4406 facit
2336 4345 2702 4418 esseiangelos
2731 4362 2878 4414 suos,
2908 4345 3236 4419 injungendo
3265 4348 3342 4403 eis
3366 4345 3612 4407 ofﬁcium

2022 4420 2325 4478 nuntiandi.
2361 4422 2469 4489 Qui
2488 4422 2628 4474 enim
2663 4420 2842 4477 Greece
2872 4417 3327 4489 ἀίοίιωῖᾶγγελος,
3350 4422 3495 4491 quod
3512 4439 3613 4479 no-

2021 4507 2140 4547 men
2156 4495 2352 4549 Latina
2366 4492 2719 4548 declinatione
2726 4493 2946 4561 angelus
2962 4491 3292 4560 perhibetur,
3312 4496 3503 4550 Latina
3519 4497 3613 4550 lin-

2022 4580 2133 4633 gua
2166 4567 2384 4620 nuntius
2411 4567 2819 4635 interpretatur,
2842 4563 2916 4618 ait
2948 4563 3508 4635 D.Augnstinus(-Lib.
3532 4582 3613 4622 xv

2025 4636 2091 4690 de
2118 4637 2273 4693 Civit.
2317 4653 2362 4693 c.
2422 4640 2489 4690 23
2514 4634 2751 4703 {Hilam
2790 4637 2827 4691 Ι.
2859 4649 2897 4689 v
2921 4634 2987 4689 de
3024 4634 3263 4699 naua;
3296 4638 3520 4704 Prosper
3555 4640 3639 4695 in,

2023 4711 2169 4780 _sent._
2213 4714 2344 4775 l03;
2375 4716 2428 4763 et
2464 4711 2528 4764 D.
2569 4708 2872 4780 Gregorius
2900 4704 2999 4780 _ub_i
3048 4719 3210 4773 supra
3250 4722 3266 4755 :
3306 4705 3610 4780 Sciendum,

371 4774 397 4804 ο
426 4771 633 4849 Yetustt
663 4770 879 4849 codices
908 4769 1096 4849 legunt
1125 4788 1151 4849 :_
1168 4771 1307 4829 Nam
1327 4773 1457 4849 quia
1484 4774 1541 4827 in
1573 4775 1760 4849 bonam
1779 4794 1906 4847 par—
1932 4784 1983 4846 1)
2021 4777 2216 4849 inquit,
2243 4769 2387 4848 quod
2422 4769 2732 4845 angelorum
2769 4774 3092 4849 vocabuium
3103 4769 3293 4849 nomen
3321 4776 3398 4824 est
3424 4769 3612 4849 officii“,

294 4844 413 4898 tem
439 4842 629 4909 horum
650 4842 905 4897 ordinum
932 4842 1208 4906 vocabula,
1241 4849 1347 4898 etc.
1387 4843 1674 4901 Ciaconius
1707 4865 1722 4902 :
1764 4842 1902 4905 Nam

290 4915 442 4985 quia
467 4912 613 4968 ὸοηω
626 4914 783 4983 parti
799 4913 1104 4985 eorumdem
1123 4913 1378 4985 ordinum
1394 4915 1667 4982 vocabula,
1694 4926 1799 4973 etc.
1832 4922 1906 4975 At

290 4982 505 5057 verior,
525 4991 590 5040 ut
607 4982 980 5057 communior,
1002 4983 1213 5057 videtur
1228 4983 1347 5057 haec
1363 4985 1700 5044 Plantiniana
1718 4989 1899 5057 lectio,

292 5054 390 5129 cui
415 5063 683 5111 consonat
710 5054 951 5129 Dionysii
978 5054 1328 5129 paraphrasis
1349 5075 1365 5110 :
1387 5057 1543 5113 Nulli
1563 5075 1775 5129 quoque
1806 5054 1917 5115 du-

299 5126 460 5182 bium
486 5131 565 5182 est
592 5127 736 5198 quod
756 5127 939 5182 eadem
967 5126 1219 5181 ordinum
1240 5129 1462 5183 nomina
1484 5126 1592 5184 non
1620 5126 1736 5186 sine
1756 5133 1918 5185 ratio-

295 5214 368 5254 ne
382 5199 643 5268 imposita
659 5203 786 5270 sunt
809 5198 954 5252 bonis
977 5198 1279 5268 spiritibus,
1297 5202 1350 5253 et
1371 5200 1515 5270 quod
1536 5205 1664 5257 sunt
1698 5204 1918 5257 nomina

293 5270 635 5345 ofﬁciorum,
658 5269 738 5345 vei
747 5271 1090 5345 meritorum,
1110 5270 1192 5325 vel
1209 5269 1564 5345 dignitatum,
1584 5280 1688 5345 etc,
1710 5275 1917 5345 Exiqua

294 5337 630 5413 paraphrasi
660 5340 854 5413 colligo
878 5341 1131 5413 voculam
1158 5337 1289 5413 nam
1306 5357 1417 5397 non
1450 5342 1648 5401 habere
1667 5343 1773 5401 hoc
1794 5337 1917 5401 loco

296 5409 427 5465 vim
448 5409 871 5484 coniunctionis
903 5411 1156 5484 causalis,
1183 5411 1280 5484 sed
1308 5413 1435 5484 poni
1469 5430 1568 5484 pro
1598 5420 1800 5482 autem,
1833 5416 1916 5473 vel

292 5494 496 5565 porro,
511 5482 592 5539 vel
609 5483 772 5565 simili
786 5482 1386 5565 partieuiaﬁiscretiia-g
1406 5493 1463 5542 et
1471 5482 1684 5565 bonam
1700 5495 1915 5565 partem

455 5552 636 5629 iorum
667 5553 761 5629 hic
782 5552 1009 5629 intelligi
1043 5554 1223 5629 heros
1241 5555 1462 5629 spiritus
1489 5558 1691 5629 quibus
1701 5552 1807 5615 “illa
1830 5575 1920 5616 vo-

298 5565 636 5680 angﬁlorum
667 5565 761 5636 inc
782 5565 1009 5636 intelligi
1044 5565 1223 5638 puros
1242 5565 1462 5682 sfiiiritus
1489 5565 1691 5629 quibus
1717 5565 1807 5615 illa
1830 5575 1916 5616 vo-

298 5636 376 5701 ca
457 5622 509 5680 la
531 5632 659 5681 sunt
677 5631 929 5701 Imposita
948 5633 1164 5701 ratione
1193 5626 1255 5701 oi
1292 5641 1505 5701 ciorum
1527 5629 1772 5701 quibusa
1796 5633 1916 5688 Deo

298 5691 650 5767 deputantur
673 5715 688 5760 ;
718 5691 800 5752 vel
826 5695 1174 5762 meritorum,
1196 5696 1250 5755 id
1273 5705 1378 5767 est,
1402 5691 1676 5759 bonorum
1692 5710 1916 5758 actuum

302 5767 521 5852 quibus
555 5767 826 5852 majorem
857 5767 1100 5852 gloriam
1127 5780 1588 5852 promeruerunt;
1619 5773 1703 5852 vel
1729 5771 1920 5847 digni-

302 5836 502 5895 tatum
522 5836 719 5912 qtnbus
740 5839 793 5895 in
824 5836 956 5896 alios
982 5836 1270 5898 inferiores
1292 5836 1671 5912 praeminent.

533 5929 794 5987 PA‘I'BOL.
830 5927 1042 5985 XLIX.

2010 4842 2118 4903 non
2147 4842 2354 4902 natura:
2380 4869 2391 4903 :
2422 4842 2544 4900 nam
2572 4849 2748 4900 sancti
2780 4846 2872 4897 illi
2894 4842 3114 4912 caelestis
3137 4843 3338 4909 patria:
3363 4844 3613 4912 spiritus,

2010 4933 2218 4987 semper
2248 4918 2463 4987 quidem
2482 4921 2609 4970 sunt
2637 4917 2879 4985 spiritus,
2904 4911 3223 4987 sed_semper
3242 4911 3625 4987 t'ocarirangelz‘

2009 4983 2348 5058 nequaquam
2370 4990 2621 5059 possunt,
2642 4983 2773 5055 quia
2798 4987 2924 5059 tunc
2940 4983 3110 5059 solum
3130 4987 3257 5059 sunt
3274 4986 3469 5059 angeli,
3484 4983 3614 5059 [cum

2017 5054 2119 5130 per
2136 5054 2219 5113 eos
2251 5054 2442 5130 aliqua
2460 5054 2804 5130 nuntiantur.
2836 5054 2983 5111 Unde
3003 5059 3164 5130 etper
3181 5054 3520 5111 Psalmistam
3533 5060 3616 5112 di-

2025 5128 2171 5184 citur
2195 5147 2212 5183 :
2240 5129 2346 5196 Qui
2367 5129 2505 5196 facit
2538 5129 2750 5197 angelos
2778 5142 2896 5184 suos
2925 5128 3178 5198 spiritus;
3208 5143 3271 5181 ac
3298 5130 3349 5183 si
3366 5132 3618 5197 patenter

2026 5200 2175 5281 dicat
2202 5201 2349 5281 :__Qui
2365 5215 2449 5281 eos
2468 5210 2602 5281 quos
2614 5214 2826 5281 semper
2836 5199 3003 5281 habet
3020 5200 3264 5281 spiritus,
3285 5200 3468 5281 etiam,
3495 5215 3615 5281 cum

2024 5273 2269 5353 poluerit,
2279 5268 2663 5353 angelos‘facit.
2686 5268 2821 5353 Haec
2831 5268 3141 5353 Gregorius:
3165 5268 3418 5326 Sumitur
3434 5279 3616 5328 autem

2025 5342 2131 5399 hoc
2154 5341 2366 5400 nomen
2387 5341 2601 5414 duobus
2629 5342 2814 5414 modis
2834 5359 2853 5407 _:
2885 5341 3061 5414 primo
3089 5349 3147 5414 ut
3170 5356 3467 5399 commune
3495 5359 3615 5400 om-

2022 5414 2184 5487 nibus
2218 5412 2504 5487 spiritibus
2526 5412 2827 5487 ;Asecundo_
2848 5412 2911 5469 ut
2935 5413 3217 5487 proprium
3248 5420 3549 5487 postremo
3565 5425 3619 5472 et

2026 5485 2216 5543 intimo
2248 5483 2451 5542 ordini.
2479 5484 2626 5541 Hinc
2652 5487 2724 5540 D.
2767 5483 3007 5557 Thomas
3036 5483 3051 5538 Ξ
3090 5483 3328 5557 Angelus
3348 5524 3362 5549 ,
3402 5485 3615 5557 inquit,

2025 5560 2250 5614 nuntius
2263 5558 2485 5612 dicitur.
2509 5558 2699 5614 Omnes
2715 5571 2840 5627 ergo
2864 5556 3090 5611 caelestes
3109 5555 3357 5628 spiritus,
3380 5558 3439 5611 in
3458 5555 3623 5628 quan-

2027 5634 2143 5685 tum
2166 5632 2295 5685 sunt
2316 5630 2750 5696 manifestatores
2778 5629 3107 5693 divinorum,
3134 5627 3315 5696 angeli
3337 5627 3620 5686 vocantur.

2025 5701 2131 5759 Sed
2143 5703 2440 5773 superiores
2462 5702 2643 5771 angeli
2662 5700 2858 5756 habent
2880 5697 3169 5770 quamdam
3190 5700 3555 5773 egraellentiam
3568 5706 3625 5755 in

2026 5773 2126 5828 hac
2144 5770 2604 5841 mdnifestatione,
2621 5788 2655 5827 a
2672 5788 2780 5842 qua
2794 5773 3091 5843 superiores
3109 5770 3326 5827 ordines
3347 5775 3630 5843 nominan-

2024 5847 2136 5899 tur.
2168 5839 2397 5914 Infimus
2425 5848 2605 5900 autem
2629 5839 2945 5912 angelorum
2974 5842 3104 5898 ordo
3133 5843 3344 5896 nullam
3369 5839 3627 5894 ert-cellen-
