4024 6208
371 314 473 368 ’747

1449 302 1732 359 JOANNIS
1768 301 2076 358 CASSIANI
2112 294 2603 355 COLLATIONES.

3581 290 3689 345 748

374 436 431 494 id
473 446 577 503 est,
626 434 850 492 nuntios
894 432 1153 506 appellari
1201 429 1555 487 manifestum
1584 437 1688 498 est,
1737 436 1838 485 et‘
1885 443 1971 484 ar-
1995 432 2049 493 Α
2075 426 2176 482 hac
2206 422 2499 482 solitudine
2536 420 2639 476 iter
2686 425 2888 490 ageret,
2919 414 3395 486 advesperascente
3415 414 3538 487 jam
3576 413 3687 485 die,

374 529 661 603 changelos
705 545 771 585 eo
820 527 968 600 quod
1015 527 1148 598 ipsis
1188 525 1390 599 angelis
1434 523 1681 597 praesint,
1732 522 1973 579 nominis

377 623 547 696 ipsius
581 623 885 698 proprietas
906 621 1087 678 docet.
1119 614 1145 652 ¹³
1174 617 1590 679 Dominationes
1623 617 1785 673 etiam
1807 615 1877 672 ab
1906 632 1972 673 eo

372 718 520 788 quod
550 717 874 788 quibusdam
898 714 1282 783 dominentur;
1312 717 1337 746 ο
1362 712 1691 785 principatus
1729 726 1972 783 quoque,

374 807 521 879 quod
569 807 821 863 habeant
865 821 1099 878 quorum
1151 806 1264 862 sint
1314 805 1599 877 principes.
1630 805 1657 840 α
1708 806 1776 859 Et
1798 803 1973 867 sedes,

381 900 529 973 quod
576 901 649 957 ita
704 902 908 957 scilicet.
941 905 1058 957 Deo
1087 900 1422 968 cohaereant,
1448 908 1501 955 et
1526 898 1839 955 domestica:
1869 897 1979 952 sint

377 995 425 1051 ei
467 1011 533 1051 ac
579 994 901 1064 familiares,
944 995 1089 1051 utin
1124 994 1254 1067 ipsis
1296 994 1439 1050 velut
1485 995 1542 1050 in
1572 992 1807 1066 quadam
1853 991 1978 1048 sede

376 1087 565 1146 divina
596 1091 848 1163 majestas
891 1089 1220 1162 peculiarius
1263 1089 1586 1160 requiescat,
1621 1095 1677 1142 et
1705 1084 1975 1159 quodam-

380 1182 548 1239 modo
573 1185 630 1239 in
658 1184 736 1239 eis
761 1184 973 1239 ﬁrmius
1002 1182 1317 1238 reclinetur.

956 1286 1205 1340 CAPUT
1245 1284 1399 1338 XVI.

380 1383 454 1435 De
493 1382 816 1451 subjectione
862 1382 1189 1506 dwmonuml;
1228 1396 1390 1449 quam
1425 1382 1538 1435 suis
1575 1380 1979 1449 principatibus

1042 1468 1155 1506 prce
1191 1457 1299 1505 ent.

1040 1468 1299 1520 praebent.

454 1562 475 1589 ο
524 1555 661 1626 Regi
699 1563 884 1609 autem
931 1552 1252 1608 immundos
1279 1552 1505 1623 spiritus
1546 1567 1577 1607 a
1621 1551 1981 1622 aequioribus

382 1648 756 1719 potestatibus,
805 1648 989 1719 eisque
1032 1645 1277 1702 subditos
1310 1661 1428 1701 esse
1448 1688 1462 1716 ,
1494 1654 1693 1718 praeter
1721 1645 1810 1700 illa
1841 1644 1980 1700 Scri-

382 1750 668 1812 pturarum
713 1740 1019 1795 testimonia
1059 1755 1183 1811 qua:
1226 1739 1280 1794 in
1327 1739 1624 1811 Evangeliis
1656 1754 1875 1811 quoque
1903 1756 1985 1795 ca-

2080 527 2299 575 antrum
2342 514 2619 588 quoddam
2654 510 2954 584 reperiens,
2994 507 3193 565 ibidem
3226 507 3503 576 substitit,
3532 516 3559 552 ε
3591 523 3687 565 ve-

2080 613 2381 685 spertinam
2401 608 2589 665 volens
2616 608 2671 663 in
2693 621 2759 663 eo
2787 602 3045 678 synaxim
3079 602 3377 658 celebrare.
3408 601 3523 658 Ubi
3552 600 3692 659 dum

2084 708 2326 780 psalmos
2367 720 2440 761 ex
2482 718 2639 760 more
2685 700 2959 766 decantat,
3008 705 3231 769 tempus
3275 696 3479 754 mediae
3515 698 3692 755 noctis

2084 800 2336 858 excessit.
2378 798 2623 869 Cumque
2656 795 2807 851 ﬁnita
2848 792 3201 851 solemnitate
3243 790 3544 849 refecturus
3579 792 3686 850 las-

2085 911 2209 952 sum
2234 908 2433 965 corpus
2456 891 2737 964 paululum
2776 887 3084 955 resedisset,
3105 893 3337 958 repente
3384 887 3551 958 erepit
3594 902 3692 943 ca-

2087 997 2266 1044 tervas
2309 986 2626 1043 daemonum
2667 982 2905 1054 undique
2944 979 3342 1037 conﬂuentium
3371 980 3693 1037 innumera—

2086 1082 2222 1138 biles
2251 1080 2473 1143 intueri,
2502 1093 2623 1150 quae
2643 1075 2849 1132 inﬁnita
2880 1073 3279 1145 constipatione
3306 1080 3463 1144 atque
3491 1072 3690 1131 ordine

2086 1174 2402 1249 longissimo
2454 1172 2804 1246 procedentes
2834 1210 2850 1239 ,
2887 1168 3008 1225 aliae
3068 1166 3341 1240 praeibant
3381 1167 3690 1239 principem
3728 1238 3747 1255 ο

2086 1286 2267 1339 suum,
2299 1270 2416 1326 aliae
2451 1267 2837 1341 sequebantur.
2880 1264 2982 1334 Qui
3020 1262 3245 1319 tandem
3298 1261 3590 1334 aliquando
3636 1272 3693 1319 et

2084 1363 2459 1438 magnitudine
2517 1361 2794 1434 procerior
2840 1358 3074 1427 cunctis,
3122 1364 3176 1412 et
3216 1364 3442 1428 aspectu
3476 1357 3692 1413 terribi-

2086 1458 2210 1526 lior,
2242 1456 2483 1524 advenit,
2515 1473 2580 1512 ac
2619 1454 2794 1527 posito
2822 1454 2961 1511 solio
3000 1469 3128 1509 cum
3167 1452 3222 1506 in
3253 1450 3516 1508 tribunali
3560 1468 3694 1524 quo-

2089 1553 2217 1609 dam
2246 1550 2644 1606 sublimissimo
2682 1547 3050 1615 consedisset,
3082 1546 3506 1618 uniuscujusque
3533 1553 3694 1602 actus

2090 1645 2333 1717 diligenti
2363 1644 2533 1715 coepit
2562 1642 2961 1707 examinatione
2997 1639 3295 1708 discutere,
3330 1639 3559 1711 illosque
3589 1640 3689 1712 qui

2093 1738 2327 1794 necdum
2353 1753 2411 1794 se
2438 1736 2834 1793 circumvenire
2863 1735 3096 1790 aemulos
3124 1749 3252 1789 suos
3277 1728 3519 1805 potuisse
3547 1732 3701 1789 dice-

384 1831 780 1887 lumniantibus
827 1830 1148 1896 Pharisaeis,
1182 1828 1405 1884 Domini
1434 1828 1661 1901 legimus
1686 1829 1989 1902 responsio-
2024 1832 2264 1927 Bbant,
2322 1832 2469 1888 velut
2523 1831 2722 1887 inertes
2784 1830 3113 1903 ignavosque
3168 1845 3199 1883 a
3256 1835 3541 1899 conspectu
3593 1844 3699 1884 suo

385 1942 454 1983 ne
484 1925 752 1998 descripta
787 1945 799 1978 :
845 1928 907 1981 Si
934 1942 1023 1994 ego
1064 1928 1120 1978 in
1172 1925 1461 1980 Beelzebub
1498 1926 1747 1995 principe
1791 1925 1992 1979 (Immo-

386 2023 602 2076 niorum
636 2021 789 2090 ρ]ιόἰο
831 2021 1092 2074 dcemones
1125 2019 1351 2090 (Matth.
1389 2031 1476 2072 χιι
1500 2017 1517 2086 )
1544 2036 1562 2083 ;
1594 2018 1758 2072 etiam
1786 2018 1989 2089 perspi-

387 2121 509 2172 cu'zn
538 2114 769 2170 visiones
814 2122 866 2168 et
917 2113 1288 2183 experimenta
1325 2119 1638 2167 sanctorum
1673 2112 1843 2167 multa
1884 2128 1988 2169 nos

388 2209 633 2265 edocent.
673 2208 690 2241 τ
738 2209 879 2262 Nam
920 2220 1046 2259 cum
1094 2219 1234 2260 unus
1278 2220 1341 2259 ex
1390 2201 1651 2260 fratribus
1690 2206 1896 2261 nostris
1920 2206 1987 2260 'in

2103 1943 2230 1982 cum
2280 1933 2411 1981 nota
2456 1932 2510 1980 et
2561 1923 2757 1997 injuria
2802 1924 3028 1996 jubebat
3074 1922 3294 1994 expelli,
3338 1922 3500 1994 spatia
3552 1923 3698 1978 tanti

2099 2019 2361 2090 temporis
2381 2027 2435 2075 et
2452 2034 2591 2091 opus
2606 2018 2842 2073 inaniter
2854 2032 3148 2089 expensum
3171 2032 3297 2072 cum
3317 2014 3532 2072 fremitu
3549 2016 3696 2072 iuro-

2098 2115 2175 2170 ris
2207 2113 2559 2185 exprobrans.
2605 2113 2727 2169 lllos
2764 2128 2910 2180 vero,
2942 2111 3033 2183 qui
3066 2127 3122 2167 se
3152 2111 3482 2167 nuntiabant
3520 2111 3702 2167 consi-
3760 2152 3767 2159 .

2101 2217 2293 2280 gnatos
2345 2208 2565 2263 sibimet
2611 2206 2907 2279 decepisse,
2957 2204 3188 2262 summis
3258 2203 3511 2260 laudibus
3575 2220 3702 2260 cum

1494 2311 1749 2385 ALARDI
1786 2332 2010 2386 eam
2049 2332 2606 2388 COMMENTARIUS.

390 2448 522 2500 tiam
548 2460 715 2513 supra
738 2459 1059 2497 communem
1082 2445 1576 2510 manifestationem
1594 2445 1788 2513 addit;
1807 2452 1855 2500 et
1876 2448 1993 2501 ideo

392 2534 424 2569 (ι
464 2518 699 2585 simplici
734 2517 1179 2581 mani/’estatione
1208 2518 1512 2569 nominatur
1544 2536 1559 2570 :
1589 2522 1639 2571 et
1684 2520 1761 2571 sic
1805 2535 1994 2572 nomen

392 2603 664 2642 commune
690 2591 927 2640 remanet
966 2588 1148 2654 inﬁmo
1180 2588 1382 2647 ordini,
1414 2590 1572 2655 quasi
1594 2592 1896 2658 proprium,
1934 2596 1996 2643 ut

393 2660 527 2713 dicit
554 2661 842 2726 Dionysius
886 2673 1003 2726 cap.
1030 2662 1061 2709 5
1085 2659 1268 2713 Caalest
1306 2660 1640 2712 Hierarchia:
1663 2681 1683 2725 ,-
1710 2662 1791 2713 rel
1824 2665 2000 2729 potest

392 2730 502 2783 dici
518 2732 660 2799 quod
680 2733 890 2799 inﬁmus
907 2729 1038 2782 ordo
1059 2729 1362 2799 specialiter
1391 2730 1595 2783 dicitur
1619 2732 1747 2785 ordo
1776 2733 1995 2800 angelo-

391 2818 531 2864 rum,
556 2805 685 2871 quia
714 2802 1021 2855 immediate
1046 2802 1194 2854 nobis
1224 2804 1574 2855 unnuntiant.

462 2876 486 2905 ³
506 2873 830 2943 Archangeli
853 2871 1149 2926 secundum
1180 2872 1500 2943 Dionysium
1526 2874 1763 2941 (Dionys.
1792 2874 1991 2941 Areop.

393 2944 596 3000 Crelest.
630 2942 914 2998 Ilierareh.
959 2959 1002 2995 c.
1036 2943 1095 3011 9)
1128 2942 1293 2996 medii
1325 2942 1452 2996 sunt
1494 2942 1635 2996 inter
1664 2943 1996 3011 principatus

395 3022 448 3084 et
467 3015 714 3084 angelos.
754 3013 997 3084 Medium
1027 3022 1209 3065 autem
1231 3019 1607 3084 comparatum
1632 3012 1724 3066 uni
1751 3021 1994 3067 extremo

393 3081 604 3137 videtur
655 3083 908 3147 alterum,
971 3081 1039 3151 in
1076 3090 1344 3149 quantum
1407 3082 1695 3151 participat
1745 3092 1995 3138 naturam

395 3152 674 3222 utriusque
700 3170 711 3205 :
736 3153 877 3205 sicut
899 3149 1142 3222 tepidum
1162 3149 1582 3222 respectu'calidi
1600 3149 1677 3207 est
1700 3151 1957 3222 frigidum
1981 3178 1993 3219 ς

397 3196 643 3295 ιίςςρερῖιι
682 3196 1021 3295 verofrigidi
1048 3230 1134 3295 est
1172 3196 1427 3295 calidum.
1476 3224 1563 3295 Sic
1599 3233 1652 3279 et
1692 3196 1996 3295 arata-aged

395 3291 650 3374 dicantur
683 3293 833 3374 quasi
864 3291 1157 3374 prrincipes
1186 3292 1378 3364 angeli,
1402 3294 1525 3364 quia
1552 3304 1794 3374 respectu
1831 3291 1999 3374 ange-

396 3364 577 3419 lorum
622 3363 750 3437 sunt
801 3363 1103 3437 principes;
1135 3363 1382 3435 respectu
1418 3363 1553 3421 vero
1593 3363 1998 3437 principatuiim

396 3445 524 3490 sunt
580 3435 1111 3507 angeli.Secundu_m
1143 3437 1469 3507 Gregorium
1518 3435 1701 3493 autem
1747 3435 2000 3501 dicuntur

396 3507 702 3581 archangeli
732 3523 792 3581 es
816 3523 879 3561 eo
915 3505 1064 3577 quod
1096 3505 1467 3581 principantur
1499 3510 1598 3565 soli
1629 3509 1803 3565 ordini
1830 3526 1999 3581 ange-

399 3577 800 3652 lorum,’quasi_
814 3593 1017 3652 magna
1062 3579 1391 3652 nuntiantes.
1431 3583 1527 3634 Est
1555 3581 1871 3652 tamenhoc
1902 3577 1999 3652 pc-

399 3647 603 3722 culiare
638 3651 701 3702 B.
750 3647 1392 3722 Michaeliarchangelo,
1441 3651 1590 3722 quod
1632 3647 2000 3722 Archangélus

401 3716 630 3792 dicitur,
683 3732 794 3792 non
823 3717 967 3787 quod
988 3718 1065 3792 _sit
1094 3719 1159 3771 de
1183 3719 1372 3792 ordine
1401 3716 1877 3792 arcliangelorum,
1902 3724 1996 3778 sed

402 3788 814 3862 quia‘omnimn
844 3787 1166 3862 angelorum
1187 3791 1360 3858 caput
1378 3798 1435 3862 et
1453 3787 1701 3862 princeps
1736 3793 1789 3847 in
1820 3793 1997 3848 locum

403 3857 642 3934 Luciferi
666 3859 1027 3934 sublimatus;
1058 3859 1201 3934 unde
1228 3857 1281 3913 et
1318 3857 1571 3917 Ecclesia}
1592 3857 1689 3917 Dei
1720 3872 2002 3934 protector

402 3929 633 4005 habetur
656 3936 672 3995 (
694 3932 893 4005 Melan.
929 3930 1021 3983 lib.
1053 3945 1111 3984 III
1132 3932 1197 4005 de
1220 3934 1425 4005 Rictur,
1459 3949 1575 4005 cap.
1602 3938 1668 3990 39
1694 3929 1733 4005 )I

472 4004 497 4036 ι’
527 4002 746 4078 Primus
787 4000 925 4078 ordo
965 4002 1217 4078 secundae
1253 4000 1592 4078 trierarchi—te,
1641 4000 1905 4078 Dionysio
1948 4016 2001 4062 et

406 4074 677 4148 Gregorio
707 4074 761 4148 in
805 4072 908 4126 hoc
951 4074 1435 4148 consentientibus,
1475 4072 1584 4132 sed
1612 4077 1727 4148 ejus
1767 4072 2002 4148 appella-

399 4144 595 4221 tionis_
609 4144 1025 4221 _rationem_non
1070 4161 1233 4221 uuam
1262 4146 1621 4221 eamdemque
1639 4144 1653 4148 ⁷
1667 4144 1999 4221 θεδίεζιὶῑωῐὶ-

405 4215 531 4270 bus.
565 4216 654 4271 Sic
700 4217 842 4269 enim
876 4215 1168 4286 Dionysius
1200 4232 1321 4286 cap.
1347 4223 1380 4270 8
1405 4215 1623 4274 Coelest.
1662 4215 1945 4275 Hicfarch.
1984 4242 1997 4275 :

403 4288 721 4343 Sanctorum
762 4288 1195 4341 dominationum
1216 4291 1375 4357 pleno
1414 4294 1661 4358 mysterii
1686 4295 1893 4345 nomine
1920 4295 2002 4346 si-

401 4360 651 4432 gniﬁcari
683 4358 916 4432 arbitror
953 4360 1224 4411 celsiorem
1264 4362 1676 4429 intelligentiam
1708 4365 2002 4432 quamdam

403 4430 561 4503 totius
585 4429 861 4503 servitutis
882 4429 1150 4493 ignaram,
1173 4433 1422 4503 omnique
1449 4429 1795 4487 submissidne
1815 4438 2002 4503 inﬁma

405 4496 646 4557 liberam,
678 4497 922 4563 nullique
960 4502 1255 4564 tyrannicw
1280 4496 1721 4557 dissimilitudini
1746 4507 1854 4560 ullo
1874 4496 1998 4560 'mo-

405 4566 474 4620 do
496 4568 723 4644 seipsam
738 4567 860 4633 subj
868 4569 1125 4644 terentem,
1149 4578 1250 4644 etc.
1286 4570 1371 4625 Sic
1396 4572 1708 4644 Dionysius,
1732 4577 1998 4630 rationem

2104 2450 2387 2517 spiritibus
2422 2451 2702 2515 prwsunt:
2736 2449 2835 2515 qui
2870 2445 3121 2513 subjectis
3161 2445 3289 2497 aliis
3322 2445 3453 2497 dum
3478 2460 3704 2513 qzueque

2104 2524 2227 2573 sunt
2255 2520 2464 2587 agenda
2500 2519 2816 2587 disponunt,
2844 2520 2918 2571 eis
2939 2517 3011 2570 ad
3040 2517 3306 2584 ea'plenda
3327 2517 3511 2570 divina
3533 2519 3705 2569 mini-

2105 2593 2270 2643 steria
2295 2586 2700 2659 principantur.
2739 2587 2883 2658 Quid
2911 2603 3075 2659 porro
3099 2587 3430 2641 discriminis
3463 2586 3533 2641 sit
3562 2587 3705 2659 inter

2102 2660 2220 2715 lucc
2259 2657 2523 2715 vocabula
2553 2657 3016 2724 dominationum,
3044 2666 3379 2728 potestatum
3410 2666 3466 2712 et
3502 2657 3705 2728 princi-

2101 2740 2327 2802 patuum
2355 2733 2405 2786 in
2433 2730 2652 2802 angelis,
2678 2730 2814 2793 vide,
2849 2730 2891 2784 si
2917 2730 3084 2797 lubet,
3108 2728 3251 2800 apud
3277 2737 3529 2783 sanctum
3550 2728 3707 2784 Tho-

2105 2818 2252 2857 mam
2275 2807 2362 2872 (q.
2402 2808 2524 2865 108,
2546 2820 2598 2856 a.
2632 2807 2665 2857 5
2696 2803 2770 2856 ad
2797 2806 2888 2866 3).

2172 2874 2198 2907 ά
2236 2871 2380 2928 Alias
2408 2873 2615 2934 throni,
2665 2873 2757 2944 qui
2802 2880 3140 2944 postremum
3182 2886 3453 2944 supraeme
3489 2871 3705 2927 trierar—

2102 2943 2239 2998 cliiaz
2258 2944 2505 2999 ordinem
2537 2942 2849 3014 complent;
2890 2942 2956 2998 de
2983 2944 3179 3013 quibus
3208 2943 3488 3014 Dionysius
3510 2958 3632 3013 cap.
3670 2948 3705 2995 7

2103 3015 2321 3070 C(elest.
2349 3013 2684 3069 Hierarcliizc
2711 3036 2723 3069 :
2753 3016 3185 3075 Altissimarum,
3222 3013 3412 3084 inquit,
3445 3019 3493 3067 et
3522 3015 3707 3068 eleua-

2105 3092 2279 3139 tarum
2317 3088 2524 3140 sedi-um
2559 3089 2767 3140 nomine
2803 3087 2925 3139 illas
2959 3086 3027 3139 ab
3058 3087 3206 3138 omni
3242 3088 3443 3138 terreni
3469 3086 3708 3151 affectus

2106 3158 2410 3212 humilitate
2431 3160 2732 3227 longissime
2754 3162 2984 3211 remotas
3010 3172 3137 3218 esse,
3157 3172 3480 3225 sursumque
3519 3158 3596 3210 ad
3617 3173 3707 3210 ar-

2108 3230 2219 3282 dua
2246 3230 2547 3283 inviolabili
2568 3229 2744 3283 studio
2766 3231 2913 3296 ferri
2930 3229 3233 3293 edocemur;
3253 3228 3381 3281 dum
3405 3229 3508 3281 illa:
3526 3228 3595 3282 ab
3618 3230 3705 3282 in-

2106 3302 2249 3369 ﬁmis
2273 3303 2518 3355 omnibus
2534 3303 2665 3369 jugi
2682 3302 2973 3354 intentione
2994 3300 3282 3360 distinctae,
3305 3316 3367 3353 ac
3391 3302 3529 3353 circa
3551 3300 3707 3353 illum

2110 3374 2206 3441 qui
2232 3388 2349 3425 rere
2363 3373 2598 3426 eacoelsus
2618 3376 2695 3426 est
2717 3373 2839 3425 totis
2865 3371 3069 3424 riribus
3098 3376 3400 3424 inconcusse
3418 3371 3707 3425 stabiliter-

2107 3460 2207 3511 que
2229 3444 2428 3506 locatm,
2455 3444 2695 3497 divinum
2719 3443 3007 3497 adventum
3030 3442 3229 3510 absque
3246 3443 3409 3495 ullius
3419 3442 3710 3510 perturba-

2109 3516 2269 3567 tionis
2298 3516 2672 3583 impedimento
2700 3516 2999 3583 suscipiunt
3022 3532 3037 3576 ;
3071 3516 3343 3583 Deumque
3364 3517 3592 3579 ferentes
3620 3513 3711 3567 ob-

2107 3601 2231 3652 sequ
2242 3587 2281 3637 ii
2295 3586 2567 3641 devotione
2589 3586 2662 3639 ad
2686 3587 2856 3654 ipsius
2871 3585 3238 3654 percipiendas
3251 3587 3489 3651 fulgores
3503 3599 3715 3654 semper

2104 3659 2317 3724 patent.
2354 3655 2646 3727 Gregorius
2691 3672 2817 3710 vero
2850 3673 2864 3709 :
2901 3658 3120 3717 Thrcmi,
3152 3655 3329 3724 inquit
3362 3656 3457 3708 illa
3481 3659 3711 3723 agmina

2108 3730 2233 3780 sunt
2254 3731 2462 3787 vocata,
2486 3728 2682 3795 quibus
2706 3728 2781 3781 ad
2801 3728 3093 3781 emercénda
3107 3727 3314 3794 judicia
3329 3742 3538 3793 smnper
3564 3731 3717 3782 Deus

2108 3799 2435 3866 omnipotens
2448 3799 2721 3866 priesidet.
2742 3800 2881 3865 Quia
2898 3801 3039 3852 enim
3056 3800 3255 3851 thronos
3276 3798 3465 3850 Latino
3481 3796 3710 3865 eloquio

2107 3868 2253 3922 sedes
2277 3869 2526 3939 dicimus,
2560 3871 2741 3923 throni
2771 3872 2868 3923 Dei
2897 3871 3032 3923 dicti
3047 3875 3171 3922 sunt
3190 3869 3243 3921 hi
3257 3869 3348 3936 qui
3376 3870 3525 3939 tanta
3554 3866 3714 3920 dini-

2108 3942 2301 3993 nilatis
2332 3937 2514 4009 gratia
2540 3942 2833 4010 replentur,
2866 3945 2927 3995 ut
2955 3944 3011 3995 in.
3039 3943 3113 3993 eis
3152 3941 3402 3994 Dominus
3429 3937 3620 3991 sedeat
3659 3944 3717 3993 et

2104 4027 2203 4081 per
2228 4027 2309 4065 eos
2332 4028 2427 4066 sua
2441 4012 2657 4080 judicia
2685 4015 2933 4067 decernat
2964 4032 2974 4066 :
3010 4012 3152 4064 unde
3176 4016 3224 4064 et
3240 4026 3335 4079 per
3363 4011 3711 4064 Psalmistam

2108 4084 2309 4137 dicitur
2338 4103 2354 4137 :
2381 4085 2538 4139 Sedes
2563 4101 2721 4155 super
2750 4085 3020 4150 thronum,
3043 4085 3141 4151 qui
3158 4083 3375 4151 judicas
3397 4083 3709 4150 (equitatem

2141 4156 2287 4208 Psal.
2321 4156 2437 4209 le.

2141 4156 2287 4208 Psal.
2321 4170 2383 4209 Ix
2426 4197 2437 4209 .

2110 4158 2127 4220 (
2181 4234 2201 4259 ο
2237 4228 2362 4280 Esse
2395 4155 2538 4281 Anim
2578 4224 2635 4279 in
2665 4224 3003 4281 daemonibus
3023 4223 3291 4294 quosdam
3321 4224 3631 4294 superiores
3654 4231 3709 4278 et

2110 4296 2245 4351 alios
2289 4296 2597 4366 inferiores.
2637 4298 2882 4366 superius
2924 4296 3221 4352 indicatum
3267 4304 3351 4349 est
3412 4297 3566 4365 (Cap.
3617 4299 3709 4360 8),

2111 4367 2336 4447 ejusque
2353 4365 2731 4447 inaequalitatis
2757 4376 2811 4422 et
2840 4366 3205 4422 distinctionis
3224 4365 3419 4437 duplex
3448 4367 3589 4447 ratio
3617 4380 3711 4447 as-

2110 4437 2317 4506 signata
2350 4456 2362 4491 :
2393 4438 2540 4508 prior
2567 4452 2629 4490 ex
2662 4438 2905 4508 ipsorum
2928 4447 3141 4505 natura,
3174 4453 3339 4508 quam
3362 4453 3476 4491 non
3500 4437 3701 4491 habent

2110 4523 2303 4563 omnes
2351 4507 2638 4579 aequalem,
2671 4507 2764 4564 Sed
2809 4510 2900 4565 alii
2927 4510 3044 4564 aliis
3087 4507 3497 4578 perfectiorem,
3540 4523 3708 4579 quam

2109 4595 2256 4652 nece:
2268 4595 2325 4634 se
2347 4577 2433 4635 est
2458 4577 2744 4652 inferiores
2769 4596 2798 4635 a
2823 4577 3195 4652 superioribus
3210 4580 3327 4652 regi
3354 4580 3537 4649 eisque
3557 4577 3703 4652 sub-

669 4638 1175 4733 Mabmipsla
1221 4640 1429 4720 interna
1476 4636 1815 4733 perfect'i'one‘
1840 4646 1999 4727 hujus
2024 4650 2073 4710 D
2104 4650 2245 4705 ditos
2282 4666 2397 4705 esse
2428 4669 2441 4733 ξ
2481 4650 2647 4732 altera
2688 4667 2753 4707 ex
2795 4636 3066 4733 ipsbrum_
3095 4636 3310 4733 maliti;
3337 4660 3395 4705 et
3442 4636 3706 4721 nequitia,

405 4707 635 4782 ordinis,
667 4717 729 4782 ut
753 4707 956 4763 dictum
998 4707 1097 4764 est}
1134 4710 1435 4782 Gregorius
1476 4707 1604 4768 'vero
1629 4715 1696 4770 ab
1727 4707 2001 4772 exteriore

404 4780 740 4836 ministerio:
758 4783 1181 4857 Dominationes,
1201 4780 1402 4857 inquit,
1426 4791 1704 4854 cocuntur,
1726 4790 1823 4857 qui
1839 4792 1999 4844 etiam

398 4857 690 4922 potestates
717 4855 1061 4923 principatus
1099 4855 1556 4911 dissimilitudine
1578 4860 1690 4913 alta
1723 4855 2000 4915 transcen-

406 4924 559 5000 dunt.
592 4927 1066 5000 Namprincipari
1092 4928 1328 5000 estinter
1357 4929 1588 4998 reliquos
1611 4934 1849 5000 priorem
1878 4936 1999 4988 eri-

406 4997 545 5074 s‘tere
562 5011 587 5061 ;
596 4994 873 5074 dominari
885 5012 1004 5074 rero
1028 5002 1103 5050 est
1117 4999 1279 5051 etiam
1296 4994 1557 5074 subjectos
1577 4994 1812 5073 quosque
1830 5008 1998 5074 possi-

406 5064 557 5119 dere.“
586 5067 666 5144 Ea
696 5081 820 5144 ergo
847 5069 1157 5144 angelorum
1186 5064 1428 5137 agmina,
1456 5064 1743 5142 queo-mira
1761 5064 2002 5144 potentia

397 5138 768 5206 prceeminent,
796 5152 893 5205 pro
923 5153 978 5190 eo
1015 5141 1157 5206 quod
1190 5144 1262 5195 eis
1304 5138 1495 5198 ecetera
1542 5147 1616 5200 ad
1648 5138 1998 5203 obedientium

403 5208 642 5277 subjecta.
671 5213 816 5270 sunt,
857 5211 1239 5263 Dominationes
1255 5220 1529 5269 vocantur.

475 5288 494 5312 ο
542 5279 757 5352 Primus
809 5277 897 5332 hic
935 5279 1072 5352 ordo
1102 5281 1286 5352 tertia:
1322 5282 1655 5352 hierarchim,
1700 5295 1761 5343 ut
1789 5287 1998 5344 dictum

402 5354 505 5429 est,
543 5349 845 5431 secundum
888 5350 1231 5431 Dionysium,
1286 5370 1404 5431 non
1435 5349 1994 5431 secundum_Grego-

402 5420 570 5493 rium.
602 5421 743 5475 Nam
776 5420 1073 5493 Dionysius
1105 5423 1335 5480 collocat
1357 5425 1586 5483 virtutes
1612 5428 1713 5483 sub
1742 5420 1996 5486 domiﬁa-

403 5489 733 5571 tionibus__et
769 5489 937 5565 supra
963 5502 1291 5571 potestates;
1324 5497 1650 5571 principatus
1677 5507 1864 5571 autem
1893 5502 1997 5558 sub

403 5563 764 5643 potestatibus
805 5563 859 5621 et
904 5581 1065 5643 supra
1106 5563 1832 5643 arcliang'elos._'Gregorius
1866 5589 1995 5630 vero

400 5635 556 5715 ponit
586 5635 918 5715 principatus
944 5635 996 5715 in
1021 5636 1207 5715 medio.
1228 5635 1675 5697 dominationum
1700 5651 1753 5698 et
1768 5652 1997 5714 potesta-

399 5709 519 5787 tum
548 5723 564 5770 ;
594 5708 818 5787 virtutes
836 5723 964 5787 vero
984 5708 1038 5787 in
1064 5708 1247 5787 medio
1271 5718 1598 5787 potestatum
1620 5721 1674 5769 et
1684 5708 1991 5787 archange-

397 5772 599 5855 lorum.
625 5776 878 5855 Nominis
902 5786 1091 5855 autem
1112 5772 1378 5855 rationem
1401 5782 1474 5837 ita
1501 5784 1723 5855 exponit
1755 5805 1766 5841 :
1798 5772 1988 5842 Princi-

389 5850 558 5916 putus
612 5854 888 5914 vocantur,
925 5851 1022 5918 qui
1068 5851 1201 5919 ipsis
1245 5868 1452 5923 quoque
1491 5850 1636 5912 bonis
1680 5860 1994 5929 angelorum

2109 4737 2232 4848 quae
2266 4721 2501 4792 postulat
2529 4730 2590 4777 ut
2627 4722 2768 4777 inter
2797 4723 2941 4848 ipsos
2971 4721 3104 4778 ordo
3135 4721 3356 4792 quidam
3397 4729 3451 4776 et
3474 4735 3710 4776 concor-

2148 4793 2195 4847 ia
2224 4801 2487 4848 servetur.
2513 4802 2574 4848 ut
2597 4792 2801 4848 homini
2849 4810 2910 4848 us
2934 4803 3199 4848 noceant:
3225 4801 3283 4847 ut
3303 4792 3496 4847 docuit
3516 4799 3709 4847 auctor

2148 4793 2195 4847 ia
2224 4801 2487 4861 servetur,
2513 4802 2574 4848 ut
2597 4792 2910 4849 hominibus
2934 4803 3199 4859 noceant;
3225 4801 3283 4847 ut
3303 4792 3496 4847 docuit
3516 4799 3709 4847 auctor

2109 4864 2401 4936 collatione
2442 4864 2761 4936 praecedenti
2790 4865 2948 4936 (Cap.
2981 4870 3068 4928 9).
3113 4869 3299 4934 Neque
3329 4863 3414 4918 his
3450 4862 3705 4936 adyersag

2109 4942 2198 4991 tur
2246 4934 2392 5006 quod
2431 4933 2575 5007 apud
2610 4933 2811 4991 inferos
2848 4933 3028 4990 nullus
3064 4933 3269 4991 dicitur
3302 4951 3410 5007 esse
3438 4935 3581 5001 ordo,
3602 4933 3709 5007 sed

2111 5003 2969 5083 δεηηῆζενηῃέήοννον(λψρ-Ιχ).
3006 5007 3153 5062 Ordo
3185 5007 3327 5062 inter
3351 5006 3500 5078 ipsos
3525 5003 3707 5083 nullus

2111 5070 2311 5149 estqui
2356 5078 2423 5133 ad
2452 5070 2715 5149 alternam
2752 5070 3065 5134 felicitatem
3095 5085 3322 5149 spectet,
3371 5070 3715 5149 autaliqnitf

2109 5147 2352 5205 conferat
2380 5167 2395 5216 ;
2423 5158 2509 5221 est
2526 5148 2881 5221 nihilominus
2904 5149 3039 5205 ordo
3065 5147 3371 5221 potestatis.
3405 5147 3499 5221 qui
3523 5153 3574 5221 et
3605 5159 3713 5201 na-

2109 5228 2251 5277 tura?
2280 5220 2704 5292 inaequalitatem
2738 5218 3110 5292 consequitur,
3146 5230 3201 5277 et
3236 5235 3402 5291 quem
3420 5218 3505 5275 'ad
3524 5218 3716 5274 bonos

2108 5291 2439 5347 exercendas
2493 5299 2548 5346 et
2599 5292 2769 5349 malos
2817 5291 3152 5364 torquendos
3205 5295 3352 5348 Deus
3384 5301 3496 5363 opt.
3552 5304 3708 5344 max.

2108 5362 2213 5418 illis
2250 5361 2510 5418 attribuit.

2106 5362 2213 5418 illis
2250 5361 2510 5418 attribuit.

2179 5433 2197 5467 τ
2220 5433 2401 5489 Habes
2449 5433 2555 5490 hoc
2598 5435 2927 5506 exemplum
2970 5435 3024 5490 in
3066 5436 3205 5492 Vitis
3254 5438 3477 5506 Patrum
3509 5431 3601 5506 lib.
3635 5445 3714 5506 iv

2106 5520 2223 5577 cap.
2253 5510 2321 5560 54
2352 5520 2515 5579 novre
2549 5501 2817 5579 editionis,
2839 5506 3096 5579 aliudque
3125 5506 3302 5579 simile
3327 5505 3423 5560 lib.
3455 5519 3494 5558 v
3518 5501 3717 5558 libello

2106 5580 2161 5644 5,
2193 5585 2247 5632 et
2266 5576 2408 5649 apud
2434 5579 2502 5632 D.
2536 5578 2859 5649 Gregorium
2883 5578 2973 5635 lib.
2994 5576 3071 5634 in
3098 5578 3305 5649 Dialog.
3334 5592 3455 5648 cap.
3485 5582 3538 5649 ἶ.

2173 5657 2200 5693 8
2246 5646 2313 5705 Id
2360 5657 2441 5705 est
2470 5646 2883 5721 ,vespértinum
2922 5648 3186 5721 ofﬁcium,
3232 5646 3329 5704 seu
3373 5646 3709 5721 orationem,

2102 5718 2242 5792 alias,
2270 5718 2633 5792 vespertinam
2662 5720 3065 5778 solemnitatem
3098 5741 3111 5775 :
3144 5720 3210 5776 de
3236 5718 3496 5792 quagvide
3522 5727 3715 5775 notam

2102 5789 2170 5846 ad
2214 5791 2307 5846 lib.
2344 5789 2393 5847 ii
2420 5792 2598 5867 instit:
2631 5808 2750 5867 cap.
2793 5798 2881 5849 10.
2929 5796 3196 5867 Vesperas
3238 5789 3409 5849 modo
3446 5802 3712 5849 vocamus

2104 5876 2210 5917 una
2249 5878 2375 5918 cum
2405 5862 2796 5935 Completorio.
