4048 6208
368 297 484 361 749

1011 294 1348 351 COLLATIO
1388 297 1529 353 Vlll.
1569 327 1641 339 —
1678 299 1768 354 DE
1804 297 2334 355 PRINCIPATIBUS
2369 298 2494 355 SEU
2533 297 3065 356 POTESTATIBUS.

3596 308 3705 361 750

318 405 329 415 ’
374 412 726 476 exsultatione
748 433 813 474 ac
840 416 1038 474 favore
1064 427 1412 490 cunctorum,
1440 430 1501 477 ut
1515 420 1844 478 fortissimos
1863 421 1986 479 bel-
2014 426 2065 489 Α
2094 423 2340 493 loquitur
2363 422 2494 492 quia
2524 422 2761 478 mendam
2783 439 2857 486 es,
2886 429 2937 479 et
2973 428 3138 495 pater
3164 423 3280 494 ejus
3321 426 3496 491 (Joan.
3526 431 3697 500 VIII);

379 512 573 571 latores
588 512 656 570 ad
669 512 986 585 exemplum
1006 522 1327 570 cunctorum
1347 515 1774 588 gloriosissimos
1788 532 1978 573 coram

2089 519 2115 549 ³
2146 515 2419 572 Pelusium
2450 516 2621 588 petiit,
2651 516 2747 572 ubi
2785 517 2941 573 illum
2983 533 3152 590 quem
3182 517 3407 590 spiritus
3448 519 3695 578 immun-

380 605 624 663 omnibus
647 604 953 663 emittebat.
991 609 1053 662 ln
1085 623 1321 680 quorum
1339 624 1573 675 numero
1599 626 1730 667 cum
1753 610 1976 683 quidam
2083 607 2188 665 dus
2224 609 2458 665 asseruit
2503 624 2622 667 esse
2676 609 2979 683 dejectum,
3042 620 3269 667 noverat
3334 616 3690 672 commorari.

374 699 745 772 nequissimus
773 699 1017 772 spiritus,
1064 709 1253 773 utpote
1286 688 1583 775 quemdam
1634 704 1981 776 triumphum

380 793 831 851 sublimissimum
861 792 1157 865 delaturos,
1190 796 1373 854 laetior
1410 797 1742 869 advenisset,
1779 814 1983 856 nomen

382 888 643 947 monachi
671 889 876 961 optime
896 889 1101 962 cogniti
1126 890 1451 963 designavit,
1483 906 1728 949 asserens
1756 907 1814 948 se
1858 901 1983 965 post

389 981 698 1054 quindecim
712 997 906 1045 annos,
934 981 1133 1053 quibus
1152 999 1278 1039 eum
1284 983 1491 1056 jugiter
1518 985 1835 1052 obsedisset,
1861 994 1980 1041 tan-

385 1075 508 1131 dem
536 1074 826 1147 aliquando
848 1077 1217 1147 praevaluisse,
1249 1083 1310 1132 ut
1356 1093 1483 1134 eum
1515 1077 1703 1134 eadem
1733 1079 1845 1150 ipsa
1874 1095 1979 1135 no-

307 1246 325 1259 .
376 1176 465 1226 cte
502 1168 657 1225 ruina
681 1167 1061 1226 fornicationis
1089 1169 1319 1226 elideret
1350 1191 1362 1226 :
1406 1187 1540 1227 nam
1582 1187 1708 1228 cum
1742 1171 1981 1245 quadam
2012 1217 2018 1223 .

383 1278 534 1320 sacra
576 1263 753 1335 puella
793 1279 902 1319 non
934 1263 1111 1319 solum
1143 1264 1423 1335 impulisse
1459 1272 1520 1321 ut
1565 1264 1736 1336 stupri
1769 1265 1981 1321 crimen

386 1356 685 1413 incurreret
710 1398 725 1424 ,
781 1355 876 1411 sed
906 1356 1069 1411 etiam
1119 1357 1453 1428 persuasisse
1501 1365 1561 1412 ut
1587 1372 1707 1412 eam
1735 1356 1834 1412 sibi
1852 1356 1980 1428 jure

380 1450 617 1522 conjugii
660 1457 973 1505 retentaret.
1005 1449 1178 1521 Super
1213 1449 1366 1522 cujus
1404 1449 1665 1505 relatione
1709 1466 1835 1505 cum
1866 1451 1977 1507 im-

386 1558 542 1599 mane
579 1551 908 1599 cunctorum
929 1541 1189 1614 gaudium
1215 1540 1403 1598 fuisset
1439 1550 1719 1609 exortum,
1744 1542 1982 1598 summis

382 1652 411 1693 a
438 1636 674 1710 principe
702 1636 1050 1691 tenebrarum
1076 1634 1333 1692 laudibus
1360 1636 1626 1703 elevatus,
1657 1635 1982 1708 magnisque

386 1731 668 1805 praeconiis
699 1739 990 1788 coronatus
1019 1730 1304 1787 abscessit.
1349 1733 1562 1787 Aurora
1584 1731 1768 1804 itaque
1792 1747 1986 1803 super-

2092 704 2220 758 Erat
2267 702 2536 775 siquidem
2596 703 2670 759 illi
2708 702 2871 759 etiam
2903 705 3228 762 notissimus
3271 705 3461 763 frater.
3513 709 3693 778 Quem
3758 767 3768 776 ,

2093 810 2225 851 cum
2251 796 2592 869 requisisset,
2641 798 2843 869 reperit
2867 797 3016 870 quod
3051 798 3243 855 eadem
3270 808 3432 855 nocte
3468 815 3574 871 qua
3608 809 3695 861 te-

2087 890 2345 948 terrimus
2382 891 2473 947 ille
2508 891 2728 949 daemon
2768 892 2986 948 ruinam
3017 894 3134 962 ejus
3183 907 3299 949 suae
3352 893 3566 950 cohorti
3598 896 3687 953 vel

2091 983 2321 1057 principi
2350 984 2720 1052 nuntiaverat,
2754 986 3090 1041 monasterio
3121 986 3350 1057 pristino
3400 986 3660 1045 derelicto

2092 1077 2273 1134 vicum
2340 1079 2619 1150 petiisset,
2659 1080 2730 1147 et:
2773 1095 2902 1135 cum
2944 1079 3220 1152 designata
3276 1082 3455 1154 puella
3505 1081 3673 1141 fuisse

2093 1170 2246 1244 lapsu
2277 1172 2571 1228 miserabili
2595 1171 2902 1228 devolutus.

2659 1311 2899 1367 CAPUT
2936 1313 3120 1367 XVII.

2090 1427 2241 1495 Quod
2254 1428 2481 1495 singulis
2506 1427 2805 1480 hominibus
2821 1427 2925 1480 duo
2946 1442 3150 1496 semper
3161 1428 3346 1496 angeli
3357 1427 3690 1483 adluereant.

2161 1547 2307 1599 Nam
2337 1546 2362 1579 ι’
2378 1543 2525 1615 quod
2552 1543 2842 1615 unicuique
2861 1552 3112 1599 nostmm
3138 1543 3246 1599 duo
3264 1544 3577 1601 cohaereant
3603 1562 3693 1602 an-

2095 1636 2218 1707 geli,
2251 1635 2307 1691 id
2343 1645 2448 1706 est,
2488 1635 2664 1692 bonus
2691 1642 2746 1693 et
2774 1637 2971 1705 malus,
3021 1638 3301 1709 Scriptura
3328 1647 3575 1694 testatur.
3617 1644 3698 1696 De

2098 1729 2261 1786 bonis
2296 1729 2518 1801 quidem
2548 1730 2793 1787 Salvator
2820 1751 2834 1785 :
2880 1735 2955 1789 Ne
2982 1735 3357 1800 contem-natis,
3408 1731 3657 1803 inquiens
3680 1775 3695 1801 ,

384 1826 646 1895 veniente,
666 1841 794 1881 cum
832 1825 1014 1881 omnis
1041 1824 1159 1880 haec
1204 1826 1273 1881 ab
1309 1826 1485 1881 oculis
1536 1825 1841 1882 evanuisset
1868 1824 1987 1881 daa-
2012 1807 2061 1868 B
2095 1840 2265 1878 unum
2288 1840 2355 1877 em
2382 1825 2601 1893 pusillis
2628 1827 2777 1891 istis;
2809 1826 2925 1879 dico
2963 1828 3105 1879 enim
3132 1827 3298 1893 vobis,
3348 1826 3490 1894 quod
3522 1827 3704 1894 angeli

383 1934 611 1976 monum
641 1919 952 1986 multitudo,
974 1917 1231 1973 dubitans
1255 1916 1422 1973 frater
1445 1917 1511 1975 de
1540 1920 1839 1976 assertione
1869 1919 1986 1992 spi-

383 2015 521 2071 ritus
572 2013 866 2080 immundi,
916 2012 1195 2085 magisque
1250 2012 1421 2067 iratus
1458 2013 1608 2083 quod
1635 2014 1819 2069 inolita
1845 2030 1982 2069 con-

378 2107 684 2165 suetudinis
745 2120 862 2161 suae
906 2103 1118 2158 fallacia
1158 2103 1260 2159 sibi
1309 2105 1571 2161 voluisset
1626 2107 1870 2176 illudere,
1934 2116 1988 2163 et

380 2199 660 2256 innocenti
685 2197 837 2253 fratri
854 2199 1068 2256 inurere
1098 2200 1308 2255 crimen
1326 2198 1537 2266 incesti,
1565 2214 1780 2255 memor
1806 2202 1987 2254 Evan-

382 2293 574 2365 gelieaa
586 2294 885 2362 sententia},
904 2294 1052 2365 quod
1082 2298 1136 2349 in
1159 2297 1389 2349 veritate
1418 2297 1706 2357 nonstetit,
1727 2297 1856 2364 quia
1884 2310 1987 2349 non

384 2388 463 2440 est
482 2388 679 2441 veritas
706 2389 761 2440 in
786 2403 870 2456 eo;
891 2403 1007 2441 cum
1024 2388 1267 2457 loquitur
1281 2388 1635 2450 mendacium,
1660 2387 1725 2441 de
1739 2389 1983 2457 propriis

2096 1934 2277 1972 eorum
2305 1920 2519 1972 ineeelis
2538 1934 2743 1988 semper
2766 1920 2951 1973 vident
2969 1921 3165 1985 faciem
3190 1921 3369 1974 Patris
3394 1921 3498 1972 mei
3518 1922 3618 1988 qui
3638 1921 3697 1973 in

2091 2014 2234 2067 cretis
2267 2016 2345 2067 est
2371 2014 2602 2079 (Matth.
2636 2016 2827 2078 xvuu).
2864 2012 3001 2068 illud
3027 2028 3281 2083 quoque:
3318 2015 3577 2069 Immittet
3606 2028 3695 2067 an-

2094 2109 2240 2176 gelus
2261 2108 2480 2161 Domini
2504 2110 2561 2161 in
2583 2109 2812 2162 circuitu
2834 2109 3136 2162 timentium
3155 2124 3298 2172 eum,
3324 2113 3376 2162 et
3399 2110 3588 2177 eripiet
3610 2123 3692 2163 eos

2095 2203 2261 2268 (Psalt
2300 2201 2512 2273 χχχιιι).
2547 2204 2661 2258 Nec
2690 2217 2799 2258 non
2834 2203 3000 2257 etiam
3030 2201 3173 2273 quod
3228 2202 3282 2255 in
3308 2201 3518 2255 actibus
3545 2204 3695 2272 Apo-

2091 2295 2362 2352 stolorum
2411 2295 2479 2352 de
2526 2297 2688 2352 Petro
2727 2296 2930 2353 dicitur
2980 2297 3404 2368 quiarAngelus
3454 2295 3570 2364 ejus
3617 2301 3696 2351 est

2090 2390 2295 2453 (Actor.
2328 2389 2447 2459 xu).
2502 2392 2585 2445 De
2622 2388 2864 2461 utrisque
2889 2404 3024 2446 vero
3051 2398 3073 2425 °
3112 2389 3250 2445 liber
3291 2389 3536 2445 Pastoris
3574 2387 3693 2460 ple—

1478 2541 1734 2596 ALARDI
1773 2542 1997 2596 GAZzEl
2037 2542 2595 2599 COMMENTARIUS.

456 2674 480 2700 δ
534 2664 805 2720 Pelusium
859 2665 1119 2738 oppidum
1174 2666 1226 2720 in
1269 2674 1515 2721 extrema
1544 2668 1758 2738 Egypti
1808 2683 1923 2732 ora,
1958 2683 1988 2722 a

384 2751 496 2807 quo
522 2743 576 2809 et
604 2737 917 2792 extremum
950 2737 1057 2793 Nili
1089 2738 1312 2803 ostium,
1340 2753 1448 2807 quo
1480 2737 1743 2809 Aigyptus
1763 2738 1830 2793 ab
1853 2738 1982 2793 Asia

389 2808 750 2880 terminaturi,
798 2809 1073 2864 Pelusium
1115 2825 1209 2880 seu
1262 2809 1612 2864 Pelusiacum
1662 2809 1983 2880 appellatur.

387 2878 534 2951 Huic?
563 2879 835 2951 Dominus
862 2880 1009 2951 apud
1044 2879 1403 2947 Ezechielem,
1432 2896 1656 2951 gravem
1691 2878 1816 2951 sum
1846 2880 1989 2951 indie

388 2949 672 3020 gnationis
697 2948 1020 3005 effusionem
1048 2948 1457 3016 eomminatur(
1478 2952 1667 3005 Ezech.
1694 2948 1857 3020 xxx);
1893 2950 1985 3006 ubi

387 3012 462 3075 Ῑ).
507 3012 913 3094 Hieronymus:
964 3023 1292 3094 Effundam,
1330 3012 1522 3091 inquit,
1564 3012 1987 3090 indignationem

386 3107 549 3161 super
576 3092 728 3147 SainL
756 3094 929 3157 Quam
949 3106 1042 3144 nos
1059 3093 1117 3143 in
1139 3092 1411 3145 Pelusium
1441 3096 1717 3155 vertimus,
1741 3099 1790 3147 et
1822 3095 1989 3147 robur

387 3164 700 3232 appellatur
720 3164 960 3230 .Egypti,
978 3177 1034 3214 eo
1046 3162 1187 3228 quod
1196 3167 1409 3229 portum
1429 3163 1621 3216 habeat
1639 3166 1985 3226 tutissimum,

390 3239 448 3287 et
490 3234 872 3298 negotiationes
921 3234 1085 3284 maris
1115 3232 1193 3284 ibi
1232 3234 1313 3284 ecl
1344 3236 1577 3285 maxime
1621 3239 1983 3287 exerceantur.

398 3302 549 3357 Unde
573 3306 621 3355 et
640 3306 795 3370 poeta
821 3303 1156 3356 Pelusiacum
1187 3304 1425 3371 appellat
1443 3305 1672 3369 lentem;
1702 3320 1807 3358 non
1846 3307 1989 3373 quod

390 3375 474 3428 ibi
484 3374 755 3440 genushoc
781 3375 1063 3441 leguminis
1088 3374 1445 3442 gignuturrel
1468 3376 1725 3441 maxime,
1738 3376 1829 3429 sed
1849 3378 1989 3444 quod

390 3461 419 3500 e
451 3444 719 3500 Thebaide
744 3450 794 3499 et
822 3447 968 3498 omni
991 3448 1218 3513 Egypto
1236 3460 1338 3513 per
1353 3446 1583 3514 januam
1609 3446 1727 3502 Nili
1750 3448 1859 3499 illic
1872 3448 1990 3515 plu-

390 3518 593 3571 rimum
627 3516 1070 3583 deferaturﬂeec
1113 3515 1498 3586 Hieronymus.
1536 3520 1613 3571 Ex
1642 3516 1747 3571 hoc
1785 3516 1986 3587 oppido

389 3587 757 3644 oriundusille
784 3587 1030 3643 Isidorus
1060 3587 1360 3642 Pelusiotes
1391 3587 1590 3655 dictus,
1623 3589 1904 3643 sanctitate
1936 3596 1989 3642 et

388 3658 636 3715 doctrina
661 3660 984 3729 conspicuus
1005 3700 1019 3726 ,
1051 3662 1120 3713 D.
1142 3730 1147 3731 ί
1168 3658 1395 3713 Joannis
1414 3660 1799 3731 Chrysostomi
1821 3658 1988 3731 disci-

391 3730 573 3801 pulus,
625 3740 678 3785 et
705 3732 874 3787 nostri
911 3730 1149 3786 Cassiani
1180 3730 1608 3801 condiscipulUs,
1642 3739 1701 3787 ut
1741 3732 1873 3786 alias
1900 3730 1986 3787 di-

384 3810 542 3857 ctum
587 3812 691 3869 est,
721 3811 775 3858 et
826 3802 1053 3858 celebris
1083 3803 1233 3873 inter,
1267 3802 1562 3873 scriptores
1592 3803 1986 3859 ecclesiasticos

390 3872 620 3943 Griecos
640 3913 654 3939 ,
684 3874 1022 3943 temporibus
1049 3872 1341 3943 Theodosii
1363 3872 1617 3943 j'unioris.

465 3937 490 3974 ¹³
519 3947 601 3998 De
631 3937 777 3997 bono
805 3937 995 4011 angelo
1023 3942 1169 3995 nulla
1221 3949 1304 3993 est
1331 3937 1467 3993 inter
1496 3942 1796 4011 catholicos
1823 3942 1987 3997 dubi-

392 4015 553 4068 tatio.
584 4012 649 4065 1d
684 4013 825 4064 enim
857 4009 967 4063 non
1012 4011 1191 4063 solum
1233 4016 1493 4076 perpetua
1524 4009 1813 4063 traditione
1836 4051 1851 4076 ,
1893 4012 1989 4065 sed

391 4084 689 4154 plusquam
713 4079 1078 4154 probabilibus
1104 4077 1753 4154 _Scripturmtestimoniis
1778 4094 1992 4154 semper

395 4147 485 4206 est
514 4147 802 4220 creditum,
828 4149 1066 4220 singulos
1107 4147 1355 4208 homines
1380 4147 1621 4219 singulos
1647 4149 1870 4220 angelos
1903 4147 1992 4204 bo-

393 4236 502 4276 nos
535 4219 734 4275 habere
768 4219 1039 4285 custodes,
1076 4234 1312 4289 quorum
1363 4234 1511 4274 cura:
1534 4220 1808 4275 commissi
1845 4228 1989 4274 sunt.

393 4292 560 4363 Quod
589 4292 861 4363 praecipue
875 4290 1135 4363 colligitur
1162 4305 1226 4344 ex
1250 4290 1443 4358 Matth.
1474 4307 1654 4358 xvm,
1680 4291 1989 4363 ubithris-

386 4360 485 4420 tus
509 4360 847 4432 de'parvulis
879 4377 1062 4432 agens,
1097 4360 1257 4416 docet
1302 4376 1394 4415 eos
1423 4377 1533 4415 non
1574 4378 1689 4417 esse
1716 4362 1992 4417 offenden-

387 4436 518 4501 dos,
552 4433 633 4489 vel
687 4432 1134 4494 contemnendos,
1168 4432 1291 4502 quia
1314 4433 1517 4501 Angeli
1538 4448 1719 4488 eorum
1760 4438 1814 4487 in
1849 4436 1990 4488 caelis

388 4506 799 4591 semperuident
827 4506 1021 4591 faciem
1051 4506 1250 4559 Patris.
1275 4504 1484 4591 quibus
1505 4505 1685 4587 verbis
1699 4513 1884 4591 aperte
1912 4504 1989 4560 si-

388 4574 676 4650 gnificavit
704 4576 930 4650 singulis
946 4574 1110 4629 etiam
1138 4575 1408 4650 parvulis,_
1424 4583 1476 4629 et
1499 4576 1613 4645 pari
1632 4576 1855 4650 ratione
1879 4592 1990 4631 cae-

384 4646 521 4705 t'cris
570 4646 881 4703 hominibus
926 4661 1064 4700 suos
1115 4660 1229 4699 esse
1261 4646 1479 4714 angelos
1516 4647 1770 4702 tutelares
1815 4665 1843 4702 a
1880 4650 1989 4704 Deo

383 4720 703 4790 deputatos.
735 4718 897 4773 Unde
930 4719 997 4770 D.
1037 4714 1409 4785 Hieronymus
1436 4730 1500 4769 eo
1532 4717 1649 4771 loco
1679 4718 1945 4773 exclamat
1976 4740 1988 4773 :

379 4793 589 4859 Dlagna
609 4792 853 4860 dignitas
882 4790 1212 4847 animarum,
1244 4791 1306 4860 ut
1341 4802 1677 4856 unaquaque
1708 4790 1898 4842 habeat
1926 4791 1992 4843 ab

380 4854 517 4917 ortu
541 4854 842 4916 nati-uitatis
858 4876 969 4914 sua:
996 4863 1051 4912 in
1072 4857 1372 4912 custodiam
1401 4854 1489 4911 sui
1513 4854 1759 4927 angelum
1785 4860 1993 4928 delega-
2019 4854 2068 4915 Ι)

378 4938 527 4988 tum.
556 4933 720 5004 Quod
756 4941 810 4987 et
840 4932 944 4985 alio
973 4930 1133 5004 simili
1152 4928 1458 5004 Scriptura:
1492 4929 1620 5004 loco
1658 4930 1947 5004 confirmat
1970 4972 1984 4998 ,

381 5000 692 5077 quia_Act.
720 5017 825 5077 xn_
846 5018 970 5058 cum
1010 5000 1205 5077 Rhode
1251 5000 1740 5077 p_uella_nuntiaret
1769 5003 1991 5077 Petrum

435 5091 499 5130 ro
525 5073 735 5131 foribus
763 5074 971 5137 adesse,
1003 5072 1089 5126 alii
1142 5072 1393 5142 angelum
1431 5071 1601 5141 ipsius
1642 5086 1759 5126 esse
1796 5072 1989 5127 crede-

432 5153 548 5212 ant,
587 5163 652 5203 ex
708 5144 985 5201 communi
1028 5142 1290 5197 nimirum
1327 5142 1692 5212 persuasione,
1744 5158 1867 5211 quae
1923 5143 1991 5199 de

376 5217 594 5289 angelis
623 5213 1279 5289 singulorum‘hominum
1297 5213 1631 5289 _custodibus
1663 5213 1985 5289 habebatur.

377 5283 568 5344 Porro
597 5283 825 5344 alterum
855 5285 986 5342 illud
1028 5285 1340 5340 assertionis
1382 5284 1700 5341 membrum
1752 5283 1819 5340 de
1846 5284 1990 5340 malo

381 5359 613 5431 angelo,
644 5375 755 5414 non
777 5358 1054 5431 eamdem,
1083 5356 1175 5431 sed
1200 5356 1359 5427 longe
1384 5355 1853 5431 minorembabe‘t
1883 5372 1990 5431 cer:

384 5427 688 5501 titudinem
730 5438 825 5501 aut
871 5428 1333 5501 probabilitatem,
1366 5428 1513 5501 quod
1558 5427 1761 5501 scilicet
1790 5428 1989 5501 singuli

387 5499 644 5557 homines
692 5498 897 5555 malum
943 5500 1197 5568 angelum
1245 5498 1358 5554 sive
1386 5498 1708 5555 daemonem
1751 5498 1988 5556 habeant

390 5573 675 5630 assiduum
706 5571 1075 5639 insidiatorem
1104 5579 1196 5642 aut
1222 5570 1688 5642 impugnatorem.
1728 5572 1857 5626 Fuit
1902 5580 1989 5627 ta-

382 5658 523 5701 men
560 5645 682 5701 haec
713 5642 1087 5713 antiquissima
1122 5640 1341 5697 traditio
1366 5640 1524 5710 ,‘non
1553 5642 1991 5698 Christianorum

382 5715 589 5786 modo,
614 5714 711 5772 sed
731 5712 893 5769 etiam
921 5712 1309 5786 Hebraeorum,
1339 5722 1401 5769 ut
1440 5721 1598 5786 notat
1642 5714 1992 5770 Maldonatus

386 5786 450 5841 in
467 5787 620 5844 illum
641 5788 827 5842 locum
850 5785 1110 5841 Matthaei.
1139 5786 1318 5855 Quam
1365 5785 1716 5841 traditionem
1753 5801 1817 5840 ex
1846 5786 1991 5841 anti-

382 5873 506 5929 quo
536 5858 673 5916 libro
700 5856 962 5928 Pastoris,
989 5856 1055 5913 de
1075 5871 1185 5927 quo
1208 5856 1374 5925 infra,
1405 5873 1569 5929 quem
1597 5865 1812 5916 constat
1834 5858 1989 5927 olim,

2099 2668 2240 2723 inter
2274 2670 2496 2738 Graecos
2533 2669 2857 2738 praesertim,
2895 2668 2951 2721 in
2989 2683 3187 2738 magno
3214 2668 3391 2738 pretio
3422 2675 3474 2738 et
3499 2675 3694 2722 aucto-

2099 2738 2257 2793 ritate
2304 2737 2494 2803 fuisse,
2534 2736 2752 2793 Veteres
2803 2746 3053 2792 auctores
3090 2736 3340 2806 probare
3389 2736 3589 2800 solent,
3638 2746 3698 2791 ut

2100 2810 2365 2881 Origenes
2402 2808 2611 2881 homil._
2654 2815 2717 2863 10
2751 2809 2810 2881 iu
2849 2811 3078 2873 Lucam,
3114 2807 3283 2881 abbas
3316 2808 3548 2861 Serenus
3596 2806 3699 2862 hoc

2098 2878 2238 2943 loco,
2263 2881 2505 2950 itemque
2527 2878 2696 2934 abbas
2720 2879 3047 2941 Cberaemon
3065 2878 3436 2950 collationem
3459 2892 3579 2947 cap.
3608 2882 3695 2946 12,

2096 2950 2392 3022 Gregorius
2415 2947 2703 3022 'Nyssenus
2749 2950 2805 3004 in
2853 2949 3205 3022 VitaﬂMosis,
3239 2947 3473 3022 denique
3507 2950 3698 3022 Petrus

2096 3017 2445 3078 anbardus
2473 3017 2563 3077 lib.
2617 3038 2657 3076 ιι
2685 3023 2934 3076 Sentent.
2970 3020 3095 3075 dist.
3130 3025 3214 3083 11,
3247 3017 3445 3089 quibus
3479 3025 3533 3072 et
3562 3018 3699 3075 ratio

2092 3092 2380 3165 suffragari
2408 3093 2640 3165 videtur.
2681 3092 2966 3165 Siquidem
2997 3090 3267 3165 credibile
3290 3096 3375 3144 est
3408 3089 3691 3165 diabolum

2097 3159 2496 3220 dmmobiorum
2537 3159 2858 3235 principem,
2904 3162 3113 3235 ut_DAei
3144 3161 3409 3235 simiam,‘
3432 3160 3486 3214 in
3516 3159 3699 3235 admi-

2096 3235 2416 3290 nistratione
2456 3231 2554 3292 sui'
2576 3231 2724 3305 regni
2756 3238 2935 3305 Deum
2978 3233 3199 3305 imitari,
3245 3240 3297 3287 et
3333 3231 3699 3305 quemadmo-

2097 3305 2227 3360 dum
2250 3309 2399 3361 Deus
2423 3303 2987 3375 singulis‘hominibus
3009 3304 3250 3375 singulos
3271 3303 3492 3375 angelos
3509 3319 3699 3374 propo—

2096 3376 2196 3441 nit,
2230 3376 2304 3431 ita
2333 3391 2461 3431 eum
2503 3374 2775 3445 opponere
2800 3374 3040 3445 singulos
3069 3374 3387 3445 daemones}
3417 3376 3696 3445 Caeterum

2098 3445 2214 3501 hac
2241 3447 2503 3501 sententia
2527 3440 2855 3515 a'plerisque
2881 3440 3141 3515 Fejicitur,
3189 3450 3245 3497 1°
3300 3444 3425 3515 quia
3463 3460 3573 3515 non
3598 3440 3695 3498 bal

2100 3462 2214 3501 nam
2241 3462 2558 3501 sententiaa
2628 3462 2855 3515 terisque
2881 3462 2935 3499 re
2962 3462 3141 3510 Icuur,
3189 3462 3245 3497 1u
3300 3462 3425 3515 quia
3463 3462 3694 3498 nonna-

2100 3517 2193 3572 bet
2271 3516 2506 3572 solidum
2558 3462 2774 3587 aliquod
2824 3462 3238 3571 fundamentum
3296 3516 3349 3569 in
3398 3514 3694 3584 Scriptura,

2096 3604 2296 3658 nempe
2326 3588 2379 3643 in
2422 3587 2669 3644 Patribus
2698 3588 2857 3652 (Lud.
2907 3589 3064 3643 Vives
3092 3587 3163 3640 ad
3199 3587 3292 3640 lib.
3350 3603 3406 3642 ιι
3438 3588 3503 3641 de
3532 3588 3690 3642 Cicit.

2096 3676 2214 3730 cap.
2248 3665 2334 3727 11,
2368 3662 2489 3716 Cret.
2523 3661 2751 3728 Rhedig.
2794 3662 2984 3729 Antiq.
3046 3662 3183 3713 Lect.
3218 3659 3313 3712 lib.
3351 3674 3419 3721 ιι,
3451 3675 3568 3727 cap.
3606 3661 3654 3729 3)
3674 3679 3692 3726 ,-

2095 3734 2155 3786 2°
2186 3731 2311 3803 quia
2351 3732 2483 3787 liber
2506 3732 2604 3787 iste
2641 3732 2872 3800 pastoris
2903 3746 3013 3786 non
3044 3739 3260 3803 tantum
3292 3746 3324 3785 a
3358 3733 3451 3803 _D.
3490 3730 3691 3803 liiero-

2097 3800 2343 3879 nymo‘in
2363 3803 2592 3879 Prologo
2609 3803 2858 3879 Galeato,
2890 3816 3085 3857 verum
3111 3801 3323 3879 etiama
3341 3800 3449 3879 div:
3472 3800 3695 3868 Gelasio

2096 3874 2358 3944 pOntiﬁcc
2389 3875 2527 3929 inter
2554 3874 2861 3944 apocrypha
2886 3879 3201 3944 recensetur
3227 3888 3241 3933 ;
3267 3874 3333 3944 3‘:
3359 3874 3483 3938 q‘uia
3532 3878 3698 3944 uota-

2096 3934 2186 4017 tur
2214 3945 2378 4017 etiam
2403 3934 2691 4017 Cassianus
2715 3934 2819 3998 hoc
2847 3943 3125 4017 nominee
3146 3940 3265 4017 div_._
3300 3934 3603 4017 Prospero],
3634 3942 3696 4017 In

2100 4016 2351 4081 Catalogo
2395 4018 2558 4087 scrip.
2594 4016 2821 4087 coclea),
2853 4014 3001 4082 quod
3039 4011 3184 4087 illius
3214 4009 3331 4087 libri
3374 4009 3698 4087 auctoritate

2100 4097 2255 4135 suam
2290 4078 2635 4138 sententiam
2684 4078 3009 4137 confirmare
3060 4081 3213 4134 nisus
3247 4080 3337 4143 sit,
3367 4079 3459 4149 qui
3500 4078 3697 4134 nullius

2101 4151 2437 4205 auctoritatis
2495 4152 2634 4205 inter
2689 4152 2982 4206 catholicos
3035 4149 3357 4214 haberetur;
3419 4155 3694 4218 postremo

2102 4222 2228 4291 quia
2254 4219 2431 4276 favere
2490 4220 2703 4275 videtur
2742 4220 2911 4275 errori
2937 4220 3221 4290 gentilium
3245 4219 3314 4274 de
3351 4219 3566 4274 duobus
3596 4236 3692 4291 ge-

2100 4290 2205 4347 niis
2245 4292 2437 4363 cuique
2485 4291 2773 4347 hominum
2822 4307 2853 4346 a
2886 4293 3050 4347 natali
3081 4291 3166 4363 die
3202 4291 3495 4363 attributis,
3527 4290 3693 4363 altero

2105 4363 2267 4429 bono,
2295 4362 2464 4419 altero
2496 4363 2690 4430 malo,;
2732 4363 2797 4419 de
2829 4363 3025 4434 quibus
3071 4362 3593 4434 videgAlexandrum
3625 4362 3692 4420 ab

2102 4435 2394 4507 Alexandr.
2436 4435 2528 4490 lib.
2558 4451 2608 4488 v1
2634 4434 2842 4491 Genial.
2868 4450 2995 4507 Aeap.
3031 4439 3079 4489 4.
3114 4433 3249 4491 Vide
3285 4435 3692 4491 annotationem

2102 4506 2370 4579 decimam
2394 4514 2646 4579 quartam
2676 4504 2918 4579 Cuychii.

2173 4588 2193 4612 °
2224 4578 2423 4650 Hujus’
2446 4578 2563 4634 libri
2616 4586 2806 4634 auctor
2828 4649 2832 4650 ί
2856 4579 3219 4650 Hermes,vel,
3250 4586 3311 4650 ut
3347 4578 3463 4650 aliis
3494 4578 3689 4650 placet,

2100 4647 2352 4723 Hermas,
2409 4650 2641 4723 apostoli
2688 4649 2836 4705 Pauli
2884 4651 3125 4705 creditur
3152 4647 3350 4723 “fuisse
3392 4647 3689 4723 discipulps

2104 4721 2269 4790 (Vide
2294 4718 2458 4789 inf-rd
2489 4724 2608 4777 coll.
2650 4728 2712 4777 13
2739 4738 2857 4791 cap.
2912 4725 2975 4775 12
3002 4726 3051 4773 et
3088 4721 3205 4791 coll.
3232 4724 3289 4768 2|
3329 4722 3592 4791 cap._29)l
3611 4718 3694 4769 De

2101 4786 2211 4861 quo
2241 4786 2740 4863 div.llieronymus
2770 4786 3046 4863 :Hermas,
3076 4789 3233 4863 cujus
3256 4786 3534 4863 apostolus
3552 4786 3697 4863 Pau-

2099 4854 2180 4915 lus
2210 4864 2283 4914 ad
2306 4866 2568 4916 Romanos
2581 4854 2826 4914 'scribens
2864 4859 3106 4911 mem-init
3132 4873 3147 4906 :
3175 4854 3421 4908 Salutate
3444 4856 3697 4923 Asy-neri

2098 4937 2234 4992 tum,
2268 4933 2627 4999 Phlegontem,
2678 4933 2951 4989 Hennam,
2983 4927 3311 4990 Patroclum,
3354 4928 3602 4994 Hermen,
3644 4931 3695 4982 et

2097 5004 2196 5071 qui
2215 5017 2335 5055 cum
2360 5004 2443 5082 eis
2465 5003 2661 5066 fratres
2690 5004 2835 5054 sunt.
2866 5000 3127 5082 Asserunt
3150 5002 3413 5082 auctorem
3440 5014 3548 5082 esse
3568 4999 3695 5082 libri

2098 5075 2196 5141 qui
2214 5072 2525 5141 appellatur
2549 5074 2759 5133 Pastor,
2790 5075 2840 5125 et
2878 5072 3025 5141 apud
3050 5071 3313 5139 quasdam
3340 5071 3566 5125 Greecice
3585 5073 3684 5124 Ec-

2097 5144 2285 5197 clesias
2305 5144 2467 5196 etiam
2479 5142 2686 5210 publice
2696 5142 2914 5211 legitur.
2938 5145 3127 5198 Revera
3148 5142 3299 5195 utilis
3325 5141 3476 5202 liber,
3505 5141 3688 5194 multi-

2098 5230 2197 5282 que
2237 5214 2300 5267 rle
2343 5229 2399 5267 eo
2420 5215 2736 5282 scriptorum
2770 5217 3007 5268 ceterum
3029 5216 3437 5282 usurpaverant
3457 5214 3683 5267 testimo-

2097 5287 2192 5338 nia
2223 5301 2234 5337 :
2265 5286 2358 5339 sed
2379 5285 2526 5354 apud
2540 5286 2753 5340 Latinos
2774 5301 2912 5355 pene
2960 5288 3172 5354 ignotus
3213 5287 3308 5337 est.
3338 5284 3471 5355 Ηῳᾳ
3493 5282 3686 5339 Hiero-

2096 5371 2318 5439 nymus.
2366 5353 2648 5439 Perro_de_
2670 5353 2810 5439 libri.
2833 5353 2996 5429 hujus
3010 5355 3362 5439 auctoritate
3375 5353 3691 5439 fidebam-

2098 5425 2252 5484 nium
2303 5437 2458 5483 tomo
2516 5429 2564 5482 ll
2621 5425 2923 5483 Annalium’
2963 5426 3029 5481 ad
3072 5441 3277 5481 annum
3308 5430 3430 5489 159,
3475 5425 3692 5481 Sixtum

2094 5502 2388 5556 Senensem
2416 5500 2654 5569 (Bibliot.
2683 5499 2776 5554 lib.
2822 5502 2908 5564 ιι),
2936 5497 3333 5553 Bellarminum
3362 5498 3453 5565 (lle
3490 5497 3689 5566 Script.

2096 5570 2311 5639 Eccles.)
2358 5578 2411 5625 et
2448 5571 2583 5626 alios
2615 5569 2831 5641 (Pamel.
2861 5571 2920 5623 in
2962 5569 3298 5637 Symbolum,
3327 5570 3509 5641 Rufin.
3552 5569 3696 5623 inter

2096 5658 2261 5714 opera
2286 5644 2569 5713 Cypriani,
2593 5645 2798 5698 Possev.
2828 5643 2885 5695 in
2911 5641 3209 5714 Apparatu
3229 5642 3389 5695 Sacro
3413 5679 3427 5705 ,
3455 5640 3509 5714 S_.
3535 5640 3699 5714 _Anto-

2096 5709 2256 5769 ninus
2308 5709 2502 5785 It—par.
2552 5709 2762 5769 Πέδιον.
2798 5715 2889 5769 tit.
2936 5709 3020 5767 1'5"
3047 5709 3507 5785 §77A)._Verum_ad_
3530 5710 3699 5785 _hujus

2097 5802 2251 5869 cap.“
2276 5779 2465 5869 lucem
2495 5786 2862 5869 ampliorem,
2897 5799 2986 5869 ne
3014 5779 3368 5869 quidﬂector'
3395 5779 3696 5869 desidera.

2099 5846 2415 5915 ascribenda
2454 5857 2542 5913 hic
2575 5846 2786 5915 videtur
2825 5846 3103 5914 a'nnotatio
3137 5853 3284 5910 Petri
3312 5850 3515 5907 Maturi
3543 5860 3573 5900 e
3600 5846 3700 5899 So-
