4048 6208
453 291 553 344 751

1527 270 1806 330 JOANNIS
1842 269 2145 327 CASSlANl
2182 266 2671 326 COLLATIONES.

3658 275 3761 328 752

456 409 683 468 nissime
720 406 898 465 docet.
940 404 995 462 Si
1034 408 1217 459 autem
1247 396 1654 456 consideremus
1684 400 1737 451 et
1776 394 1930 450 illum
1956 392 2048 465 qui
2079 396 2134 460 Α
2162 407 2265 464 que
2293 393 2427 465 ipsis
2457 393 2726 449 incassum
2769 405 2995 448 suarum
3023 390 3386 464 nequitiarum
3418 392 3765 464 expendenti-

453 506 676 562 beatum
710 501 813 557 Job
864 496 1106 570 expetiit,
1145 491 1483 566 apertissime
1528 490 1861 545 iustruemur
1888 486 2041 543 illum

454 596 632 656 fuisse
663 595 761 669 qui
790 606 1006 664 semper
1046 587 1329 645 insidiatus
1358 584 1429 652 ei,
1456 597 1757 655 numquam
1799 596 1924 637 eum
1980 579 2050 637 ad

451 698 735 766 peccatum
772 685 1009 760 potuerit
1048 682 1292 748 incitare,
1318 686 1373 735 et
1406 677 1607 734 idcirco
1638 683 1959 748 potestatem
2017 692 2049 732 a

454 783 699 841 Domino
738 778 1070 853 poposcisse,
1124 774 1274 830 velut
1318 770 1410 844 qui
1456 787 1567 827 non
1617 770 1818 828 virtute
1883 773 2049 844 illius,

447 877 544 935 sed
564 874 792 933 Domini
811 871 1149 938 defensione,
1174 867 1266 940 qui
1294 866 1448 923 illum
1474 879 1691 938 semper
1716 874 2048 938 protexerat,

449 970 770 1027 vinceretur.
810 969 882 1022 De
911 968 943 1021 J
948 963 1053 1021 uda
1092 976 1308 1035 quoque
1335 958 1552 1028 dicitur,
1577 963 1648 1016 Et
1676 959 1923 1017 diabolus
1948 966 2051 1017 stet

449 1081 484 1121 a
508 1065 717 1121 dextris
744 1061 859 1131 ejus
887 1059 1054 1128 (Psal.
1075 1054 1264 1125 cvm).

1005 1188 1246 1244 CAPUT
1271 1186 1486 1241 XVIII.

454 1309 834 1377 Differentiam
859 1306 1115 1374 nequitia:
1140 1318 1260 1372 qua:
1283 1302 1444 1377 malis
1460 1302 1742 1377 spiritibus
1766 1304 1905 1357 inest
1924 1302 2049 1358 duo-

622 1394 743 1433 rum
761 1377 1197 1447 philosophorum
1218 1376 1520 1429 testimonio
1545 1376 1846 1443 conﬁrmat.

514 1507 599 1560 De
628 1500 955 1559 differentiis
996 1514 1124 1555 sane
1168 1498 1486 1555 daemonum
1533 1496 1696 1552 etiam
1724 1506 1750 1531 ⁸
1798 1511 1895 1568 per
1928 1496 2050 1553 illos

448 1596 589 1655 duos
625 1582 984 1667 philosorihos
1014 1593 1102 1665 qui
1145 1591 1425 1664 quondam
1479 1588 1706 1662 magicis
1734 1588 1940 1645 artibus
1963 1589 2044 1645 vel

446 1689 697 1747 inertiam
728 1702 919 1743 eorum
973 1685 1055 1741 vel
1086 1683 1468 1740 fortitudinem
1508 1697 1818 1754 saevamque
1853 1681 2047 1755 nequi-

2158 485 2266 542 bus
2307 485 2448 543 vires
2491 494 2657 560 atque
2708 485 2942 543 inaniter
2988 485 3364 553 redeuntibus,
3423 489 3763 559 potentiores

2155 577 2514 636 nihilominus
2545 579 2806 638 adversus
2859 580 3091 638 militem
3121 579 3321 637 Christi
3349 580 3617 639 victorem
3659 583 3761 642 ite-

2157 686 2284 727 rum
2319 669 2608 742 destinati,
2635 673 2766 729 nihil
2792 673 3009 746 penitus
3036 672 3393 747 praevalerent
3420 698 3434 742 ;
3467 691 3534 732 eo
3578 677 3763 751 profe-

2151 773 2344 821 cerunt
2385 764 2517 822 tales
2544 774 2816 840 tantaeque
2858 783 3050 825 eorum
3099 766 3335 838 insidiae,
3365 776 3519 826 tanta
3550 774 3761 847 magica

2158 866 2292 916 artae
2312 858 2575 931 quaesitae,
2603 868 2663 917 ut
2705 876 2801 934 per
2842 861 2961 919 haec
2993 860 3399 919 evidentissime
3425 868 3759 940 comproba-

2157 959 2298 1021 rent,
2327 967 2589 1024 magnam
2618 951 2946 1025 professioni
2975 952 3417 1016 Christianorum
3446 954 3619 1015 inesse
3665 960 3763 1018 vir-

2157 1052 2357 1114 tutem,
2420 1046 2624 1119 quibus
2679 1046 2785 1104 illa:
2818 1040 2845 1079 δ
2895 1055 3009 1103 tam
3046 1040 3207 1105 saevae
3238 1055 3460 1121 tamque
3505 1060 3759 1124 potentes

2157 1139 2397 1208 umbra,
2420 1149 2440 1177 ο
2483 1156 2618 1212 quas
2663 1141 3009 1199 aestimabant
3049 1141 3226 1199 solem
3259 1142 3580 1216 lunamque,
3608 1147 3658 1203 si
3687 1147 3756 1205 ad

2158 1247 2249 1289 eas
2280 1234 2498 1292 directae
2535 1234 2793 1305 fuissent,
2826 1234 3099 1292 obducere
3133 1237 3408 1307 potuisse,
3460 1236 3608 1295 hunc
3644 1256 3754 1297 non

2154 1326 2336 1381 Solum
2367 1327 2500 1384 nihil
2530 1328 2757 1397 laedere,
2799 1328 2895 1385 sed
2924 1343 2991 1385 ne
3018 1327 3088 1385 ad
3125 1337 3387 1400 punctum
3439 1330 3663 1403 quidem
3688 1332 3752 1389 de

2156 1420 2490 1477 monasterio
2514 1436 2614 1477 suo
2628 1421 2893 1478 valuerint
2916 1419 3250 1493 perturbare.

2746 1514 2985 1570 CAPUT
3013 1515 3171 1569 XIX.

2156 1613 2307 1680 Quod
2347 1611 2607 1666 dwmones
2634 1609 2774 1681 nihil
2807 1608 3065 1663 adversus
3120 1609 3356 1665 homines
3394 1613 3744 1681 prmealeant,

2418 1683 2531 1736 nisi
2551 1680 2849 1735 obsederint
2879 1695 3055 1734 eorum
3077 1681 3234 1750 prius
3260 1680 3477 1737 mentes.

446 1781 583 1839 tiam
613 1779 830 1836 fuerant
852 1778 1162 1849 frequenter
1185 1775 1388 1849 experti
1414 1818 1430 1844 ,
1454 1775 1689 1831 multum
1716 1775 2045 1848 cognitionis
2076 1793 2123 1855 Β
2226 1777 2478 1847 Cumque
2504 1789 2602 1846 pro
2634 1772 2736 1828 hac
2766 1770 3128 1828 admiratione
3156 1772 3443 1832 confestim
3474 1776 3748 1835 venientes

447 1874 776 1947 accepimus.
809 1872 881 1927 Hi
927 1885 1169 1943 namque
1215 1869 1574 1941 despieieutes
1602 1868 1827 1924 beatum
1869 1871 2042 1924 Anto-

446 1968 600 2026 nium
626 1967 771 2024 velut
805 1966 1119 2038 imperitum
1151 1980 1214 2019 ac
1238 1964 1355 2020 sine
1383 1962 1580 2019 litteris
1621 1961 1818 2029 virum,
1851 1961 2044 2017 volen-

452 2072 646 2136 tesque
666 2046 793 2118 eum
816 2061 880 2129 (si
911 2058 1045 2115 nihil
1077 2057 1309 2128 amplius
1337 2055 1534 2112 laedere
1580 2053 1906 2126 potuissent)
1935 2054 2047 2111 sal-

445 2164 558 2212 tem
590 2155 659 2210 de
681 2153 812 2209 cella
839 2168 934 2208 sua
971 2150 1194 2224 magicis
1222 2148 1507 2221 praestigiis
1532 2155 1588 2204 et
1604 2147 2047 2205 circonventione

458 2247 783 2303 daemonum
817 2243 1158 2316 perturbare,
1210 2240 1430 2313 spiritus
1458 2241 1503 2296 ei
1538 2240 1902 2312 nequissimos
1954 2241 2049 2296 im-

446 2318 737 2401 miserunt,
770 2335 838 2393 ad
879 2334 1341 2407 impugnationem
1368 2332 1508 2389 hanc
1531 2348 1719 2389 morsu
1746 2332 1929 2389 livoris
1958 2332 2045 2389 ad-

446 2431 620 2500 ducti,
650 2445 716 2487 eo
741 2428 885 2501 quod
916 2428 1158 2483 maxime
1186 2425 1472 2482 hominum
1500 2426 1673 2482 turba:
1702 2426 1771 2482 ad
1818 2441 1941 2481 eum
1971 2425 2043 2482 fa-

443 2525 658 2583 mulum
691 2523 790 2581 Dei
829 2522 1073 2595 quotidie
1098 2519 1471 2576 convenirent.
1514 2520 1762 2591 Cumque
1784 2518 1873 2576 illo
1895 2535 2042 2576 nunc

437 2618 662 2693 quidem
684 2616 1033 2688 imprimente
1046 2612 1249 2687 pectori
1272 2628 1372 2669 suo
1400 2611 1675 2684 frontique
1697 2613 2040 2685 signaculum

437 2711 631 2778 crucis,
679 2725 826 2766 nunc
872 2723 1000 2764 vero
1034 2706 1263 2779 orationi
1317 2705 1628 2777 suppliciter
1671 2706 2036 2775 incumbente,

436 2819 506 2861 ne
547 2802 929 2876 approximare
979 2799 1201 2872 quidem
1247 2798 1507 2855 dirissimi
1542 2798 1822 2856 daemones
1860 2800 2039 2857 eidem

434 2912 660 2971 prorsus
684 2895 970 2963 auderent,
996 2902 1159 2965 atque
1188 2892 1257 2949 ad
1285 2907 1380 2948 eos
1419 2894 1512 2965 qui
1552 2893 1674 2948 illos
1702 2892 2034 2963 direxerant,

434 2993 642 3066 absque
674 2993 788 3050 ullo
821 2996 1223 3047 reverterentur
1246 2985 1481 3055 effectu;
1507 2995 1561 3042 et
1591 2987 1728 3042 alios
1753 2987 1825 3042 illi
1854 2987 1906 3041 in
1935 3004 2035 3044 ne-

435 3086 665 3158 quitiam
692 3083 1124 3142 vehementiores
1157 3095 1347 3137 rursus
1387 3080 1772 3149 immitterent,
1822 3080 2036 3138 itidem-

2155 1869 2227 1926 ad
2254 1867 2507 1925 abbatem
2537 1865 2837 1922 Antonium
2856 1866 3327 1940 impugnationum
3360 1884 3580 1926 suarum
3621 1886 3740 1933 ma-

2158 1961 2506 2037 gnitudinem
2528 2002 2543 2027 ,
2578 1968 2632 2016 et
2676 1971 2867 2016 causas
2904 1960 3328 2033 atqueinsidias
3364 1961 3750 2034 patefecissent

2156 2057 2339 2115 livoris
2362 2055 2582 2124 occulti,
2611 2054 2953 2113 Christianos
2979 2070 3037 2112 se
3066 2054 3184 2111 ﬁeri
3220 2056 3467 2128 protinus
3493 2072 3751 2129 poposce-

2154 2160 2299 2209 runt.
2322 2150 2605 2222 Requisito
2633 2157 2818 2205 autem
2844 2148 2913 2226 ab
2940 2149 3044 2205 illis
3074 2149 3738 2224 proditatimpugnationis

2155 2246 2265 2315 die,
2291 2244 2522 2302 asseruit
2543 2260 2599 2300 se
2640 2243 3000 2299 amarissimis
3053 2243 3453 2315 cogitationum
3506 2246 3747 2303 stimulis

2154 2349 2281 2397 tunc
2308 2339 2473 2397 fuisse
2518 2338 2816 2411 pulsatum.
2856 2338 2977 2407 Quo
3005 2336 3377 2408 experimento
3419 2339 3746 2395 sententiam

2150 2440 2416 2498 nostram,
2467 2446 2630 2502 quam
2682 2429 2939 2486 hesterno
2966 2428 3056 2487 die
3085 2429 3140 2484 in
3191 2430 3485 2487 collatione
3514 2431 3743 2503 protuli-

2148 2539 2293 2591 mus,
2325 2523 2579 2596 probabit
2608 2538 2671 2578 ac
2703 2522 2949 2579 definivit
2974 2522 3166 2580 beatus
3193 2525 3490 2593 Antonius,
3518 2514 3545 2557 ά
3570 2525 3744 2582 nulla-

2148 2626 2308 2676 tenus
2334 2616 2614 2678 daemones
2637 2631 2796 2689 posse
2824 2625 3063 2672 mentem
3093 2617 3419 2690 cujusquam
3446 2618 3525 2673 vel
3547 2634 3745 2691 corpus

2148 2711 2425 2780 invadere,
2455 2726 2556 2767 nec
2604 2709 2805 2767 habere
2852 2709 3164 2768 facultatem
3200 2711 3253 2766 in
3282 2711 3574 2787 cujuslibet
3618 2714 3741 2769 ani-

2147 2820 2296 2861 mam
2345 2805 2559 2877 penitus
2603 2804 2868 2873 irruendi,
2897 2806 3003 2861 nisi
3047 2821 3167 2861 eam
3194 2790 3377 2877 primo
3406 2804 3744 2864 destituerint

2147 2898 2401 2954 omnibus
2440 2897 2866 2969 cogitationibus
2892 2897 3111 2963 sanctis,
3147 2914 3211 2955 ac
3240 2899 3464 2971 spiritali
3492 2908 3740 2956 contem-

2144 2991 2383 3063 platione
2416 3005 2646 3046 vacuam
2690 2989 3004 3062 nudamque
3033 2989 3399 3049 reddiderent.
3444 2991 3738 3049 Se‘endnm

2141 3091 2329 3139 tamen
2355 3086 2376 3115 ⁸
2412 3081 2627 3139 duobus
2655 3081 2837 3139 modis
2864 3082 3090 3154 spiritus
3145 3070 3468 3141 immundos
3509 3083 3743 3141 homini-

1533 3212 1788 3269 ALARDI
1825 3214 2050 3270 ΟΑΖᾸΞΙ
2087 3215 2647 3273 COMMENTARIUS.

434 3343 628 3400 cietate
649 3344 681 3397 J
684 3358 781 3399 esu
800 3339 1044 3413 theologi
1069 3337 1136 3395 ad
1156 3338 1306 3413 hunc
1326 3338 1509 3413 locum
1524 3339 1763 3396 Cassiani
1787 3341 1887 3413 aS.
1913 3343 2023 3413 An-
2055 3344 2099 3408 C

428 3414 581 3470 tonio
623 3413 935 3469 Florentino
965 3410 1286 3483 compendio
1319 3410 1570 3479 relatum,
1622 3427 1746 3481 qua:
1795 3412 1872 3467 sic
1923 3412 2022 3468 ha-

433 3483 525 3539 bet
546 3504 561 3537 :
586 3487 703 3541 Non
723 3500 790 3539 ea:
809 3485 904 3538 illo
925 3484 1079 3537 modo
1109 3483 1241 3536 libro
1262 3484 1501 3537 Pastoris
1526 3499 1624 3553 pro
1633 3484 1721 3538 bat
1741 3484 2026 3540 Cassianus

432 3552 564 3605 duos
583 3556 869 3620 unicuique
889 3555 1091 3606 homini
1105 3554 1315 3621 angelos
1337 3552 1602 3615 assistere,
1627 3554 1817 3608 bonum
1846 3560 1894 3608 et
1923 3571 2028 3609 ma-

433 3621 564 3682 lum,
583 3621 676 3673 sed
696 3636 762 3693 ea:
785 3622 1179 3693 aliquotsacrw
1206 3623 1503 3693 Scriptum
1533 3624 1658 3676 locis
1683 3642 1700 3688 ;
1721 3627 2025 3693 praesertim

431 3695 613 3746 autem
640 3690 713 3743 ad
738 3691 1182 3759 comprobandum
1202 3691 1513 3759 boniangeli
1526 3696 1577 3745 et
1596 3690 2024 3749 nostritutelaris

430 3763 816 3823 assistentium,
832 3763 1009 3815 utitur
1027 3761 1125 3815 hac
1139 3762 1433 3815 certissima
1456 3765 1505 3815 et
1523 3765 1799 3818 vemissima
1825 3765 2028 3821 Christi

429 3834 691 3889 sententia
706 3832 897 3888 Matth.
919 3847 1071 3887 xvm
1093 3851 1104 3887 :
1128 3830 1337 3901 Videte,
1368 3834 1570 3902 inquit,
1588 3849 1654 3888 ne
1669 3839 2022 3892 contemnatis

429 3919 675 3959 unumea:
689 3905 1016 3974 hispusillis,
1037 3904 1154 3958 dico
1174 3905 1317 3958 enim
1330 3904 1474 3959 vobis
1494 3907 1625 3974 quia
1641 3907 1826 3974 angeli
1841 3922 2022 3962 eorum

427 3990 638 4048 semper
666 3975 848 4030 vident
874 3976 1071 4042 faciem
1085 3974 1266 4031 Patris
1438 3976 1588 4032 Sicut
1602 3980 1653 4031 et
1663 3976 1786 4047 jam
1807 3981 1873 4033 D.
1891 3980 2022 4033 Hie-

425 4046 701 4117 roni/mus,
728 4050 784 4102 in
817 4048 1221 4119 commentariis
1255 4048 1313 4100 in
1337 4046 1476 4105 hunc
1512 4046 1701 4111 locum,
1734 4050 2022 4119 unicuique

425 4123 667 4175 nostrum
691 4120 760 4174 ab
777 4123 901 4173 ortu
918 4133 1030 4173 sua:
1048 4118 1356 4173 nativitatis
1380 4120 1436 4173 in
1454 4121 1546 4174 sui
1555 4119 1853 4175 custodiam
1865 4118 2020 4189 ange-

427 4191 539 4245 lum
552 4190 742 4246 datum
754 4205 940 4246 esseea
965 4192 1059 4244 hoc
1085 4190 1193 4244 loco
1218 4190 1504 4245 concludit.
1527 4191 1674 4246 Idem
1696 4192 1835 4259 facit
1858 4192 2019 4261 Chry-

426 4266 683 4317 sostomus
728 4263 910 4316 homil.
956 4263 1023 4315 60
1052 4263 1110 4315 in
1160 4261 1356 4316 Matth.
1389 4265 1438 4317 et
1460 4262 1597 4317 hom.
1640 4268 1671 4318 3
1718 4263 1791 4316 ad
1821 4263 2015 4319 Coloss.

425 4332 575 4388 Idem
594 4337 783 4387 auctor
798 4333 1216 4403 OpertImp‘erf.
1248 4333 1392 4388 hom.
1419 4338 1508 4387 40.
1531 4336 1594 4389 In
1622 4334 1861 4388 eamdem
1880 4350 2016 4403 quo-

426 4418 528 4470 que
564 4403 886 4474 sententiam
918 4401 1357 4474 Theophyluctus,
1401 4404 1766 4468 CEcumenius,
1795 4401 2012 4474 Euthy-

425 4474 587 4531 mius,
640 4472 872 4525 Basilius
920 4470 1014 4524 lib.
1065 4484 1137 4524 ιιι
1164 4476 1349 4525 contra
1378 4475 1719 4541 Eunomium,
1765 4470 2011 4531 Hilarius

424 4556 542 4596 can.
572 4545 639 4595 18
664 4541 725 4594 in
749 4541 972 4614 Matth.,
993 4542 1044 4614 et
1057 4542 1346 4614 multialii
1373 4547 1567 4599 veteres
1590 4550 1879 4614 usurpant.
1909 4548 2017 4613 Qui

424 4627 606 4668 omnes
626 4612 1149 4683 importunissimum
1175 4611 1317 4666 illud
1344 4614 1554 4669 Calvini
1571 4630 1626 4669 os
1648 4611 2009 4682 confundunt,

461 4690 519 4739 ui
533 4687 676 4741 inter
693 4689 887 4740 caetera
902 4684 1195 4753 impietatis
1205 4698 1317 4738 sua:
1325 4683 1675 4741 deliramenta
1688 4686 2013 4758 hancsingu-

423 4700 592 4811 ﬁrem
620 4757 967 4811 nronriorum
986 4754 1297 4811 angelorum
1321 4757 1619 4811 custodiam
1647 4757 1889 4811 deridere
1910 4775 2013 4811 non

480 4772 592 4813 rem
616 4757 967 4828 propriorum
986 4754 1297 4825 angelorum
1321 4757 1619 4828 custodiam
1647 4757 1889 4813 deridere
1910 4754 2013 4815 non

422 4827 653 4886 erubuit.
686 4828 822 4886 Vide
846 4832 1030 4884 contra
1050 4842 1170 4883 eum
1197 4827 1603 4885 Feva-rdentium
1621 4829 1715 4885 lib.
1739 4843 1761 4884 ι
1791 4830 2009 4887 advers.

419 4901 621 4973 ῌῳνεε.
653 4900 720 4953 de
758 4901 971 4973 angelis
994 4899 1187 4973 haeresi
1207 4905 1261 4973 ξ.
1296 4899 1429 4956 Haec
1460 4899 1569 4971 ille,
1595 4915 1662 4956 ex
1706 4916 1816 4973 quo
1845 4902 2010 4958 etiam

418 4968 523 5043 alia
550 4975 738 5043 gotatu
757 4968 923 5043 digna
959 4968 1183 5043 inferius
1209 4968 1617 5043 depromemus.

487 5041 512 5072 ⁸
544 5039 700 5095 Hanc
715 5037 1000 5097 historiam
1020 5040 1178 5109 paulo
1203 5037 1357 5098 aliter
1381 5041 1549 5100 refert
1572 5044 1630 5100 S.
1673 5041 2008 5102 Athanasius

412 5110 634 5193 in‘Vita
653 5110 823 5193 ipsius
847 5109 1097 5190 Antonii,
1118 5110 1187 5191 de
1214 5126 1322 5193 quo
1345 5112 1429 5170 hic
1451 5116 1650 5193 agitur.
1682 5114 1828 5193 Nihil
1857 5116 2006 5193 enim

413 5181 576 5258 habet
599 5178 1004 5258 «daemonum
1016 5178 1350 5258 immissi_o_ne
1372 5193 1427 5258 et
1448 5178 1876 5258 impugnatione,
1908 5186 2006 5258 sed

408 5252 477 5329 de
510 5253 862 5329 daemoniacis
892 5252 973 5329 ad_
990 5251 1166 5323 ipsum
1185 5251 1457 5329 adductis,
1479 5251 1634 5329 quos
1651 5251 2006 5329 signent-uois

411 5322 684 5397 frontibus
737 5338 927 5397 eorum
957 5322 1224 5397 impresso
1275 5322 1515 5394 curavit,"
1551 5322 1924 5397 spectantibus
1951 5334 2005 5382 et

411 5339 684 5379 tronunus
737 5339 927 5379 eorum
957 5339 1224 5449 imﬁresso
1275 5339 1505 5394 curavit,
1551 5339 1924 5397 spectantibus
1951 5339 2002 5382 et

406 5394 752 5477 stupentibus
780 5393 1033 5522 Khilosop
1075 5393 1139 5463 is,
1168 5404 1292 5467 post
1319 5396 1538 5470 longam
1572 5394 2002 5467 disputationem

406 5480 532 5522 cum
558 5465 774 5522 lDSlSlla
818 5474 969 5522 itam.

406 5465 532 5538 cum
558 5465 687 5538 ipsis
709 5465 969 5523 habitam.

473 5528 501 5567 δ
529 5528 650 5623 {foe
676 5537 900 5623 nomine
928 5538 1154 5623 aliisque
1182 5536 1501 5620 synonymis
1535 5535 1816 5623 daemones
1856 5553 2002 5612 sape

402 5606 698 5687 appellatos
734 5618 843 5690 tam
875 5606 1118 5690 profanis
1140 5606 1322 5690 3am}
1350 5606 1518 5690 sacris
1529 5608 1865 5690 auctoribus
1900 5606 1998 5667 su-

401 5678 589 5750 perius
636 5678 1017 5750 annotavimus
1045 5678 1256 5747 (Collat.
1289 5686 1324 5750 ἶ
1351 5695 1467 5749 cap.
1492 5683 1601 5747 52).
1632 5678 1871 5738 Umbras
1917 5690 1999 5739 ta-

398 5748 528 5805 men
581 5748 743 5805 etiam
769 5748 962 5805 dixere
989 5752 1206 5807 animas
1232 5748 1617 5806 defunctorum
1647 5750 1883 5810 subinde
1912 5753 1997 5809 vi-

400 5819 654 5879 ventibus
676 5828 1013 5893 apparentes,
1043 5821 1201 5894 juxta
1244 5819 1379 5877 illud
1416 5821 1643 5896 Virgilii.

2247 3340 2425 3405 Infelix
2463 3341 2807 3405 simulacrum,
2830 3344 2991 3405 atque
3021 3341 3180 3405 ipsius
3206 3342 3388 3393 umbra
3422 3345 3623 3396 Creusa

2325 3404 2444 3453 Visa
2473 3403 2541 3453 illi
2592 3407 2706 3453 ante
2730 3404 2917 3463 oculos,
2956 3407 3003 3453 et
3029 3403 3144 3454 uota
3178 3407 3337 3469 major
3359 3406 3540 3470 imago.

2204 3529 2225 3553 ε
2253 3522 2336 3576 Ita
2390 3519 2631 3591 plerique
2657 3519 2863 3591 legunt,
2901 3519 3191 3585 obducere;
3245 3520 3492 3576 nonnulli
3524 3527 3735 3583 tamen,

2137 3589 2420 3645 abducere.
2453 3593 2519 3645 Et
2544 3589 2773 3661 quidem,
2816 3590 3090 3655 obducere,
3125 3590 3179 3646 id
3209 3599 3313 3659 est,
3353 3592 3737 3657 obtenebrare,

2133 3661 2247 3716 sive
2262 3661 2497 3732 operire,
2514 3660 2694 3732 vel,ut
2712 3660 3004 3732 Dionysius
3019 3662 3292 3732 exposuit,
3340 3664 3581 3731 quadam
3599 3664 3739 3718 cali-

2135 3733 2261 3801 gine
2283 3731 2562 3795 obducere,
2588 3731 2727 3787 sicut
2749 3731 2939 3786 Cicero
2966 3731 3107 3787 dixit
3129 3732 3186 3787 in
3208 3732 3544 3787 Academicis
3573 3750 3590 3784 :
3614 3735 3743 3790 Cla-

2132 3804 2362 3857 rissimis
2386 3803 2541 3857 rebus
2585 3803 2829 3856 tenebras
2859 3803 3134 3858 obducere.
3168 3802 3254 3858 Sin
3281 3817 3407 3856 vero
3432 3802 3736 3859 Cassianus

2132 3874 2411 3944 abducere,
2438 3872 2518 3927 vel
2547 3872 2817 3944 deducere,
2848 3888 2961 3927 non
2987 3874 3279 3940 obducere,
3307 3872 3544 3944 scripsit,
3594 3872 3732 3928 imi-

2131 3951 2279 3999 tatus
2305 3943 2519 3999 videtur
2544 3942 2858 4015 Virgilium,
2905 3944 2999 4015 qui
3048 3944 3223 4001 dixit:

2316 4067 2549 4119 Carmina
2569 4067 2647 4119 vel
2672 4067 2796 4118 cmlo
2824 4071 3030 4131 possunt
3053 4067 3297 4119 deiucere
3324 4068 3511 4118 lanam.

2132 4187 2274 4269 _Nam
2298 4183 2368 4269 de
2397 4183 2621 4269 magicis
2649 4184 2855 4267 artibus
2867 4185 3296 4269 tenear-minibus
3316 4185 3601 4269 utrobique
3623 4187 3734 4269 agi-

2127 4263 2240 4323 tur,
2271 4264 2335 4313 ut
2356 4256 2833 4312 recte’Ciaconius.
2861 4256 2957 4312 Cui
2998 4256 3175 4312 simile
3222 4266 3305 4312 est
3331 4256 3462 4312 illud
3486 4256 3731 4323 ejusdem

2126 4336 2328 4399 poetae,
2355 4326 2422 4383 de
2439 4326 2676 4397 quadam
2706 4324 2929 4395 femina,
2959 4342 3081 4398 qua:
3108 4328 3277 4383 simili
3304 4336 3422 4384 arte
3448 4324 3687 4400 pollebat
3712 4348 3726 4382 :

2277 4450 2399 4514 Haec
2420 4460 2473 4499 se
2493 4448 2794 4514 caminibus
2811 4450 3056 4514 promittit
3076 4451 3269 4502 solvere
3294 4454 3508 4501 mentes.

2276 4511 2431 4567 Queis
2452 4512 2603 4561 velit:
2627 4515 2706 4562 ast
2738 4511 2847 4562 aliis
2869 4514 3019 4563 durras
3040 4514 3269 4563 emittere
3303 4527 3476 4563 curas.

2166 4596 2172 4603 -
2278 4572 2461 4625 Sislere
2480 4587 2661 4637 aquam
2685 4574 2868 4637 ﬂuviis,
2894 4580 2945 4626 et
2969 4581 3161 4626 vertere
3189 4576 3354 4626 sidera
3379 4579 3531 4625 retro.

2190 4688 2233 4768 τι,
2252 4691 2373 4748 Hoc
2397 4693 2674 4768 quomodo
2702 4693 3114 4768 intelligendum
3136 4694 3234 4768 sit,
3250 4693 3418 4751 etiam
3439 4692 3568 4751 alibi
3596 4693 3733 4750 indi-

2118 4762 2363 4818 cavimus
2393 4762 2615 4846 (Ljollat.
2645 4770 2675 4819 7
2701 4781 2817 4893 cog).
2848 4762 2957 4838 271).

2193 4837 2217 4867 '
2245 4836 2461 4893 Dunhcr
2494 4844 2701 4892 ratione
2775 4852 2957 4893 azmon

2193 4837 2217 4867 ⁸
2245 4834 2470 4909 Duplici
2494 4834 3019 4909 rationeqdazmones
3056 4836 3374 4909 hominibus
3413 4836 3730 4909 subjiciun-

2120 4910 2234 4975 tur,
2263 4906 2585 4963 auctoritate
2608 4907 2815 4964 scilicet
2854 4907 3039 4964 divina
3072 4916 3128 4964 et
3170 4907 3459 4964 diabolica.
3496 4906 3727 4975 Divina,

2122 4974 2178 5032 id
2207 4984 2310 5051 est,
2333 4992 2364 5032 a
2414 4978 2767 5051 Deo__collata
2793 4986 2851 5051 et
2889 4978 3162 5051 instituta,
3212 4979 3457 5051 primum
3497 4974 3725 5051 quidem

2120 5047 2381 5122 omnibus
2409 5047 2681 5116 fidelibus,
2718 5048 2817 5105 sed
2840 5049 3114 5122 praecipue
3137 5047 3399 5122 apostolis
3438 5059 3493 5122 et
3514 5047 3725 5122 Christi

2117 5116 2422 5191 discipulis,
2452 5134 2752 5191 eorumque
2799 5116 3207 5177 successoribus
3245 5120 3504 5177 Ecclesia:
3548 5117 3723 5175 mini-

2115 5188 2277 5263 stris.‘
2297 5189 2408 5263 illis
2438 5190 2583 5245 enim
2610 5188 2759 5263 dedit
2779 5191 3024 5248 Christus
3067 5196 3386 5263 potestatem
3416 5193 3731 5263 spirituum

2113 5260 2529 5332 immundorum,
2546 5266 2609 5317 ut
2633 5262 2883 5332 ejicerent
2912 5278 3016 5319 eos.
3043 5259 3289 5319 Matthaai
3322 5277 3388 5329 x;
3418 5259 3593 5319 Marci
3613 5277 3725 5329 III;

2113 5330 2375 5406 lanceam.
2413 5330 2708 5406 Discipulis
2752 5348 2882 5406 vero
2905 5334 3245 5406 septuaginta
3288 5333 3507 5406 duobus
3542 5332 3728 5401 dixit;

2112 5402 2279 5458 Luem
2307 5417 2341 5455 ι
2367 5421 2380 5456 :
2402 5404 2538 5459 .Ecce
2561 5402 2691 5459 dedi
2723 5405 2869 5461 vobis
2900 5402 3221 5475 potestatem
3259 5403 3514 5460 calcandi
3543 5418 3729 5473 supra

2109 5476 2375 5546 serpentes
2386 5477 2436 5546 et
2445 5476 2761 5545 scorpiones,
2775 5479 2825 5531 et
2836 5490 2996 5546 super
3005 5492 3210 5531 omnem
3220 5478 3470 5546 virtutem
3482 5475 3735 5546 inimici,

2110 5547 2161 5618 et
2175 5544 2311 5618 nihil
2318 5545 2466 5601 vobis
2483 5544 2706 5618 nocebit.
2720 5546 2867 5602 Hinc
2880 5544 3307 5618 illaeorumdem
3320 5544 3733 5618 discipulorum

2109 5611 2176 5690 de
2207 5614 2307 5672 hac
2337 5624 2622 5690 potestate,
2650 5617 2873 5690 ejusque
2901 5615 3105 5675 effectu
3135 5625 3432 5690 consecth
3456 5611 3735 5690 commu-

2109 5685 2198 5759 nis
2221 5685 2510 5759 exsultatio
2547 5708 2559 5744 :
2584 5685 2829 5759 Domi-ne,
2859 5691 3024 5745 etiam
3053 5690 3320 5746 dcemonia
3345 5688 3731 5759 subjiciuntur

2105 5756 2259 5811 nobis
2288 5760 2345 5813 in
2365 5762 2575 5816 nomine
2598 5764 2707 5816 tuo.
2742 5756 3005 5817 Eamdem
3050 5776 3180 5817 vero
3216 5756 3550 5817 potestatem
3602 5774 3732 5816 non

2105 5826 2240 5885 solis
2276 5829 2538 5902 apostolis
2554 5838 2606 5887 et
2623 5830 2909 5905 discipulis
2933 5830 3032 5890 sed
3053 5826 3314 5889 omnibus
3339 5831 3727 5889 credentibus.
