4048 6208
349 326 449 382 753

977 319 1315 379 COLLATIO
1351 320 1497 376 νιιι.
1534 349 1608 362 -
1642 320 1732 377 DE
1769 321 2288 379 PRINCIPATIBUS
2320 320 2448 378 SEU
2489 319 3016 379 POTESTATIBUS.

3545 320 3652 376 ’754

347 447 448 506 bus
503 446 724 506 obedire
752 466 766 503 :
815 456 913 506 aut
965 447 1117 504 enim
1161 445 1438 504 sanctitati
1477 445 1728 504 ﬁdelium
1767 445 1946 505 divina
1971 451 2026 514 Α
2052 447 2189 504 ctari
2217 456 2288 505 eo
2311 445 2546 520 gaudere
2571 421 2947 521 cognoscunt;
2970 446 3120 504 velut
3145 427 3480 503 domesticos
3510 443 3648 516 ejus,

349 542 518 618 gratia
545 559 610 599 ac
639 542 836 600 virtute
855 541 1189 609 subdantur,
1229 544 1257 574 ⁸
1297 549 1392 596 aut
1435 539 1710 598 sacriﬁciis
1747 539 1942 614 impio-

347 650 467 700 rum
495 650 593 692 seu
627 633 963 708 quibusdam
991 633 1320 691 carminibus
1339 631 1570 702 deliniti,
1601 633 1750 690 velut
1773 633 1941 692 fami-

345 725 570 785 liaribus
611 727 922 786 adulantur.
970 730 1086 800 Qua
1129 726 1381 801 opinione
1425 725 1688 784 Pharisaei
1726 743 1944 801 quoque

344 818 574 894 decepti,
603 821 860 879 arbitrati
891 829 1020 880 sunt
1053 821 1222 878 etiam
1263 819 1568 877 Dominum
1603 819 1943 879 Salvatorem

352 913 458 972 hac
499 923 616 973 arte
647 915 931 974 daemoniis
971 917 1289 990 imperasse,
1332 913 1600 985 dicentes,
1645 919 1708 974 In
1731 917 1944 973 Beelze-

351 1009 453 1064 bub
469 1011 715 1081 principe
745 1010 1130 1075 damoniorum
1153 1011 1240 1066 hic
1268 1009 1416 1082 ejicit
1433 1012 1695 1068 dmnes
1723 1009 1940 1081 (Matth.

345 1103 477 1172 xu);
531 1102 834 1162 secundum
883 1103 1035 1160 illam
1083 1104 1286 1162 scilicet
1335 1103 1809 1174 consuetudinem,
1837 1101 1944 1178 qua

341 1204 540 1252 norant
563 1211 696 1255 suos
749 1213 944 1272 magos
975 1197 1056 1254 vel
1101 1197 1382 1257 maleﬁcos
1422 1215 1521 1274 per
1545 1197 1942 1257 invocationem

341 1289 582 1347 nominis
610 1291 754 1348 illius
778 1307 842 1348 ac
860 1291 1026 1348 ritum
1060 1291 1462 1350 sacriﬁciorum
1491 1309 1602 1367 quo
1627 1308 1758 1350 eum
1795 1291 1943 1350 dele-

2047 539 2253 598 habere
2271 540 2452 612 etiam
2475 539 2533 596 in
2550 539 2832 598 daemones
2859 541 2909 596 ei
2937 539 3183 596 subditos
3211 544 3556 612 potestatem.

2641 679 2890 738 CAPUT
2920 681 3055 736 XX.

2046 804 2409 872 Interrogatio
2435 803 2503 859 de
2529 804 2794 873 apostatis
2821 804 3045 872 angelis,
3082 803 3262 873 quiin
3301 801 3488 858 Genesi
3531 815 3648 856 cum

2259 875 2480 945 filiabus
2509 872 2781 930 hominum
2809 874 3142 930 concubuisse
3161 872 3430 927 dicuntur.

2119 1011 2430 1070 Germanus
2461 1033 2474 1069 :
2508 1013 2648 1085 Quia
2697 1014 2976 1070 Geneseos
3010 1012 3172 1068 lectio
3213 1010 3378 1084 paulo
3417 1016 3544 1066 ante
3584 1008 3642 1064 in

2046 1103 2290 1162 medium
2335 1105 2403 1162 de
2429 1105 2836 1178 dispensatione
2883 1104 3090 1176 prolata
3115 1113 3217 1171 est,
3268 1119 3392 1177 qua:
3421 1117 3524 1160 nos
3553 1117 3648 1174 op-

2045 1205 2286 1270 portune
2313 1197 2658 1255 commonuit
2693 1205 2756 1254 ut
2785 1197 2840 1254 id
2867 1195 3020 1268 quod
3045 1211 3260 1268 semper
3305 1195 3518 1252 discere
3545 1210 3646 1251 cu-

2045 1292 2348 1365 piebamus,
2372 1307 2519 1350 nunc
2531 1290 2815 1366 possimus
2854 1305 3100 1362 congrue
3138 1287 3429 1358 sciscitari,
3462 1281 3490 1320 δ
3515 1287 3646 1360 quid
3677 1297 3684 1304 ‘

1429 1436 1685 1492 ALARDI
1722 1435 1948 1492 ΕΑΖᾹΞῙ
1987 1434 2546 1493 COMMENTARIUS.

341 1553 412 1631 id_
426 1563 528 1620 est,
559 1554 810 1631 Ecqesite
851 1557 1148 1631 generatim
1175 1565 1234 1614 et
1271 1559 1326 1614 in
1365 1559 1660 1631 communi
1675 1559 1938 1631 promisit

340 1624 587 1697 (Luc.x)
639 1624 886 1684 Christus
925 1627 982 1683 in
1027 1631 1228 1686 oculum
1254 1645 1584 1686 ascensurus
1607 1624 1717 1685 illis
1760 1629 1940 1686 verbis

341 1695 482 1771 apud
509 1697 758 1754 Marcum
787 1713 905 1770 cap.
932 1714 1042 1756 xvr
1070 1717 1086 1754 :
1115 1702 1309 1770 Signa,
1337 1717 1421 1757 eos
1449 1702 1550 1771 qui
1585 1701 1936 1768 crediderint,

342 1769 448 1842 hac
469 1773 759 1842 sequentur
781 1787 795 1824 :
817 1769 880 1826 In
903 1773 1121 1842 nomine
1149 1769 1263 1828 meo
1286 1769 1554 1842 damonia
1578 1771 1628 1842 ej
1633 1774 1812 1838 icient,
1831 1778 1934 1842 etc.

339 1838 473 1908 Qum
518 1839 740 1910 quidem
787 1840 1084 1912 promissio
1139 1842 1210 1898 ad
1259 1857 1452 1900 omnes
1497 1838 1704 1900 Christi
1747 1841 1934 1900 ﬁdeles

338 1917 579 1992 ερθοξαῑς
604 1927 719 1992 non
759 1911 911 1992 quod
937 1911 1167 1992 singulis
1188 1912 1503 1992 hujusmodi
1529 1921 1767 1992 potestas
1790 1925 1936 1992 com:

2045 1559 2367 1626 invocando,
2388 1559 2564 1616 immo
2584 1557 2862 1616 adorando
2891 1565 2944 1614 et
2970 1556 3349 1625 sacrificando,
3373 1564 3435 1614 ut
3454 1557 3546 1614 hic
3569 1555 3643 1614 di-

2043 1629 2208 1686 citur.
2237 1632 2510 1688 Caeterum
2549 1628 2637 1685 hic
2662 1627 2990 1700 notandum,
3033 1629 3234 1700 primo,
3271 1643 3479 1700 magos
3503 1627 3643 1700 nihil

2044 1700 2245 1756 habere
2283 1700 2564 1771 potestatis
2601 1708 2694 1771 aut
2720 1700 2920 1771 virium
2957 1699 3012 1756 in
3036 1697 3392 1771 'dmmoue,
3425 1697 3528 1753 nisi
3577 1713 3644 1754 ex

2048 1767 2322 1843 pactoovél
2355 1771 2602 1843 ipsorum
2629 1769 2983 1843 simulatione
3016 1788 3042 1843 :_
3077 1767 3309 1843 proinde
3335 1783 3446 1843 non
3484 1782 3644 1843 posse

2042 1837 2192 1914 ipsos
2214 1837 2416 1914 invitos
2435 1856 2630 1914 cogere
2661 1840 2732 1914 ad
2766 1840 2972 1914 aliquid
3014 1837 3328 1914 iaciendum
3359 1837 3440 1914 vel
3471 1837 3640 1894 omit-

2041 1910 2297 1978 tendum,
2313 1911 2418 1969 nisi
2448 1910 2574 1968 ﬁcte
2587 1919 2642 1968 et
2661 1910 2934 1968 simulate.
2954 1913 3196 1980 Fingunt
3209 1912 3352 1965 enim
3379 1910 3643 1967 darmones

340 1979 614 2037 municata
657 1979 841 2056 fuerit,
893 1980 990 2040 sed
1028 1979 1244 2056 quibus
1257 1979 1626 2056 conveniebat
1657 1993 1720 2056 ut
1739 1982 1930 2056 eauti
1960 1983 2008 2046 B
2040 2000 2096 2040 se
2121 1999 2155 2039 a
2174 1986 2348 2054 magis
2372 1985 2508 2053 cogi,
2534 1983 2728 2054 quibus
2754 1987 2953 2056 sponte
2981 1979 3348 2056 obtemperant
3375 1986 3426 2036 et
3444 1982 3644 2056 famu-

336 2059 580 2124 possent,
603 2052 816 2125 quando
833 2059 890 2125 et_
900 2052 1168 2125 quamdiu
1183 2055 1470 2125 expediret
1486 2054 1558 2112 ad
1576 2055 1678 2111 Dei
1700 2055 1930 2125 gloriam

335 2120 794 2194 piomoveﬁdam,
827 2123 894 2180 ad
917 2120 1284 2194 communem
1331 2125 1587 2182 Ecclesiae
1613 2120 1928 2194 utilitatem,

334 2191 850 2264 adopropagandam
895 2193 1354 2264 etstabiliendam
1387 2193 1572 2251 ﬁdem.
1599 2198 1708 2252 Est
1748 2191 1932 2252 autem

333 2262 660 2338 hujusmodi
696 2262 922 2338 facultas
950 2263 1006 2320 in
1052 2264 1294 2338 Ecclesia
1332 2265 1531 2338 duplex
1560 2283 1586 2338 ί
1623 2265 1789 2338 altera
1821 2265 1936 2338 pri-

337 2333 494 2409 va_ta_,_
519 2333 686 2391 altera
712 2333 961 2409 publica;
983 2335 1214 2409 privata,
1246 2336 1301 2393 id
1339 2333 1446 2404 est,
1475 2333 1936 2409 quibusdam'ho-

333 2403 583 2461 minibus
605 2403 807 2461 sanctis
825 2405 878 2462 in
905 2403 1278 2464 testimonium
1307 2403 1610 2464 sanctitatis
1636 2409 1830 2464 collata
1859 2423 1925 2464 ex

335 2475 592 2552 peculiari
618 2475 718 2531 Dei
749 2475 894 2552 d_on_o
919 2486 975 2534 et
1004 2478 1208 2552 gratia,
1234 2495 1400 2552 quam
1426 2487 1622 2536 vocant
1648 2479 1812 2552 gratis
1839 2477 1928 2536 da-

334 2545 472 2620 tam.
495 2545 814 2620 cujusmodi
829 2548 976 2620 dono
995 2545 1088 2606 SS.
1122 2545 1438 2620 illos'patres
1461 2558 1518 2606 et
1539 2545 1924 2619 anachoretas,

329 2617 462 2690 licet
485 2616 719 2690 privatos
739 2616 1010 2688 homines,
1041 2616 1342 2677 Antonium
1365 2660 1382 2685 ,
1411 2620 1766 2687 Hilarionem,
1791 2616 1930 2677 Pan;

333 2687 464 2771 lum
480 2687 807 2771 simplicem,
833 2687 1144 2771 Macarium
1173 2692 1668 2771 et_alio_s__clarui_sse
1687 2699 1923 2771 constat.

333 2760 500 2834 Unde
529 2759 674 2834 Divi
697 2759 1068 2834 Hieronymus
1089 2761 1146 2834 in
1176 2762 1299 2819 Vita
1315 2762 1614 2819 Hilarionis
1639 2781 1652 2817 :
1681 2763 1926 2834 Latebat,

331 2830 532 2903 mquit,
557 2833 619 2886 in
637 2833 811 2902 Cypro
827 2830 1005 2888 insula
1023 2833 1291 2890 Hilarion.
1317 2835 1577 2892 Craterum
1598 2836 1696 2889 uia:
1711 2833 1787 2888 ad
1809 2830 1926 2904 ple-

332 2918 466 2958 num
489 2905 688 2972 uiginti
713 2906 975 2960 transiere
994 2905 1108 2960 dies
1124 2945 1140 2968 ,
1169 2920 1290 2960 cum
1305 2921 1406 2976 per
1429 2921 1636 2962 omnem
1657 2905 1924 2970 insulam,

328 2977 652 3044 quicumque
675 2976 970 3030 immundos
999 2975 1230 3031 habeant
1266 2975 1516 3046 spiritus,
1564 2977 1798 3032 clamare
1828 2992 1929 3032 ca:-

323 3050 532 3115 perunt
554 3047 758 3100 venisse
784 3047 1116 3101 Hilarionem
1153 3061 1364 3102 servum
1390 3050 1506 3110 Dei,
1531 3052 1581 3103 et
1604 3047 1681 3102 ad
1725 3063 1845 3102 eum
1871 3063 1926 3103 se

327 3117 524 3171 debere
569 3131 873 3186 properare.
906 3117 1014 3170 Hoc
1042 3117 1345 3182 Salamina,
1385 3118 1479 3172 hoc
1535 3119 1777 3180 Curium,
1827 3119 1921 3174 hoc

322 3187 570 3256 Lapetha
597 3190 650 3241 et
665 3186 822 3240 urbes
844 3186 1066 3254 reliquie
1087 3188 1508 3241 conclamabant.
1536 3190 1681 3243 Inter
1695 3189 1922 3256 triginta

328 3255 526 3324 igitur,
551 3272 644 3310 nec
663 3257 826 3310 multo
852 3257 1086 3326 amplius
1108 3255 1241 3320 dies,
1262 3257 1476 3312 ducenti
1499 3259 1670 3324 ferme
1689 3255 1800 3312 tam
1811 3261 1925 3312 viri

329 3343 500 3398 quam
527 3326 770 3381 mulieres
797 3326 869 3380 ad
887 3341 1007 3398 eum
1034 3329 1339 3397 congregati
1361 3331 1508 3392 sunt,
1535 3331 1632 3398 qui
1656 3342 1832 3383 omnes
1856 3329 1924 3383 ab

323 3397 512 3470 eodem
547 3398 903 3470 curati.__EImc
931 3397 1325 3470 Hieronymus.
1344 3397 1800 3470 Alterapotestas
1817 3414 1923 3470 pu-

325 3467 490 3542 blica,
522 3482 661 3542 quae
680 3467 810 3524 solis
834 3468 1089 3542 Ecclesia:
1119 3467 1386 3525 ministris
1409 3467 1692 3542 competit,
1722 3469 1781 3525 in
1807 3467 1924 3542 (pii-

324 3539 434 3594 bus
458 3537 701 3613 est'ordo
717 3539 1135 3613 emi-cistarum,
1150 3555 1387 3612 quorum
1413 3537 1694 3613 proprium
1719 3537 1920 3613 munus

326 3618 416 3666 est
462 3609 761 3684 daemones,
775 3609 1048 3684 adjurare,
1077 3609 1183 3684 ete
1203 3609 1532 3684 corporibus
1556 3611 1789 3668 obsessis
1800 3613 1920 3684 lsive

327 3681 594 3754 possessis
614 3681 899 3753 expellere.
927 3685 1046 3754 Qua
1079 3681 1146 3754 de
1169 3697 1228 3738 re
1259 3681 1634 3754 Turtullianus
1671 3684 1740 3740 ad
1788 3683 1925 3740 Sca-

324 3750 511 3824 pulam
541 3767 658 3824 cap.
682 3750 724 3808 ’2
749 3770 760 3807 :
809 3750 1098 3822 Dwmbnes,
1120 3753 1320 3826 inquit,
1345 3770 1450 3810 non
1479 3759 1691 3811 tantum
1714 3757 1920 3826 respui-

325 3839 467 3887 mus,
488 3839 670 3880 certon
693 3826 853 3880 etiam
872 3827 1216 3890 revincimus,
1242 3831 1291 3881 et
1309 3828 1550 3895 quotidie
1569 3827 1920 3894 traducimus,

323 3897 380 3950 et
396 3895 462 3950 de
488 3895 790 3950 hominibus
817 3896 1134 3964 exponimus
1153 3914 1170 3960 ;
1193 3897 1332 3949 sicut
1346 3897 1600 3964 plurimis
1617 3901 1804 3951 notum
1823 3902 1919 3963 est,

326 3965 413 4022 0h
429 3967 446 4020 !
467 3964 716 4020 siaudire
727 3965 884 4018 velles
895 3965 1136 4018 etvidere
1151 3964 1368 4031 quando
1377 3980 1412 4016 a
1427 3966 1580 4018 nobis
1595 3965 1927 4032 adjurantur

324 4039 385 4090 et
404 4037 720 4102 torquentur
731 4033 1113 4102 spiritualibus
1139 4033 1351 4098 ﬂagris,
1367 4037 1416 4086 et
1432 4033 1714 4102 verborum
1730 4038 1928 4088 tamen-

326 4107 406 4159 tis
425 4104 490 4156 de
498 4101 730 4156 ’obsessis
741 4102 1045 4170 corporibus
1065 4101 1114 4170 ej
1120 4102 1380 4167 iciuntur;
1398 4101 1616 4170 quando
1641 4103 1924 4172 ejulantes,

325 4176 387 4228 et
412 4175 674 4240 gementes
708 4186 828 4226 voce
859 4172 1115 4235 humana,
1143 4175 1196 4226 et
1211 4175 1474 4241 potestate
1496 4173 1684 4228 divina
1710 4174 1928 4242 ﬂagella

322 4247 387 4300 et
414 4243 638 4298 verbera
673 4243 953 4298 sentientes
991 4249 1276 4298 venturum
1288 4243 1532 4314 judicem
1577 4246 1927 4314 conﬁtentur!

329 4314 481 4374 Veni
499 4317 550 4388 e_t
573 4327 816 4388 cognosce
838 4329 964 4369 vera
991 4329 1100 4370 esse
1122 4314 1603 4388 quiedicimusllta
1623 4317 1680 4372 S.
1703 4314 1923 4388 Cypria:

319 4400 455 4458 nus,
512 4385 580 4458 in
617 4383 867 4458 concilio"
885 4391 1078 4458 quarto
1117 4383 1522 4458 Carthaginensi
1551 4387 1705 4458 (Cap.
1737 4383 1814 4458 7)’,
1839 4385 1926 4443 cui

322 4459 396 4513 D.
420 4453 719 4530 Cyprianus
742 4453 810 4530 ad
837 4453 1249 4530 Demetrianum
1263 4453 1464 4515 Africa:
1493 4453 1921 4530 prccénsulem:

316 4532 398 4584 D.
433 4524 768 4598 Augustinus
791 4525 1065 4598 interfuit,
1087 4526 1160 4582 ita
1195 4527 1334 4584 inter
1356 4524 1586 4585 caeteros
1608 4528 1829 4586 ordines
1854 4529 1922 4586 de

319 4595 595 4655 exorcista
619 4595 923 4652 ordinando
950 4596 1199 4654 traditur.
1235 4601 1515 4654 Emorcista
1537 4616 1657 4656 cum
1691 4601 1922 4657 ordina-

322 4674 442 4732 tur,
473 4669 701 4742 accipiat
719 4667 786 4742 de
811 4683 980 4742 manu
1007 4670 1240 4742 episcopi
1265 4670 1499 4742 libellum
1521 4673 1578 4726 in
1605 4687 1709 4740 quo
1732 4674 1928 4742 scripti
1948 4659 1998 4722 D

319 4743 456 4796 sunt
483 4740 790 4806 emorcismi,
817 4739 1026 4811 dicente
1051 4739 1159 4794 sibi
1176 4739 1462 4810 'episcopo:
1493 4739 1687 4811 Accipe
1714 4748 1766 4797 et
1782 4739 1922 4798 coin-

322 4811 522 4866 menda
540 4811 832 4878 memoriae,
857 4814 908 4864 et
931 4809 1450 4882 habetopotestatem
1475 4809 1786 4882 imponendi
1800 4830 1926 4868 ma-

322 4896 431 4936 nus
449 4896 607 4953 super
635 4895 1041 4950 energumenum
1055 4880 1256 4948 (id—est,
1279 4880 1554 4953 agitatum
1570 4896 1601 4936 a
1627 4881 1920 4953 daemone),

319 4953 441 5010 sive
451 4951 810 5022 baptizatum:
833 4953 944 5024 sive
961 4951 1414 5024 catechumenum.
1431 5021 1440 5024 _
1456 4954 1690 5024 Eratque
1702 4952 1840 5024 adeo
1867 4951 1924 5010 in

319 5038 432 5094 usu
459 5021 592 5079 tunc
620 5021 883 5094 temporis
907 5021 1070 5094 (sicut
1091 5025 1327 5094 etnunc)
1355 5021 1513 5094 istius
1543 5021 1782 5080 muneris
1795 5022 1922 5079 fun-

322 5086 464 5162 ctib,
496 5102 558 5165 ut
595 5086 754 5165 idem'
781 5086 1116 5165 AugUétinus
1144 5086 1518 5165 in‘proverbio
1549 5093 1722 5165 etiam
1760 5109 1921 5150 usur-

321 5164 568 5238 paverit,
594 5163 835 5238 referens
859 5163 1274 5238 Donatistarum
1290 5163 1346 5220 in
1373 5163 1668 5238 collatione
1699 5165 1925 5222 Cartha-

317 5234 536 5309 ginensi
563 5235 1054 5320 tergiversatio‘uesz
1095 5251 1167 5291 ne
1191 5234 1277 5320 Aib-i
1317 5234 1566 5320 quaedam
1607 5244 1750 5320 acta,
1796 5250 1921 5307 qua:

320 5305 524 5364 éorum
547 5305 788 5364 schisma
817 5305 1232 5375 confunderent,
1251 5305 1556 5378 legerentur
1581 5327 1594 5364 :
1629 5308 1672 5364 Ο
1703 5305 1920 5376 magna,

319 5377 524 5450 inquit,
539 5377 636 5434 sed
653 5394 756 5434 non
771 5379 1025 5434 miranda
1034 5379 1274 5446 confusio
1287 5377 1542 5448 {quando
1557 5381 1698 5435 enim
1711 5379 1922 5435 damon

324 5450 381 5504 si
399 5453 719 5506 eworcistam
744 5451 972 5512 timeret,
1013 5451 1271 5520 quomodo
1295 5451 1589 5506 timuerunt
1604 5453 1918 5514 Donatistae,

323 5533 397 5593 ne
415 5522 519 5577 ista
545 5523 848 5593 legerentur
863 5525 892 5577 ?
919 5524 992 5577 At
1019 5521 1087 5593 de
1117 5520 1304 5593 ordine
1327 5529 1384 5577 et
1409 5520 1732 5593 antiquitate
1755 5537 1920 5578 exor-

322 5589 729 5664 cistarum'vide
748 5591 901 5664 plura
916 5591 1060 5664 apud
1089 5591 1389 5649 Baronium
1411 5589 1566 5648 tomo
1596 5593 1776 5664 primo
1804 5595 1918 5648 An-

316 5661 532 5720 nalium
554 5664 685 5731 (Sub
711 5661 850 5718 anno
879 5661 1080 5721 Christi
1097 5668 1202 5731 56).
1458 5668 1474 5680 ‘

393 5741 422 5769 ⁸
446 5734 604 5808 Alter
641 5733 838 5808 modo
855 5733 1172 5808 subjiciendi
1197 5733 1616 5808 daemones,aut
1643 5734 1713 5792 iis
1741 5735 1918 5808 impe-

319 5803 511 5872 randi,
568 5820 745 5880 quem
773 5803 1014 5880 diximus
1029 5813 1368 5880 potestatem
1415 5806 1737 5880 diabolicam
1756 5847 1777 5876 ,
1810 5803 1918 5880 qua

320 5881 558 5933 utuntur
583 5875 746 5950 ’magi
791 5883 847 5933 et
877 5875 1104 5934 maleﬁci
1123 5917 1138 5942 ,
1169 5875 1485 5934 daemonum
1515 5875 1795 5948 cultores,
1821 5875 1920 5936 eos

2039 2061 2248 2120 lantur,
2273 2071 2378 2126 quo
2401 2053 2580 2124 magis
2599 2069 2682 2110 eos
2697 2058 2749 2110 et
2775 2055 2912 2126 alios
2935 2055 3204 2126 irretiant,
3223 2057 3273 2126 et
3300 2053 3641 2126 ivgeticosref

2037 2121 2358 2208 tineant,:ut
2383 2121 2544 2182 docet
2680 2123 3017 2208 Augustinus
3045 2123 3200 2208 lib.n_
3227 2121 3296 2178 de
3336 2121 3499 2208 (ﬂvit.
3535 2122 3640 2208 _Dei

2041 2215 2158 2270 cap.
2185 2191 2416 2270 6.1Hinc
2437 2195 2695 2267 praeclara
2709 2191 2995 2270 cujusdam
3014 2209 3124 2250 non
3149 2191 3366 2270 obscuri
3403 2192 3640 2270 theologi

2041 2266 2310 2328 sententia
2341 2287 2355 2322 :
2396 2266 2616 2325 Damon
2642 2266 2862 2322 simulat
2883 2281 2937 2322 se
2963 2270 3204 2336 captum,
3247 2268 3388 2336 utte
3419 2266 3636 2334 capiat,-

2043 2359 2099 2399 se
2124 2344 2380 2402 cinctum,
2402 2343 2464 2394 ut
2489 2343 2538 2395 te
2555 2341 2788 2405 vinciat;
2817 2353 2872 2394 se
2891 2343 2982 2394 tuo
3007 2335 3229 2406 imperio
3247 2335 3548 2400 subditum,
3574 2340 3637 2392 ut

2036 2419 2086 2470 te
2109 2413 2220 2468 sibi
2240 2411 2468 2478 subdat;
2485 2414 2587 2466 ate
2605 2411 2894 2476 inclusum,
2917 2412 2978 2463 ut
2995 2411 3046 2464 te
3063 2408 3303 2476 ﬁnaliter
3327 2406 3634 2473 concludat;

2033 2486 2194 2556 ﬁngit
2220 2499 2275 2538 se
2286 2487 2380 2537 tua
2402 2485 2522 2538 arte
2539 2481 2860 2556 imaginivel
2881 2479 3056 2556 lapidi
3064 2479 3366 2556 alligatum,
3400 2482 3463 2532 ut
3483 2478 3636 2556 funi}

2038 2548 2136 2611 bus
2171 2557 2508 2621 peccatorum
2555 2548 2852 2621 religatum
2879 2548 2952 2605 ad
2989 2551 3269 2617 infernum
3297 2553 3346 2604 te
3369 2548 3638 2621 perducat

2036 2620 2323 2696 (Alpheus.
2353 2625 2604 2696 a_Castro
2626 2664 2643 2685 ,
2666 2620 2823 2696 tibi}
2854 2621 2926 2696 de
2960 2623 3115 2696 Justa
3137 2623 3341 2696 Haeret.
3372 2620 3561 2674 Punit.
3583 2621 3626 2696 ).

2036 2689 2212 2752 Porro
2234 2709 2364 2750 cum
2385 2691 2669 2760 daemones
2701 2691 2791 2747 alii
2819 2690 2934 2746 aliis
2959 2691 3069 2745 sint
3111 2689 3461 2760 potentiores.
3502 2689 3632 2759 quia

2037 2765 2466 2838 superiores,_ut
2500 2759 2848 2838 dictum_est,
2879 2757 3219 2838 consequens
3241 2767 3343 2827 est,
3368 2757 3415 2812 si
3437 2757 3635 2830 magus

2038 2829 2259 2918 pictum
2280 2833 2503 2918 ,μρδεει
2535 2848 2660 2918 cem
2685 2831 2968 2918 ,ἀεεαξοξιε
2981 2829 3508 2918 ἓυέεῗίρξέιηῐξίὲἓῗὲ
3536 2829 3634 2918 PB"

2036 2897 2221 2980 ipsum
2248 2905 2350 2962 sibi
2391 2920 2468 2980 ex_
2495 2912 2652 2980 pacto
2681 2901 3037 2980 famulantem
3063 2897 3200 2980 alios
3222 2897 3508 2980 inferiores
3523 2897 3634 2980 ico-

2033 2969 2246 3052 gerent
2270 2991 2372 3052 suo
2417 2969 2681 3052 obiequio
2729 2973 3040 3052 subjicere._
3065 2969 3384 3052 “Quomodo
3429 2969 3631 3042 legitur

2037 3039 2371 3123 Kpollonius
2383 3039 2585 3123 magus"
2593 3045 2735 3123 inter
2758 3039 2860 3123 alia
2881 3039 3630 3123 mirabilia_etiamdmponw

2035 3111 2256 3203 ejecisse
2285 3111 2664 3200 (Philostratus
2700 3118 2761 3172 in
2800 3115 2915 3186 ejus
2951 3115 3200 3180 Vita).Et
3227 3111 3387 3194 divus
3414 3111 3629 3185 Grego-

2029 3206 2144 3247 rius
2165 3191 2256 3260 ιώ.
2276 3205 2298 3246 ι
2325 3189 2680 3260 Dialogorum
2695 3203 2818 3260 capi
2841 3192 2934 3251 10,
2955 3192 3150 3260 narrat
3157 3183 3408 3260 nobilem
3433 3198 3629 3260 quam-

2029 3261 2159 3316 dam
2217 3253 2516 3330 feminam'
2537 3253 2778 3330 magicis'
2805 3254 3258 3330 incantationibus
3285 3271 3317 3311 a
3355 3253 3631 3330 daemonio

2034 3331 2356 3398 liberatam;
2383 3329 2482 3386 sed
2513 3325 2867 3400 postmodum
2899 3327 2968 3382 ab
2991 3326 3201 3400 integra
3219 3325 3544 3400 damonum
3563 3326 3630 3382 le-

2032 3400 2388 3483 gionefuisse
2424 3398 2768 3483 occupatam.
2792 3399 2930 3454 Miro
2957 3399 3099 3483 enim
3131 3399 3232 3483 Dei
3253 3398 3631 3483 omnipotentis

2020 3467 2260 3542 iudicio,
2285 3470 2485 3542 inquit,
2511 3467 2644 3542 dum
2664 3473 2782 3542 arte
2809 3482 3066 3538 perversa
3081 3481 3223 3542 unus
3241 3467 3310 3522 ab
3339 3481 3402 3522 ea
3421 3467 3618 3542 repelli

2030 3538 2139 3606 tur,
2171 3546 2230 3598 in
2255 3538 2376 3598 eam
2396 3541 2574 3596 subito
2605 3538 2742 3609 legio
2760 3541 3008 3602 intravit,
3037 3540 3298 3611 capitque
3321 3552 3390 3592 ea:
3415 3538 3510 3592 hoc
3532 3538 3632 3593 illa

2034 3619 2112 3671 tot
2123 3614 2353 3670 motibus
2377 3613 2600 3682 agitari,
2624 3615 2702 3667 tot
2729 3611 2944 3666 uocibus
2971 3615 3023 3665 et
3045 3609 3370 3682 clamoribus
3387 3614 3632 3682 perstre:

2025 3702 2172 3764 pere,
2195 3679 3171 3764 qu¢)_t_spiﬁtibus_ieriebatur;de
3195 3679 3282 3764 his
3309 3679 3459 3764 plura
3487 3679 3631 3764 apud

2032 3751 2602 3830 Detrumfl‘hyrazum,
2626 3754 2924 3830 Martiuum
2949 3752 3196 3830 Delrium
3215 3759 3270 3808 et
3293 3751 3428 3808 alios
3445 3751 3540 3824 qui
3561 3751 3630 3809 de

2027 3825 2463 3902 dmmonibusgt
2489 3825 2848 3902 daamoniacis
2867 3825 3228 3902 scripserunt._
3285 3889 3300 3902 _
3369 3892 3380 3902 _

2099 3901 2126 3934 ³³
2168 3901 2304 3956 Haec
2326 3896 2618 3979 difﬁcultas
2641 3889 3499 3979 ρεςεξειίίςυεᾷριιεωξ,Ρξιέιξξξεκ
3513 3891 3628 3979 -ςξίτ

2029 3984 2182 4024 versa
2233 3969 2504 4038 versione,
2549 3975 2606 4024 et
2644 3963 2925 4023 intellectu
2967 3963 3108 4018 illius
3148 3963 3461 4025 ententiaa,
3505 3975 3628 4032 qua:

2033 4037 2264 4092 habetur
2285 4039 2486 4093 Genes.
2501 4053 2619 4103 cap.
2643 4053 2708 4092 vr
2733 4054 2748 4091 :
2773 4037 3026 4094 Videntes
3049 4034 3153 4103 ﬁlii
3167 4035 3270 4088 Dei
3287 4032 3430 4100 ﬁlias
3450 4031 3628 4086 homi-

2051 4054 2264 4092 tanctur
2285 4054 2486 4092 uenes.
2501 4054 2619 4092 can.
2643 4054 2708 4092 VI
2733 4054 2748 4091 ἒ
2781 4054 2812 4092 γ
2825 4054 3026 4092 tuentes
3050 4054 3150 4092 nm
3167 4054 3266 4088 υεί
3287 4054 3430 4092 [mus
3450 4054 3628 4086 ηυτηι-

2033 4054 2264 4092 nanctur
2285 4054 2486 4093 uenes.
2501 4054 2619 4108 cap.
2643 4054 2708 4092 vr
2733 4054 2748 4091 :
2781 4054 2812 4094 V
2825 4054 3026 4092 taenzes
3049 4054 3150 4103 pm
3167 4054 3266 4088 uei
3287 4054 3430 4100 [mus
3450 4054 3628 4086 nonu-

2030 4122 2160 4160 num
2179 4108 2322 4176 quod
2334 4112 2504 4161 essent
2513 4108 2773 4176 pulchrce,
2788 4107 3109 4176 acceperunt
3121 4103 3232 4156 sibi
3243 4118 3438 4156 uxores
3452 4117 3629 4158 exom-

2031 4173 2207 4232 nibus
2221 4191 2356 4246 quas
2380 4173 2664 4244 elegerant.
2691 4178 2759 4230 Et
2782 4173 2924 4229 infra
2957 4192 2968 4227 :
2992 4175 3244 4240 Gigantes
3267 4175 3447 4246 autem
3475 4177 3630 4228 erant

2030 4261 2195 4317 super
2223 4243 2422 4302 terram
2444 4248 2505 4300 in
2544 4246 2742 4317 diebus,
2756 4246 2884 4299 illis.
2912 4243 3366 4317 Postquam'enim
3395 4245 3630 4314 ingressi

2033 4315 2162 4373 sunt
2189 4318 2296 4388 ﬁlii
2329 4317 2428 4372 Dei
2452 4317 2525 4372 ad
2559 4317 2704 4386 ﬁlias
2729 4316 3022 4388 hominum,
3054 4315 3272 4388 illaque
3295 4321 3618 4388 genuerunt,

2031 4391 2128 4444 isti
2141 4384 2269 4445 sunt
2281 4393 2526 4460 potentes
2540 4384 2576 4460 a
2588 4387 2778 4453 saeculo
2791 4389 2905 4460 viri
2913 4385 3131 4460 famosi)
3146 4432 3149 4433 ν
3163 4384 3273 4460 Ubi
3278 4384 3624 4460 septuaginta

2032 4456 2362 4530 lnterpretes
2376 4459 2430 4515 in
2444 4457 2988 4530 editionelvetustiori,
3003 4473 3167 4530 quam
3191 4456 3348 4530 Philo
3370 4456 3621 4530 Iudaeus,

2030 4529 2298 4588 Eusebius
2321 4539 2376 4587 et
2402 4530 2492 4588 alii
2515 4529 2688 4587 secuti
2715 4538 2844 4586 sunt
2874 4529 3048 4597 (Philo
3072 4529 3166 4585 lib.
3191 4529 3258 4584 de
3277 4529 3622 4600 Gigantibus;

2029 4605 2245 4675 Ioseph.
2274 4605 2405 4660 lib.t
2431 4605 2620 4673 Antig.
2655 4618 2698 4658 c.
2743 4608 2814 4670 5;
2854 4602 3117 4660 Eusebius
3145 4601 3236 4656 lib.
3265 4615 3328 4675 _v
3367 4604 3622 4672 Evangel.

2030 4673 2269 4746 Prtepar.
2280 4695 2296 4744 ;
2317 4676 2551 4734 Clemens
2566 4675 2876 4746 Alemand-r.
2901 4675 2998 4729 lib.
3025 4689 3103 4746 ui
3118 4677 3233 4746 etv
3253 4673 3623 4746 δίνη-,λωιςο

2029 4741 2166 4802 ἢιὶἰέ
2183 4741 2287 4820 Dei
2313 4755 2597 4820 uerterunt
2623 4745 2672 4820 ol
2709 4745 2923 4816 ἄγγελοι
2949 4747 3046 4820 ’τοῦ
3071 4741 3199 4820 quoii
3221 4779 3236 4805 ,
3281 4741 3623 4820 angeli
3667 4787 3669 4790 .

2029 4816 2274 4888 quomdo
2295 4817 2430 4873 citat
2447 4817 2608 4888 etiam
2635 4819 2700 4870 D.
2731 4807 3069 4888 Augustinus
3086 4809 3180 4888 lib.
3227 4821 3338 4862 Juv
3357 4807 3424 4862 de
3467 4807 3624 4888 gitiit.

2032 4876 2137 4942 Dei
2159 4901 2278 4956 cap.
2301 4891 2392 4942 23.
2418 4887 2636 4956 Peperit
2649 4876 2981 4956 autemith
2999 4876 3320 4956 angelorum
3334 4876 3624 4956 appellatio

2033 4947 2320 5031 perperam
2349 4947 2524 5031 posita
2543 4953 2816 5031 maximas
2837 4947 3302 5031 difﬁcultates,‘et
3351 4947 3422 5031 in
3445 4951 3624 5031 varias

2033 5019 2540 5091 Sententias,'immo
2567 5023 2732 5080 etiam
2751 5036 2962 5080 errores
2989 5027 3202 5091 mentes
3223 5019 3517 5078 hominum
3540 5021 3624 5080 di-

2031 5094 2244 5166 straxit.
2279 5093 2524 5166 Quidam
2547 5095 2698 5150 enim
2745 5100 3013 5166 putarunt
3040 5090 3362 5166 angelorum
3398 5092 3622 5150 nomine

2031 5163 2322 5238 significari
2373 5164 2594 5238 angelos
2642 5163 2887 5238 sanctos,
2912 5163 3016 5238 qui
3045 5173 3168 5238 tum
3217 5163 3461 5238 primum
3494 5178 3622 5220 cum

2032 5233 2356 5310 mulieribus
2380 5233 2674 5310 peccarint,
2703 5243 2761 5310 et
2777 5233 2980 5310 oblid’e
3009 5235 3148 5310 ctylo
3164 5306 3174 5310 _
3193 5233 3390 5310 exclusi
3407 5241 3470 5310 _et
3493 5249 3622 5307 pro-

2030 5307 2222 5380 scripti
2263 5305 2397 5365 sint:
2411 5305 2500 5365 Sic
2527 5308 2831 5366 Lactantius
2852 5307 2946 5363 lib.
2976 5321 3022 5362 ιι
3059 5305 3236 5362 Divin.
3287 5305 3466 5361 lnstit.
3494 5305 3618 5379 cap.

2033 5384 2098 5436 15
2131 5397 2146 5436 z
2179 5381 2328 5446 Cum,
2366 5379 2570 5448 inquit,
2595 5395 2848 5436 numerus
2888 5380 3159 5434 hominum
3185 5379 3422 5448 ccepisset
3445 5379 3618 5435 incre-

2131 5397 2146 5436 ε
2179 5395 2328 5446 ωιτη,
2366 5395 2542 5446 tnqmt
2553 5423 2570 5444 ,
2595 5395 2848 5436 numerus
2888 5395 3159 5434 hominum
3185 5395 3422 5446 εωιηεδει
3445 5395 3622 5435 mere-

2033 5396 2098 5436 ιδ
2131 5397 2146 5436 :
2179 5396 2328 5446 cum,
2366 5396 2570 5452 tnqmt,
2595 5396 2848 5436 numerus
2888 5396 3159 5434 hominum
3185 5396 3422 5448 cwpisset
3445 5396 3622 5435 incre-

2026 5467 2186 5514 scere,
2209 5453 2498 5523 providens
2525 5457 2665 5509 Deus
2685 5467 2750 5506 ne
2775 5451 3070 5518 fraudibus
3091 5451 3205 5523 suis
3229 5449 3498 5513 diabolus,
3534 5453 3626 5523 cui

2029 5523 2099 5577 ab
2114 5522 2273 5578 initio
2296 5528 2452 5579 terra:
2469 5523 2692 5579 dederat
2701 5525 3034 5594 potestatem,
3048 5522 3130 5594 vel
3139 5523 3518 5594 corrumperet,
3539 5522 3623 5578 vel

2027 5594 2358 5664 disperderet
2379 5597 2614 5651 homines
2627 5609 2758 5664 quos
2770 5596 2828 5648 in
2847 5593 3070 5649 exordio
3096 5593 3318 5660 fecerat,
3343 5593 3494 5648 misit
3516 5607 3624 5650 an-

2027 5660 2168 5734 gelos
2213 5660 2286 5720 ad
2311 5667 2534 5722 tutelam
2557 5660 2868 5736 cultumque
2893 5665 3100 5734 generis
3135 5664 3380 5728 humani,
3427 5664 3622 5736 quibus

2021 5739 2282 5808 praecepit
2336 5742 2461 5793 ante
2484 5740 2665 5794 omnia
2691 5753 2758 5792 ne
2791 5743 2952 5792 terra
2987 5739 3298 5807 contagione
3325 5737 3585 5808 maculuii
3603 5775 3618 5796 ,

2025 5804 2339 5864 substdntia-
2365 5809 2588 5865 ccelestis
2605 5811 2912 5866 amitterent
2931 5804 3281 5878 dignitatem.
3293 5809 3483 5874 Itaque
3500 5804 3620 5878 illos

2027 5893 2147 5935 cum
2169 5879 2477 5938 hominibus
2499 5885 2880 5938 commorantes
2895 5871 3202 5936 dorninator
3226 5877 3314 5932 ille
3337 5871 3496 5928 term
3511 5871 3624 5936 fal-
