4048 6208
401 305 507 359 755

1487 296 1771 354 JOANNIS
1807 293 2111 352 cassum
2149 248 2638 351 COLLATIONES.

3617 300 3725 354 756

403 427 571 483 etiam
601 423 668 482 de
696 423 803 481 illis
821 423 1078 496 apostatis
1100 421 1309 495 angelis
1346 420 1696 478 sentiendum
1724 420 1814 487 sit,
1854 427 2007 492 opta«
2038 421 2091 485 Α
2122 418 2271 490 (Cap.
2303 422 2350 487 1)
2376 440 2387 476 :
2423 419 2567 488 Quid
2609 422 2686 475 est
2714 418 2859 491 quod
2874 419 2990 487 fuit
3015 421 3044 473 ?
3065 418 3299 489 idipsum
3337 419 3485 489 quod
3526 425 3638 489 est;
3676 429 3733 479 et

406 535 535 576 mus
559 532 875 591 agnoscere,
922 516 1015 589 qui
1048 531 1106 572 se
1133 530 1263 571 cum
1290 504 1501 570 filiabus
1549 513 1837 570 hominum
1872 513 2008 569 mis-

407 614 585 671 cuisse
608 612 867 669 dicuntur
892 612 1101 678 (Genes.
1134 609 1251 681 vr),
1291 615 1479 664 utrum
1508 606 1613 663 hoc
1649 607 1817 679 possit
1861 605 2011 679 spiri-

327 750 333 756 .
408 706 504 781 tali
541 714 753 762 naturae
780 703 1081 761 secundum
1109 702 1350 758 litteram
1376 701 1685 758 convenire.
1706 700 1847 757 Illud
1875 715 2012 773 quo-

410 816 517 874 que
545 798 825 870 Evangelii
854 797 1232 854 testimonium
1250 839 1265 867 ,
1292 795 1440 869 quod
1492 796 1560 854 de
1588 794 1806 853 diabolo
1851 794 2011 867 paulo

408 899 533 948 ante
576 890 797 947 dixisti:
832 892 973 959 Quia
1025 890 1265 945 mendam
1288 894 1387 953 est,
1417 892 1467 945 et
1491 892 1650 960 pater
1675 888 1789 958 ejus
1810 889 1831 957 (
1855 890 2006 943 Joan.

410 987 582 1055 vm),
604 983 856 1040 similiter
877 983 1251 1042 desideramus
1265 982 1455 1040 audire
1478 982 1704 1055 quinam
1733 981 1849 1054 ejus
1865 987 2014 1053 pater

410 1078 794 1152 intelligendus
821 1079 913 1135 sit.

1001 1214 1241 1270 CAPUT
1288 1214 1429 1267 XXI

767 1332 972 1387 Salutio
1004 1331 1296 1399 proposita:
1324 1328 1654 1398 quaestionis.

481 1460 507 1489 ⁸
541 1456 774 1512 Serenus
803 1474 816 1508 :
848 1458 994 1508 Duas
1018 1452 1330 1524 questiones
1352 1468 1464 1507 non
1485 1450 1788 1507 mediocres
1816 1450 2017 1523 pariter

414 1546 804 1622 proposuistis,
859 1546 927 1602 de
965 1545 1185 1617 quibus,
1218 1552 1485 1615 quantum
1516 1559 1769 1616 possum,
1820 1542 2016 1599 eodem

412 1659 522 1716 quo
561 1639 918 1714 proposuistis
949 1637 1143 1695 ordine
1166 1636 1528 1711 respondebo.
1575 1652 1595 1692 ι
1631 1636 1795 1693 Nullo
1848 1635 2015 1691 modo

413 1736 749 1796 credendum
778 1744 860 1792 est
888 1734 1157 1807 spiritales
1196 1742 1421 1790 naturas
1471 1732 1616 1790 coire
1646 1748 1771 1789 cum
1801 1730 2018 1788 feminis

2116 514 2252 583 quid
2280 517 2356 569 est
2371 514 2515 584 quod
2531 512 2839 585 factumIest
2854 515 2882 567 ?
2902 512 3139 582 idipsum
3172 512 3313 581 quod
3334 515 3426 582 ﬁet
3450 531 3467 579 ;
3491 521 3550 569 et
3569 534 3582 570 :
3612 517 3732 573 Non

2120 611 2196 663 est
2225 623 2375 663 omne
2404 623 2583 664 recens
2608 608 2706 663 sub
2728 609 2836 663 sole
2862 607 3006 678 quod
3025 608 3279 677 loquatur
3300 610 3353 661 et
3373 607 3522 663 dicat
3553 628 3566 665 :
3598 612 3732 668 Ecce

2121 701 2214 757 hoc
2240 717 2434 756 novum
2470 706 2569 766 est,
2593 717 2699 756 non
2727 703 2844 770 fuit
2870 703 2929 756 in
2952 701 3163 756 saeculis
3189 716 3309 770 qua:
3336 702 3567 769 fuerunt
3596 710 3728 763 ante

2118 809 2235 850 nos.
2268 793 2375 851 Sed
2396 794 2469 851 ita
2501 794 2728 866 qumstio
2772 794 3159 866 propositionis
3185 792 3349 865 hujus
3391 794 3717 855 absolvitur.
3780 842 3793 847 -

2123 888 2253 943 Post
2278 902 2470 943 necem
2494 886 2628 943 Abel
2651 886 2810 960 justi,
2828 903 2897 943 ne
2924 903 2954 943 a
2980 885 3257 943 fratricida
3286 885 3526 960 etimpio
3566 904 3738 949 omne

2122 980 2417 1038 hominum
2443 996 2611 1054 genus
2628 980 2914 1038 exordium
2941 989 3210 1049 sumeret,
3240 981 3298 1035 in
3329 980 3508 1038 locum
3540 980 3739 1042 fratris

2123 1075 2368 1132 exstincti
2417 1074 2660 1133 nascitur
2711 1073 2864 1142 Seth,
2907 1074 2999 1146 qui
3034 1090 3151 1130 non
3193 1073 3375 1130 solum
3414 1078 3727 1147 posteritati

2124 1168 2221 1227 sed
2271 1169 2436 1226 etiam
2488 1167 2746 1226 fraterna:
2786 1167 3011 1240 justitia:
3047 1168 3345 1241 pietatique
3388 1170 3728 1228 succederet.

2125 1264 2293 1337 Cujus
2328 1263 2613 1337 progenies
2639 1270 2824 1320 secuta
2862 1261 3029 1333 patris
3063 1261 3361 1333 justitiam,
3415 1278 3449 1317 a
3471 1263 3735 1321 societate

2123 1369 2179 1417 et
2215 1360 2595 1434 conjunctione
2621 1358 2963 1432 cognationis
2993 1356 3156 1425 illius,
3197 1372 3321 1430 quae
3362 1373 3427 1413 ex
3456 1359 3591 1415 Cain
3635 1374 3731 1415 sa-

2124 1456 2326 1530 crilego
2349 1454 2732 1523 descendebat;
2773 1469 2988 1526 semper
3022 1452 3186 1509 divisa
3232 1454 3558 1525 permansit,
3589 1455 3733 1512 sicut

2128 1551 2291 1608 etiam
2335 1550 2663 1624 genealogia:
2695 1548 2989 1620 descriptio
3039 1545 3331 1603 manifeste
3356 1547 3614 1612 declarat,
3650 1548 3727 1605 ita

2126 1643 2309 1701 dicens
2344 1644 2548 1714 (Genes.
2576 1645 2684 1708 v):
2726 1642 2911 1698 Adam
2959 1642 3146 1712 genuit
3172 1641 3329 1708 Seth,
3370 1642 3499 1697 Seth
3544 1643 3731 1712 genuit

2123 1743 2286 1802 Enos,
2318 1742 2459 1795 Enos
2489 1737 2674 1807 genuit
2695 1738 2919 1803 Cainan,
2947 1736 3155 1793 Cainan
3185 1740 3363 1791 autem
3396 1739 3585 1806 genuit
3610 1739 3733 1793 Ma-

409 1831 695 1888 carnaliter
731 1844 909 1901 posse.
941 1826 1104 1901 Quod
1148 1827 1193 1884 Si
1229 1826 1519 1899 aliquando
1569 1826 1675 1883 hoc
1712 1824 2019 1883 secundum
2049 1814 2099 1877 Β
2129 1835 2302 1902 laleel,
2339 1834 2591 1888 Malaleel
2623 1837 2803 1887 autem
2846 1833 3033 1901 genuit
3080 1831 3286 1893 Jareth,
3330 1832 3511 1886 Jaretli
3538 1834 3725 1886 autem

410 1929 649 1986 litteram
705 1928 818 1983 fieri
869 1926 1173 1999 potuisset,
1229 1924 1556 1998 °quomodo
1608 1940 1755 1980 nunc
1799 1937 2018 1996 quoque

410 2023 650 2096 idipsum
677 2023 756 2083 vel
792 2036 902 2076 non
942 2037 1067 2076 raro
1093 2019 1450 2090 contingeret,
1482 2027 1537 2074 et
1565 2017 1771 2089 absque
1810 2017 2019 2073 semine

414 2118 499 2174 vel
542 2117 694 2174 coitu
724 2115 820 2170 viri
861 2114 1075 2185 aliquos
1120 2112 1272 2167 nasci
1316 2112 1563 2168 similiter
1593 2111 1663 2167 de
1700 2110 2021 2169 mulieribus

413 2218 685 2282 conceptu
724 2209 1043 2264 daemonum
1092 2211 1474 2263 cerneremus?
1501 2207 1528 2241 ἀ
1558 2221 1687 2261 cum
1715 2207 2018 2277 praesertim

414 2309 628 2359 constet
654 2316 749 2357 eos
779 2299 1060 2355 libidinum
1100 2298 1353 2357 sordibus
1391 2298 1691 2356 admodum
1724 2299 2018 2370 delectari,

416 2410 553 2468 quas
577 2394 938 2468 proculdubio
962 2410 1056 2466 per
1083 2395 1408 2466 semetipsos
1433 2409 1681 2451 exercere
1709 2394 1829 2466 plus
1854 2410 2019 2466 quam

416 2505 514 2562 per
548 2489 803 2545 homines
853 2489 1095 2558 mallent,
1125 2489 1170 2545 si
1213 2488 1344 2545 illud
1394 2488 1502 2545 ullo
1535 2487 1702 2545 modo
1755 2490 2021 2560 potuisset

418 2583 664 2656 impleri;
716 2583 1038 2638 Ecclesiaste
1075 2598 1291 2655 quoque
1347 2581 1590 2654 idipsum
1629 2584 2019 2655 pronuntiante

2125 1931 2309 1998 genuit
2328 1927 2527 1995 Enoch,
2552 1927 2730 1982 Enoch
2756 1930 2937 1980 autem
2960 1928 3145 1996 genuit
3180 1926 3542 1989 Mathusalem,
3591 1927 3729 1981 Ma-

2127 2023 2393 2077 thusalem
2415 2022 2596 2090 genuit
2618 2021 2868 2089 Lamech,
2905 2020 3132 2076 Lamech
3174 2021 3356 2091 genuit
3398 2023 3530 2075 Noe.
3576 2021 3732 2074 Item

2128 2115 2437 2189 genealogis
2466 2113 2603 2171 Cain
2646 2113 2719 2169 ita
2748 2113 2920 2170 divisa
2965 2111 3286 2168 describitur
3317 2111 3333 2183 (
3364 2113 3552 2169 Genes.
3595 2111 3686 2184 tv)
3713 2131 3727 2168 :

2132 2210 2264 2267 Cain
2292 2210 2476 2279 genuit
2501 2209 2699 2276 Enoch,
2732 2208 2910 2262 Enoch
2937 2208 3122 2276 genuit
3148 2208 3303 2262 Irath
3318 2248 3332 2275 ,
3364 2206 3516 2262 Irath
3544 2207 3729 2275 genuit

2127 2304 2383 2370 Maviacl,
2429 2304 2662 2359 Maviael
2691 2305 2914 2372 genuit°
2951 2301 3271 2365 Mathusael,
3315 2301 3620 2357 Mathusael
3646 2315 3733 2369 ge.-

2127 2400 2251 2452 nuit
2277 2398 2524 2459 Lamech,
2552 2396 2773 2451 Lamech
2802 2397 2985 2464 genuit
3003 2395 3181 2450 Jubal.
3213 2397 3406 2464 Itaque
3434 2392 3519 2447 illa
3555 2406 3723 2463 gene-

2128 2491 2269 2546 ratio
2295 2504 2417 2561 qua:
2444 2489 2511 2545 de
2535 2489 2664 2544 Seth
2685 2488 2817 2561 justi
2845 2488 3141 2560 propagine
3167 2486 3548 2554 descendebat,
3566 2478 3584 2515 ί
3607 2500 3726 2541 sua:

2126 2583 2281 2639 lineae
2302 2582 2503 2655 jugiter
2532 2590 2587 2638 et
2609 2581 2883 2654 agnationi
2906 2579 3193 2653 permixta.
3221 2580 3249 2619 ἕ
3273 2580 3331 2634 in
3377 2577 3544 2651 patris
3568 2586 3730 2650 atque

1514 2709 1769 2765 ALARDI
1807 2710 2032 2766 GAZZEI
2071 2708 2629 2767 COMMENTARIUS.

417 2817 712 2872 lacissimus
723 2818 1098 2872 consuetudine
1110 2819 1235 2888 ipsa
1244 2820 1515 2888 paulatim
1531 2819 1605 2873 ad
1615 2823 1674 2873 vi
1676 2822 1752 2874 tia
1765 2822 2014 2889 pellexit,

417 2893 467 2943 et
479 2890 769 2944 mulierum
784 2905 914 2958 cong
924 2905 1033 2944 ress
1040 2891 1155 2944 ibus
1171 2892 1481 2959 inquinavit
1500 2910 1517 2957 ;
1538 2896 1653 2945 tum
1664 2894 1722 2944 in
1745 2893 1932 2945 ccelum
1952 2893 2017 2945 ob

411 2965 628 3031 peccata
643 2962 836 3029 quibus
851 2975 905 3014 se
924 2964 1293 3015 immerserant
1310 2977 1417 3015 non
1426 2964 1626 3029 recepti
1638 2962 1941 3016 ceciderunt
1958 2964 2027 3015 in.

416 3037 635 3087 terram.
665 3034 751 3088 Sic
778 3047 863 3086 eos
889 3032 1135 3086 diabolus
1155 3048 1223 3085 ea:
1252 3032 1456 3100 angelis
1482 3034 1580 3085 Dei
1603 3047 1726 3086 suos
1777 3034 1907 3098 fecit
1926 3047 2017 3086 sa-

417 3104 610 3158 tellites
641 3119 703 3156 ac
731 3105 1025 3157 ministros.
1068 3101 1202 3156 Vide
1231 3102 1605 3157 Lactantium.
1638 3104 1713 3157 Et
1736 3110 1859 3157 ante
1887 3119 2015 3158 eum

416 3172 562 3230 idem
592 3181 879 3245 senserunt
899 3172 1380 3245 Justinlis_1llartyr
1399 3172 1454 3227 iu
1478 3181 1708 3244 utraque
1729 3173 2014 3245 Apologia;

418 3245 669 3300 Clemens
684 3243 1088 3299 Alexandrinus
1108 3243 1200 3298 lib.
1230 3258 1304 3299 ιιι
1320 3251 1374 3298 et
1399 3259 1436 3297 v
1457 3243 1829 3311 Stromatum;
1862 3243 2017 3299 deni-

425 3329 531 3384 que
570 3316 935 3371 Tertullianus
973 3313 1219 3384 pluribus
1258 3315 1311 3369 in
1338 3313 1473 3371 locis
1501 3316 1661 3385 (Vide
1709 3316 2015 3371 Pamelium

420 3389 477 3439 in
501 3389 776 3457 paradox.
802 3386 1163 3457 Tertulliani),
1195 3387 1288 3457 qui
1312 3385 1514 3442 idcirco
1529 3386 1749 3458 angelos
1772 3386 2018 3443 deserto-

418 3472 506 3529 res
527 3467 710 3529 vocat,
741 3476 881 3528 quos
907 3466 1092 3514 noster
1116 3458 1404 3514 Cassianus
1427 3467 1718 3529 apostatas.
1759 3458 1862 3513 Alii
1889 3474 2016 3515 vero

418 3527 800 3599 existimarunt
837 3530 1056 3599 angelos
1108 3536 1404 3597 apostatas,
1444 3527 1554 3585 sive
1584 3528 1883 3595 daemones,
1912 3539 2021 3584 sta-

419 3595 521 3649 tim
551 3595 629 3668 ab.
649 3597 789 3668 orbe
819 3595 1039 3668 con'dito
1069 3595 1300 3654 de'cmlo
1330 3599 1604 3668 rdejectos,
1633 3599 1723 3668 qui
1762 3608 2020 3655 coeuntes

424 3678 553 3737 cum
602 3662 823 3737 feminis
852 3666 1094 3736 gigantes
1122 3662 1431 3737 genuerint:
1462 3668 1552 3724 Sic
1581 3662 1847 3724 Eusebius
1897 3672 2018 3726 Ca3-

420 3734 677 3810 sariensis
699 3735 789 3810 lib._
807 3734 869 3791 n'
886 3734 1183 3810 Praeparat.
1202 3738 1479 3809 Evangel.,
1499 3739 1668 3810 cujus
1697 3740 1860 3796 verba
1888 3740 2017 3795 bre-

421 3805 605 3879 vitatis
648 3806 828 3862 studio
854 3805 1235 3878 praetermitto.
1270 3805 1592 3879 At'prodiit'
1626 3817 1810 3879 postea
1840 3826 2021 3867 emcn-

422 3876 621 3954 datior,
651 3886 731 3954 _ut
774 3876 1190 3954 Hebreotextui
1216 3876 1557 3954 conformio‘r
1593 3876 1756 3954 editio
1793 3884 2018 3954 Septua-

417 3948 583 4023 ginta,
612 3948 702 4004 ubi
738 3965 850 4006 non
878 3950 1106 4021 ἄγγελοι,
1141 3948 1357 4023 seduloi
1387 3956 1477 4003 τσῦ
1507 3950 1671 4023 Θεοῦν
1691 3951 1748 4007 id
1771 3948 1881 4016 est,
1915 3956 2024 4023 ﬁlii

416 4024 542 4095 Dei
569 4021 821 4095 leguntur
851 4043 862 4077 :
896 4038 1077 4095 quam
1114 4022 1418 4077 versionem
1449 4031 1508 4079 ut
1532 4022 1827 4095 legitimam
1852 4021 2018 4080 etiam

417 4092 747 4166 Ambrosius
774 4102 829 4166 et
852 4092 1192 4166 Augustinus
1210 4092 1647 4165 agnoveruntﬁat
1672 4095 1883 4166 vulgata
1915 4098 2018 4150 La-

416 4163 531 4237 tina
569 4180 599 4219 a
630 4165 860 4237 concilio
895 4163 1213 4237 Tridentino
1253 4163 1553 4237 approbata
1583 4163 1790 4237 secuta?
1805 4175 1906 4222 est.
1938 4169 2019 4223 Ex

422 4235 621 4309 quibus
660 4236 833 4291 cuivis
860 4236 1130 4309 catholico
1151 4235 1402 4292 constare
1424 4237 1604 4302 debet,
1644 4253 1738 4309 per
1763 4236 1903 4293 ﬁlios
1918 4238 2019 4293 Dei

416 4319 483 4380 e_o
509 4306 608 4361 loci
635 4323 750 4380 non
778 4308 1019 4380 angelos,
1047 4308 1229 4380 idest,
1282 4309 1500 4379 Spiritus
1552 4306 1801 4366 caelestes
1822 4324 2020 4380 neque

418 4323 483 4361 eo
510 4323 608 4361 IOCI
635 4323 743 4361 non
778 4323 1019 4429 angelos,
1047 4323 1100 4363 Ia
1127 4323 1229 4372 esr,
1282 4323 1500 4379 spiritus
1552 4323 1801 4366 caelestes
1844 4324 2017 4380 neque

418 4374 698 4456 daemones
736 4377 848 4430 inte
874 4378 981 4447 Iigi,
1022 4378 1118 4456 sed
1149 4378 1290 4456 filios
1331 4388 1385 4433 et
1429 4388 1684 4456 posteros
1722 4379 1855 4435 Seth
1905 4380 2017 4436 veri

419 4446 513 4499 Dei
565 4447 826 4515 cultores,
858 4446 1349 4515 quemadmodum
1397 4446 1586 4505 noster
1650 4452 1885 4506 Serenus
1935 4467 2019 4506 se.

419 4514 809 4639 quingimcapite
836 4514 997 4571 docte
1036 4517 1293 4588 exponit;
1335 4518 1426 4573 ubi
1459 4519 1613 4590 plura
1648 4520 1716 4576 de
1739 4519 1841 4577 hac
1884 4522 2017 4577 sub-

419 4600 490 4639 no
518 4600 546 4639 a
590 4602 603 4639 l
669 4601 752 4639 us.
1267 4611 1270 4615 ~

417 4599 752 4641 norammus.
1267 4611 1270 4615 '

488 4659 685 4732 _‘Lege
723 4656 1281 4732 decimamgquintam
1313 4661 1724 4732 annotationem
1778 4660 2021 4732 Cuychii.

488 4673 512 4689 ·
537 4673 685 4786 Lege
723 4673 991 4715 decimam
1032 4673 1281 4731 quintam
1313 4673 1724 4715 annomtionem
1778 4673 2021 4732 Cuycnn.

488 4730 513 4764 δ
550 4729 614 4787 Vi
656 4738 779 4785 etur
823 4729 958 4785 mihi
1005 4729 1123 4787 haec
1158 4732 1421 4786 sententia
1449 4731 1578 4787 satis
1622 4732 1896 4787 enucleate
1925 4747 2024 4787 cx-

417 4800 614 4876 plicata
662 4801 888 4876 aidom.
933 4802 1210 4876 Cuychio,
1242 4803 1641 4876 nec‘ampliori
1672 4802 2024 4876 explicatione

413 4872 677 4946 indigere.
702 4875 755 4929 Si
801 4878 923 4945 quis
956 4872 1134 4930 tamen
1161 4874 1315 4946 plura
1344 4872 1635 4943 desiderat,
1663 4872 1841 4931 videat
1871 4874 2023 4931 Abu-

413 4941 620 5019 l_enser_n
645 4945 698 4997 in
733 4941 849 5014 cap.
894 4962 949 5001 v1
990 4941 1264 5019 Geneseos
1291 4956 1484 5017 quaest.
1517 4954 1570 5003 6.
1604 4941 1659 5003 et
1693 4946 1746 5003 in
1778 4964 1899 5019 cap.
1929 4963 2011 5004 vn

416 5013 588 5070 Exodi
632 5013 824 5084 quaest.
865 5022 959 5083 I2;
989 5017 1200 5072 Sixtum
1229 5013 1523 5075 Senensem
1554 5019 1649 5075 lib.
1692 5036 1721 5072 v
1752 5013 2005 5076 Bib'liotb.

415 5094 603 5156 annot.
632 5091 700 5140 73
725 5092 777 5139 et
806 5091 894 5141 77:
928 5102 991 5141 ac
1021 5096 1301 5156 postremo
1330 5090 1388 5144 P.
1430 5091 1725 5146 Martinum
1754 5091 2009 5147 Delrium

414 5155 507 5232 lib.
560 5173 609 5215 ll
638 5158 705 5232 die
734 5157 935 5232 Magia,
953 5155 1146 5232 quaest.
1178 5164 1266 5232 1_5,
1294 5175 1358 5214 ex
1374 5177 1483 5232 quo
1507 5162 1642 5220 duas
1665 5170 2009 5219 tantummo-

414 5227 487 5285 do
524 5227 901 5285 conclusiones
943 5227 1260 5300 quaestionis
1287 5227 1651 5288 sunimariam
1675 5232 2008 5289 decisionem

413 5307 465 5354 et
484 5300 901 5370 explicationem
931 5299 1269 5356 centiuentes
1294 5300 1381 5358 hic
1404 5312 1692 5359 annotasse
1710 5302 2003 5358 suffecerit.

406 5372 595 5444 prima
619 5371 901 5426 conclusio.
928 5373 1242 5441 Daemones,
1273 5372 1397 5430 licet
1431 5372 1732 5444 incgrpbrei
1760 5380 1815 5427 et
1851 5372 2006 5444 spiri-

410 5439 564 5510 tales,
614 5450 843 5516 possunt
868 5458 1149 5516 assumere
1173 5439 1404 5516 corpora
1426 5439 1896 5516 defunctorum,—
1922 5444 2005 5516 vel

408 5525 474 5567 ex
503 5513 631 5569 aere
658 5513 725 5569 de
754 5530 895 5571 novo
924 5514 1022 5571 sibi
1050 5513 1348 5571 efformare
1375 5515 1444 5572 ad
1471 5513 1648 5572 carnis
1692 5513 2006 5572 similitudi-

406 5596 536 5663 nem
573 5584 877 5655 palpabilia,
919 5587 1048 5642 etin
1080 5585 1391 5659 hujusmodi
1423 5584 1744 5663 corporibus
1766 5601 1894 5643 cum
1922 5585 2005 5663 fe-

404 5657 567 5734 minis
590 5664 773 5734 actum
815 5673 1119 5734 venereum
1136 5657 1498 5734 exercere,__ut
1519 5657 1696 5734 solent
1719 5673 1844 5715 cum
1875 5660 2004 5734 stri-

402 5724 560 5797 gibus
588 5733 644 5780 et
661 5727 804 5801 sagis
829 5750 842 5793 ;
869 5736 1030 5799 atque
1049 5728 1213 5801 etiam
1239 5743 1303 5784 ex
1343 5727 1759 5801 taliconcubitu
1791 5729 2002 5801 prolem

403 5810 709 5867 procreare.
753 5798 854 5871 Est
871 5799 1184 5871 communis
1230 5800 1493 5871 sententia
1525 5798 2002 5871 Patrum,theolo-

398 5883 597 5940 gorum
628 5874 683 5924 et
725 5868 1202 5941 philosophorum,
1246 5870 1598 5941 comprobata
1636 5868 1998 5945 plurimorum

2126 2819 2449 2875 saeculorum
2475 2825 2528 2873 et
2549 2818 2836 2873 nationum
2865 2816 3209 2888 experientia.
3235 2816 3489 2873 Secunda
3519 2814 3734 2888 conclu-

2124 2894 2223 2945 sio.
2260 2894 2518 2944 Attamen
2549 2896 2825 2960 nequeunt
2848 2884 3129 2944 daemones
3155 2887 3203 2942 vi
3231 2902 3364 2960 sua,
3403 2903 3468 2960 ex
3505 2884 3727 2957 propria

2125 2960 2451 3024 substantia,
2474 2958 2651 3015 more?
2676 2958 2963 3015 hominum
3019 2975 3113 3015 seu
3155 2958 3513 3015 animantium
3568 2971 3736 3028 gene-

2129 3048 2269 3102 rare,
2306 3039 2433 3102 puta
2480 3046 2545 3102 ex
2578 3030 2775 3102 virtute
2798 3030 3005 3102 proprii
3035 3029 3285 3096 seminis,
3332 3029 3482 3102 quod
3521 3027 3736 3102 nullum

2126 3099 2347 3169 habent,
2379 3117 2480 3173 nec
2527 3101 2726 3157 habere
2776 3099 2839 3158 ex
2886 3099 2944 3157 se
2974 3109 3231 3173 possunt,
3271 3099 3457 3173 omnis
3490 3099 3740 3155 materia:

2124 3189 2339 3230 necnon
2377 3172 2575 3229 animai
2598 3172 2962 3244 _vegetatricis
2976 3172 3260 3243 expertes.
3297 3176 3371 3228 Et
3396 3172 3736 3244 boetantum

2127 3249 2419 3300 voluerunt
2442 3246 2523 3315 D.
2552 3241 2975 3315 Chrfsostomus
3017 3241 3210 3300 homil.
3252 3248 3322 3315 22
3356 3244 3414 3298 in
3454 3241 3735 3315 Genesim,

2127 3316 2450 3382 Cassianus,
2483 3313 2592 3370 sive
2616 3310 2868 3380 Serenus,
2901 3313 3005 3371 hoc
3034 3315 3186 3383 loco;
3242 3314 3564 3371 Philastrius
3593 3310 3733 3368 libro

2126 3387 2387 3443 adversus
2413 3386 2649 3443 haereses
2672 3402 2789 3457 cap.
2822 3391 2943 3441 108.

2201 3467 2222 3493 ο
2266 3457 2565 3528 Contigisse
2617 3453 3103 3528 multotiesretiam
3137 3464 3264 3513 ante
3295 3453 3529 3512 Cassiani
3558 3456 3729 3528 etSe-

2125 3529 2241 3610 reni
2271 3525 2924 3610 hujus'tempora,i_multi
2951 3536 3202 3610 auctores
3231 3536 3377 3610 sunt,
3404 3535 3474 3610 ut
3494 3525 3574 3582 vel
3617 3527 3727 3610 im-

2129 3596 2405 3671 pudentiae
2457 3599 2538 3655 vel
2569 3596 2933 3671 amentizesit
2979 3599 3082 3655 hac
3111 3600 3179 3655 de
3235 3615 3294 3655 re
3328 3596 3598 3671 dubitare,
3646 3599 3726 3671 1)ξ

2129 3669 2434 3742 Augustino
2486 3679 2657 3742 teste;
2689 3687 2789 3727 nec
2836 3670 2940 3726 illis
2989 3679 3202 3726 tantum
3240 3669 3599 3742 temporibus,
3630 3670 3735 3727 sed

2129 3749 2186 3797 et
2220 3739 2633 3812 posterioribus,
2672 3749 2727 3796 et
2765 3749 2954 3797 nostro
2998 3742 3167 3797 etiam
3196 3741 3391 3797 saeculo
3434 3739 3735 3812 contigisse

2127 3810 2489 3883 nimisgcerta,
2527 3818 2582 3866 et
2617 3812 2914 3883 explorata,
2953 3821 3009 3868 et
3050 3818 3340 3883 contestata
3383 3810 3730 3883 comprobat

2125 3881 2479 3956 experientia,
2512 3890 2575 3956 ut
2603 3879 2809 3956 dictum
2839 3889 2921 3937 est
2949 3903 2961 3937 :
2990 3900 3101 3939 non
3127 3882 3366 3956 quidem,
3413 3887 3470 3936 ut
3514 3879 3733 3956 absque

2129 3950 2340 4009 semine
2369 3953 2464 4009 viri
2492 3954 2688 4024 aliquis
2714 3963 3028 4011 nasceretur
3048 3956 3115 4010 de.
3142 3950 3456 4024 mulieribus
3483 3950 3731 4010 coitione

2130 4025 2484 4097 dmmonum;
2520 4022 2616 4082 sed
2662 4041 2757 4097 per
2784 4041 2976 4081 semen
3003 4026 3229 4097 alicujus
3252 4022 3493 4097 hominis
3505 4031 3737 4097 _mutua-

2130 4104 2247 4152 tum
2275 4115 2293 4168 7:
2326 4112 2434 4168 quo
2464 4096 2525 4168 fit
2553 4105 2616 4152 ut
2647 4092 2737 4168 qui
2761 4096 2886 4168 inde
2914 4092 3168 4153 nascetur
3190 4112 3316 4168 non,
3346 4094 3415 4151 sit
3443 4093 3586 4149 ﬁlius
3612 4092 3735 4152 dm-

2129 4167 2314 4223 monis
2340 4167 2619 4233 dicendus,
2648 4167 2743 4224 sed
2772 4167 2911 4223 illius
2955 4168 3196 4223 hominis
3234 4167 3388 4237 cujus
3414 4173 3496 4221 est
3524 4179 3731 4237 semen

2129 4248 2431 4311 acceptum,
2453 4248 2518 4293 ut
2541 4238 2701 4294 docet
2718 4241 2785 4311 Ι)ἶ
2821 4238 3065 4295 Thomas
3094 4255 3159 4295 ex
3184 4236 3492 4310 Augustino
3516 4236 3555 4307 (ι
3571 4243 3727 4307 part.

2128 4326 2180 4379 q.
2210 4309 2306 4373 5i,
2331 4326 2383 4363 a.
2429 4315 2481 4372 3,
2521 4310 2594 4364 ad
2627 4314 2682 4373 5,
2725 4309 2828 4364 libi
2853 4325 2926 4367 in
2964 4310 3030 4367 de
3062 4314 3211 4366 Trin.
3241 4309 3294 4366 οξ
3315 4315 3349 4364 8
3378 4313 3427 4364 et
3449 4312 3527 4376 9).

2203 4380 2229 4416 α
2259 4386 2334 4453 _At
2370 4380 2513 4435 unde
2554 4379 2609 4435 id
2632 4384 2886 4437 constat?
2926 4382 3161 4453 Anrquia
3199 4378 3734 4453 immundi‘spiritus

2130 4450 2329 4533 passim
2360 4454 2661 4533 focantur?
2694 4454 2782 4533 _At
2817 4468 2930 4508 non
2980 4449 3188 4533 idcirco
3218 4452 3367 4533 quod
3399 4449 3498 4533 ipsi
3533 4449 3643 4531 per
3665 4466 3733 4506 se

2131 4520 2404 4576 immundi
2443 4521 2575 4588 sint,
2619 4529 2712 4577 aut
2740 4522 3047 4579 immundis
3088 4520 3628 4580 delectationibus'in
3664 4537 3735 4577 se

2051 4593 2102 4655 D
2129 4591 2456 4661 afficiantur,
2490 4601 2585 4648 aut
2612 4592 2948 4651 delectentur
2971 4595 3288 4661 concubitu,
3337 4593 3433 4649 sed
3462 4592 3612 4663 quod
3632 4592 3733 4663 ad

2133 4679 2221 4737 res
2251 4663 2562 4737 inimundas
2594 4663 2841 4737 homines
2871 4666 3119 4729 incitent,
3150 4675 3205 4737 et
3244 4662 3513 4737 gaudeant
3528 4662 3742 4737 abho-

2131 4734 2373 4791 minibus
2404 4737 2580 4791 Deum
2627 4734 2855 4806 offendi,
2887 4746 2942 4794 et
2978 4754 3151 4806 genus
3189 4733 3495 4792 hdmanum
3527 4733 3737 4806 hujus—-

2131 4754 2373 4791 Il‘llﬂlDUS
2406 4754 2580 4791 ueum
2627 4754 2855 4806 onenul,
2887 4754 2942 4794 θῐ
3014 4754 3151 4793 enus
3189 4754 3495 4792 humanum
3530 4754 3737 4805 DUJUS—

2129 4806 2281 4877 modi
2308 4805 2591 4863 libidinum
2621 4807 2873 4863 sordibus
2902 4754 3049 4866 {tege
3075 4808 3452 4865 contaminari.
3490 4808 3589 4861 Est
3627 4805 3740 4877 igi-

2129 4885 2219 4933 tur
2248 4876 2351 4933 hoc
2375 4877 2689 4949 paradoxon
2711 4894 2777 4952 ex
2812 4879 3002 4952 eodem
3042 4879 3306 4952 principio
3342 4887 3399 4934 et
3440 4876 3593 4952 fonte
3621 4876 3743 4932 ιιὶειι

2118 4963 2278 5022 nans,
2310 4964 2418 5022 quo
2447 4957 2663 5022 caetera,
2694 4949 2762 5005 de
2785 4951 2980 5022 quibus
3006 4949 3169 5022 supra
3196 4952 3354 5020 (Cap.
3394 4950 3509 5022 12).

2196 5018 2574 5092 {Ma—thusael,
2614 5036 2728 5092 non
2769 5018 3171 5092 Mathusalein;
3210 5018 3354 5077 nam
3396 5018 3485 5075 hic
3512 5018 3643 5075 alius
3694 5033 3733 5073 a

2119 5090 2624 5173 Mathusalem,_qui
2663 5091 2731 5173 de
2758 5092 3101 5173 stirpe_Seth,
3126 5090 3192 5149 de
3226 5108 3334 5173 quo
3360 5106 3539 5173 supra.

2191 5155 2211 5193 ¹
2240 5162 2301 5217 ld
2333 5172 2436 5230 est,
2467 5155 2568 5218 sibi
2595 5170 2793 5218 mutuo
2824 5155 3028 5221 sociata
3051 5155 3106 5221 et
3133 5155 3493 5220 matrimonio
3512 5161 3745 5233 juncta,

2118 5239 2187 5358 utt-
2213 5233 2508 5360 Diosnejizius
2530 5233 2793 5307 exponit,
2820 5234 2877 5291 in
2923 5235 3114 5292 eadem
3143 5233 3389 5291 videlicet
3418 5231 3627 5289 familia
3678 5242 3747 5289 et

2118 5318 2142 5358 s
2169 5320 2282 5360 irne
2440 5345 2453 5359 .

2116 5312 2282 5360 stirne
2305 5312 2453 5360 Seth.

2189 5321 2476 5453 ἓρῗηέῗὶῐὲᾖ
2533 5375 2685 5453 §etb,
2733 5376 2891 5453 primi
2935 5376 3051 5453 ejus
3095 5372 3617 5453 familizeparentis
3677 5384 3751 5431 et

2120 5446 2503 5525 progenitoris.
2532 5446 2842 5525 Permansit
2867 5446 3012 5525 enim
3036 5448 3088 5504 in
3121 5464 3185 5505 ea
3216 5447 3411 5525 familia
3445 5454 3497 5525 et
3545 5446 3751 5525 atirpe

2118 5530 2241 5572 vera
2267 5517 2457 5591 religio
2479 5527 2534 5575 et
2571 5519 2681 5592 veri
2714 5521 2807 5592 Dei
2833 5521 3034 5587 cultus,
3062 5536 3238 5592 usque
3267 5519 3337 5577 ad
3376 5516 3749 5587 conjunctio-

2115 5602 2396 5664 nemcum
2427 5591 2687 5664 progenie
2717 5591 2873 5660 Cain,
2900 5592 3055 5664 cujus
3079 5591 3407 5664 contagione
3432 5594 3620 5664 secuta
3647 5598 3749 5664 est

2114 5660 2395 5733 religienis
2427 5657 2664 5735 mutatio
2713 5671 2768 5720 et
2789 5657 3008 5735 morum
3034 5657 3319 5735 corruptio
3366 5675 3490 5733 qua:
3534 5657 3745 5717 diluvii

2115 5732 2276 5808 causa
2308 5732 2535 5808 exstitit.
2569 5735 2740 5790 Porro
2784 5733 3081 5808 Dionysius
3108 5742 3163 5791 et
3185 5732 3294 5802 alii,-
3340 5732 3480 5804 quos
3502 5738 3747 5808 secutus

2108 5803 2399 5861 Ciaconius
2419 5843 2435 5869 ,
2465 5803 2678 5877 legunt:
2722 5809 2783 5863 In
2801 5803 3029 5878 patrum
3055 5810 3217 5877 atque
3240 5803 3388 5863 avita
3407 5804 3742 5869 sanctitate,

2110 5881 2216 5931 etc.
