4048 6208
387 206 488 261 757

1022 201 1362 261 COLLA'I‘IO
1402 202 1539 263 VIII.
1578 236 1651 248 —
1689 208 1776 263 DE
1814 208 2335 264 PRINCIPA'I‘IBUS
2370 209 2496 265 SEU
2535 208 3070 267 POTESTATIBUS.

3589 216 3698 271 758

389 325 531 384 atavi
548 326 832 409 sanctitate
852 326 1017 400 longa
1037 335 1202 385 aetate
1227 329 1468 396 duravit,
1501 344 1846 404 nequaquam
1886 332 1991 388 sci-
2018 335 2070 397 Α
2096 348 2297 406 genum
2320 330 2618 389 bestiarum
2650 341 2813 405 atque
2838 334 3175 406 serpentium
3201 334 3411 392 lunares
3448 339 3700 411 virusque

388 418 517 475 licet
542 418 834 491 sacrilegiis
866 435 929 475 ac
962 420 1171 476 malitia
1213 422 1559 494 nequissimae
1583 422 1751 496 prolis
1771 422 1987 494 infecta,

389 527 510 585 quae
532 512 584 568 in
622 521 797 569 semet
824 512 1124 586 impietatis
1155 530 1378 588 germen
1403 517 1549 573 velut
1577 527 1602 552 ⁸
1621 517 1763 574 atavi
1791 518 1986 589 [avita,

386 607 489 677 vel,
509 607 778 679 antiqua]
822 607 1113 665 traditione
1148 609 1415 667 retinebat
1457 611 1748 668 insertum.
1802 615 1990 669 Donec

386 715 515 773 ergo
544 702 906 773 perseveravit
932 701 1075 759 inter
1104 704 1222 761 illas
1253 705 1634 778 generationes
1666 719 1860 761 eorum
1886 705 1988 761 ista

387 792 665 865 discretio,
706 811 895 852 semen
921 795 1057 853 illud
1084 796 1239 868 Seth,
1264 807 1453 871 utpote
1478 797 1546 855 de
1573 799 1785 871 optima
1810 798 1989 856 radice

391 886 708 960 procedens,
736 881 762 919 δ
790 905 886 961 pro
914 891 1111 946 merito
1140 891 1467 960 sanctitatis,
1490 891 1665 965 angeli
1694 892 1817 959 Dei,
1841 892 1952 948 sive
1970 934 1986 963 ,

388 990 449 1037 ut
470 981 686 1039 diversa
706 984 1034 1056 exemplaria
1054 986 1355 1057 continent,
1377 985 1473 1042 ﬁlii
1493 986 1593 1042 Dei
1614 986 1788 1042 vocati
1813 996 1941 1043 sunt
1964 1010 1979 1054 ;

386 1082 440 1131 et
487 1076 795 1132 econtrario
830 1077 905 1133 illi
951 1087 1173 1150 propter
1218 1079 1553 1151 impietatem
1597 1078 1678 1134 vel
1719 1093 1874 1135 suam
1902 1078 1982 1134 vel

387 1175 608 1239 patrum
642 1170 868 1228 suorum
902 1180 956 1228 et
983 1187 1148 1243 opara
1178 1181 1388 1241 terren,
1410 1171 1502 1227 ﬁlii
1525 1172 1810 1228 hominum
1839 1188 1985 1227 nun-

384 1272 671 1336 cupantur.
705 1267 840 1322 Cum
872 1275 1015 1322 esset
1041 1281 1169 1339 ergo
1200 1267 1347 1323 inter
1370 1267 1521 1339 ipsos
1549 1282 1726 1337 usque
1754 1264 1822 1321 ad
1848 1264 1983 1322 illud

385 1364 602 1431 tempus
628 1359 744 1417 haec
769 1361 914 1417 utilis
937 1360 1422 1434 bonaque'divisio,
1453 1360 1692 1417 videntes
1716 1358 1982 1431 posthaec

382 1448 479 1506 ﬁlii
506 1453 655 1521 Seth,
687 1454 778 1526 qui
803 1454 898 1510 ﬁlii
926 1454 1028 1509 Dei
1059 1464 1232 1518 erant,
1264 1454 1402 1511 ﬁlias
1422 1470 1613 1511 eorum
1636 1454 1733 1528 qui
1758 1453 1825 1510 de
1854 1455 1988 1511 Cain

382 1546 637 1619 progenie
652 1547 1032 1617 nascebantur,
1052 1547 1324 1604 desiderio
1342 1548 1771 1621 pulchritudinis
1793 1563 1987 1604 earum

388 1639 618 1709 accensi,
638 1646 985 1713 acceperunt
1014 1640 1238 1698 sibimet
1264 1641 1332 1698 de
1364 1642 1492 1714 ipsis
1529 1657 1746 1710 uxores,
1779 1656 1903 1713 quae
1921 1642 1993 1698 vi-

386 1731 465 1787 ris
507 1731 618 1788 suis
663 1732 1018 1790 infundentes
1059 1733 1330 1805 nequitias
1372 1743 1593 1806 patrum
1634 1749 1886 1802 suorum,

384 1824 475 1908 illa
522 1841 616 1883 eos
655 1828 894 1900 ingenita
943 1828 1229 1884 sanctitate
1270 1844 1335 1884 ac
1369 1827 1717 1900 simplicitate
1762 1836 1984 1901 paterna

381 1920 1018 1993 protinuscorruperunt.
1046 1923 1130 1978 Ad
1146 1937 1286 1994 quos
1303 1923 1435 1978 satis
1455 1937 1695 1995 congrue
1715 1923 1983 1981 directum

382 2012 610 2070 estillud
627 2013 1092 2087 eloquium(Psal.
1123 2015 1343 2086 LXXXI)
1376 2035 1387 2069 :
1415 2018 1528 2084 Ego
1552 2017 1693 2080 dimi,
1724 2018 1811 2073 dii
1835 2020 1983 2089 estis,

384 2123 443 2163 er
469 2109 575 2176 ﬁlii
601 2108 817 2163 Excelsi
833 2124 1029 2163 omnes.
1063 2112 1169 2165 Vos
1188 2114 1367 2163 autem
1390 2112 1525 2164 sicut
1545 2111 1776 2167 homines
1801 2115 1986 2168 morie-

382 2202 541 2268 mini,
556 2204 608 2255 et
626 2202 761 2255 sicut
787 2217 928 2256 unus
952 2203 1017 2256 de
1027 2203 1369 2272 principibus
1393 2203 1612 2258 cadetis.
1634 2203 1850 2276 Quique
1878 2207 1901 2237 θ
1916 2204 1984 2261 ab

382 2291 474 2345 illa
517 2306 639 2347 vera
678 2293 915 2366 physica:
944 2293 1305 2367 philosophiae
1334 2295 1613 2367 disciplina
1647 2294 1844 2353 tradita
1878 2298 1984 2354 sibi

380 2399 413 2439 a
442 2385 747 2457 majoribus
779 2388 1115 2456 exciderunt,
1142 2404 1309 2460 quam
1339 2389 1542 2460 primus
1568 2389 1734 2446 homo
1754 2390 1863 2459 ille,
1891 2391 1982 2463 qui

314 2467 319 2471 ’
380 2478 756 2537 universarum
792 2489 1110 2538 naturarum
1134 2482 1534 2538 institutionem
1570 2483 1825 2556 evestigio
1850 2484 1979 2541 sub-

376 2580 597 2631 secutus
635 2584 738 2642 est,
779 2577 963 2649 potuit
994 2576 1271 2634 evidenter
1302 2576 1584 2650 attingere,
1623 2580 1841 2651 suisque
1881 2596 1979 2653 po-

374 2666 536 2724 steris
572 2678 718 2725 certa
753 2670 963 2727 ratione
997 2671 1382 2728 transmittere.
1416 2672 1631 2744 Quippe
1669 2672 1766 2744 qui
1787 2674 1979 2729 mundi

373 2760 543 2832 ipsius
583 2763 865 2821 infantiam
903 2765 1080 2821 adhuc
1133 2775 1402 2834 teneram,
1457 2775 1512 2823 et
1556 2766 1978 2838 quodammodo

375 2855 728 2929 palpitantem
760 2858 1059 2929 rudemque
1076 2867 1450 2931 conspexerat,
1483 2866 1533 2915 et
1555 2858 1611 2915 in
1642 2875 1810 2931 quem
1832 2868 1980 2916 tanta

373 2947 485 3006 fuit
507 2966 619 3007 non
657 2953 837 3007 solum
864 2952 1151 3023 sapientiae
1176 2952 1478 3024 plenitudo,
1501 2952 1597 3009 sed
1623 2953 1786 3009 etiam
1807 2954 1978 3026 gratia

375 3043 708 3115 prophetiae,
748 3044 934 3099 divina
957 3046 1043 3100 illa
1067 3043 1444 3101 insufﬂatione
1464 3046 1754 3113 transfusa,
1785 3056 1849 3103 ut
1867 3048 1981 3103 uni-

2097 426 2451 496 discerneret,
2482 425 2577 484 sed
2606 427 2771 484 etiam
2802 429 3037 486 virtutes
3084 428 3693 497 berbarum,arborum

2097 536 2334 594 quoque,
2371 521 2719 595 lapidumque
2752 531 2998 592 naturas,
3031 542 3096 581 ac
3115 534 3431 599 temporum
3456 524 3693 584 necdum

2097 624 2443 688 expertarum
2474 617 2866 676 vicissitudines
2894 620 3205 691 partiretur,
3242 622 3312 677 ita
3353 630 3414 677 ut
3461 623 3697 693 potuerit

2096 707 2388 767 efﬁcaciter
2410 710 2591 769 dicere
2611 714 2769 784 (Sap.
2810 728 2901 770 vn
2946 716 2965 783 )
2996 733 3009 769 ε
3038 715 3067 751 δ
3098 718 3354 783 Dominus
3383 717 3534 771 dedit
3559 718 3697 771 mihi

2097 819 2277 859 eorum
2301 821 2421 875 qua:
2437 810 2589 875 sunt,
2607 809 2884 862 scientiam
2902 824 3101 871 mam,
3124 812 3187 862 ut
3203 810 3366 863 sciam
3385 809 3691 878 dispositio-

2097 913 2188 953 nes
2202 900 2347 955 orbis
2364 904 2660 964 terrarum,
2676 905 2729 955 et
2742 901 2972 956 virtutes
2985 903 3381 964 elementorum,
3404 903 3627 956 initium
3645 907 3697 958 et

2095 995 2621 1057 consummationem,
2645 998 2697 1048 et
2714 994 3053 1049 medietatem
3078 1000 3399 1065 temporum,
3431 1010 3695 1051 annorum

2090 1099 2276 1140 cursus
2296 1090 2346 1140 et
2368 1087 2651 1141 stellarum
2669 1087 3063 1156 dispositiones,
3090 1092 3321 1142 natu-ras
3341 1091 3689 1153 animalium,

2086 1181 2139 1231 et
2157 1178 2267 1232 iras
2291 1178 2599 1246 bestiarum,
2619 1182 2672 1233 et
2688 1179 2798 1233 vim
2814 1181 3128 1248 spirituum,
3154 1184 3208 1233 et
3227 1183 3571 1248 cogitationes
3596 1182 3693 1236 ho-

2090 1278 2318 1343 minum,
2344 1276 2700 1344 differentias
2723 1278 3002 1346 arborum,
3030 1283 3081 1332 et
3097 1281 3324 1334 uirtutes
3345 1280 3614 1344 radicum,
3642 1285 3695 1337 et

2093 1390 2214 1443 quae
2223 1379 2350 1428 sunt
2370 1376 2687 1430 abscondita
2707 1382 2759 1431 et
2775 1379 2835 1430 in
2854 1381 3106 1447 promptu
3118 1380 3362 1447 cognovi.
3390 1379 3548 1433 Hanc
3562 1392 3691 1451 ergo

2092 1469 2373 1524 scientiam
2397 1471 2649 1527 omnium
2669 1481 2995 1527 naturarum
3017 1488 3111 1544 per
3137 1468 3507 1530 successione
3528 1489 3691 1547 gene—

2096 1568 2368 1625 rationum
2396 1586 2584 1627 semen
2620 1570 2750 1627 Seth
2791 1580 3014 1643 paterna
3042 1571 3328 1629 traditione
3362 1574 3688 1646 suscipiens,

2097 1661 2271 1720 donec
2328 1665 2566 1722 divisum
2616 1684 2646 1723 a
2696 1667 2957 1740 sacrilega
3007 1670 3296 1742 prepagine
3341 1671 3689 1742 perduravit,

1918 1735 1986 1792 ab
2012 1751 2062 1813 B
2095 1762 2566 1833 quemadmodum
2594 1774 2777 1821 sancte
2802 1776 3132 1838 perceperat,
3163 1768 3237 1821 ita
3284 1763 3447 1824 etiam
3499 1770 3579 1824 vel
3622 1769 3692 1826 ad

2092 1859 2194 1916 Dei
2231 1860 2462 1928 cultum,
2492 1860 2575 1916 vel
2604 1861 2674 1918 ad
2703 1861 2995 1919 utilitatem
3026 1863 3150 1920 vitae
3182 1865 3495 1920 communis
3535 1879 3696 1920 exer-

2090 1959 2368 2018 cuit.Cum
2399 1975 2529 2015 vero
2552 1957 2749 2015 fuisset
2774 1961 2979 2033 simpiaz
3006 1961 3338 2033 generationi
3367 1961 3695 2036 permixtum

2091 2056 2158 2113 ad
2180 2072 2266 2113 res
2290 2055 2546 2129 profanas
2570 2072 2635 2113 ac
2659 2057 2850 2113 noxias
2870 2074 2993 2130 quae
3016 2059 3102 2130 pie
3127 2059 3411 2127 didicerat,
3432 2058 3693 2116 instinctu

2092 2168 2311 2224 quoque
2350 2153 2670 2211 daemonum
2726 2154 3006 2223 derivavit,
3046 2165 3067 2191 ο
3113 2156 3461 2228 curiosusque
3511 2172 3578 2212 ex
3630 2173 3691 2213 ea

2093 2251 2485 2309 maleﬁciorum
2523 2263 2667 2310 artes
2701 2262 2866 2327 atque
2902 2255 3206 2329 praestigias
3231 2272 3294 2311 ac
3322 2255 3561 2328 magicas
3589 2271 3688 2312 su-

2092 2332 2433 2422 perstitiones
2458 2353 2716 2410 audacter
2744 2354 2999 2423 instituit,
3031 2354 3234 2410 docens
3259 2360 3506 2426 posteros
3526 2370 3658 2411 suos
3674 2396 3687 2421 ,
3732 2397 3737 2401 .

2092 2458 2151 2507 ut
2174 2466 2329 2508 sacro
2358 2451 2453 2508 illo
2492 2452 2640 2508 cultu
2675 2451 2839 2509 divini
2873 2452 3110 2508 nominis
3151 2452 3429 2519 derelicto,
3462 2453 3541 2509 vel
3581 2454 3690 2509 ele-

2086 2556 2276 2604 menta
2314 2547 2454 2615 hinc,
2501 2548 2581 2605 vel
2618 2548 2823 2620 ignem,
2850 2549 2931 2604 vel
2960 2565 3160 2619 aereos
3196 2549 3483 2606 daemones
3524 2564 3691 2605 vene-

2089 2654 2341 2702 rarentur
2372 2653 2426 2702 et
2456 2645 2716 2701 colerent.
2760 2649 2895 2702 Hazc
2933 2648 3095 2719 igitur
3130 2663 3296 2719 quam
3325 2648 3564 2703 diximus
3590 2663 3686 2703 cu-

2089 2746 2362 2800 riosarum
2406 2759 2592 2799 rerum
2618 2744 2812 2799 notitia
2843 2744 3122 2816 quomodo
3149 2744 3204 2798 in
3232 2743 3430 2799 diluvio
3458 2759 3569 2798 non
3596 2758 3693 2814 pe-

2089 2842 2263 2911 rierit,
2308 2858 2371 2898 ac
2418 2841 2929 2913 supervenientibus
2963 2841 3177 2898 saeculis
3207 2840 3528 2907 innotuerit,
3570 2841 3692 2898 licet

2089 2938 2195 2997 hoc
2218 2940 2443 2997 minime
2462 2940 2731 2997 absolutio
2756 2940 3050 3013 propositae
3066 2939 3386 3012 quaestionis
3412 2947 3688 3011 exposcat,

2086 3050 2271 3098 tamen
2304 3043 2432 3115 quia
2452 3057 2557 3099 nos
2576 3041 2790 3098 occasio
2818 3041 2978 3115 hujus
2998 3040 3349 3112 expositionis
3368 3038 3687 3108 admonuit,

374 3137 552 3192 versis
576 3136 944 3193 animantibus
973 3137 1193 3205 nomina
1216 3137 1372 3195 rudis
1396 3136 1573 3193 adhuc
1594 3140 1785 3195 mundi
1815 3140 1979 3212 hujus
2019 3129 2063 3192 C
2093 3140 2565 3213 perstringendum
2592 3140 2825 3198 breviter
2847 3149 3005 3212 puto.
3027 3140 3307 3209 Quantum
3335 3138 3519 3212 itaque
3541 3137 3690 3193 anti-

380 3229 663 3285 habitator
681 3232 996 3303 imponeret
1015 3233 1029 3304 (
1048 3234 1232 3289 Genes.
1256 3247 1307 3288 11
1323 3237 1363 3300 ),
1384 3247 1447 3288 ac
1472 3249 1584 3290 non
1602 3233 1780 3290 solum
1803 3239 1981 3293 omni-

2091 3257 2213 3311 quae
2255 3240 2578 3296 traditiones
2624 3238 2826 3308 ferunt,
2852 3232 2870 3271 ¹
2899 3239 3074 3297 Cham
3105 3238 3252 3295 ﬁlius
3278 3241 3418 3307 Noe,
3464 3237 3557 3310 qui
3586 3252 3685 3294 su-

1466 3333 1720 3389 ALARDI
1758 3336 1980 3392 GAZAZI
2020 3338 2578 3394 COMMENTARIUS.

445 3433 469 3505 ἦ
500 3430 657 3486 Atavi
686 3420 905 3505 nomine
934 3423 1146 3505 videtur
1180 3432 1359 3505 ipsum
1391 3432 1623 3489 Cainum
1653 3432 1971 3505 intelligere,

370 3499 529 3577 cujus
569 3502 937 3577 genealogiam
965 3503 1125 3575 paulo
1156 3499 1405 3577 superius
1432 3504 1698 3577 expressit
1741 3524 1753 3560 :
1792 3499 1975 3577 a'quo

369 3571 492 3700 gas
516 3571 713 3655 posteri
746 3571 1083 3647 impietatem
1110 3583 1163 3629 et
1186 3571 1569 3643 idololatrian),
1615 3576 1761 3631 velut
1802 3571 1975 3633 haere-

414 3644 631 3700 °tar1um
676 3654 1048 3700 susceuerunt.
1082 3646 1314 3700 Ouidam
1358 3662 1491 3700 mss.
1533 3663 1662 3700 cum
1711 3648 1970 3700 Dionvsio

414 3644 642 3722 itarium
676 3644 1048 3722 susceperunt.
1082 3646 1314 3722 Quidam
1358 3662 1496 3722 mss.
1533 3663 1662 3703 cum
1711 3648 1970 3722 Dionysio

370 3715 750 3792 Ieguntilfelut
787 3715 1364 3792 antiquatraditione.
1395 3719 1496 3792 Alii
1545 3735 1693 3784 vero,
1726 3715 1869 3792 quos
1894 3736 1971 3776 sc-

372 3796 538 3914 gntusl
564 3788 852 3870 .Plan-tinus
879 3812 891 3847 :
920 3788 1100 3847 Velut
1128 3793 1277 3844 avita
1308 3790 1621 3853 traditione,
1663 3798 1723 3845 ut
1745 3788 1973 3847 'notavit

417 3874 518 3914 uvc
541 3874 664 3914 nus.

417 3874 664 3914 UVCIIIUS.

446 3874 708 4008 ἓξὲξῊῖὶο
733 3928 932 4008 prioris
951 3927 1268 4008 quaestionis
1290 3926 1620 4008 aLQet-mano
1649 3930 1970 4008 proppsitai:

375 4000 520 4055 Cum
552 3999 610 4052 in
650 3996 845 4053 Genesi
880 3995 1080 4052 dicitur
1112 3995 1253 4049 ﬁlios
1292 3995 1389 4048 Dei
1427 3995 1699 4065 ingressos
1728 3995 1794 4053 a'd
1840 3995 1973 4055 tilias

374 4068 696 4147 hpminum,
724 4065 957 4147 illasque
988 4065 1250 4147 genuisse
1278 4064 1552 4147 gigantes,
1582 4082 1693 4147 non
1723 4077 1972 4147 oportere

377 4136 451 4209 id
474 4135 543 4192 de
582 4136 791 4209 angelis
837 4135 1145 4209 sivehbonis
1187 4135 1302 4191 sive
1328 4135 1503 4209 _in_alis
1529 4135 1775 4209 intelligi,
1817 4141 1970 4209 quasi

377 4152 435 4192 ια
474 4152 543 4192 ae
582 4152 791 4261 angens
837 4152 946 4192 snve
991 4152 1145 4192 DODIS
1187 4152 1302 4191 snve
1344 4152 1503 4191 mans
1529 4152 1771 4209 Intelllgl,
1817 4154 1970 4209 quam

373 4206 650 4278 illiconcu
694 4208 826 4261 itum
853 4207 1140 4264 mulierum
1161 4206 1481 4278 appetierint
1504 4215 1558 4263 et
1587 4208 1792 4278 experti
1824 4210 1931 4265 sint
1952 4230 1991 4275 ;'

369 4276 475 4353 sed
510 4277 577 4333 de
611 4277 768 4353 ﬁliis._
795 4279 1154 4353 seqposteris
1182 4276 1311 4353 Seth
1344 4300 1359 4353 ξ
1394 4276 1772 4353 _qui_dicuntur
1796 4282 1967 4353 angeli

371 4350 498 4416 Dei,
547 4351 624 4421 vel
658 4348 838 4421 potius
866 4349 962 4405 ﬁlii
994 4351 1108 4417 Dei,
1140 4350 1263 4421 quia
1291 4351 1362 4405 ad
1391 4348 1520 4406 illud
1551 4367 1719 4421 usque
1748 4348 1966 4421 tempus

376 4421 447 4492 in,
470 4420 580 4476 veri
614 4420 710 4476 Dei
740 4421 888 4477 cultu
929 4420 1398 4492 perseveraverant
1427 4440 1440 4488 ;
1471 4423 1562 4492 qui
1592 4420 1663 4479 ad
1706 4422 1847 4478 ﬁlias
1866 4420 1974 4480 ho-

372 4490 589 4548 minum
622 4492 845 4563 ingressi
900 4490 1283 4563 perhibentur,
1325 4490 1542 4563 quando
1573 4510 1721 4554 .cum
1755 4494 1973 4550 ﬁliabus

372 4563 506 4637 Cain
546 4563 997 4637 consuetudinem
1038 4565 1238 4637 habere
1281 4573 1583 4637 coeperunt,
1628 4581 1824 4637 easque
1868 4567 1970 4622 sibi

372 4634 424 4690 in
474 4634 785 4708 conjugium
833 4643 888 4689 et
923 4633 1579 4708 vcopulamesciverunt.
1632 4633 1972 4708 Seqd'foperze

375 4702 611 4777 pretium
643 4702 881 4760 'videtur
918 4707 983 4777 D.
1011 4702 1375 4776 Augustinum
1401 4703 1467 4777 de
1500 4703 1583 4759 his
1629 4702 1875 4763 subtilius
1917 4718 1973 4764 et

372 4775 680 4848 accuratius
703 4776 891 4831 audire
919 4775 1274 4832 disserentem
1301 4775 1453 4848 7(Lib.
1485 4790 1560 4830 xv
1590 4777 1654 4831 de
1673 4779 1829 4833 Civit.
1853 4795 1969 4848 cap.

374 4847 479 4918 23)
516 4868 527 4903 :
559 4849 677 4905 Non
704 4849 824 4901 illos
848 4850 930 4901 ita
958 4849 1132 4915 fuisse
1150 4847 1370 4918 angelos
1394 4848 1510 4911 Dei,
1534 4851 1595 4900 ut
1616 4848 1849 4902 homines
1871 4847 1975 4904 non

372 4924 563 4987 essent,
586 4922 727 4974 sicut
747 4919 971 4988 quidam
996 4921 1231 4988 putant;
1254 4917 1347 4971 sed
1363 4917 1598 4971 homines
1618 4920 1974 4988 proculdubio

370 4991 565 5058 Msse,
592 4992 879 5059 Scriptura
897 4992 1017 5059 ipsa
1043 4992 1157 5044 sine
1182 4988 1293 5041 ulla
1333 4988 1689 5056 ambiguitate
1708 4990 1970 5045 declarat.

375 5062 509 5120 Cum
535 5065 674 5119 enim
700 5063 1043 5131 pra-missum
1065 5065 1197 5114 esset
1225 5060 1368 5127 quod
1390 5059 1623 5113 ridentes
1643 5061 1823 5127 angeli
1834 5061 1975 5130 ﬁlias

373 5134 670 5198 hominum,
694 5136 823 5202 quia
850 5133 995 5187 bona
1011 5134 1158 5197 sunt,
1189 5135 1531 5199 su’nmserunt
1552 5132 1661 5184 sibi
1685 5146 1878 5185 umores
1907 5148 1975 5185 ea:

373 5206 641 5269 omnibus,
668 5201 801 5274 quas
819 5205 1085 5273 elegerant
1103 5221 1118 5267 ;
1135 5217 1261 5255 mea:
1275 5201 1595 5274 adjunctum
1612 5208 1689 5256 est
1712 5222 1723 5258 :
1744 5206 1815 5258 Et
1828 5203 1979 5258 dixit

373 5279 635 5335 Dominus
668 5273 802 5331 Deus
829 5294 845 5330 :
880 5278 991 5333 Non
1003 5273 1343 5345 permanebit
1365 5274 1594 5343 spiritus
1620 5289 1769 5329 meus
1788 5276 1848 5327 in
1878 5274 1965 5329 ho-

375 5349 615 5404 minibus
635 5349 718 5402 his
738 5350 795 5401 in
812 5344 1092 5413 aeternum,
1118 5349 1339 5415 propter
1366 5344 1508 5414 quod
1531 5361 1655 5400 caro
1674 5351 1820 5400 sunt.
1846 5346 1974 5415 Spi-

376 5421 490 5475 ritu
517 5421 716 5490 quippe
734 5421 852 5487 Dei,
874 5420 1098 5486 fuemnt
1119 5418 1262 5490 facti
1285 5417 1468 5485 angeli
1483 5419 1598 5490 Dei,
1632 5421 1683 5472 et
1708 5418 1814 5487 ﬁlii
1838 5419 1974 5483 Dei;

375 5492 469 5547 sed
485 5487 804 5547 declinando
844 5491 917 5545 ad
942 5492 1205 5558 inferio-ra
1225 5489 1459 5544 homines
1480 5487 1750 5556 dicuntur
1766 5490 1979 5543 nomine

374 5568 610 5625 naturae,
642 5578 749 5617 non
776 5564 974 5631 gratia:
1000 5582 1012 5616 :
1036 5562 1289 5616 dicuntur
1316 5564 1365 5614 et
1384 5574 1527 5622 caro,
1553 5561 1848 5615 desertores
1873 5561 1978 5629 spi-

370 5636 534 5698 ritus,
559 5638 610 5689 et
634 5634 920 5689 deserendo
939 5633 1153 5687 deserti.
1184 5635 1253 5688 Et
1268 5632 1619 5701 septuaginta
1644 5631 1858 5700 quidem
1882 5634 1969 5686 In-

372 5710 633 5777 terpretes
661 5710 712 5761 et
740 5705 954 5774 angelos
992 5706 1092 5759 Dei
1121 5704 1382 5777 di:_cerun_t
1414 5704 1563 5777 istos,
1594 5706 1644 5758 et
1670 5703 1807 5773 ﬁlios
1836 5704 1936 5777 Dei
1958 5721 1975 5769 ;

373 5774 520 5850 quod
540 5777 755 5849 quidem
780 5792 884 5833 non
914 5790 1089 5831 omnes
1115 5775 1314 5830 codices
1343 5774 1570 5842 habent;
1597 5789 1726 5830 nam
1753 5774 1978 5845 quidam

2002 4750 2053 4811 D

2084 3439 2318 3492 nonnisi
2331 3438 2471 3505 ﬁlios
2499 3436 2598 3490 Dei
2618 3437 2831 3490 habent.
2862 3435 3061 3503 Aquila
3089 3437 3291 3495 autem,
3323 3448 3479 3502 quem
3511 3434 3691 3487 inte-r-

2077 3513 2282 3579 pretem
2314 3508 2492 3563 Judcei
2526 3509 2729 3579 cieteris
2768 3509 3118 3579 anteponunt,
3158 3520 3262 3558 non
3301 3505 3517 3572 angelos
3557 3505 3678 3571 Dei,

2081 3577 2174 3634 nec
2214 3581 2352 3649 ﬁlios
2393 3581 2506 3645 Dei,
2552 3578 2646 3633 sed
2688 3580 2828 3647 ﬁlios
2889 3577 3106 3631 deorum
3155 3578 3541 3649 intemretatus
3585 3580 3680 3630 est.

2089 3648 2381 3721 Utrumque
2421 3654 2601 3704 autem
2638 3665 2823 3703 verum
2856 3653 2951 3703 est.
2992 3651 3130 3705 Nam
3169 3652 3220 3721 et
3249 3648 3355 3717 ﬁlii
3381 3649 3480 3703 Dei
3509 3651 3682 3710 erant,

2078 3725 2177 3779 sub
2203 3720 2307 3793 quo
2328 3727 2492 3793 patre
2508 3737 2725 3776 suorum
2739 3725 2958 3793 patrum
2993 3723 3155 3774 etiam
3182 3720 3386 3785 fratres
3410 3722 3608 3793 erant;
3636 3721 3689 3772 et

2077 3798 2186 3865 ﬁlii
2211 3789 2452 3859 deorum.
2479 3789 2793 3865 quoniam'a
2815 3792 2922 3865 diis
2945 3793 3114 3865 geniti
3132 3794 3333 3865 erant,
3347 3789 3684 3865 cum_quib_us_

2078 3859 2243 3921 etiam
2262 3859 2662 3939 ipsi‘diiierant,
2671 3864 2841 3933 juaita
2860 3862 3001 3914 illud
3024 3860 3227 3939 lfsalmi
3250 3878 3261 3911 :
3287 3859 3571 3939 Ego‘d‘icci,
3592 3861 3687 3912 Dii

2079 3939 2234 4008 estis,
2258 3928 2307 3990 et
2327 3936 2429 4004 ﬁlii
2446 3928 2856 4003 Emeelsi'omnes
2882 3952 2898 4008 ,-
2921 3932 3109 3984 merito
3134 3932 3272 4008 enim
3297 3928 3687 4008 ονθάίΐῖρνηείν

2083 4000 2337 4071 tuaginta
2370 4000 2688 4074 Interpretes
2712 4005 2971 4071 accepisse
3006 4001 3373 4070 propheticum
3389 4000 3679 4074 spiritum,

2080 4079 2139 4128 ut
2161 4070 2363 4141 siquid
2377 4075 2489 4141 ejus
2507 4070 3134 4133 aucto'ritate’mutarent,
3156 4075 3318 4138 atque
3342 4070 3499 4141 aliter
3518 4082 3681 4141 quam

2082 4138 2388 4211 erat,quod
2398 4138 2935 4211 interpretabantur,
2956 4142 3204 4201 dicerent,
3237 4155 3405 4207 neque
3428 4140 3522 4193 hoc
3549 4138 3684 4193 divi-

2080 4218 2229 4269 nitus
2245 4228 2354 4268 esse
2369 4213 2573 4267 dictum
2592 4214 2933 4266 dubitaretur
2958 4230 2972 4264 :
2999 4212 3246 4280 quamvis
3267 4211 3360 4264 hoc
3383 4212 3439 4263 in
3460 4211 3681 4265 Hebraeo

2076 4302 2185 4341 esse
2216 4285 2573 4355 perhibeatur
2611 4284 2966 4351 ambiguum:
3001 4287 3067 4337 ut
3103 4287 3153 4337 et
3204 4282 3311 4351 filii
3348 4285 3466 4348 Dei,
3497 4286 3547 4355 et
3577 4283 3683 4351 ﬁlii

2076 4354 2297 4412 deorum
2314 4360 2493 4427 posset
2512 4357 2877 4427 intemretari.
2909 4356 3201 4410 Hactenus
3222 4358 3292 4410 D.
3316 4354 3676 4427 Attgustinus.

2154 4431 2179 4498 ’ἶ
2207 4427 2268 4483 Id
2296 4425 2398 4494 est,
2422 4425 2654 4498 perfecta
2677 4441 2857 4481 rerum
2881 4427 3207 4481 naturalium
3239 4425 3570 4497 cognitione.

2153 4488 2180 4532 ά
2206 4502 2339 4556 Ηωο
2369 4488 2436 4554 de
2465 4499 2641 4570 seipse
2671 4498 2929 4570 ptandicat
2959 4497 3223 4555 Salomon
3252 4488 3340 4553 re}
3388 4499 3676 4570 sapientis-

2081 4570 2283 4638 simus,
2318 4571 2413 4627 Dei
2439 4569 2760 4631 beneﬁcium
2804 4570 3076 4641 singulare
3103 4570 3207 4625 sibi
3232 4569 3492 4624 collatum
3518 4585 3677 4641 com-

2080 4659 2393 4718 memorans
2416 4682 2433 4708 ,
2481 4657 2606 4718 quae
2653 4641 2741 4718 his
2770 4639 2976 4718 ductor
3014 4640 3232 4718 Adamn
3269 4639 3675 4718 accommodat.

2080 4716 2222 4770 Uter
2265 4706 2956 4785 vero’sa'pientiorfuerit,
3005 4709 3220 4785 et_h_aac
3289 4706 3678 4785 verbaverius

2083 4800 2342 4856 usurpare
2371 4774 2630 4856 potuerit,
2675 4781 2919 4839 Adamus
2946 4774 3026 4856 an
3065 4779 3353 4856 Salomon,
3384 4774 3506 4855 vide
3531 4776 3677 4856 apud

2084 4847 2477 4909 Perei-ium'lib.
2506 4866 2567 4906 tv
2598 4847 3138 4917 Commentariorum,
3160 4847 3502 4917 iniGenesim
3528 4860 3582 4917 q.
3621 4852 3674 4902 3.

2154 4927 2177 4955 °
2206 4921 2351 4976 Hinc
2379 4921 2493 4974 libri
2524 4921 2865 4974 curiosarum
2889 4917 3088 4971 artium
3111 4915 3256 4971 dicti.
3282 4918 3477 4988 Graeco
3499 4915 3675 4988 textu,

2084 4992 2163 5061 βιϐ
2212 4991 2298 5042 λοὶ
2329 4991 2600 5060 περίεργοι,
2630 4989 2684 5044 id
2724 4996 2824 5053 est,
2872 4989 3004 5043 libri
3036 4990 3250 5061 curiosi,
3293 4987 3381 5045 de“
3402 4988 3597 5061 quibus
3621 4987 3676 5061 in

2084 5059 2239 5117 Actis
2293 5059 2683 5131 Apostolorum
2725 5062 2881 5130 (Cap.
2921 5064 3034 5131 ix)
3070 5059 3263 5131 legitur
3297 5059 3464 5131 quod,
3509 5060 3677 5115 Paulo

2082 5132 2227 5216 apud
2252 5130 2527 5216 Ephesium
2552 5132 2833 5216 daemonia
2861 5147 2925 5187 ex
2965 5130 3196 5216 obsessis
3232 5130 3677 5216 corporibuseji:

2087 5200 2280 5272 ciente,
2303 5200 2468 5259 multi
2483 5219 2550 5258 ea:
2569 5204 2649 5258 his
2671 5205 2768 5274 qui
2799 5204 3026 5270 fuerant
3056 5205 3263 5257 curiosa
3283 5203 3492 5274 sectati,
3522 5200 3574 5257 id
3599 5200 3681 5259 est

2085 5276 2175 5347 qui
2209 5276 2450 5332 curiosas
2475 5283 2617 5330 artes
2645 5273 3014 5342 esercuerant,
3053 5275 3390 5329 cmztulerunt
3412 5273 3596 5337 libros,
3627 5280 3679 5331 et

2083 5349 2484 5403 combusserunt
2525 5362 2701 5402 coram
2738 5347 3002 5408 omnibus,
3043 5350 3093 5400 et
3133 5347 3452 5415 computatis
3488 5349 3682 5415 pretiis

2082 5435 2284 5484 eorum,
2304 5422 2618 5475 invenerunt
2620 5421 2903 5490 pecuniam
2918 5419 3263 5473 denariorum
3278 5418 3679 5487 quinquaginta

2081 5493 2336 5545 millium.

2150 5555 2168 5592 ί
2214 5561 2476 5629 Chamus,
2528 5560 2617 5632 qui
2667 5569 2727 5632 et
2764 5563 3073 5622 Zoroastes,
3105 5558 3185 5612 vel
3216 5560 3472 5632 Zoraster
3498 5558 3683 5632 dictus

2084 5640 2207 5705 est,
2234 5632 2460 5705 magicae
2516 5630 2651 5705 artis
2677 5631 2926 5705 inventor
2965 5637 3020 5685 et
3049 5638 3373 5705 propagator
3419 5630 3685 5705 daemonis

2086 5702 2353 5760 instinctu
2379 5712 2432 5760 et
2466 5703 2815 5776 magisterio;
2843 5703 2911 5776 de
2950 5715 3063 5772 quo
3096 5703 3452 5776 DsClem‘ens
3479 5702 3571 5756 lib.
3603 5713 3670 5753 ιν

2087 5777 2401 5848 Recognit.,
2449 5775 2540 5832 ubi
2563 5773 2664 5833 'de
2710 5773 2917 5849 angelis
2968 5773 3471 5845 praevaricatoribus
3509 5780 3679 5838 agens
