4048 6208
308 244 411 324 765

939 264 1282 323 COLLATIO
1320 267 1462 322 Vlll.
1501 296 1572 308 —
1609 267 1698 322 DE
1736 266 2256 323 PRINCIPATIBUS
2290 267 2416 323 SEU
2457 267 2989 328 POTESTATIBUS.

3515 280 3620 335 766

306 391 384 448 vel
412 389 561 464 quod
599 389 647 448 ei
679 388 808 446 addi
849 397 974 462 post
1016 388 1138 447 haec
1162 396 1472 463 oporteret,
1499 389 1542 445 si
1568 389 1625 446 in
1651 389 1746 446 illo
1766 397 1909 446 statu
1937 392 1991 456 Α
2020 388 2274 447 haeretica
2322 391 2537 450 insania
2583 391 2960 467 proferuntur,
2984 396 3196 455 dicente
3246 400 3577 461 Ecclesiaste
3606 426 3617 461 :

306 497 371 540 ac
413 482 790 559 dispositione,
832 498 940 554 qua
981 482 1052 539 ab
1085 483 1200 555 ipso
1240 490 1421 539 creata
1464 491 1591 539 sunt
1628 484 1903 552 universa,

308 578 636 636 mansissent
654 620 667 634 .
696 581 768 635 Et
790 577 993 663 idcirco
1021 579 1079 635 in
1113 594 1206 636 eos
1235 580 1329 652 qui
1356 587 1483 635 ante
1505 578 1705 652 legem,
1730 579 1905 635 immo

305 685 427 734 ante
455 676 745 745 diluvium,
769 686 1152 749 peccaverunt,
1177 677 1330 751 justo
1352 677 1566 751 judicio
1591 681 1771 735 Deum
1801 677 1911 734 ani-

305 771 661 831 madvertisse
685 770 1062 845 probabimus,
1094 773 1217 845 quia
1247 783 1273 809 ³
1302 773 1627 848 transgressi
1679 781 1906 830 natura-

306 866 413 923 lem
442 867 645 941 legem,
675 867 790 924 sine
813 867 922 924 ulla
944 875 1262 924 meruerunt
1309 868 1661 926 excusatione
1700 868 1902 941 puniri.

304 961 329 996 δ
353 963 467 1017 Nec
493 961 547 1016 in
573 961 794 1018 illorum
819 961 1125 1019 incidemus
1152 962 1519 1035 blasphemias
1546 961 1902 1019 calumniam-

303 1068 427 1126 que,
476 1054 568 1127 qui
625 1055 940 1128 ignorantes
978 1055 1121 1113 hanc
1167 1056 1435 1113 rationem
1491 1055 1754 1128 derogant
1787 1059 1905 1112 Deo

303 1146 499 1204 veteris
526 1150 884 1220 Testamenti,
915 1165 980 1207 ac
1008 1149 1357 1207 detrahentes
1379 1159 1584 1208 nostrae
1611 1149 1737 1207 ﬁdei
1767 1150 1907 1207 sub-

299 1249 702 1314 sannantesque
729 1242 1089 1315 respondent:
1118 1245 1164 1314 3°
1191 1242 1333 1315 Quid
1362 1259 1491 1315 ergo
1532 1242 1735 1315 placuit
1782 1247 1905 1300 Deo

302 1342 519 1404 nostro,
550 1343 611 1392 ut
639 1343 763 1408 post
812 1344 896 1392 tot
924 1351 1201 1392 annorum
1242 1336 1413 1392 millia
1452 1336 1626 1408 legem
1671 1334 1905 1391 voluerit

2013 493 2039 528 ἀ
2080 494 2316 564 Cognovi
2345 498 2603 566 quoniam
2640 501 2820 555 omnia
2848 516 2968 570 quo:
3009 502 3139 569 fecit
3164 507 3305 561 Deus
3337 505 3406 559 ab
3432 507 3614 575 initio,

2014 599 2137 667 ipsa
2160 603 2321 654 erunt
2343 602 2403 654 in
2416 603 2696 657 teternum.
2721 604 2896 674 Super
2913 606 3010 660 illa
3033 622 3139 662 non
3161 613 3237 663 est
3264 610 3410 679 quod
3427 610 3608 665 adda-

2015 705 2127 771 tur,
2162 706 2213 757 et
2244 704 2314 759 ab
2342 705 2454 759 illis
2481 720 2589 760 non
2634 709 2712 761 est
2764 709 2910 777 quod
2937 711 3226 777 auferatur
3271 711 3473 783 (Eccle.
3507 728 3607 778 tu,

2015 817 2121 858 sec.
2162 805 2371 871 LXX).
2398 805 2473 862 Et
2502 805 2727 877 idcirco,
2769 818 2791 845 ο
2833 812 3001 865 Justis
3042 827 3149 866 non
3180 817 3256 867 est
3287 814 3374 869 lea:
3408 820 3611 885 posita,

2013 901 2235 971 injustis
2262 907 2441 959 autem
2464 909 2515 960 et
2545 921 2653 961 non
2674 907 2928 972 subditis,
2962 912 3141 980 impiis
3160 916 3211 966 et
3223 915 3612 984 peccatoribus,

2013 1001 2282 1057 sceleratis
2293 1005 2343 1057 et
2360 1006 2744 1081 contaminatis
2762 1009 2804 1072 (Ι
2820 1009 2955 1063 Tim.
2978 1012 3037 1074 ι).
3053 1008 3134 1064 Illi
3154 1025 3391 1081 namque
3413 1011 3613 1069 haben-

2014 1106 2095 1155 tes
2117 1100 2380 1158 naturalis
2406 1110 2570 1173 atque
2592 1103 2772 1160 insitae
2798 1105 2927 1177 legis
2950 1123 3140 1164 sanam
3156 1117 3319 1181 atque
3340 1112 3608 1184 integram

2012 1198 2378 1271 disciplinam,
2414 1215 2758 1272 nequaquam
2798 1203 2915 1274 lege
2958 1203 3060 1261 hac
3089 1207 3420 1265 extrinsecus
3446 1208 3612 1266 adbi-

2008 1296 2117 1353 bita
2144 1297 2443 1370 litterisque
2477 1297 2770 1371 descripta,
2802 1316 3035 1372 quaeque
3060 1302 3115 1358 in
3154 1303 3491 1376 adjutorium
3538 1308 3611 1364 illi

298 1394 661 1501 promulgare,
701 1436 852 1484 tanta
881 1429 1079 1485 saecula
1119 1443 1314 1501 passus
1337 1428 1452 1485 sine
1481 1394 1596 1501 l;ge
1621 1428 1902 1485 transire?
2010 1394 2241 1501 "3‘9"!"
2281 1394 2544 1501 δέδιθ’-(δῖ’
2568 1395 3020 1501 ίθάίεῗδδηῖχΕΧ
3046 1399 3242 1472 qUibus
3255 1403 3599 1501 δΡθτίίδείωδ

303 1493 463 1589 Quod
508 1493 555 1577 svi
595 1493 781 1594 postea
822 1523 1016 1579 melius
1069 1493 1274 1594 aliquid
1320 1493 1624 1591 adinvedit,
1678 1531 1908 1594 apparet
2011 1493 2223 1594 ratio”?
2256 1493 3073 1594 °_°l'i_8it‘{",“98‘989'1‘3‘3'”
3098 1499 3472 1572 praescriptam
3516 1502 3608 1558 m‘

308 1628 435 1670 eum
461 1614 517 1670 in
562 1590 859 1686 primordio
889 1614 1081 1672 mundi
1120 1590 1381 1672 inferiora
1411 1615 1494 1671 vel
1524 1590 1792 1671 deteriora
1814 1630 1904 1670 sa-
2016 1591 2144 1648 ῖθτίδ
2169 1590 2239 1647 ab
2277 1591 2429 1647 ίηίίίο
2476 1590 2591 1647 dari
2635 1590 2909 1658 debuisse,
2950 1602 3066 1649 erat
3087 1596 3236 1652 enim
3265 1597 3370 1654 hoc
3405 1614 3600 1671 suile"

302 1706 506 1777 puisse,
535 1715 590 1763 et
618 1715 741 1778 post
760 1706 879 1765 haec
900 1707 1050 1764 velut
1072 1707 1459 1780 experimentis
1479 1705 1759 1775 edoctum,
1789 1722 1902 1763 cm-
2013 1689 2189 1745 auum
2218 1688 2335 1744 ﬁeri
2379 1696 2560 1745 εῖθυῐθ
2596 1687 2773 1745 adhuc
2817 1690 3050 1746 natura“
3097 1691 3215 1764 Ιθεθ
3238 1709 3342 1749 nec
3366 1694 3434 1751 ad
3462 1696 3606 1753 ίιιῑθ-

299 1798 439 1871 pisse
461 1800 695 1857 rectiora
720 1801 1055 1874 prospicere,
1076 1817 1139 1857 ac
1164 1800 1492 1873 principales
1530 1801 1897 1858 ordinationes

2013 1803 2174 1859 grum
2221 1787 2449 1857 violata;
2483 1803 2584 1844 nec
2619 1787 2984 1860 evangelicam
3029 1788 3418 1860 perfectionem
3465 1793 3607 1852 tradi

298 1907 420 1950 suas
437 1892 494 1948 in
511 1894 707 1950 melius
729 1894 1041 1951 emendare.
1060 1893 1221 1965 Quod
1237 1894 1527 1950 immensae
1550 1892 1897 1966 prmscientize

2015 1893 2138 1941 ante
2168 1884 2299 1957 legis
2336 1884 2578 1957 potuisse
2620 1884 2948 1942 custodiam.
2991 1890 3115 1944 Non
3165 1888 3312 1945 enim
3354 1897 3604 1961 poterant

316 1988 468 2058 Lips.
500 1990 558 2042 in
581 2005 759 2058 marg.
784 1988 1086 2060 sapientiai]
1117 1989 1215 2044 Dei
1235 1988 1452 2059 penitus
1483 1990 1775 2046 convenire
1792 2005 1906 2045 non
2014 1984 2199 2041 audire
2222 2003 2235 2039 :
2256 1986 2364 2052 Qui
2377 1987 2759 2054 tepercusserit
2773 1987 2827 2040 in
2843 1986 3420 2042 dea-terammamillam
3436 1993 3607 2059 tuam,

299 2080 535 2151 poterit,
572 2094 677 2135 nec
703 2081 822 2137 sine
869 2080 1073 2152 ingenti
1103 2080 1439 2152 blasphemia
1465 2080 1584 2139 hazc
1606 2082 1673 2139 de
1694 2083 1813 2154 ipso
1836 2082 1908 2139 ab
2010 2083 2189 2153 praebe
2216 2083 2304 2137 illi
2327 2087 2380 2139 et
2428 2083 2658 2139 alteram
2695 2084 2909 2155 (Matth.
2940 2089 3021 2154 v),
3044 2078 3063 2116 ί
3085 2085 3177 2157 qui
3212 2087 3456 2143 contenti
3499 2103 3611 2145 non

1404 2224 1657 2280 ALARDI
1696 2226 1918 2281 GAZAEI
1958 2225 2512 2282 COMMENTARIUS.

370 2360 395 2388 δ
424 2355 544 2438 filii
582 2356 735 2438 Sc‘th,
768 2373 907 2438 quos
931 2357 1023 2438 hic
1064 2359 1345 2438 praecipue
1376 2368 1649 2430 spectasse
1690 2361 1900 2438 videtur
2005 2368 2177 2438 usque
2213 2363 2268 2416 S.
2308 2361 2567 2438 Thomas.
2600 2362 2869 2438 Spectavit
2891 2370 3077 2438 autem
3106 2362 3435 2438 bicAuctor
3464 2381 3607 2438 prae-

298 2431 534 2509 Auctor,
573 2499 583 2509 ι
627 2427 886 2509 dicuntur
941 2427 1258 2509 transgressi
1296 2427 1504 2509 _legeni
1574 2433 1900 2509 naturalem,
2008 2427 2163 2502 cipue
2191 2432 2485 2509 secundam
2529 2427 2798 2509 rationem
2824 2434 3073 2509 superius
3107 2427 3607 2509 assignatam-quae

296 2496 517 2570 quando
553 2499 960 2575 ingressisunt
1010 2496 1645 2575 ad'ﬁliashominum,
1674 2496 1896 2575 idest,
2010 2496 2077 2556 ex"
2094 2502 2431 2575 perfectione
2456 2519 2622 2559 novae
2664 2504 2792 2575 legis
2813 2496 3070 2561 sumitur.

293 2561 491 2625 uxores
523 2561 1124 2649 sibi'elliliabusCaiu
1164 2570 1472 2649 inﬁdelibus
1503 2580 1557 2628 et
1594 2561 1899 2649 idololatris
2026 2644 2042 2649 Α
2078 2561 2403 2649 άῗνξυιεειωε
2434 2581 2648 2629 textus:
2691 2561 2874 2649 Didici
2900 2578 3043 2646 quod
3078 2580 3255 2631 omnia
3292 2594 3450 2647 opera
3487 2596 3608 2649 qua:

294 2649 638 2711 acceperunt.
670 2641 847 2697 Dictat
891 2641 1038 2697 enim
1086 2642 1226 2698 ratio
1274 2650 1327 2698 et
1364 2642 1451 2698 lex
1492 2644 1759 2699 naturalis
1787 2661 1900 2701 non

293 2726 410 2768 esse
436 2726 563 2767 cum
601 2712 909 2787 hominibus
936 2712 1163 2787 disparis
1202 2713 1382 2787 cultus
1410 2722 1465 2770 et
1508 2715 1806 2787 religionis,
1844 2715 1900 2771 id

292 2790 398 2851 est,
428 2798 555 2838 cum
601 2782 911 2840 inﬁdelibus
960 2782 1375 2840 matrimonium
1436 2782 1896 2853 contrahendum,

289 2855 377 2910 ob
428 2854 726 2927 periculum
778 2856 1061 2927 apostasia
1104 2871 1199 2912 seu
1235 2855 1553 2912 defectionis
1579 2856 1646 2912 ad
1672 2856 1899 2913 inﬁdeli-

290 2933 461 2998 tatem
490 2933 545 2980 et
564 2926 944 2998 idololatriam.
975 2928 1135 2995 Quod
1157 2927 1321 2982 etiam
1352 2928 1465 2998 lege
1484 2928 1727 2984 Mosaica
1758 2928 1902 2984 mul-

291 2995 450 3072 t_oties
489 2995 821 3072 prohibituri:
854 2996 959 3051 fuit
984 3000 1180 3072 (Brod,
1212 2995 1430 3072 xxxiv,
1456 3002 1606 3072 Deut‘.
1626 3000 1706 3072 v).
1737 2999 1901 3072 Unde

295 3067 508 3143 Esdras
563 3071 615 3133 (Ι
658 3068 818 3123 Esdr.
859 3068 1243 3143 μεθείηςπᾴοξ
1285 3068 1599 3143 hujusmodi
1650 3067 1901 3143 conjugia

288 3138 622 3211 Judaeorum
668 3152 794 3211 eum
825 3138 1136 3211 alienigenis
1168 3139 1299 3193 inita
1323 3138 1615 3211 separavit,
1659 3138 1902 3196 dissol'vit

286 3225 361 3266 ac
395 3207 622 3280 diremit
650 3208 816 3280 (Vide
840 3207 1333 3277 apud’Gratianum
1360 3207 1450 3278 2’8,
1481 3227 1537 3280 q.
1559 3217 1573 3264 Ι
1588 3207 1608 3272 ζ
1656 3227 1700 3265 c.
1734 3213 1898 3275 Cave,

302 3283 360 3334 et
376 3293 423 3349 ρ.
445 3279 533 3334 Sic
561 3279 742 3349 enim).
1170 3348 1175 3349 ί
1262 3336 1271 3349 ἶ

377 3341 405 3380 ι’
456 3341 885 3423 Manichaeorum
916 3356 970 3404 et
1010 3347 1543 3423 Marcionistarumt
1578 3352 1671 3423 qui
1724 3355 1902 3409 Deum

284 3427 576 3497 auctorem
618 3421 811 3497 veteris
834 3419 1186 3497 Testamenti,
1229 3422 1406 3497 Deum
1438 3419 1646 3497 malum
1668 3431 1729 3497 _et
1755 3424 1898 3497 prin-

288 3492 484 3566 cipem
534 3490 1418 3566 tenebrarum___blasphemabant,
1472 3501 1526 3549 et
1585 3490 1900 3566 hujusfnodi

284 3562 701 3638 quaestiunculis
749 3562 1140 3635 suggillabant;
1170 3570 1229 3638 ut
1278 3562 1461 3638 videre
1491 3572 1573 3638 est
1596 3562 1739 3638 apud
1771 3567 1897 3637 Epi-

286 3633 612 3718 phaniam,_
638 3633 1028 3708 Augustinum,
1070 3641 1125 3689 et
1159 3633 1298 3689 alios
1344 3636 1436 3707 qui
1486 3636 1553 3692 de
1598 3633 1895 3694 hieresibus

285 3715 639 3763 scripserunt.

364 3724 392 3762 η
491 3721 639 3762 runt.

364 3721 692 3835 cpli‘ziversus
747 3776 1066 3847 hujusmodi
1108 3776 1541 3834 Manichaeorum
1587 3779 1883 3836 cavillatio-

286 3864 387 3905 nes
415 3859 469 3905 et
513 3848 879 3920 blasphemias
920 3851 985 3920 AS.
1012 3847 1250 3902 Thomas
1297 3849 1584 3920 triplicem”
1614 3851 1891 3908 rationem

288 3920 527 3993 assignat
554 3918 667 3974 tam
707 3934 780 3993 ex
818 3918 1092 3986 Scriptura
1117 3932 1285 3993 quam
1311 3932 1374 3993 ex
1426 3919 1676 3993 Datribus
1702 3922 1893 3993 colle-

288 3985 462 4057 ctam,
501 4004 669 4059 quare
707 3988 789 4039 lex
812 3985 956 4059 nova:
986 4000 1097 4038 non
1144 3985 1397 4059 debuerit
1434 3987 1549 4041 dari
1582 4003 1614 4040 a
1636 3989 1894 4058 principio

291 4052 535 4115 mundif
575 4059 818 4122 Quarum
859 4057 1046 4123 prima
1091 4058 1199 4125 est,
1251 4052 1720 4125 inquit,(-1-2,'q.
1776 4052 1894 4123 1ὸ7,

288 4134 406 4183 art.
436 4127 520 4198 3),
553 4129 681 4195 quia
713 4127 801 4199 (ea:
821 4140 977 4187 nova,
1005 4128 1143 4178 sicut
1163 4124 1365 4199 dictum
1393 4130 1491 4199 est,
1522 4124 1899 4199 principaliter

292 4204 377 4255 est
400 4196 584 4268 gratia
610 4198 844 4267 Spiritus
875 4199 1050 4251 sancti
1072 4213 1091 4249 .·
1120 4212 1240 4265 qua:
1273 4196 1615 4252 abundanter
1636 4196 1763 4253 ddri
1793 4215 1905 4260 non,

288 4271 506 4340 debuit,
535 4274 827 4337 antequam
851 4269 1283 4337 impedimentum
1308 4270 1519 4340 peccati
1557 4270 1627 4324 ab
1668 4272 1899 4326 humano

286 4358 481 4413 genere
502 4341 797 4413 tolleretur,
828 4344 1193 4393 consum-mata
1220 4341 1581 4413 redemptione
1601 4357 1705 4412 per
1743 4344 1896 4398 Chri-

285 4412 457 4470 Stum.
479 4412 631 4470 Unde
645 4412 850 4465 dicitur
867 4413 1088 4465 Joannis
1109 4425 1195 4466 vn
1215 4430 1231 4465 :
1247 4412 1493 4469 Nondum
1524 4418 1644 4467 erat
1657 4415 1897 4483 Spiritus

286 4485 477 4548 datus,
524 4486 656 4553 quia
690 4486 838 4537 Jesus
866 4483 1105 4536 nondum
1135 4486 1253 4537 erat
1287 4484 1636 4553 gloriﬁcatus.
1664 4488 1736 4541 Et
1761 4486 1896 4541 hanc

2008 2644 2139 2717 fecit
2159 2648 2299 2717 Deus
2324 2649 2656 2717 perseverent
2684 2648 2743 2699 in
2773 2644 3119 2716 perpetuum.
3174 2651 3290 2705 Non
3318 2644 3608 2717 possumus

2011 2716 2087 2767 eis
2123 2716 2431 2787 quidquam,
2472 2715 2692 2783 addere,
2743 2732 2837 2771 nec
2862 2715 3104 2784 auferre,
3135 2735 3255 2787 qua:
3284 2715 3413 2785 fecit
3446 2724 3606 2787 Deus,

2010 2789 2074 2839 ut
2124 2787 2384 2839 timeatur
2403 2784 2640 2859 Δ(Εςςιιρε.
2670 2800 2895 2859 m._sec.
2931 2784 3163 2853 LXX):
3181 2784 3316 2859 Quae
3344 2784 3609 2859 sententia

2009 2870 2122 2910 non
2151 2871 2261 2930 uno
2293 2855 2459 2912 modo
2489 2857 2889 2930 abauctorihus
2909 2855 3224 2930 exponitur?
3249 2858 3355 2913 Sed
3386 2860 3452 2913 ad
3483 2875 3610 2930 prae-

2007 2935 2220 2982 sentem
2250 2927 2435 2982 locum
2482 2925 2767 2983 suffecerit
2805 2928 2922 2985 haec
2972 2925 3040 2984 D.
3072 2928 3301 2984 Thomm
3341 2925 3607 3000 expositio

2010 3000 2154 3061 (1-2,
2203 3015 2257 3068 q.
2310 3003 2400 3065 98,
2439 3015 2494 3053 a.
2544 3003 2577 3054 2
2627 3000 2701 3053 ad
2730 2999 2784 3070 2)
2833 3019 2850 3055 :
2897 3001 3072 3069 Opera
3124 3005 3223 3056 Dei
3263 2999 3608 3070 perseverant

2009 3071 2064 3122 in
2094 3073 2375 3132 internum,
2416 3085 2536 3139 qum
2556 3072 2633 3124 sic
2657 3074 2799 3127 Deus
2818 3073 2970 3139 fecit,
3004 3074 3128 3125 utin
3153 3077 3411 3126 (eternum
3423 3089 3604 3143 perse-

2011 3145 2209 3203 verent,
2258 3146 2307 3195 et
2335 3143 2444 3195 tunc
2480 3147 2609 3195 sunt
2653 3157 2773 3211 quce
2828 3148 2956 3196 sunt
2993 3145 3254 3212 perfecta.
3287 3147 3397 3198 Leo:
3427 3149 3606 3199 autem

2012 3216 2160 3265 vetus
2215 3214 2533 3281 reprobatur
2579 3218 2811 3282 tempore
2846 3216 3194 3284 perfectionis
3242 3218 3454 3283 gratae,
3499 3232 3605 3270 non

2014 3286 2291 3357 tamquam
2316 3285 2488 3357 mala,
2520 3284 2613 3357 sed
2639 3289 2917 3357 tamquam
2952 3288 3165 3354 inﬁrma
3194 3291 3243 3340 et
3276 3289 3485 3341 imltilis
3504 3304 3606 3357 pro

2014 3354 2392 3427 istortempore.
2420 3356 2560 3408 Dicit
2582 3356 2724 3427 enim
2752 3356 3038 3423 Apostolus
3069 3358 3196 3410 Πρὸ.
3231 3372 3323 3411 v11
3357 3374 3371 3411 :
3404 3354 3607 3427 Repre-

2013 3422 2076 3475 ba
2084 3426 2156 3476 tio
2172 3422 2247 3495 fit
2258 3426 2457 3493 prioris
2485 3425 2736 3479 mandati
2746 3422 2970 3494 propter
2984 3429 3355 3493 inﬁrmitatem
3370 3433 3419 3481 et
3438 3422 3605 3482 imbe-

2008 3495 2305 3559 cillitatem,
2339 3497 2470 3564 quia
2486 3496 2628 3549 nihil
2647 3495 2719 3549 ad
2735 3497 3035 3564 perfectum
3055 3497 3288 3551 adduxit
3314 3498 3420 3552 lem.
3448 3500 3517 3554 Et
3536 3498 3607 3555 ad

2009 3564 2189 3619 Galat.
2223 3580 2301 3621 IlI
2332 3567 2462 3623 :Ubi
2496 3569 2645 3621 venit
2670 3567 2824 3636 ﬁdes,
2841 3567 2964 3637 jam
2981 3583 3083 3623 non
3108 3582 3289 3623 sumus
3310 3571 3408 3625 sub
3422 3571 3608 3641 pceda-

2041 3652 2156 3705 ogo.

2005 3652 2254 3784 923ml;
2292 3708 2435 3764 hanc
2469 3708 2800 3766 sententiam
2825 3710 3072 3782 Apostoli
3113 3711 3239 3767 alibi
3279 3712 3604 3784 explicatam

1999 3780 2213 3852 (qulat.
2258 3786 2318 3835 2t
2354 3797 2471 3852 cap.
2503 3786 2580 3847 8).

2075 3844 2093 3882 ¹
2117 3853 2229 3907 Lex
2259 3844 2477 3907 talionis
2500 3844 2704 3908 Iudaeis
2733 3851 2859 3907 data
2891 3852 3063 3907 Exodi
3092 3867 3184 3906 χχι
3209 3870 3220 3905 :
3268 3854 3489 3906 Oculum
3504 3869 3606 3921 pro

2001 3923 2168 3985 oculo,
2213 3924 2425 3977 dentem
2451 3939 2553 3992 pro
2604 3925 2778 3988 dente,
2804 3923 2995 3992 pedem
3027 3938 3128 3991 pro
3162 3922 3317 3991 pede,
3357 3922 3601 3975 adustio-

2002 4006 2122 4073 nem
2136 4008 2237 4059 pro
2266 3995 2568 4073 adustione,
2587 3994 2803 4073 “vulnus
2844 4009 2951 4073 pro
2978 3995 3216 4073 vulnere,
3253 3994 3604 4073 livorem‘pr'o

2007 4061 2190 4132 livore,
2251 4065 2464 4132 supple,
2509 4063 2723 4127 reddet,
2765 4061 2858 4132 qui
2898 4063 3131 4118 alterum
3176 4061 3388 4117 laeserit.
3440 4065 3507 4115 lit
3552 4061 3605 4116 in

2007 4129 2383 4198 Levitico:Qui
2408 4135 2730 4200 irrogaverit
2752 4129 3020 4186 maculam
3047 4136 3148 4186 uni
3172 4135 3364 4185 civium
3390 4147 3606 4187 suorum

2007 4201 2145 4253 sicut
2168 4203 2317 4267 fecit,
2348 4204 2425 4255 sic
2452 4204 2543 4270 ﬁet
2567 4205 2618 4255 ei
2636 4220 2652 4254 :
2670 4204 2976 4269 fracturam
2984 4218 3085 4272 pro
3105 4205 3374 4270 fractura,
3397 4204 3605 4258 oculum

2002 4285 2104 4340 pro
2131 4272 2296 4344 oculo,
2329 4272 2538 4344 dentem
2564 4287 2663 4342 pro
2683 4272 2838 4327 dente
2863 4276 3105 4327 restituet
3134 4276 3333 4344 (Leuit.
3364 4290 3517 4331 xxxv
3552 4279 3604 4331 et

2007 4342 2324 4414 Deutxu).
2380 4342 2818 4399 Fuit-autem.ea
2871 4344 2952 4398 lex
3004 4342 3209 4400 Iudaeis
3249 4344 3450 4401 indicta
3489 4362 3602 4402 non

2006 4422 2239 4489 propter
2264 4414 2577 4489 vindictam,
2620 4415 2977 4489 utPharisari
2998 4431 3274 4489 perperam
3332 4418 3603 4489 interpre-

2004 4482 2280 4568 tabantur,
2304 4484 2397 4568 sed
2418 4494 2637 4568 propter
2650 4482 2943 4568 justitiam,
2963 4482 3124 4568 idque
3140 4488 3341 4568 triplici
3373 4482 3601 4559 ratione,

288 4560 553 4639 rationem
582 4556 873 4621 manifeste
890 4556 1156 4639 assigngt
1169 4555 1455 4639 Apostolus
1479 4557 1893 4639 adnitamuvm,
1926 4566 1976 4628 Ι)
2012 4560 2069 4609 1°
2113 4564 2173 4611 ut
2202 4566 2342 4639 esset
2362 4555 3161 4639 ju‘dicibus'etmagistratibus
3188 4555 3372 4631 regula
3395 4603 3408 4629 ,
3437 4555 3603 4631 quam

286 4629 387 4683 ubi
400 4631 693 4697 postquam
706 4625 1051 4695 prtemiserat
1062 4626 1129 4680 de
1138 4626 1250 4694 lege
1258 4627 1484 4693 spiritus
1502 4629 1647 4689 vita,
1674 4628 1899 4698 subjun-

288 4702 371 4769 git
393 4717 409 4752 :
436 4703 598 4763 Deus,
617 4699 814 4754 Filium
825 4711 984 4769 suum
998 4698 1217 4751 mittens
1226 4698 1286 4749 in
1295 4697 1702 4752 similitudinem
1713 4703 1895 4756 comis

281 4768 519 4842 peccati,
565 4771 630 4824 de
662 4772 876 4842 peccato
902 4768 1195 4842 damnavit
1206 4770 1568 4842 peccatumjn
1614 4784 1793 4842 carne,
1834 4776 1895 4825 ut

275 4838 604 4912 fiustiﬁcatio
646 4842 777 4908 legis
824 4838 1142 4912 imple-retur
1173 4840 1229 4891 in
1251 4839 1437 4912 nobis.
1483 4838 1725 4893 Secunda
1752 4844 1896 4896 ratio

278 4909 463 4983 potest
492 4913 774 4980 assignari
799 4927 868 4964 eae
890 4911 1217 4983 perfectione
1246 4909 1376 4977 legis
1413 4924 1580 4983 novre.
1612 4912 1729 4966 Non
1749 4913 1889 4966 enim

285 4981 509 5054 aliquid
520 4984 594 5039 ad
613 4984 917 5053 perfectum
938 4981 1235 5034 adducitur
1246 4983 1431 5054 statim
1443 4996 1475 5034 a
1482 4982 1778 5054 principio,
1801 4985 1894 5038 sed

281 5052 523 5126 quodam
556 5052 843 5125 teinporali
869 5054 1211 5126 successionis
1235 5052 1421 5126 ordine
1447 5070 1489 5126 ;_
1514 5053 1653 5106 sicut
1692 5054 1893 5122 aliquis

273 5123 441 5203 prius
491 5130 556 5203 ﬁt
580 5123 838 5203 pii-eruet
865 5124 1205 5203 postmodum
1235 5125 1339 5203 vir.
1372 5126 1445 5178 Et
1468 5123 1608 5203 banc
1634 5125 1895 5203 rationem

278 5194 839 5267 assignatApostolus
855 5195 928 5249 ad
939 5195 1205 5267 Galatia
1224 5213 1235 5248 :
1255 5194 1707 5267 Lempazdagogus
1718 5199 1897 5249 noster

280 5266 421 5337 fuit
441 5273 500 5324 in
534 5266 764 5331 Christo,
796 5272 859 5321 ut
885 5282 953 5321 ex
975 5266 1081 5335 ﬁde
1108 5266 1493 5336 iustiﬁcemur;
1541 5270 1600 5320 at
1632 5266 1730 5320 ubi
1752 5268 1899 5321 venit

278 5342 441 5411 ﬁdes,
490 5341 614 5411 jam
642 5356 746 5395 non
795 5354 981 5394 sumus
1022 5339 1123 5393 sub
1157 5338 1475 5408 paedagogo.
1533 5340 1713 5393 Tertia
1756 5340 1895 5411 ratio

279 5410 525 5468 Sumitur
548 5429 615 5468 ea:
655 5414 749 5466 hoc
772 5411 915 5480 quod
944 5411 1033 5465 lem
1053 5426 1186 5465 nova
1219 5415 1298 5465 est
1317 5411 1406 5465 lea:
1432 5412 1663 5479 gratim;
1694 5413 1746 5465 et
1774 5410 1894 5464 ideo

276 5487 464 5553 primo
483 5487 721 5553 oportuit
738 5482 881 5553 quod
909 5483 1062 5536 homo
1082 5483 1483 5553 relinqueretur
1515 5482 1624 5536 sibi
1650 5484 1711 5536 in
1743 5485 1893 5536 statu

279 5558 481 5613 veteris
501 5554 655 5626 legis,
688 5558 747 5608 ut
789 5556 843 5608 in
866 5558 1141 5623 peccatum
1169 5554 1406 5609 cadendo
1419 5569 1576 5608 suam
1594 5555 1890 5626 infirmita-

278 5632 392 5682 tem
430 5625 761 5698 cognoscens,
791 5631 1180 5694 recognosceret
1220 5640 1275 5680 se
1308 5628 1491 5698 gratia
1528 5625 1788 5698 indigere.
1820 5628 1891 5679 Et

277 5699 426 5755 hanc
458 5696 724 5755 rationem
752 5699 997 5766 assignat
1014 5698 1302 5767 Apostolus
1319 5696 1395 5751 ad
1419 5699 1571 5752 Rom.
1594 5711 1633 5751 ν
1658 5696 1839 5750 dicens
1872 5713 1885 5747 :

278 5773 401 5826 Lex
427 5771 781 5837 subintravit,
813 5773 874 5823 ut
903 5769 1209 5824 abundaret
1252 5769 1549 5833 delictum;
1585 5767 1684 5821 ubi
1707 5771 1887 5821 autem

277 5843 592 5899 abundavit
631 5842 903 5903 delictum,
943 5840 1402 5910 superabundavit
1428 5843 1479 5894 et
1498 5841 1702 5908 gratia.
1740 5840 1887 5893 Huc-

2005 4629 2374 4702 sequerentur
2393 4630 2449 4683 in
2486 4629 2771 4702 puniendis
2800 4629 3150 4702 nocentibus,
3178 4629 3601 4702 ne‘pmuae'mo-

2004 4697 2160 4781 dum.
2180 4697 2502 4782 excederent
2533 4709 2627 4757 aut
2653 4701 3027 4782 negligerep‘tA
3061 4700 3155 4782 sed
3181 4697 3300 4782 pro
3346 4715 3602 4782 mensura

2003 4768 2213 4846 injuria:
2265 4772 2429 4827 illata:
2461 4787 2587 4846 reos
2612 4768 2871 4846 punirent
2894 4772 3057 4839 (Vide
3083 4769 3457 4846 Maldonat._in
3487 4785 3603 4823 eum

2005 4840 2242 4910 locum);
2296 4846 2357 4895 2°
2408 4850 2467 4896 ut
2530 4840 2782 4895 homines
2832 4848 3208 4910 metu_pmuac
3256 4840 3603 4910 contineret,

2002 4925 2071 4963 ne
2097 4906 2216 4978 aliis
2245 4925 2441 4964 manus
2469 4910 2749 4978 inferrent,
2780 4917 2834 4962 et
2871 4906 3016 4978 quod
3064 4906 3175 4978 pati
3204 4907 3441 4971 nollent,
3484 4908 3605 4966 aliis

2003 4994 2073 5033 ne
2124 4977 2404 5049 facerent;
2440 4983 2529 5049 773°
2579 4977 2646 5033 ad
2691 4977 3097 5049 reprim’endam
3126 4978 3308 5035 nimiae
3348 4978 3602 5037 vindicta:

2005 5049 2169 5130 etiam
2199 5048 2595 5130 apudjudicem
2613 5048 3025 5130 prosequenda}
3041 5049 3413 5130 cupiditatem:
3438 5051 3602 5130 Unde

2008 5122 2349 5192 Augujtinus
2376 5134 2482 5174 xxx
2505 5127 2689 5175 contra
2722 5122 2980 5176 Faustum
3010 5123 3160 5192 (Cap.
3195 5122 3279 5189 15)
3321 5126 3462 5177 :IIoc
3485 5127 3605 5192 qui-

2007 5190 2147 5259 dem,
2178 5190 2372 5262 inquit,
2428 5192 2503 5245 ad
2528 5194 2895 5261 reprimendas
2923 5190 3167 5262 flammas
3192 5193 3433 5247 odiorum
3461 5190 3521 5247 in
3550 5209 3604 5251 se

2004 5264 2231 5318 invicem
2251 5264 2581 5338 scevientium
2590 5268 2641 5338 et
2663 5265 3036 5338 immoderatos
3059 5266 3267 5320 animos
3288 5267 3366 5319 ita
3384 5281 3601 5338 pracep-

2005 5339 2119 5408 tum
2144 5339 2240 5391 est.
2265 5336 2406 5408 Quis
2429 5337 2570 5390 enim
2598 5337 2760 5403 facile
2787 5342 3057 5393 contentus
3082 5341 3160 5392 est
3192 5341 3399 5392 tantum
3426 5336 3604 5408 repen-

2003 5407 2128 5462 dere
2146 5407 2419 5475 vindictae,
2451 5412 2715 5477 quantum
2746 5411 2949 5479 accepit
2971 5409 3231 5479 injuriae?
3258 5412 3440 5465 Nonne
3465 5407 3602 5465 vide-

2002 5494 2120 5534 mus
2147 5481 2331 5535 leviter
2350 5480 2500 5534 (ceses
2521 5481 2756 5534 homines
2770 5482 2952 5535 moliri
2967 5482 3181 5548 cuidem,
3197 5482 3349 5535 sitire
3370 5485 3600 5549 sangui-

1998 5566 2137 5614 nem,
2149 5553 2347 5620 viaeque
2366 5553 2601 5607 invenire
2620 5555 2678 5606 in
2695 5554 2855 5607 malis
2867 5554 3095 5619 inimici,
3118 5552 3260 5606 unde
3279 5553 3549 5607 satientur
3569 5557 3598 5609 ?

1998 5625 2139 5677 Huic
2159 5625 2334 5692 igitur
2354 5623 2720 5678 immoderata:
2738 5640 2801 5678 ac
2820 5623 3033 5693 injuste:
3048 5624 3246 5678 ultio-ni
3270 5624 3357 5678 lea:
3380 5623 3597 5694 justum

1996 5695 2213 5763 modum
2239 5697 2425 5764 figens,
2469 5711 2687 5766 plenam
2727 5696 2942 5751 talionis
2984 5697 3240 5759 instituit,
3287 5696 3380 5749 hoc
3407 5701 3504 5758 est,
3535 5698 3598 5747 ut

1995 5767 2209 5837 qualem
2237 5765 2680 5837 quisqueiintulit
2708 5767 2990 5837 injuriam,
3024 5768 3133 5822 tale
3159 5767 3493 5837 supplicium
3522 5777 3597 5815 re-

1990 5838 2230 5908 pendat;
2253 5839 2396 5908 quod
2409 5854 2514 5895 non
2531 5840 2721 5908 fomes,
2739 5839 2832 5894 sed
2863 5838 3010 5894 limes
3038 5839 3251 5905 furoris
3267 5839 3346 5889 est
3373 5852 3389 5886 :
3406 5837 3469 5885 ut
3488 5844 3592 5883 non
