4048 6208
413 246 514 298 767

1492 234 1771 292 JOANNIS
1806 231 2114 290 CASSIANI
2150 226 2640 288 COLLATIONES.

3618 227 3727 284 768

412 373 565 423 erant
580 363 797 422 talionis
815 364 1123 437 aequalitate
1142 362 1370 436 injurias
1399 358 1647 432 proprias
1681 357 1888 425 ulcisci,
1921 357 2015 415 sed
2044 362 2096 425 Α
2122 356 2264 411 sicut
2303 356 2406 418 lac,
2447 351 2648 426 inquit,
2701 350 2939 406 mulsisti
2983 364 3084 417 me,
3119 353 3170 404 et
3197 349 3497 418 coagulasti
3529 364 3615 406 me
3666 358 3733 409 ut

415 458 640 516 lethales
678 457 856 515 calces
904 472 968 513 ac
993 457 1232 513 telorum
1267 454 1487 511 vulnera
1515 468 1614 526 pro
1643 453 1797 525 alapa
1847 452 2010 509 levis-

413 553 556 609 sima
590 551 990 625 rependebant,
1021 558 1076 605 et
1115 564 1214 621 pro
1253 564 1362 604 uno
1387 547 1551 604 dente
1591 546 2005 619 percutiendum

414 644 624 701 animas
648 641 989 714 expetebant.
1018 639 1127 697 Sed
1150 655 1251 696 nec
1268 639 1371 696 dici
1386 647 1596 711 poterat
1617 639 1758 695 illis:
1786 641 2010 710 Diligite

416 740 658 794 inimicos
694 740 893 792 vestros
913 737 1128 803 (Matth.
1153 734 1297 805 v),in
1326 733 1528 806 quibus
1552 749 1779 807 magnus
1803 733 2012 790 fructus

413 839 469 889 et
505 831 710 887 utilitas
734 828 1056 891 ducebatur,
1082 836 1142 884 ut
1170 827 1376 884 amicos
1412 843 1543 884 suos
1572 826 1876 898 diligerent,
1927 826 2013 883 de-

414 923 679 981 clinarent
704 938 843 991 vero
858 922 927 978 ab
957 922 1213 989 inimicis,
1253 930 1307 977 et
1343 921 1461 977 solo
1490 920 1561 977 ab
1587 922 1667 977 eis
1706 920 1836 977 odio
1868 919 2014 977 desi-

414 1027 759 1103 nerent,‘nec
779 1017 1087 1090 opprimere
1113 1017 1232 1072 illos
1256 1025 1310 1072 et
1340 1015 1645 1071 interficere
1671 1014 2009 1072 festinarent.

988 1120 1228 1176 CAPUT
1262 1121 1444 1175 XXV.

422 1221 690 1288 Quomodo
718 1217 1125 1286 intelligendum
1149 1218 1228 1288 sit
1254 1216 1397 1285 quod
1418 1218 1475 1270 in
1497 1216 1791 1285 Evangelio
1810 1215 2016 1288 dicitur

522 1291 589 1346 de
616 1291 849 1352 diabolo,
881 1290 1013 1358 quia
1068 1287 1306 1342 mendam
1343 1294 1443 1355 est,
1494 1293 1542 1343 et
1577 1292 1738 1359 pater
1769 1287 1903 1357 ejus.

489 1389 629 1447 Illud
666 1405 794 1447 vero
836 1388 983 1462 quod
1035 1404 1131 1445 vos
1159 1387 1228 1445 de
1260 1386 1477 1445 diabolo
1517 1397 1785 1457 moverat,
1811 1392 1835 1421 ³
1884 1393 2017 1460 quia

415 1485 653 1541 mendae:
682 1487 780 1552 est,
821 1488 872 1539 et
892 1488 1054 1554 pater
1095 1483 1231 1553 ejus,
1271 1481 1420 1554 quod
1461 1481 1709 1539 videlicet
1741 1490 1858 1539 tam
1902 1483 2017 1555 ipse

414 1593 579 1649 quam
635 1585 791 1649 pater
847 1592 979 1633 suus
1031 1575 1264 1632 mendax
1307 1575 1648 1648 pronuntiari
1695 1576 1942 1633 videatur
1985 1592 2017 1632 a

417 1668 660 1724 Domino
685 1667 1027 1740 (Joan.vm),
1058 1667 1191 1725 satis
1218 1667 1522 1724 absurdum
1563 1676 1645 1724 est
1687 1668 1791 1724 hoc
1822 1669 1902 1725 vel
1939 1668 2015 1725 le-

2117 466 2345 513 oaseum,
2398 449 2604 503 ossibus
2636 448 2688 501 et
2738 444 2916 499 nervis
2963 442 3242 498 inseruisti
3298 459 3385 498 me
3443 443 3582 514 (Job.
3612 448 3732 512 x)?

2117 545 2187 599 Et
2208 542 2479 598 Dominus
2525 539 2592 597 ad
2610 540 2911 598 Jeremiam
2946 558 2959 594 :
2996 541 3322 609 Priusquam
3356 542 3406 593 te
3433 539 3734 605 fonnarem

2116 641 2176 692 in
2204 642 2375 700 utero,
2404 637 2531 691 novi
2549 640 2599 691 te
2620 635 2906 707 (Ierem.t).
2932 633 3283 690 Ecclesiastes
3302 648 3431 688 vero
3448 632 3733 708 utriusque

2117 728 2435 787 substantiae
2473 736 2729 785 naturam
2758 736 2923 799 atque
2974 726 3245 800 originem
3270 767 3285 791 ,
3321 725 3732 787 examinatione

2119 832 2273 881 ortus
2296 831 2460 895 atque
2482 822 2651 888 initii,
2680 837 2743 878 ex
2780 838 2890 894 quo
2944 820 3192 878 videlicet
3222 836 3567 894 unaquaque
3595 838 3728 895 pro-

2119 916 2301 983 cessit,
2347 923 2404 972 et
2448 914 2883 972 consideratione
2911 913 3037 971 ﬁnis
3081 913 3153 971 ad
3189 928 3354 987 quem
3385 929 3734 987 unaquaeque

2120 1009 2422 1077 contendit,
2472 1008 2602 1065 satis
2663 1007 2943 1065 evidenter
3005 1023 3071 1064 ac
3137 1007 3354 1080 proprie
3424 1007 3687 1081 colligens
3708 1050 3728 1079 ,

2122 1104 2433 1175 pariterque
2474 1100 2542 1159 de
2574 1100 2817 1173 corporis
2868 1084 3032 1174 hujus
3074 1108 3239 1173 atque
3279 1100 3475 1158 animae
3499 1116 3730 1174 separa-

2121 1198 2269 1255 tione
2288 1197 2593 1269 disputans,
2619 1196 2693 1252 ita
2713 1195 2964 1277 disserit:
3012 1198 3338 1266 Priusquam
3385 1202 3732 1254 convertatur

2116 1294 2300 1364 pulvis
2326 1295 2387 1347 in
2411 1297 2612 1347 terram
2644 1293 2781 1346 sicut
2806 1292 2949 1359 fuit,
2982 1296 3035 1346 et
3060 1292 3290 1361 spiritus
3326 1296 3637 1348 revertatur
3655 1293 3732 1349 ad

2123 1390 2293 1443 Deum
2316 1387 2416 1456 qui
2427 1384 2579 1441 dedit
2598 1399 2719 1440 eum
2750 1383 3098 1455 (Eccles.xn).
3114 1382 3263 1453 Quid
3284 1384 3531 1456 apertius
3555 1385 3733 1457 potuit

2124 1479 2322 1547 dicere,
2368 1494 2537 1550 quam
2584 1486 2647 1536 ut
2686 1478 2976 1535 materiam
3020 1477 3222 1545 carnis,
3253 1493 3422 1550 quam
3451 1478 3731 1551 pulverem

2124 1573 2448 1642 nominavit,
2498 1571 2626 1644 quia
2675 1571 2745 1628 de
2793 1571 3028 1628 hominis
3085 1571 3291 1628 semine
3328 1572 3505 1629 sumit
3565 1587 3732 1630 exor-

2124 1667 2301 1737 dium,
2341 1667 2568 1740 ejusque
2600 1665 2815 1724 videtur
2844 1666 3149 1723 ministerio
3177 1668 3472 1736 seminari,
3514 1667 3661 1724 velut
3700 1682 3736 1724 e

419 1760 554 1817 viter
593 1761 823 1833 opinari.
855 1764 937 1819 Ut
989 1761 1136 1817 enim
1178 1760 1340 1833 paulo
1369 1769 1501 1817 ante
1552 1761 1822 1830 diximus,
1866 1760 2021 1834 spiri-
2048 1758 2098 1820 B
2129 1770 2273 1818 term
2316 1768 2615 1832 sumptam,
2645 1760 2848 1816 iterum
2878 1760 3079 1817 reverti
3101 1759 3474 1831 pronuntiaret
3496 1759 3567 1816 ad
3605 1768 3727 1816 ter-

414 1864 506 1913 tus
551 1855 798 1927 spiritum
833 1871 946 1911 non
976 1863 1235 1927 generat,
1279 1854 1421 1911 sicut
1465 1870 1566 1910 nec
1601 1855 1847 1911 animam
1893 1855 2021 1927 qui-

412 1950 538 2008 dem
565 1959 747 2022 potest
772 1951 953 2006 auima
982 1966 1294 2022 procreare,
1322 1950 1449 2006 licet
1475 1949 1882 2006 concretionem
1915 1964 2024 2005 car-

416 2044 499 2100 nis
523 2060 635 2099 non
655 2043 970 2100 dubitemus
999 2042 1243 2099 humano
1269 2044 1480 2099 semine
1508 2042 1829 2111 coalescere;
1859 2041 1931 2098 ita
1953 2041 2021 2099 de

421 2146 654 2209 utraque
708 2134 1032 2206 substantia,
1074 2135 1130 2191 id
1179 2143 1279 2201 est,
1334 2135 1513 2191 carnis
1544 2143 1601 2191 et
1635 2135 1857 2205 animae,
1894 2152 2018 2209 qua:

420 2228 509 2283 cui
557 2228 864 2284 ascribatur
908 2227 1140 2296 auctori,
1162 2227 1451 2298 {Apostolo
1472 2225 1810 2285 manifestius
1835 2228 2019 2286 distin-

423 2326 643 2391 guente.
693 2319 889 2374 Deinde
908 2323 1115 2389 patres,
1144 2317 1339 2390 inquit,
1382 2321 1560 2375 carnis
1585 2325 1782 2377 nostra:
1818 2323 2018 2378 habui-

420 2428 540 2468 mus
584 2413 882 2467 eruditores
904 2452 919 2478 ,
969 2416 1020 2467 et
1060 2414 1445 2477 reverebamu-r,
1476 2430 1581 2469 non
1632 2417 1801 2471 multo
1842 2419 2018 2487 magis

424 2506 769 2575 subjiciemur
783 2507 942 2576 patri
962 2507 1257 2576 spirituum
1281 2511 1332 2561 et
1359 2507 1597 2562 vivemus
1641 2506 1822 2577 (Hebr.
1857 2509 1969 2580 xu)
1995 2514 2018 2566 Ρ

420 2596 564 2666 Quid
603 2597 706 2653 hac
731 2597 996 2654 divisione
1022 2597 1222 2654 clarius
1251 2597 1425 2670 potuit
1454 2598 1698 2667 deﬁnire,
1744 2610 1807 2657 ut
1842 2601 2022 2659 carnis

422 2690 645 2761 quidem
674 2698 878 2746 nostra“:
914 2698 1094 2762 patres
1140 2690 1387 2747 homines
1416 2694 1816 2765 pronuntiaret,
1844 2696 1870 2731 ι’
1896 2695 2020 2752 ani-

425 2800 641 2840 marum
680 2799 809 2841 vero
849 2786 1030 2840 Deum
1049 2785 1228 2841 solum
1263 2800 1379 2841 esse
1427 2795 1640 2857 patrem
1696 2797 2019 2848 constanter

420 2880 791 2953 exprimeret?
849 2880 1194 2951 Quamquam
1228 2889 1281 2936 et
1327 2879 1385 2936 in
1409 2881 1525 2953 ipsa
1570 2884 1819 2954 corporis
1856 2883 2020 2956 hujus

420 2972 767 3059 concgetione
796 2980 818 3008 °
845 2971 1205 3029 ministerium
1243 2975 1635 3031 tantummodo
1685 2975 1900 3033 homini
1948 2977 2021 3034 sit

417 3063 827 3133 ascribendum,
875 3080 1092 3121 summa
1149 3081 1274 3121 vero
1337 3066 1664 3125 conditionis
1710 3071 1826 3126 Deo
1891 3086 2018 3127 om-

2128 1870 2281 1921 ram;
2320 1853 2576 1926 spiritum
2622 1868 2782 1922 vero,
2834 1852 2928 1926 qui
2973 1868 3084 1909 non
3129 1867 3224 1925 per
3261 1850 3727 1909 commixtionem

2128 1963 2291 2005 sexus
2338 1947 2614 2019 utriusque
2660 1955 3003 2021 procreatur,
3050 1945 3147 2003 sed
3190 1946 3492 2019 specialiter
3540 1961 3574 2002 a
3603 1947 3734 2001 Deo

2129 2040 2248 2096 solo
2292 2038 2578 2105 tribuitur,
2634 2038 2704 2095 ad
2732 2047 3017 2096 auctorem
3063 2053 3229 2095 suum
3264 2036 3446 2095 redire
3496 2036 3679 2111 signat
3708 2039 3734 2092 Ρ

2127 2132 2289 2204 Quod
2344 2133 2508 2189 etiam
2534 2122 2562 2165 ἀ
2629 2148 2727 2207 per
2773 2132 2922 2188 illam
2986 2131 3092 2189 Dei
3131 2130 3577 2199 insufﬂationem,
3625 2147 3733 2204 qua

2127 2227 2308 2285 Adam
2364 2227 2618 2299 primitus
2662 2226 2918 2282 animavit
2942 2229 3088 2294 (Gen.
3121 2225 3493 2298 11),evidenter
3548 2225 3735 2297 expri-

2128 2321 2317 2376 mitur.
2359 2322 2551 2391 Itaque
2590 2318 2676 2376 his
2703 2318 3033 2376 testimoniis
3064 2318 3350 2375 manifeste
3384 2318 3691 2391 colligimus
3711 2357 3729 2387 ,

2120 2394 2337 2485 (patrem
2378 2411 2667 2483 spirituum
2709 2412 2985 2469 neminem
3029 2412 3136 2469 dici
3186 2428 3345 2485 posse
3392 2412 3497 2469 nisi
3546 2413 3735 2469 Deum

2125 2506 2328 2572 solum,
2379 2504 2474 2577 qui
2523 2519 2620 2561 eos
2673 2520 2739 2560 ex
2792 2504 2990 2574 nihilo,
3042 2521 3169 2561 cum
3234 2506 3505 2574 voluerit,
3556 2502 3733 2574 facit;

2130 2596 2387 2652 homines
2427 2611 2555 2652 vero
2606 2594 2808 2653 carnis'
2834 2605 3036 2653 nostra:
3096 2605 3278 2668 patres
3341 2596 3735 2654 tantummodo

2127 2689 2419 2747 nominari.
2472 2692 2660 2762 itaque
2697 2697 2752 2747 et
2796 2688 3042 2746 diabolus
3079 2690 3381 2747 secundum
3437 2690 3544 2747 hoc
3584 2690 3736 2765 quod

2128 2785 2211 2841 vel
2260 2784 2486 2858 spiritus
2515 2785 2596 2841 vel
2643 2784 2869 2857 angelus
2911 2785 3086 2843 bonus
3124 2793 3340 2842 creatus
3371 2794 3477 2855 est,
3520 2794 3737 2858 patrem

2125 2878 2404 2935 neminem
2440 2876 2634 2933 habuit
2677 2876 2781 2932 nisi
2812 2880 2993 2934 Deum
3020 2877 3369 2935 conditorem
3405 2894 3587 2934 suum.
3621 2879 3735 2949 Qui

2126 2988 2255 3028 cum
2276 2969 2531 3043 superbia
2550 2968 2744 3027 fuisset
2760 2970 2956 3041 elatus,
2993 2979 3048 3027 et
3078 2970 3305 3027 dixisset
3327 2972 3384 3027 in
3407 2971 3571 3029 corde
3606 2986 3734 3043 suo,

2129 3065 2431 3124 Asccndam
2480 3080 2643 3136 super
2696 3065 3044 3121 altitudinem
3089 3067 3338 3131 nubium,
3397 3084 3486 3124 ero
3536 3068 3736 3124 similis

420 3158 576 3214 nium
599 3157 849 3225 creatori,
870 3158 1080 3215 dicente
1091 3158 1262 3215 David
1288 3179 1300 3215 :
1328 3163 1522 3218 Manus
1537 3154 1643 3218 tua}
1662 3165 1905 3231 fecerunt
1936 3183 2020 3222 me
2051 3141 2096 3204 Ο
2126 3162 2407 3218 Altissimo
2436 3161 2620 3227 (Isaite
2641 3164 2792 3227 xw),
2822 3158 2998 3216 factus
3034 3169 3118 3217 est
3143 3161 3397 3230 mendax,
3429 3165 3555 3217 etin
3584 3163 3734 3217 veri-

423 3254 473 3305 et
490 3250 903 3321 plasmaverunt
920 3267 1003 3307 me
1027 3255 1131 3321 (Ps.
1150 3257 1362 3322 cxvnl).
1385 3254 1453 3310 Et
1480 3254 1665 3311 beatus
1678 3256 1805 3320 Job,
1837 3259 2023 3315 Nonne

2132 3261 2239 3313 tate
2280 3272 2384 3311 non
2428 3256 2597 3319 stetit,
2644 3252 2741 3310 sed
2782 3253 2850 3311 de
2894 3256 3120 3328 proprio
3167 3256 3425 3329 nequitiae
3471 3256 3736 3314 thesauro

1526 3356 1780 3412 ALARDI
1820 3358 2043 3429 GAZASl
2083 3354 2644 3415 COMMENTARIUS.

418 3448 482 3537 id
507 3446 650 3537 quod
659 3452 892 3537 sopitum
915 3455 1031 3537 erat
1180 3453 1571 3537 accenderetur,
1589 3455 1682 3537 sed
1701 3472 1767 3509 ne
1790 3456 1859 3537 id
1882 3458 2023 3537 quod

422 3519 651 3595 ardebat
692 3522 839 3577 ultra
863 3523 1269 3595 extenderetur;
1294 3519 1565 3593 imposita
1594 3532 1672 3580 est
1711 3529 1849 3581 enim
1867 3519 2024 3595 Iusta

418 3590 675 3667 vindicta,
707 3608 826 3667 qua:
857 3592 1008 3662 justo
1029 3594 1251 3667 debetur
1271 3600 1321 3648 ei
1329 3604 1343 3660 λ
1360 3590 1462 3667 qui
1465 3610 1662 3664 passus
1677 3598 1851 3661 fuerit
1867 3590 2019 3667 inju-

426 3663 594 3716 riam.
630 3663 782 3729 Quod
810 3668 991 3718 autem
1019 3664 1260 3729 debetur,
1303 3667 1407 3719 etsi
1445 3663 1665 3734 benigne
1692 3663 2011 3731 remittitur,

420 3748 528 3807 non
541 3738 719 3807 tamen
740 3736 922 3804 inique
932 3737 1225 3807 repetitur.
1250 3736 1330 3807 Ita
1346 3744 1385 3791 A
1396 3736 1703 3807 ugustinus.
1720 3740 1855 3807 Quae
1870 3738 2014 3794 ratio

421 3804 583 3886 docet
606 3804 850 3886 Iudaeos,
874 3804 1090 3862 talionis
1115 3805 1422 3886 aequalitate
1445 3804 2011 3886 minimecontentos,

428 3882 491 3930 ut
518 3874 604 3931 bic
635 3875 873 3949 dicitur,
908 3886 1154 3947 acceptas
1184 3874 1437 3949 injurias,
1462 3878 1809 3949 gravioribus
1852 3874 2029 3949 prauis

422 3960 568 4016 sape
596 3945 921 4020 vindicaSSe,
946 3957 1002 4003 et
1032 3945 1130 4019 pro
1155 3945 1309 4020 alapa
1340 3945 1612 4004 levissima
1657 3945 1877 4004 lctlialcs
1917 3950 2028 4006 cal-

424 4015 537 4091 ces,
594 4015 651 4072 id
678 4026 791 4091 est,
824 4015 1193 4091 pedumjictus
1233 4015 1420 4091 graves
1470 4027 1524 4074 et
1566 4020 1917 4090 periculosos,
1970 4030 2024 4077 et

424 4089 662 4144 telorum
708 4090 952 4163 vulnera,
983 4090 1037 4146 id
1057 4099 1163 4163 est,
1185 4089 1284 4163 pro
1322 4089 1579 4163 minimis
1597 4090 1809 4163 injuriis
1838 4093 2022 4148 maxi-

425 4174 545 4215 mas
573 4161 901 4234 rependisse.
924 4164 1097 4218 Porro
1122 4161 1263 4219 hanc
1290 4162 1503 4218 talionis
1525 4161 1695 4234 legem
1716 4205 1731 4234 ,
1757 4170 1851 4218 aut
1873 4172 2017 4221 certe

428 4246 651 4304 pravam
679 4233 796 4303 ejus
820 4233 1326 4304 interpretationem
1357 4234 1574 4289 sustulit
1599 4233 1843 4304 Christus
1868 4235 2016 4290 Mat-

427 4299 574 4374 thaei
610 4316 665 4369 v,
705 4299 761 4357 et
818 4319 915 4374 pro
945 4299 1005 4357 ea
1054 4304 1452 4374 perfectiorem
1483 4303 1781 4371 charitatis,
1815 4304 2018 4362 miseri-

425 4371 630 4444 cordia:
679 4380 733 4425 et
762 4373 1030 4440 patientia:
1056 4371 1238 4441 legem
1287 4371 1513 4444 indixit,
1548 4389 1654 4444 qua
1681 4389 1794 4430 non
1838 4376 2019 4433 solum

424 4438 619 4518 docuit
669 4438 791 4518 nos_
828 4457 937 4518 non
968 4438 1218 4518 expetere
1267 4438 1599 4518 vindictam,
1629 4460 1820 4518 verum
1851 4446 2018 4503 etiam

427 4509 692 4579 patienter
719 4509 945 4584 injurias
970 4509 1252 4584 tolerare;
1300 4529 1400 4567 nec
1426 4509 1658 4570 tolerare
1699 4517 1885 4584 modo,
1926 4518 2022 4573 sed

426 4587 636 4652 optate,
666 4587 721 4656 et
744 4581 813 4656 de
841 4581 903 4656 iis
931 4582 1182 4654 gloriari;
1214 4584 1447 4653 denique
1476 4588 1795 4656 percutienti
1827 4581 1928 4642 nos
1969 4589 2022 4643 in

428 4667 536 4707 una
577 4652 816 4727 maxilla,
855 4652 1080 4727 alteram
1130 4658 1411 4727 praebere;
1442 4652 1643 4713 volenti
1690 4657 1849 4713 nobis
1878 4660 2024 4714 tuni-

424 4724 805 4800 camutollere,
829 4726 1013 4800 etiam,
1036 4724 1254 4796 pallium
1283 4727 1603 4800 relinquere.

492 4797 687 4883 {haec
736 4798 907 4854 altera
930 4798 1228 4883 difﬁcultas
1256 4797 1562 4883 superfusa
1580 4800 1857 4883 germano
1887 4816 2018 4883 pro-

424 4866 626 4947 posit_a_:
642 4883 819 4947 quam
845 4869 1038 4947 eodem
1064 4870 1176 4927 fere
1196 4866 1363 4947 modo
1390 4871 1555 4947 solvit
1575 4873 1645 4947 D_.
1682 4866 2020 4947 Augustinus

423 4936 573 5014 quod
601 4937 687 5014 hic
701 4939 870 5014 abbas
894 4941 1129 5014 Serenus
1158 4962 1170 4997 :
1198 4947 1259 4999 In
1282 4944 1363 4997 his
1390 4943 1587 5007 verbis,
1619 4936 1797 5014 inquit
1818 4944 2015 5014 (Tract.

424 5012 494 5088 24
519 5008 580 5061 in
602 5007 1034 5088 Joan.).quidam
1056 5014 1333 5088 diabolum
1350 5016 1678 5088 putaverunt
1694 5007 1895 5071 'habére
1918 5033 2020 5088 pa-

425 5082 581 5143 trem,
602 5081 660 5157 ες
672 5081 1020 5157 quiesierunt
1072 5086 1194 5157 quis
1222 5081 1367 5138 esset
1400 5085 1605 5141 diaboli
1613 5090 1802 5157 pater?
1824 5081 2021 5144 Hie-est

420 5166 590 5206 error.
630 5152 1070 5227 Manichaeorum.
1101 5155 1221 5227 Non
1246 5158 1385 5227 enim
1413 5160 1582 5213 omnis
1613 5152 1718 5227 qui
1741 5161 2017 5221 mentitur,

418 5224 858 5291 patermendacii
868 5224 957 5277 sui
976 5228 1055 5278 est
1072 5242 1085 5278 :
1101 5226 1153 5278 si
1165 5227 1309 5280 enim
1333 5226 1401 5281 ab
1410 5229 1516 5282 alio
1531 5224 1867 5283 mendacium
1878 5244 2021 5283 acce-

416 5294 612 5360 pistiet
623 5293 834 5369 digisti,
843 5298 902 5347 tu
916 5295 1132 5369 quidem
1143 5299 1397 5369 mentitus
1410 5313 1461 5353 es
1464 5300 1580 5366 ,sed
1585 5303 1742 5369 pater
1749 5298 2021 5353 mendacii

424 5376 529 5416 non
551 5377 623 5417 es.
655 5364 753 5439 Ille
775 5379 896 5439 vero
920 5367 1050 5435 quia
1070 5382 1173 5422 non
1199 5368 1421 5423 aliunde
1441 5364 1640 5439 accepit
1661 5369 2015 5433 mendacium,

423 5448 527 5500 quo
538 5435 811 5489 mendacio
827 5440 1101 5507 tamquam
1118 5455 1311 5494 veneno
1326 5455 1540 5509 serpens
1555 5435 1814 5494 hominem
1832 5441 2021 5495 occide-

426 5509 523 5580 ret,
546 5509 711 5580 pater
732 5511 810 5580 est
836 5510 1121 5575 mendacii,
1147 5513 1623 5580 sicutDeuSpater
1636 5514 1714 5565 est
1743 5513 2015 5568 veritatis.

426 5575 885 5666 itafttgustjinus.
905 5582 1110 5663 anue
1134 5575 1485 5666 intelligimus
1510 5580 1791 5666 diabolum
1810 5581 1913 5639 dici
1932 5599 2019 5666 pa-

424 5652 565 5726 trem
590 5646 880 5726 mendacii,
906 5646 1043 5726 quia
1077 5653 1292 5726 primus
1305 5646 1509 5726 auctor
1531 5659 1587 5707 et
1616 5652 1864 5709 inventor
1904 5646 2019 5726 ejus

425 5713 650 5798 fuithet
675 5713 1096 5787 quodaminodo
1125 5723 1260 5779 illud
1289 5723 1517 5794 peperit,
1550 5730 1610 5779 ut
1649 5726 1836 5782 Patres
1859 5713 2017 5782 coin-

420 5795 665 5844 muuiter
688 5798 986 5859 exponunt.

2127 3456 2166 3517 lf'
2199 3456 2226 3491 ιι
2271 3452 2495 3508 Animas
2514 3452 2807 3509 rationales
2835 3468 2866 3508 a
2891 3455 3007 3509 solo
3042 3457 3157 3509 Deo
3181 3455 3376 3519 creari,
3401 3462 3453 3509 et
3475 3455 3738 3511 humanis

2131 3522 2455 3597 corporibus
2491 3524 2548 3578 in
2601 3523 2716 3593 ipso
2766 3526 3134 3597 generationis
3175 3536 3459 3581 momento
3494 3525 3736 3593 infundi,

2133 3593 2307 3665 eaq'ue
2356 3593 2565 3667 ratione
2609 3597 2783 3649 Deum
2838 3595 2944 3650 dici
3002 3604 3212 3667 patrem
3261 3597 3576 3667 spirituum,
3635 3612 3736 3653 seu

2123 3664 2459 3729 animarum,
2512 3664 2753 3735 docent,
2785 3664 3178 3735 praeter'huuc
3224 3664 3505 3734 Serenum,
3556 3668 3734 3724 etiam

2122 3738 2210 3793 alii
2246 3740 2428 3809 Patres
2448 3735 2602 3809 illum
2628 3734 2811 3790 locum
2841 3738 3090 3809 Apostoli
3123 3738 3553 3809 interpretantes.
3586 3738 3735 3794 Vide

2121 3810 2179 3866 S.
2226 3807 2499 3863 Thomam
2524 3805 2583 3860 iu
2608 3805 3028 3863 commentario.

2205 3882 2230 3912 ο
2264 3881 2389 3935 Non
2414 3884 2603 3949 tamen
2619 3884 2698 3949 Aut
2721 3877 2957 3949 simplici
2987 3880 3373 3947 instrumento,
3396 3877 3491 3935 sed
3519 3886 3583 3935 ut
3602 3893 3739 3937 cau-

2133 3966 2208 4008 sa:
2235 3947 2581 4022 particulari;
2606 3945 2789 4022 homo
2832 3945 2992 4022 enim
3035 3950 3317 4007 hominem
3365 3945 3613 4022 generat,
3680 3960 3739 4007 et

2131 4018 2248 4089 sol,
2265 4019 2563 4091 secundum
2606 4018 3029 4091 Philosophum;
3056 4022 3152 4078 sed
3182 4031 3244 4077 ut
3266 4018 3441 4078 causa:
3477 4022 3737 4080 secundae

2131 4104 2186 4149 et
2222 4090 2582 4159 secundariae,
2626 4091 2774 4146 Deus
2800 4090 2984 4147 autem
3012 4101 3071 4148 ut
3106 4093 3288 4165 prima
3324 4103 3377 4149 et
3415 4092 3737 4150 universalis

2130 4179 2310 4220 causa.

2195 4222 2223 4268 δ
2252 4234 2556 4306 [aspiravit
2582 4235 2722 4287 enim
2750 4236 2809 4288 in
2846 4236 3041 4300 faciem
3067 4236 3184 4305 ejus
3213 4237 3545 4306 spiraculum
3572 4239 3731 4298 vita,

2126 4312 2176 4362 et
2199 4309 2374 4373 factus
2391 4309 2469 4358 est
2492 4304 2641 4358 homo
2664 4306 2721 4357 in
2742 4307 2986 4359 animam
3008 4304 3274 4362 viventem
3297 4308 3483 4375 (Genes
3509 4307 3601 4432 ιι).
3617 4306 3733 4364 Ubi

2128 4393 2224 4432 ner
2276 4372 2609 4432 sniraculum
2637 4374 2762 4431 vitae
2791 4376 3113 4432 intelligitur
3139 4378 3340 4432 anima.
3398 4378 3546 4432 simu
3604 4392 3733 4432 cum

2128 4372 2224 4446 per
2276 4372 2609 4448 spiraculum
2637 4374 3113 4448 vitzeintelligitur
3139 4372 3340 4442 anima,
3398 4372 3569 4433 simul
3604 4392 3737 4434 cum

2130 4443 2244 4518 ipsa
2268 4443 2629 4520 productione
2638 4443 3078 4514 seu,formatione
3098 4449 3349 4520 corporis
3365 4465 3394 4503 a
3417 4452 3536 4504 Deo
3562 4448 3735 4520 inspi-

2132 4514 2249 4574 rata
2270 4514 2328 4571 et
2354 4514 2552 4590 infusa.
2577 4516 2765 4573 Monet
2797 4527 2980 4574 tamen
2999 4521 3057 4576 S.
3075 4514 3319 4575 Thomas
3340 4522 3612 4590 inspirare
3630 4514 3737 4575 non

2132 4606 2241 4644 esse
2268 4587 2642 4657 accipiendum
2669 4591 3057 4659 corporaliter;
3100 4592 3194 4645 sed
3220 4592 3362 4645 idem
3390 4587 3490 4653 est,
3538 4591 3735 4659 inquit,

2132 4662 2419 4734 inspirare,
2442 4659 2587 4734 quod
2613 4661 2870 4734 spiritum
2888 4663 3088 4734 facere.
3112 4664 3283 4734 Porro
3305 4662 3527 4734 Moyses
3547 4659 3738 4734 volens

2133 4732 2439 4804 signiﬁcare
2483 4731 2834 4804 creationem
2889 4733 3092 4804 anima:
3148 4731 3452 4795 rationalis,
3508 4731 3738 4804 ejusque

2134 4802 2462 4884 inlusionem
2514 4802 2570 4857 in
2594 4872 2606 4884 .
2633 4817 2831 4884 corpus
2868 4803 3119 4884 “Adami,
3189 4812 3440 4884 usus-est
3470 4802 3738 4884 vocabulo

2128 4872 2512 4946 inspirationis,
2562 4872 3155 4946 sive_insufllationis,
3209 4873 3403 4946 triplici
3457 4875 3675 4946 ratione
3717 4893 3734 4928 :

2136 4949 2190 5025 ιο
2217 4942 2228 4944 “
2257 4942 2533 5025 quidem,“
2557 4953 2619 5001 ut
2655 4943 2840 5025 placet
2890 4942 3420 5025 Theodoram—quo
3470 4944 3731 5025 intelliga-

2128 5023 2217 5071 tur
2259 5024 2373 5071 tam
2412 5016 2627 5073 facilem
2655 5020 2770 5071 Deo
2798 5016 3131 5072 creationem
3156 5032 3273 5072 esse
3319 5016 3521 5073 anima:
3560 5016 3726 5070 ratio-

2127 5088 2266 5144 nalis
2314 5104 2484 5158 quam
2509 5087 2659 5143 facile
2687 5096 2771 5144 est
2789 5086 2994 5144 homini
3013 5088 3205 5143 flatum
3234 5100 3302 5143 ex
3328 5103 3424 5143 ore
3449 5102 3550 5143 suo
3572 5085 3730 5141 emit-

2129 5164 2282 5230 tere;
2305 5163 2367 5230 2°
2394 5168 2452 5215 ut
2466 5159 2592 5215 inde
2615 5158 2997 5230 colligeremus
3007 5160 3252 5215 animam
3274 5159 3606 5214 rationalem
3624 5172 3740 5230 non

2128 5229 2281 5285 educi
2311 5229 2379 5285 de
2404 5231 2643 5297 potentia
2671 5227 2934 5297 materiai,
2967 5239 3028 5286 ut
3061 5231 3261 5286 anima:
3288 5230 3603 5294 brutorum,
3640 5227 3743 5285 sed

2129 5301 2465 5372 extrinsecus
2519 5300 2788 5368 advenire,
2843 5309 3030 5372 utpote
3094 5316 3126 5356 a
3196 5305 3309 5357 Deo
3369 5308 3619 5356 creatam
3668 5314 3741 5355 ex

2127 5370 2318 5438 nihilo,
2345 5369 2581 5441 ideoque
2610 5369 3030 5429 immaterialem
3058 5381 3113 5429 et
3154 5372 3525 5428 immortalem
3567 5383 3692 5441 esse
3716 5387 3738 5434 ξ

2130 5447 2189 5496 3⁰
2219 5449 2278 5496 ut
2327 5440 2662 5514 signiﬁcaret
2684 5443 2924 5499 animam
2953 5443 3119 5500 simul
3145 5444 3319 5514 creari
3348 5452 3403 5499 et
3433 5440 3652 5514 infundi
3679 5440 3747 5497 in

2128 5528 2345 5584 corpus.
2378 5510 2536 5571 'Deus
2563 5514 2708 5571 enim
2735 5514 2972 5573 creando
3006 5530 3126 5571 eam
3150 5513 3389 5572 infundit
3407 5556 3424 5581 ,
3453 5521 3509 5570 et
3546 5510 3747 5569 iniun-

2127 5583 2307 5659 denldo
2376 5595 2543 5652 creat,
2600 5585 2799 5659 eodem;
2858 5594 3063 5659 puncto
3125 5586 3412 5659 temporis,
3481 5583 3746 5659 quamvis

2128 5655 2321 5711 ordine
2349 5665 2560 5714 natura:
2586 5657 2736 5728 prius
2756 5657 2828 5713 sit
2854 5653 3096 5714 animam
3122 5653 3295 5715 creari
3324 5653 3743 5728 quam—infundi

2128 5728 2295 5795 (Vide
2331 5730 2603 5784 Pererium
2636 5730 2696 5786 in
2722 5745 2841 5786 eum
2883 5730 3054 5787 locum
3069 5734 3108 5798 ).
