4024 6208
265 263 372 319 769

1371 255 1708 314 COLLATlO
1745 255 1834 312 1X.
1871 285 1945 298 -
1981 256 2070 311 DE
2107 255 2482 312 ORATIONE.
2518 261 2527 266 '
3476 270 3582 324 770

267 385 620 444 mendacium
695 383 1000 458 proferens,
1045 399 1159 440 non
1218 383 1402 440 solum
1457 383 1712 450 mendam,
1772 380 1867 438 sed
1895 385 1950 450 Α
1978 381 2169 438 obrcm
2201 380 2505 438 Dominum
2530 379 2905 455 deprecemur,
2935 392 2998 441 ut
3021 383 3076 441 in
3097 385 3278 456 nobis,
3304 387 3386 444 vel
3415 387 3582 447 timor

267 480 429 538 etiam
448 485 605 552 pater
629 481 801 550 ipsius
830 477 1104 535 mendacii
1153 476 1328 536 factu
1356 485 1440 535 est
1486 477 1656 550 (Joan.
1704 477 1866 548 vm),

270 588 378 646 quo
404 572 662 630 deitatem
690 571 904 629 homini
933 570 1320 644 repromittens
1359 586 1424 628 ac
1463 570 1670 638 dicens,
1701 574 1869 628 Eritis

267 670 403 724 sicut
417 668 504 723 dii
519 667 578 739 (G
585 682 726 723 enes.
755 681 804 722 ιι
814 665 883 737 ι),
904 668 962 721 in
976 667 1202 721 reritate
1209 680 1317 720 non
1330 667 1500 728 stetit,
1519 663 1616 721 sed
1633 651 1701 719 ab
1713 667 1870 720 initio

265 759 444 818 factus
479 769 562 817 est
597 760 885 824 homicida,
914 759 994 816 vel
1022 758 1198 816 Adam
1235 759 1294 815 in
1321 757 1688 814 conditionem
1713 773 1865 814 mor-

265 853 493 911 talitatis
519 852 779 910 inducens
800 895 816 922 ,
841 852 923 910 vel
953 852 1090 910 Abel
1120 852 1465 926 instigatione
1485 867 1581 908 sua
1614 867 1711 924 per
1742 866 1864 908 ma-

266 963 401 1005 num
459 947 642 1004 fratris
691 947 1032 1004 interimens.
1100 945 1210 1004 Sed
1259 946 1378 1020 jam
1439 944 1864 1018 disputationem

265 1047 512 1096 nostram
556 1037 794 1096 duarum
823 1038 996 1096 ferme
1023 1039 1270 1096 noctium
1313 1037 1687 1094 lucubratione
1728 1053 1864 1094 con-

265 1131 464 1190 fectam
494 1133 832 1206 subsequens
858 1149 1054 1190 aurora
1099 1132 1394 1200 concludit,
1425 1145 1493 1188 ac
1535 1131 1603 1188 de
1632 1130 1866 1204 profun-

263 1227 494 1285 dissimo
507 1227 1083 1301 quaestionum‘pelago
1101 1227 1355 1300 cymbam
1372 1224 1677 1283 collationis
1704 1223 1866 1297 hujus

263 1320 336 1379 ad
363 1321 699 1379 tutissimum
730 1322 926 1378 silentii
957 1330 1175 1394 portum
1223 1319 1614 1392 compendium
1653 1325 1862 1375 nostra;

262 1416 578 1474 rusticitatis
602 1416 844 1473 attraxit.
874 1418 936 1471 In
965 1431 1075 1488 quo
1105 1414 1323 1488 quidem
1367 1411 1635 1484 profundo
1655 1419 1861 1484 quanto

262 1522 367 1565 nos
394 1507 619 1564 interius
659 1509 822 1566 ﬂatus
854 1507 1021 1564 divini
1057 1506 1287 1580 Spiritus
1329 1502 1656 1574 introduxit,
1707 1512 1862 1562 tanto

260 1599 517 1660 diffusior
545 1601 855 1674 praeedens
891 1599 1180 1658 oculorum
1208 1597 1381 1655 aciem
1404 1611 1624 1670 semper
1646 1596 1863 1670 aperie-

266 1704 352 1754 tur
389 1695 748 1763 immensitas,
778 1711 867 1764 ac,
896 1693 1201 1752 secundum
1244 1689 1574 1749 sententiam
1603 1690 1865 1748 Salomo-

1979 473 2120 546 ejus,
2174 473 2254 530 vel
2297 472 2561 544 charitas,
2611 490 2734 548 qum
2782 475 2979 534 cadere
3026 479 3221 550 nescit,
3276 479 3579 540 immobilis

1976 574 2308 639 perseveret,
2353 582 2479 640 quae
2527 582 2631 626 nos
2679 576 2735 624 et
2800 569 3070 642 sapientes
3129 572 3185 628 in
3264 571 3580 632 hominibus

1977 659 2158 739 faciat,
2207 670 2263 718 et
2292 677 2324 718 a
2354 661 2575 750 ‘diaboli
2629 662 2752 720 telis
2801 671 3053 738 protegat
3100 681 3314 740 semper
3351 667 3572 726 illaesos.

1975 754 2076 811 His
2121 754 2324 812 etenim
2377 755 2699 814 custodibus
2751 757 3084 830 impossibile
3126 766 3210 816 est
3261 761 3574 833 quempiam

1973 848 2196 921 laqueos
2219 849 2411 907 mortis
2435 849 2751 917 incurrere;
2780 849 2926 907 inter
2969 851 3241 924 perfectos
3286 860 3470 909 autem
3523 863 3578 910 et

1974 943 2324 1017 imperfectos
2354 945 2457 1002 ista
2493 944 2746 1002 distantia
2791 952 2896 1014 est,
2943 945 3092 1018 quod
3129 947 3184 1002 in
3225 947 3328 1004 illis
3353 946 3573 1019 quidem

1973 1037 2079 1094 fixa
2121 1048 2176 1095 et
2213 1039 2298 1110 (ut
2327 1039 2398 1095 ita
2436 1037 2694 1106 dixerim)
2739 1039 3006 1095 maturior
3046 1040 3286 1098 charitas
3332 1043 3574 1100 tenacius

1971 1147 2321 1205 perseverans
2351 1132 2565 1189 firmius
2598 1135 2765 1203 [Lips.
2805 1136 2865 1188 in
2908 1149 3092 1203 marg.
3149 1135 3428 1206 stabilius]
3478 1152 3575 1194 eos

1972 1225 2229 1294 custodit,
2278 1241 2343 1282 ac
2383 1225 2596 1282 facilius
2625 1224 2756 1282 facit
2788 1225 2846 1282 in
2896 1226 3182 1282 sanctitate
3223 1226 3458 1294 durare;
3515 1230 3573 1285 in

1971 1317 2055 1375 his
2078 1334 2207 1376 vero
2237 1319 2385 1376 velut
2417 1319 2688 1376 infirmius
2721 1319 2919 1376 collata
2942 1361 2959 1389 ,
2997 1335 3061 1376 ac
3088 1318 3305 1377 facilius
3342 1320 3572 1395 refrige-

1969 1427 2159 1481 sccns,
2203 1412 2368 1469 citius
2411 1412 2692 1486 compellit
2721 1428 2816 1470 eos
2860 1420 3213 1486 peccatorum
3255 1413 3462 1486 laqueis
3505 1430 3574 1472 ac

1970 1506 2170 1578 saepius
2215 1505 2498 1578 implicari.
2531 1506 2745 1580 Quibus
2773 1507 2990 1574 auditis,
3022 1509 3094 1564 ita
3139 1524 3244 1564 nos
3271 1508 3576 1567 collationis

1967 1599 2131 1672 hujus
2163 1614 2348 1656 sermo
2398 1599 2790 1671 inflammavit,
2825 1611 2888 1658 ut
2942 1618 3067 1658 cum
3113 1602 3320 1674 majore
3367 1605 3574 1661 mentis

1971 1691 2188 1756 ardore,
2217 1691 2480 1750 abeuntes
2515 1709 2543 1749 a
2572 1693 2706 1750 cella
2733 1693 2878 1750 senis
2913 1709 3078 1766 quam
3104 1702 3229 1750 ante
3260 1695 3570 1763 venientes,

265 1789 388 1858 nis,
412 1791 622 1860 longius
669 1788 762 1846 ﬁet
793 1804 826 1845 a
876 1787 1036 1844 nobis
1061 1788 1232 1856 magis
1277 1801 1442 1857 quam
1471 1788 1626 1850 erat;
1657 1787 1707 1839 et
1749 1785 1864 1838 alta
1893 1809 1941 1872 Β
1974 1784 2244 1842 doctrinae
2273 1786 2391 1858 ejus
2433 1786 2818 1859 plenitudinem
2845 1787 3142 1844 sitiremus.

262 1883 640 1954 profunditas,
693 1885 817 1953 quis
844 1883 1080 1937 inveniet
1107 1896 1224 1936 eam
1250 1880 1470 1947 (Eccles.
1490 1879 1624 1945 vuj?
1653 1876 1862 1947 Quam-

1247 2112 1751 2213 COLLA
1769 2113 2023 2213 T10
2097 2114 2206 2217 Ν
2209 2112 2539 2215 ΟΝΑ
2559 2196 2601 2232 ,.

1367 2291 1524 2364 Quae
1562 2291 1661 2354 est
1693 2289 1918 2378 prima
1958 2287 2225 2356 abbatis
2263 2293 2466 2356 Isaac.

1687 2429 1768 2483 DE
1804 2430 2148 2514 ORATiONE.

761 2674 1006 2731 CAPUT
1034 2673 1354 2730 PRIMUM.

338 2768 420 2822 De
460 2772 715 2838 perpetua
765 2765 1025 2822 orationis
1052 2775 1216 2838 atque
1263 2761 1566 2822 incessabili
1596 2763 1858 2837 jugitate,

262 2859 404 2932 quod
434 2867 459 2895 ³
508 2859 562 2915 in
599 2859 836 2916 secundo
879 2859 1298 2916 Institutionum
1348 2857 1490 2914 libro
1528 2857 1859 2931 promissum

269 2961 382 3020 est,
413 2951 724 3010 collationes
753 2951 897 3008 senis
939 2951 1102 3025 hujus
1147 2966 1315 3024 quem
1343 2965 1496 3008 nunc
1523 2950 1578 3006 in
1615 2951 1860 3008 medium

1971 2670 2322 2743 proferimus,
2378 2671 2429 2727 id
2477 2679 2578 2740 est,
2627 2665 2655 2704 δ
2699 2670 2910 2728 abbatis
2952 2673 3136 2741 Isaac,
3196 2675 3438 2730 Domino
3487 2676 3568 2732 fa-

1972 2771 2153 2832 vente,
2194 2762 2564 2834 complebunt.
2599 2764 2814 2842 Quibu
2842 2765 3140 2837 explicatis,
3183 2775 3238 2823 et
3284 2770 3571 2840 praeceptis

1972 2855 2304 2912 beatissima;
2360 2855 2643 2912 memoria:
2689 2871 2844 2928 papae
2889 2856 3146 2926 Castoris,
3196 2866 3250 2914 et
3289 2857 3564 2916 desiderio

1971 2959 2176 3020 vestro,
2207 2959 2228 2986 ο
2256 2965 2288 3007 o
2343 2949 2654 3008 beatissime
2681 2967 2818 3024 papa
2844 2952 3063 3022 Leonti,
3096 2961 3154 3010 et
3191 2963 3375 3010 sancte
3402 2952 3567 3012 frater

1353 3077 1608 3132 ALARDI
1646 3078 1871 3132 GAZEI
1911 3076 2470 3133 COMMENTARIUS.

332 3188 355 3218 ⁸
383 3183 470 3242 Sic
498 3182 645 3268 enim
675 3183 792 3256 ejus
814 3183 952 3268 libri
985 3199 1107 3256 cap.
1137 3185 1174 3238 9
1205 3201 1217 3238 :
1263 3183 1399 3268 Quia
1428 3197 1522 3268 nos
1549 3183 1857 3268 adieratio-
1893 3187 1938 3250 (ζ
1970 3184 2333 3268 reperiuntur
2367 3182 2612 3268 ejusdem
2668 3184 2910 3268 nominis
2971 3184 3230 3268 episcopi,
3281 3185 3424 3268 iique
3444 3186 3562 3268 _viri

261 3273 390 3312 num
423 3255 800 3312 canonicafum
828 3255 1065 3310 modum
1081 3258 1457 3324 consequenter
1483 3255 1861 3308 Instituto-rum

259 3328 388 3383 ordo
410 3329 682 3398 provexit,
715 3343 952 3396 quarum
986 3327 1284 3398 pleniorem
1318 3329 1617 3398 tractatum
1646 3325 1764 3398 licet
1801 3326 1859 3378 in

257 3395 564 3454 collationes
587 3395 857 3454 seniorum
877 3395 1222 3461 reservemus,
1236 3396 1439 3451 ibidem
1463 3395 1680 3465 plenius
1706 3395 1858 3464 dige-

261 3472 426 3536 sturi,
451 3485 571 3525 cum
607 3470 674 3524 de
709 3484 892 3524 earum
919 3469 1179 3538 qualitate
1203 3482 1296 3522 seu
1311 3468 1550 3538 jugitate
1570 3466 1750 3538 Averbis
1774 3482 1862 3538 eo-

260 3556 388 3594 rum
416 3535 686 3596 disserere
711 3535 1042 3602 asperrimus,
1079 3546 1183 3594 etc.
1210 3535 1492 3594 Porro‘hic
1519 3536 1764 3593 advertat
1791 3535 1864 3593 le-

266 3618 414 3683 ctor,
434 3610 581 3692 quod
611 3611 764 3666 initio
780 3607 945 3692 hujus
973 3609 1154 3692 opeiis
1171 3609 1517 3692 monuimus,
1570 3607 1864 3692 institutio-

261 3679 414 3754 num
434 3679 610 3754 libros,
637 3679 930 3754 communi
958 3679 1224 3754 vocabulo
1260 3679 1517 3754 appellari
1569 3679 1857 3736 duodecim

261 3752 429 3808 libros
466 3753 725 3818 Cassiani,
776 3753 868 3823 qui
899 3752 1226 3823 Collationes
1275 3751 1630 3820 antecedunt,
1684 3765 1856 3823 eoque

262 3823 418 3880 titulo
443 3822 852 3880 lnstitutionuin
887 3822 1052 3878 libros
1077 3839 1106 3878 a
1130 3823 1282 3879 libris
1305 3823 1669 3878 Collationum
1698 3822 1856 3877 coin-

260 3894 498 3966 muniter
535 3893 818 3966 distingui.
849 3893 1045 3966 Quoad
1086 3907 1204 3966 r_em
1227 3908 1361 3966 γει-ο
1407 3899 1464 3946 et
1493 3900 1856 3966 utrorumque

263 3965 576 4025 subiectum
612 3980 676 4019 ac
705 3959 906 4025 'tinem’,
931 3961 1070 4014 hanc
1091 3961 1381 4015 Cassianus
1411 3975 1476 4014 eo
1503 3959 1609 4014 loci
1651 3959 1858 4016 indicat

261 4027 628 4093 difﬁtentiam
655 4055 667 4088 :
695 4031 991 4101 Siquidem,
1024 4028 1222 4101 inquit,
1245 4031 1306 4083 hi
1328 4029 1500 4084 libelli
1515 4027 1740 4092 (scilicet
1763 4033 1858 4085 In-

257 4106 635 4168 stitutionum)
649 4103 724 4156 ad
743 4100 1022 4156 exterioris
1042 4100 1271 4154 hominis
1290 4101 1684 4156 observantiam
1703 4105 1753 4155 et
1776 4103 1858 4156 in-

258 4180 596 4233 stitutionem
625 4171 973 4230 coenobiorum
989 4173 1362 4240 competentius
1377 4171 1717 4242 aptabuntur
1738 4191 1754 4237 ;
1777 4173 1865 4226 illi

251 4262 381 4303 vero
399 4246 474 4300 ad
486 4243 832 4312 disciplinam
860 4243 1152 4306 interioris,
1175 4258 1238 4297 ac
1260 4244 1646 4313 perfectionem
1666 4243 1858 4306 cordis,

246 4316 778 4385 etanachoretarumg
791 4314 957 4385 vitam
981 4317 1142 4382 atque
1175 4313 1482 4370 doctrinam
1519 4315 1702 4384 potius
1729 4330 1860 4385 per-

259 4387 531 4442 tinebunt.
571 4386 704 4441 Hec
745 4383 836 4440 ibi.

333 4457 361 4538 ξ’
401 4454 1082 4538 Duo_praaci_puileguntu_r
1106 4454 1560 4538 hujus__nominjs
1609 4455 1853 4538 anacho-

258 4535 442 4586 reta:
498 4525 636 4601 alter
689 4525 980 4601 Thebaeus,
1019 4525 1130 4583 sive
1179 4525 1236 4580 in
1259 4527 1574 4601 frigebaidis
1632 4529 1858 4601 regione

257 4606 526 4665 versatus,
565 4598 642 4669 de
677 4613 790 4669 quo
816 4595 1073 4669 frequens
1105 4596 1322 4669 mentjo‘
1341 4597 1398 4669 in
1426 4598 1568 4669 Vitis
1611 4595 1858 4664 Pat'rum,

256 4677 315 4742 et
335 4669 481 4742 apud
518 4665 988 4742 Saphrbnium_'in
1031 4668 1196 4742 lfatro
1233 4665 1510 4742 Spirituali
1544 4673 1857 4742 cap._161_:

254 4735 482 4820 διιεῖ-,ξπ
509 4735 761 4820 Scythica
790 4735 1384 4820 regioneﬁdetnoratus,
1401 4735 1726 4820 denquo'hic
1743 4738 1860 4819 agi-

251 4819 370 4868 tur.
394 4813 541 4880 Nam
567 4804 756 4880 decem
780 4804 974 4880 primae
1005 4804 1341 4880 Collationes'
1370 4804 1710 4880 in__Séytbica
1749 4804 1862 4865 sive

255 4827 370 4868 tur.
403 4827 541 4866 nam
567 4827 756 4866 necem
815 4827 974 4865 ῐιωω
1005 4827 1341 4865 υοιιδιιοιιθε
1370 4827 1426 4862 ιιι
1461 4827 1710 4880 acytnlca
1749 4827 1860 4865 SW8

255 4879 469 4942 Scetica
497 4894 680 4936 eremo
705 4827 904 4936 habita:
941 4885 1104 4947 sunt,
1131 4876 1359 4947 utalias
1404 4875 1612 4933 dictum
1658 4885 1763 4944 est,
1805 4888 1860 4936 et

253 4949 498 5012 Leontio
521 4965 586 5007 ac
624 4950 866 5008 Helladio
896 4949 1166 5022 episcopis
1203 4946 1294 5011 hic
1333 4947 1632 5006 nominatis
1657 4948 1862 5022 pariter

170 5040 180 5046 ·
256 5027 479 5086 dicatae.

318 5079 451 5150 chDe
477 5093 887 5174 nomenclatura
919 5107 1069 5174 papa;
1097 5097 1152 5148 et
1183 5079 1483 5174 beatissimi
1520 5088 1658 5174 vide.
1695 5099 1858 5148 nota-

254 5163 473 5238 tionem
496 5165 570 5238 ad
593 5165 823 5238 primam
853 5161 1233 5238 prmtationem
1259 5161 1512 5238 Auctoris
1540 5162 1702 5238 initio
1724 5178 1859 5235 ope-

254 5235 356 5294 ris.
379 5237 470 5317 pe
490 5232 722 5317 Leontio
741 5232 1009 5317 pognhnlla
1039 5233 1478 5317 sub‘nptavimus.
1504 5232 1572 5290 ad
1609 5232 1856 5317 primam

254 5304 632 5380 praefationem
659 5307 1048 5380 Collationum,
1099 5304 1190 5361 ubi
1224 5303 1438 5380 eodem
1464 5303 1670 5380 bnoris_
1701 5305 1858 5362 titulo

255 5375 385 5450 'eum
415 5387 646 5435 exornat
671 5379 977 5446 Cassianus,
1003 5375 1475 5450 quemadmodum
1505 5385 1593 5450 Aet_
1627 5377 1860 5450 Faustus

258 5447 558 5532 {inciensis
598 5450 888 5532 episcopus
927 5450 999 5532 in_
1018 5447 1362 5532 praefatione
1392 5447 1520 5532 libri
1561 5447 1629 5532 de
1655 5447 1859 5532 Libero

254 5518 540 5602 Arbitrio_,_
561 5518 654 5602 ubi
697 5518 816 5602 haec
842 5518 1118 5602 inscriptio
1143 5540 1160 5590 ;
1181 5522 1427 5602 _Domino
1471 5520 1775 5602 beatissimo
1798 5536 1861 5602 ac

252 5594 697 5664 reverendissimo
731 5594 948 5664 Leontio
968 5589 1153 5664 papa,
1181 5595 1459 5664 Faustus;
1477 5598 1559 5664 ίθι-
1569 5589 1726 5646 initio
1750 5590 1862 5662 epi-

253 5663 456 5722 stola:
498 5665 652 5734 Quod
692 5679 791 5734 pro
828 5661 1186 5719 sollicitudine
1201 5663 1502 5734 pastorali,
1541 5661 1690 5718 beate
1718 5677 1790 5732 pa

253 5732 619 5816 Leonti-fici
638 5732 844 5816 verum
873 5749 1067 5816 magna
1109 5732 1597 5816 ambiguitas.th
1611 5741 1669 5790 et
1695 5732 1866 5815 expli-

250 5815 384 5864 catu
408 5805 674 5872 difﬁcilis,
704 5805 773 5865 de
800 5819 909 5878 quo
933 5803 1022 5861 hic
1047 5811 1240 5876 agatur
1273 5803 1525 5862 Leontio.
1549 5806 1685 5862 Tres
1717 5803 1866 5861 enim

1889 4563 1940 4626 D

2009 3255 2240 3320 molari,
2287 3263 2343 3309 et
2374 3255 2492 3326 ipsi
2532 3256 2672 3310 inter
2694 3270 2752 3310 se
2789 3263 2844 3310 et
2871 3265 3062 3326 nostro
3101 3255 3264 3312 etiam
3306 3255 3564 3316 Cassiano

1990 3324 2080 3380 ’ere
2124 3323 2429 3390 coaetanei,‘
2462 3333 2558 3380 aut
2583 3331 2744 3380 aamte
2792 3334 2936 3380 certe
2965 3325 3124 3380 vicini
3149 3367 3166 3392 ,
3195 3335 3251 3382 et
3301 3328 3568 3386 Gallicani

1969 3409 2182 3469 omnes,
2213 3394 2567 3469 Arelatensis,
2611 3394 3088 3469 Forojuliacensis,
3131 3396 3562 3469 Burdegalensis.

1969 3465 2200 3540 Leontio
2262 3464 2872 3540 Arelatensi__seriptam
2918 3481 2948 3521 a
2987 3465 3210 3540 Sidonio
3251 3464 3565 3540 Apollinari

1971 3535 2261 3609 epistolam
2291 3535 2508 3592 tertiam
2547 3535 2677 3609 libri
2708 3535 2845 3592 sexti
2869 3538 3061 3594 asserit
3085 3541 3200 3594 Jac.
3239 3535 3566 3599 Sir‘mondus

1971 3607 2310 3682 e'Societate
2360 3609 2490 3682 Jesu
2521 3607 2808 3682 theologus
2850 3609 2904 3682 in
2950 3611 3095 3682 notis
3119 3609 3202 3682 ad
3252 3610 3564 3682 Sidonium,

1970 3687 2171 3753 contra
2188 3677 2376 3753 Savari
2398 3677 2735 3753 opinionem:
2755 3679 2944 3753 Multa,
2963 3680 3155 3753 inquit
3179 3723 3194 3750 ,
3218 3691 3342 3739 sunt
3367 3683 3422 3740 in
3451 3677 3566 3741 ver;

1963 3748 2047 3824 bis
2084 3749 2315 3824 Sidonii,
2340 3748 2811 3824 quaeAArelatens.
2860 3748 3268 3824 designent,'ut
3303 3755 3448 3824 quod
3491 3757 3565 3812 ait

1963 3819 2032 3875 de
2077 3819 2520 3893 privilegio'loci,
2554 3829 2610 3876 et
2654 3821 2724 3893 de
2777 3819 3122 3893 togatis'illic
3151 3819 3563 3892 perorantibus;

1965 3891 2368 3964 Arelatensium
2391 3899 2577 3964 autem
2593 3891 2910 3964 episcopum
2931 3891 3015 3964 his
3035 3891 3371 3964 temporibus
3401 3893 3565 3964 fuisse

1967 3963 2283 4036 Leontium,
2314 3962 2478 4036 nulla
2492 3969 2582 4036 est
2597 3962 3040 4036 dubitatio._iloc
3093 3963 3238 4036 enim
3265 3963 3564 4036 ostendunt

1968 4031 2155 4104 Hilari
2199 4049 2367 4104 papae
2395 4031 2662 4104 epistolae,
2706 4048 2770 4088 ex
2831 4032 3028 4103 quibus
3089 4035 3252 4104 etiam
3303 4033 3566 4091 docemur

1969 4101 2251 4157 Leontium
2271 4101 2463 4158 sedem
2495 4102 2680 4156 iniisse
2716 4101 2864 4171 anno
2910 4108 3036 4166 462,
3097 4103 3202 4158 hoc
3243 4111 3346 4171 est,
3375 4104 3562 4162 decem

1971 4171 2096 4242 plus
2133 4172 2313 4227 minus
2339 4171 2500 4227 annis
2527 4179 2650 4226 ante
2683 4169 2962 4227 Sidonium
2989 4191 3004 4240 ;
3033 4173 3275 4246 synodus
3335 4169 3563 4234 'rmterea

1971 4241 2318 4300 Arelatensis.
2345 4241 2502 4300 cuius
2526 4241 2775 4296 meminit
2793 4241 3046 4300 Faustus.
3070 4244 3160 4300 oui
3181 4190 3397 4300 nraefuit
3421 4247 3563 4300 idem

1970 4241 2318 4316 Arelatensis,
2345 4241 2508 4316 cujus
2526 4241 2775 4316 meminit
2793 4241 3046 4316 Faustus,
3061 4241 3160 4316 'qui
3181 4241 3397 4316 praefuit
3421 4247 3564 4305 idem

1964 4312 2251 4392 Leontius,
2289 4321 2345 4369 et
2373 4311 2584 4392 Πιξγίοῇ
2631 4311 2851 4392 epistola
2887 4320 2952 4392 i5
2986 4316 3056 4374 ad
3085 4311 3342 4392 Hiohium
3371 4319 3423 4375 in
3451 4336 3556 4392 qua

1965 4383 2369 4465 Leontiognunc
2409 4380 2730 4465 vitafunc'to
2761 4385 3016 4444 AZonium
3055 4389 3384 4465 successisse
3409 4380 3568 4465 signi-

1966 4453 2112 4512 ﬁcat.
2168 4457 2250 4511 Ita
2291 4453 2636 4521 Sirmondus,
2666 4472 2820 4513 suam
2867 4461 3197 4517 sententiam
3237 4460 3306 4518 de
3338 4453 3564 4521 Leontio

1970 4527 2272 4599 Arelatensi
2313 4525 2456 4584 haud
2482 4527 2916 4599 improbabiliter
2940 4531 3311 4589 confirmans.
3361 4537 3566 4592 Verum

1969 4597 2018 4654 ei
2058 4598 2374 4672 adversatur
2415 4597 2710 4672 Annalium
2743 4603 2976 4672 scriptor
3002 4603 3438 4660 accuratissimus
3463 4609 3565 4661 Ba-

1967 4669 2176 4739 ronius,
2233 4670 2449 4728 duobus
2500 4671 2554 4726 in
2594 4672 2750 4740 locis,
2788 4669 2882 4728 ubi
2930 4672 3076 4728 hunc
3127 4673 3441 4738 Leontium,
3493 4673 3565 4729 ad

1968 4755 2131 4812 quem
2164 4741 2423 4812 Sidonius
2465 4741 2674 4809 scribit,
2705 4757 2816 4796 non
2839 4743 3238 4812 Arelatensem,
3265 4741 3362 4812 sed
3390 4741 3565 4812 Foro-

1959 4807 2282 4892 j'uliensern.
2314 4811 2629 4892 episcopum
2664 4807 3224 4892 'astruitLPr‘imum
3279 4809 3424 4866 enim
3463 4811 3566 4892 sub

1967 4896 2114 4954 anno
2156 4881 2358 4954 Christi
2377 4885 2491 4954 _44_5
2517 4881 2970 4954 commemoratis
3011 4884 3064 4932 et
3086 4891 3284 4954 magna
3310 4894 3376 4954 ex
3410 4891 3562 4954 parte

1967 4949 2206 5029 recitatis
2225 4948 2420 5029 litteris
2442 4946 3111 5029 Leguisﬂpapggcadversus
3146 4946 3426 5029 Hilarium
3460 4953 3564 5010 da-

1966 5020 2048 5095 tis
2076 5017 2159 5095 ad
2206 5018 2490 5095 episcppos
2528 5017 2718 5095 Calliae
2742 5017 3106 5095 :Yiennensis
3136 5024 3408 5095 (Leo,gep.
3451 5029 3566 5094 90)-

1967 5089 2188 5163 subjicit
2206 5087 2609 5163 liaacBaronius
2636 5109 2648 5146 :
2673 5090 2851 5148 Addit
2861 5092 2946 5147 his
2965 5087 3220 5163 pontifex
3235 5087 3396 5150 adria
3405 5087 3564 5151 nitie-

1965 5159 2086 5216 ncni
2113 5160 2188 5217 ad
2213 5159 2418 5234 eosdem
2445 5162 2731 5233 episcopos,
2778 5178 2844 5218 ne
2880 5159 2987 5234 τ)νὸ
3017 5159 3132 5220 levi
3151 5179 3315 5220 causa
3341 5170 3562 5222 senten-

1967 5234 2100 5288 tiam
2129 5233 2378 5307 inferant
2397 5233 2958 5307 ewcommunicationis
2970 5253 2988 5304 ;
3013 5236 3366 5307 praefecith
3392 5238 3564 5293 Leon-

1967 5307 2105 5360 tium
2129 5305 2449 5378 episcopum,
2471 5308 2531 5359 ut
2547 5304 2661 5376 ejus
2689 5320 2946 5362 consensu
2969 5304 3178 5376 futuris
3195 5304 3390 5378 synodi
3415 5309 3473 5364 in
3503 5325 3568 5366 ea

1958 5378 2236 5449 provincia
2255 5376 2602 5432 celebrentur.
2617 5379 2764 5449 AErat
2781 5379 3028 5434 Leontius
3050 5378 3142 5434 ille
3167 5376 3442 5449 episcopus
3463 5382 3566 5436 Fo-

1967 5448 2156 5519 rojulii
2186 5449 2246 5502 in
2285 5449 2467 5506 Gallia
2494 5447 2844 5517 Narbonensi,
2890 5449 3104 5506 celebris
3139 5447 3298 5516 fdma
3337 5447 3442 5514 uir,
3491 5450 3568 5506 ad

1969 5535 2120 5645 gnem
2155 5523 2336 5603 exstat
2357 5519 2572 5577 Sidonii
2609 5520 2946 5590 Apollinaris
2973 5521 3215 5602 epistola,
3246 5535 3357 5591 qua
3389 5523 3568 5607 ipsum

2005 5606 2052 5645 is
2084 5589 2342 5645 laudibus
2367 5593 2526 5645 ornat
2559 5609 2571 5645 :
2623 5593 2821 5645 Nostra
2859 5590 3202 5645 mediocritas
3231 5595 3390 5645 aetate
3414 5598 3563 5645 mtm.

2005 5593 2052 5646 is
2084 5589 2342 5646 laudibus
2367 5593 2526 5646 ornat
2559 5609 2571 5645 :
2623 5589 2821 5649 Nostra
2859 5589 3202 5648 mediocritas
3231 5589 3390 5648 citate
3404 5589 3563 5659 ’uitce,

1945 5656 2202 5736 tempore
2235 5661 2541 5736 dignitatis,
2580 5662 2872 5736 privilegio
2922 5661 3041 5736 loci,
3103 5662 3263 5722 laude
3305 5656 3563 5736 scientia,
3615 5709 3619 5711 .

1969 5733 2130 5816 dona
2146 5735 2481 5816 conscientia
2515 5733 2708 5790 vestra
2727 5733 2894 5816 facile
2913 5735 3180 5816 vincatur,
3212 5737 3466 5816 etc._ch
3491 5746 3526 5784 σ

1970 5806 2246 5861 Leontium
2272 5805 2551 5877 Sidonius,
2581 5821 2699 5864 cum
2707 5805 2830 5878 jam
2855 5809 2988 5864 esset
3006 5809 3277 5878 episcopus
3298 5806 3494 5860 Avernt
