4048 6208
246 276 336 331 773
1349 265 1686 325 COLLATIO
1725 269 1812 324 IX.
1853 297 1924 308 —
1961 269 2052 324 DE
2089 268 2466 326 ORATIONE.

3461 277 3566 330 ’774

223 403 273 473 ,³
294 403 474 470 egesta
502 393 650 467 prius
677 392 830 450 omni
851 391 1243 466 repurgatione
1271 391 1550 462 vitiorum,
1577 401 1634 449 et
1660 391 1852 450 effusis
1880 398 1933 460 Α
1960 394 2177 450 catione
2197 370 2487 465 formatur,
2508 392 2944 468 eorumdemque
2963 403 3188 454 actuum
3207 395 3566 468 procumben-

251 490 495 550 suceidiis
522 489 864 561 mortuisque
885 486 1179 544 ruderibus
1209 487 1551 558 passionum,
1579 486 1719 546 viva
1748 489 1851 557 (ut

253 584 432 664 aiunt)
472 599 536 640 ac
577 583 768 640 solida
818 591 984 639 terra
1026 581 1264 654 pectoris
1317 580 1518 652 nostri,
1558 580 1734 638 immo
1775 581 1852 638 illi

256 680 568 754 evangelica
613 689 784 751 petra
821 678 1124 751 superjecta
1161 677 1367 735 fuerint
1405 677 1768 750 simplicitatis
1799 685 1854 733 et

254 775 564 833 humilitatis
607 775 920 831 ﬁrmissima
951 773 1329 844 fundamenta,
1357 773 1561 846 quibus
1584 773 1705 830 hac
1730 781 1850 829 tur-

256 869 332 925 ris
358 868 684 941 spiritalium
719 867 988 924 virtutum
1021 866 1402 924 molitionibus
1443 865 1774 924 exstruenda
1797 873 1854 922 et

253 961 612 1017 immobiliter
651 959 824 1016 valeat
850 959 1104 1031 stabiliri,
1145 967 1198 1016 et
1223 958 1293 1016 ad
1319 974 1537 1016 summa
1584 958 1854 1015 caelorum

255 1053 470 1128 fastigia
511 1053 842 1110 confidentia
870 1053 1107 1126 propria
1149 1051 1418 1129 ﬁrmitatis
1452 1050 1655 1108 attolli.
1706 1053 1852 1106 Fun-

254 1148 522 1205 damentis
548 1148 752 1204 etenim
775 1147 974 1206 talibus
1003 1147 1346 1216 innitentem,
1373 1145 1622 1218 quamvis
1640 1142 1855 1216 passio-

249 1257 386 1298 num
435 1241 643 1298 imbres
696 1242 987 1315 largissimi
1041 1239 1467 1314 profundantur,
1515 1239 1763 1312 quamvis
1806 1237 1856 1293 ei

252 1335 700 1407 persecutionum
735 1334 957 1390 violenti
991 1342 1266 1390 torrentes
1305 1332 1475 1388 instar
1518 1330 1706 1386 arietis
1745 1329 1860 1384 illi-

249 1427 476 1497 dantur,
515 1427 763 1500 quamvis
795 1427 969 1483 irruat
995 1435 1051 1483 et
1087 1421 1371 1485 incumbat
1411 1423 1856 1489 adversariorum

247 1521 538 1594 spirituum
589 1536 730 1578 sava
775 1529 1086 1594 tempestas,
1139 1534 1270 1590 non_
1299 1517 1482 1574 solum
1528 1517 1688 1574 ruina
1739 1531 1854 1571 non

245 1615 446 1686 diruet,
479 1615 575 1673 sed
605 1631 705 1672 nec
728 1615 846 1688 ipsa
883 1615 1223 1686 aliquatenus
1252 1613 1475 1669 vexabit
1500 1610 1782 1683 impulsio.

869 1709 1112 1764 CAPUT
1134 1709 1234 1762 ΙΙΙ.

351 1799 812 1868 Quemadmodum
831 1801 1060 1868 paret-ur
1079 1812 1227 1866 pura
1251 1799 1300 1850 et
1313 1797 1524 1848 sincera
1553 1795 1748 1849 oratio.

316 1895 395 1947 Et
429 1891 638 1949 idcirco
668 1899 732 1948 ut
769 1906 835 1946 eo
873 1889 1088 1946 fervore
1133 1905 1197 1944 ac
1233 1889 1494 1960 puritate,
1523 1902 1629 1958 qua
1665 1885 1862 1950 debet,

247 1986 429 2042 emitti
487 1985 664 2058 possit
714 1985 916 2051 oratio,
957 1982 1078 2038 hac
1120 1988 1251 2036 sunt
1289 1976 1630 2035 omnimodis
1678 1977 1866 2033 obser-

1960 490 2111 548 tibus
2153 491 2314 549 nobis
2341 491 2412 549 ad
2458 507 2670 564 pacem,
2715 491 3007 550 verborum
3052 509 3269 566 quoque
3313 493 3398 550 vel
3443 509 3568 550 sen-

1961 602 2125 643 suum
2162 595 2289 644 ante
2318 588 2508 645 oculos
2546 589 2728 661 imago
2757 587 3086 660 praludens,
3133 597 3228 645 aut
3271 589 3430 646 irasci
3459 605 3564 647 nos

1959 679 2258 737 secundum
2305 682 2702 754 praecedentem
2741 682 3060 755 qualitatem
3105 679 3288 753 faciet,
3337 691 3430 738 aut
3471 681 3567 739 tri-

1959 775 2112 844 stari,
2153 784 2248 832 aut
2273 775 2742 849 concupiscentias
2770 791 3029 834 causasve
3058 777 3360 849 prateritas
3389 784 3563 833 retra-

1960 877 2151 938 ctare;
2178 878 2273 926 aut
2308 871 2424 928 risu
2464 869 2638 941 fatuo,
2671 870 2820 943 quod
2848 873 3013 928 etiam
3058 871 3229 943 pudet
3257 871 3458 942 dicere,
3484 887 3570 931 cu-

1955 963 2217 1038 jusquam
2259 967 2472 1022 surrilis
2506 965 2636 1022 dicti
2674 965 2756 1022 vel
2803 965 2932 1022 facti
2987 965 3296 1022 titillatione
3339 965 3570 1038 pulsari,

1963 1067 2056 1114 aut
2084 1058 2152 1114 ad
2181 1060 2391 1131 priores
2435 1058 2594 1116 faciet
2636 1058 2871 1116 volitare
2920 1059 3214 1116 discursus.
3255 1063 3324 1115 Et
3367 1059 3568 1117 idcirco

1964 1149 2226 1221 quidquid
2267 1151 2553 1208 orantibus
2596 1151 2756 1207 nobis
2796 1151 3058 1207 nolumus
3088 1161 3149 1207 ut
3187 1153 3424 1224 irrepat,
3447 1162 3574 1210 ante

1965 1242 2262 1298 orationem
2291 1243 2358 1300 de
2381 1241 2580 1300 abditis
2617 1242 2787 1299 nostri
2827 1241 3062 1315 pectoris
3104 1243 3392 1300 extrudere
3419 1243 3572 1300 festi-

1965 1352 2161 1394 nemus
2187 1347 2252 1394 ut
2278 1337 2408 1394 illud
2455 1338 2700 1410 Apostoli
2755 1338 3031 1411 possimus
3075 1337 3300 1408 implere
3344 1358 3357 1392 :
3393 1347 3414 1374 ο
3443 1340 3573 1396 Sine

1967 1433 2355 1486 intermissione
2381 1435 2527 1486 orate
2550 1431 2602 1502 (Ι
2637 1433 2815 1487 Thess.
2841 1432 2914 1503 v)
2947 1450 2960 1484 :
2993 1433 3083 1499 Et,
3116 1433 3179 1486 In
3197 1433 3346 1486 omni
3371 1431 3478 1486 loco
3505 1432 3576 1486 Ie-

1966 1528 2150 1578 vantes
2171 1539 2342 1593 puras
2371 1539 2562 1578 manus
2590 1527 2706 1578 sine
2734 1525 2820 1578 ira
2848 1528 2899 1577 et
2925 1524 3311 1593 disceptatione
3335 1523 3394 1595 (Ι
3433 1527 3565 1580 Tim.

1963 1615 2068 1687 ιι).
2094 1617 2242 1672 Alias
2267 1632 2503 1688 namque
2527 1615 2845 1673 mandatum
2877 1616 3019 1672 istud
3047 1616 3315 1688 perficere
3345 1633 3458 1672 non
3485 1633 3575 1673 va-

1966 1707 2220 1776 lebimus,
2247 1709 2348 1764 nisi
2385 1725 2542 1765 mens
2583 1717 2772 1766 nostra
2801 1708 2868 1765 ab
2914 1709 3067 1764 omni
3101 1710 3357 1765 vitiorum
3399 1710 3576 1782 purifi-

1893 1826 1942 1888 Β
1971 1810 2091 1858 cata
2129 1801 2416 1872 contagio,
2449 1801 2741 1858 virtutibus
2787 1810 3006 1858 tantum
3038 1803 3186 1858 velut
3231 1803 3576 1859 naturalibus

1973 1895 2135 1952 bonis
2171 1895 2378 1964 dedita,
2407 1895 2530 1968 jugi
2563 1896 2952 1968 omnipotentis
2981 1895 3084 1952 Dei
3113 1896 3574 1968 contemplatione

1977 1997 2254 2064 pascatur.

2589 2077 2830 2133 CAPUT
2869 2079 2962 2132 IV.

246 2081 464 2138 vanda.
493 2079 739 2134 Primum
761 2075 1078 2132 sollicitudo
1099 2089 1288 2130 rerum
1315 2073 1617 2129 carnalium
1642 2085 1870 2144 genera-

241 2175 375 2232 liter
407 2170 782 2229 absrindenda
828 2179 940 2238 est;
983 2168 1181 2225 deinde
1230 2167 1440 2223 nullius
1485 2166 1690 2239 negotii
1731 2181 1868 2221 cau-

246 2281 401 2324 save
441 2281 556 2321 non
593 2264 770 2320 solum
800 2279 950 2330 cura,
987 2261 1081 2318 sed
1108 2277 1176 2318 ne
1207 2260 1474 2316 memoria
1499 2259 1723 2330 quidem
1763 2273 1862 2330 pe-

240 2361 402 2416 nitus
480 2356 842 2425 admittenda,
899 2354 1353 2422 detractationes,
1407 2353 1715 2424 vaniloquia
1765 2367 1868 2407 seu

242 2451 606 2522 niultilcquia
639 2492 654 2520 ,
703 2449 1055 2506 scurrilitates
1099 2463 1320 2522 quoque
1363 2446 1614 2503 similiter
1668 2461 1865 2516 ampu-

241 2545 446 2614 tanda,
499 2545 596 2601 ira
643 2561 756 2617 pra
806 2543 1065 2600 omnibus
1103 2543 1213 2598 sive
1249 2540 1488 2597 tristitia
1528 2539 1866 2612 perturbatio

244 2640 508 2698 funditus
546 2638 806 2706 eruenda,
847 2635 1305 2709 concupiscentia
1359 2633 1593 2690 carnalis
1647 2649 1710 2688 ac
1745 2632 1867 2703 phi-

239 2736 516 2810 largyria
559 2735 755 2790 noxius
807 2733 981 2788 fomes
1022 2731 1278 2787 radicitus
1321 2727 1655 2793 evellendus,
1698 2734 1753 2782 et
1791 2727 1864 2782 ita

237 2830 331 2886 his
373 2847 442 2886 ac
491 2829 757 2884 similibus
795 2827 941 2882 vitiis
973 2825 1210 2882 extrusis
1239 2823 1450 2895 penitus
1492 2831 1547 2878 et
1585 2821 1863 2889 abscissis,

236 2941 368 2998 qua
397 2924 701 2979 hominum
733 2937 950 2993 quoque
979 2927 1205 2991 possunt
1237 2926 1422 2990 patere
1458 2915 1863 2988 conspectibus,

239 3018 498 3089 talique,
549 3025 606 3070 ut
661 3014 933 3079 diximus,
993 3013 1238 3084 repurgii
1286 3010 1674 3068 emundatione
1722 3025 1863 3082 pra-
1977 3020 2131 3078 vata,
2175 3026 2288 3066 non
2336 3009 2502 3066 modo
2555 3010 2612 3065 in
2643 3010 2828 3065 nullos
2865 3025 3054 3064 aereos
3101 3009 3312 3064 volatus
3354 3009 3592 3066 naturali

234 3113 445 3176 missa,
485 3123 608 3179 quae
649 3106 1009 3176 simplicitatis
1044 3114 1099 3160 et
1121 3105 1446 3160 innocentiae
1475 3105 1708 3174 puritate
1748 3119 1870 3174 per—
1977 3104 2284 3160 mobilitate
2309 3104 2632 3176 raptabitur,
2654 3102 2750 3159 sed
2771 3103 2939 3158 etiam
2964 3103 3032 3158 ad
3063 3103 3174 3158 ima
3205 3111 3370 3158 terra
3396 3117 3592 3159 conce-

238 3205 447 3289 iicitur
483 3241 500 3268 ,
533 3199 777 3270 jacienda
815 3207 943 3252 sunt
967 3197 1202 3268 primum
1237 3195 1524 3268 profunda
1551 3195 1872 3250 humilitatis
1903 3237 1948 3298 Ο
1980 3198 2058 3270 pti
2101 3197 2348 3253 humoris
2377 3195 2615 3268 pondere
2659 3195 3012 3267 deprimetur.
3044 3199 3125 3251 Ita
3169 3212 3329 3251 mens
3371 3211 3594 3268 quoque

240 3288 598 3352 inconcussa
648 3289 1018 3358 fundamenta,
1068 3306 1188 3361 qua
1225 3289 1430 3345 scilicet
1467 3289 1662 3344 turrim
1707 3288 1876 3344 intra-
1909 3288 1948 3298 “’
1984 3301 2191 3359 nostra,
2225 3291 2267 3345 si
2303 3289 2684 3345 accedentibus
2714 3288 2855 3344 vitiis
2885 3291 3134 3361 curisque
3166 3290 3464 3346 mundanis
3493 3306 3593 3362 ag-

238 3397 452 3446 turam
477 3385 644 3442 coelos
671 3385 880 3440 valeant
900 3385 1170 3440 sustinere
1196 3401 1210 3438 :
1237 3381 1432 3440 deinde
1457 3381 1872 3454 superponenda
1985 3391 2199 3454 gravata
2229 3399 2343 3437 non
2371 3382 2556 3450 fuerit,
2583 3383 2831 3438 noxiave
2859 3382 3096 3437 libidinis
3126 3382 3358 3438 humore
3392 3399 3591 3439 corru-

240 3485 540 3540 virtutum
570 3479 895 3552 spiritalium
923 3479 1236 3548 exstructio,
1268 3477 1413 3534 et'ab
1445 3476 1598 3532 omni
1629 3475 1875 3531 discursu
1982 3481 2096 3546 pla,
2129 3474 2273 3530 velut
2299 3474 2532 3530 naturali
2566 3473 2816 3546 puritatis
2841 3489 2955 3530 sua
2985 3473 3248 3530 beneﬁcio
3284 3475 3590 3546 sublevate,

241 3585 429 3650 atque
463 3573 782 3646 evagatione
813 3572 1020 3628 lubrica
1067 3571 1282 3626 animus
1319 3567 1685 3634 inhibendus,
1714 3575 1775 3622 ut
1802 3567 1876 3622 ita
1982 3567 2262 3624 levissimo
2287 3568 2542 3639 spiritalis
2585 3567 2956 3624 meditationis
2987 3566 3178 3624 afﬂatu
3207 3569 3592 3626 sublimabitur

241 3671 529 3746 paulatim
554 3669 622 3725 ad
645 3652 1164 3739 contemplationem
1192 3665 1294 3721 Dei
1329 3681 1392 3722 ac
1419 3663 1674 3736 spiritalis
1703 3662 1872 3718 intui-
1982 3662 2048 3718 ad
2073 3678 2333 3734 superna,
2376 3671 2432 3717 et
2473 3661 2699 3718 humilia
2745 3661 3000 3718 deserens
3043 3671 3206 3732 atque
3239 3671 3478 3732 terrena,
3524 3663 3594 3721 ad

237 3773 339 3821 tus
360 3763 601 3834 incipiat
629 3759 931 3817 sublimari.
955 3753 982 3790 δ
1010 3756 1290 3830 Quidquid
1319 3757 1466 3812 enim
1504 3763 1632 3812 ante
1661 3753 1877 3810 oratio-
1981 3755 2224 3811 coelestia
2245 3763 2298 3811 et
2321 3755 2609 3812 invisibilia
2627 3755 3007 3813 transferetur.
3033 3758 3197 3814 Unde
3225 3760 3440 3830 proprie
3461 3759 3593 3814 satis

239 3859 337 3914 nis
391 3857 594 3912 horam
634 3855 821 3912 anima
863 3862 1048 3908 nostra
1075 3851 1405 3920 conceperit,
1453 3865 1672 3906 necesse
1701 3858 1784 3905 est
1814 3856 1877 3904 ut
1987 3851 2268 3922 praceptis
2297 3851 2602 3906 Dominicis
2639 3851 3044 3906 admonemur:
3092 3851 3282 3907 Videte
3311 3853 3595 3918 nequando

238 3949 564 4008 orantibus
605 3948 763 4001 nobis
805 3961 899 4015 per
934 3944 1298 4014 ingestionem
1332 3941 1732 3996 recordationis
1779 3957 1878 3996 oc-
1985 3950 2315 4011 granveutur
2331 3946 2497 3998 corda
2515 3949 2694 3998 vestra
2712 3947 2771 3998 in
2793 3945 3015 4014 crapula
3035 3923 3360 3998 et‘ebrietate
3378 3947 3428 3996 e't
3450 3947 3594 3998 curis

237 4048 478 4101 currat.
528 4035 899 4106 Quamobrem
946 4033 1132 4104 quales
1179 4039 1398 4086 orantes
1441 4031 1694 4086 volumus
1730 4033 1878 4086 inve-
1988 4037 2548 4106 swcularibus(Lucw
2565 4038 2828 4108 xxr).F.t
2854 4037 3056 4094 idcirco
3082 4038 3124 4091 si
3145 4037 3393 4091 volumus
3415 4037 3595 4093 oratio

241 4137 396 4202 uiri,
447 4131 590 4186 tales
627 4145 727 4184 nos
765 4133 890 4182 ante
919 4125 1176 4182 orationis
1210 4133 1425 4196 tempus
1452 4139 1758 4197 praparare
1789 4125 1883 4182 de-
1989 4144 2087 4183 nes
2133 4135 2346 4182 nostras
2383 4145 2494 4182 non
2536 4131 2714 4184 solum
2741 4129 2911 4184 coelos
2933 4128 3046 4198 lsed
3075 4129 3241 4182 etiam
3269 4144 3394 4199 qua
3429 4145 3591 4201 super

244 4229 502 4286 bemus.
553 4227 632 4280 Ex
688 4219 1009 4294 praecedenti
1046 4220 1190 4276 enim
1229 4226 1372 4288 sta-tu
1403 4233 1558 4274 mens
1583 4217 1636 4272 in
1675 4221 1884 4291 suppli-
1992 4221 2161 4278 calos
2195 4227 2327 4275 sunt
2351 4228 2653 4291 penetrare,
2683 4235 2940 4277 curemus
2966 4227 3208 4276 mentem
3234 4220 3301 4277 ab
3335 4222 3594 4280 omnibus

1382 4318 1636 4372 ALABDI
1677 4317 1903 4375 GAZ/El
1942 4319 2504 4375 COMMENTARIUS.

2005 4408 2324 4479 explicatur.
2370 4409 2856 4484 Poro_rep_u_rg_ium
2908 4425 3007 4481 pro
3033 4413 3412 4484 repurgatione
3453 4414 3598 4484 posi-

2004 4488 2124 4535 tum
2158 4495 2484 4562 _nemo_non
2525 4479 2793 4553 intelligit,
2835 4479 2938 4552 qua
2969 4479 3109 4538 vocc’
3123 4479 3286 4539 etiam
3311 4479 3486 4539 utitur
3510 4500 3602 4542 se-

2005 4559 2192 4624 quenti
2219 4559 2412 4622 capite.

2061 4616 2088 4654 δ
2113 4625 2194 4678 Ita
2212 4623 2380 4678 etiam
2400 4622 2559 4695 divus
2580 4623 2876 4695 Gregorius
2902 4639 2940 4679 x
2959 4627 3012 4679 M
3023 4625 3155 4679 oral.
3179 4641 3300 4695 cap.
3333 4631 3420 4678 16.
3447 4627 3602 4695 Semg

1975 2183 2050 2251 De
2085 2180 2381 2235 mobilitate
2415 2181 2633 2251 anima,
2656 2181 2855 2249 plumae
2882 2180 2965 2234 uel
2995 2179 3250 2248 pennuhe
3275 2183 3582 2248 comparata

2507 2250 2625 2318 [ΑΙ.
2649 2253 3028 2320 comparata].

2045 2356 2267 2414 Etenim
2291 2357 2316 2392 ἀ
2348 2363 2575 2428 quantas
2613 2357 2810 2413 anima
2851 2373 2965 2412 non
2993 2357 3194 2430 inepte,
3215 2355 3585 2414 subtilissima

1978 2451 2178 2522 pluma
2201 2467 2296 2508 seu
2325 2467 2518 2523 penna
2553 2451 2838 2507 levissima
2867 2458 3234 2522 comparatur,
3259 2465 3384 2521 qua
3409 2449 3454 2506 si
3479 2450 3586 2506 hu-

1977 2546 2145 2600 moris
2182 2545 2490 2616 cujuspiam
2527 2545 2866 2601 extrinsecus
2905 2544 3199 2600 accidentis
3237 2543 3587 2616 corruptione

1978 2639 2162 2694 vitiata
2213 2654 2324 2692 non
2349 2637 2516 2693 fuerit
2544 2639 2624 2692 vel
2671 2637 2874 2705 infusa,
2918 2638 3222 2692 mobilitate
3262 2637 3589 2694 substantia

1980 2745 2118 2798 sua,
2149 2730 2452 2785 tenuissimi
2483 2729 2704 2800 spiritus
2733 2730 3074 2801 adjumento,
3093 2731 3240 2784 velut
3267 2729 3589 2786 naturaliter

1973 2823 2043 2880 ad
2081 2823 2335 2879 sublimia
2365 2823 2712 2895 caelestiaque
2739 2816 3064 2879 su'stollitur.
3095 2821 3188 2877 Sin
3218 2838 3344 2877 vero
3387 2822 3588 2879 humo-

1974 2918 2048 2973 ris
2078 2917 2401 2989 cujusquam
2431 2916 2714 2988 aspergine
2738 2915 2818 2972 vel
2849 2913 3118 2970 infusione
3147 2913 3311 2970 fuerit
3340 2930 3591 2988 praegra-

324 4425 354 4451 ³
394 4410 709 4490 C_iaeo_n_ius
737 4423 767 4464 e
799 4406 1182 4490 manuscriptis
1209 4406 1336 4490 legit
1365 4425 1389 4490 ε.
1410 4409 1600 4490 Egesta
1629 4411 1780 4490 emm’
1803 4425 1890 4463 Ire-

244 4485 487 4560 purgio
512 4484 790 4560 vitiorum,
825 4485 874 4535 et
898 4481 1114 4560 effossis
1143 4479 1410 4560 succiduis
1439 4482 1772 4560 mortalisque
1799 4497 1898 4560 ιξιι-

235 4550 493 4615 ἄενίόῑιε
515 4555 830 4624 passionum
869 4592 882 4613 ,
909 4561 1011 4624 etc.
1043 4553 1178 4624 Qua
1217 4558 1362 4624 certe
1398 4550 1554 4605 lectio
1588 4552 1918 4624 germanior'

243 4639 313 4688 ut
339 4636 405 4685 et
451 4621 809 4681 communior
847 4621 981 4676 mihi
1017 4621 1246 4696 videtur.
1276 4621 1723 4696 Quorsum‘enina:
1749 4638 1875 4693 spe-
1907 4635 1956 4696 ι)

243 4707 470 4766 ctaret;
509 4705 604 4751 aut
630 4710 803 4766 quem,
819 4708 1038 4766 sensum
1059 4691 1284 4766 haberet
1310 4689 1466 4766 illud,
1493 4689 1878 4766 effusissucci-
1909 4689 1948 4696 ”
1993 4703 2259 4766 Ρϐτγὶιῐιῐβ
2304 4693 2569 4750 orationis
2608 4689 2856 4766 tempora
2904 4689 3337 4766 debetsollicite
3366 4693 3604 4766 conspici

245 4775 390 4837 diis,
441 4761 582 4826 cum
624 4761 886 4837 succidia,
917 4763 997 4837 vel
1025 4761 1354 4837 _succidium,
1399 4761 1883 4837 Varronialiisque
1981 4761 2257 4837 quidquid
2282 4773 2462 4834 potest
2485 4766 2540 4837 i_n
2565 4761 3119 4837 orationereprobari.
3142 4761 3600 4837 Sapeimmunda

245 4782 390 4837 (liis,
441 4783 582 4826 cum
624 4782 886 4826 sumtum,
917 4782 997 4818 vel
1032 4782 1354 4826 succlulum,
1406 4782 1629 4815 νυνι-0111
1658 4782 1883 4834 altisque
1991 4782 2122 4835 qula
2165 4782 2257 4820 mu
2282 4782 2462 4834 pOIeSt
2485 4782 2540 4818 ιη
2565 4782 3119 4832 orauonerepronan.
3142 4782 3600 4829 aapeuuuiuuaa

245 4841 598 4901 auctoribus
626 4837 760 4891 nihil
809 4835 952 4890 aliud
993 4834 1064 4888 sit
1093 4847 1258 4905 quam
1291 4844 1467 4885 massa
1499 4831 1678 4886 carnis
1710 4833 1884 4905 porci-
1981 4829 2076 4888 ‘vel
2127 4782 2307 4889 iiticita
2349 4835 2682 4905 quadamin_
2710 4833 2897 4886 aliimo
2949 4845 3231 4905 versamus
3260 4871 3274 4896 ,
3320 4831 3534 4905 quoties
3575 4847 3604 4887 a

247 4899 344 4972 na
375 4912 577 4973 salita,
612 4917 668 4963 et
695 4909 748 4962 in
781 4899 1146 4961 necessarium
1179 4917 1340 4958 usum
1376 4911 1627 4975 servata;
1661 4899 1726 4956 et’
1742 4903 1826 4960 vel
1857 4919 1884 4975 a
1996 4905 2246 4975 precibus
2270 4899 2550 4975 vocamus.
2582 4901 2690 4957 Sed
2717 4916 2847 4956 cum
2873 4915 2929 4953 se
2955 4899 3202 4975 mens‘ad
3223 4899 3467 4975 studium
3492 4917 3606 4959 ora-

249 4971 643 5048 succidendo,
689 4977 836 5050 quod
884 4977 1389 5050 quot_ies_opus_e§t
1425 4971 1760 5050 succidatur,
1804 4974 1886 5028 vel
1996 4971 2167 5050 tionis
2221 4973 2475 5050 erexerit,
2505 4987 2698 5050 earum
2736 4986 2919 5050 rerum
2957 4971 3222 5050 imagines
3265 4973 3606 5050 reg’erberata
3651 4980 3654 4984 ’

287 5055 460 5114 otius
485 5071 520 5108 a
571 5042 1056 5126 suibusueadendis
1096 5042 1245 5126 dicta
1269 5043 1496 5126 {Unde
1535 5043 1678 5098 idem
1701 5047 1888 5126 _Varro
1998 5044 2228 5126 patitur,1
2269 5043 2478 5123 quibus.
2505 5042 2732 5126 libenter
2746 5042 2910 5126 prius
2938 5043 3121 5099 otiosa
3141 5046 3507 5115 premebatur.
3539 5047 3610 5102 Et

287 5074 460 5114 OUIJS
485 5074 520 5108 ﬂ
571 5074 757 5106 sumus
785 5074 1056 5105 t'wucums
1096 5074 1245 5126 uwtu-
1271 5074 1298 5126 τ.
1338 5074 1496 5126 ,ιέιιυις
1535 5074 1678 5098 lucu:
1728 5074 1888 5101 vauu
1998 5074 2223 5126 μαιιιυι,
2269 5074 2478 5123 qunuua.
2507 5074 2724 5098 nucum;
2761 5074 2910 5111 puua
2938 5074 3121 5099 υιιυθιι
3141 5074 3507 5115 μιωιιτυαιυῐ.
3539 5074 3607 5102 nl

247 5074 320 5189 se
359 5130 449 5184 Re
479 5121 714 5180 Rustica
739 5120 829 5176 lib.
864 5135 914 5174 II
940 5118 1110 5190 capite
1136 5123 1170 5190 4
1191 5115 1609 5190 d|c1t_lg_navum
1627 5122 1721 5170 aut
1739 5130 1888 5190 sum-
1997 5113 2172 5190 infra;
2196 5115 2347 5184 Sape
2365 5128 2510 5190 curis
2531 5113 3352 5190 mundilibenteroccupamur,
3371 5131 3607 5188 cumque

251 5183 555 5283 [Ttuosum
601 5208 716 5248 esse
749 5183 1045 5283 lagricolafp
1086 5189 1180 5261 qui
1208 5183 1508 5270 succidiam
1545 5185 1888 5268 suspenderit
2001 5193 2129 5258 post
2152 5183 2269 5283 Italo
2295 5183 2769 5283 studiqoratiopis
2799 5183 3154 5283 intendimps,
3178 5183 3536 5283 nequaquam
3548 5203 3607 5245 se

249 5255 338 5327 in,
379 5255 661 5326 carnario
713 5255 815 5319 ab“
845 5260 1068 5316 laniario
1101 5255 1321 5332 —P0ti“3-
1348 5273 1510 5332 quem
1553 5273 1616 5332 εἶ(
1640 5255 1888 5329 -Ρτορΐίο
1996 5255 2532 5332 ίηεῗῐῖεβάμθῳιβδῐίδ
2573 5257 2751 5332 e-rigi-t’
2796 5259 2920 5328 qum
2952 5257 3164 5332 pqndus
3193 5255 3334 5314 hanc
3374 5255 3607 5318 terrenae

247 5326 478 5398 fundo.
535 5336 755 5393 Rudera
785 5344 971 5390 autem
1009 5326 1272 5397 vocantur
1311 5326 1550 5400 lapidum
1580 5326 1890 5402 fragmenta
2005 5326 2378 5402 sollicitudinis
2399 5329 2452 5402 in
2485 5326 2830 5402 profundum
2855 5326 3062 5402 mersit.

254 5415 485 5484 passim
518 5423 636 5484 ‘99,.
664 5422 821 5484 εει-ος
859 5420 1083 5484 sparsa,_
1103 5398 1396 5484 θυι-τεττῲ
1436 5398 1698 5484 permixta
1723 5421 1739 5466 ς
1766 5415 1890 5484 quae
2010 5471 2047 5484 Α
2073 5403 2098 5432 ο
2124 5403 2183 5454 ln
2208 5399 2292 5455 his
2321 5398 2536 5484 duabus
2565 5399 3144 5484 sententiisfundatur
3177 5415 3412 5484 sequens
3439 5403 3610 5484 colla-

257 5469 319 5538 ἒῐ
356 5469 646 5539 succidua
687 5469 960 5547 dicuntur,
993 5469 1120 5548 quia
1157 5469 1812 5548 adqcaden'dumprona‘;
1845 5479 1900 5527 et
2006 5471 2109 5548 tio,
2140 5485 2263 5543 qua
2302 5479 2383 5526 est
2423 5469 2660 5548 secunda
2691 5471 2904 5548 abbatis
2931 5469 3300 5548 lsaacgnnde
3329 5481 3610 5548 sumptum

257 5563 538 5628 mortua,
573 5549 700 5628 quia
731 5549 862 5604 nulli
888 5541 1026 5603 usui"
1045 5555 1208 5628 apta;
1240 5544 1470 5628 ideoque
1495 5541 1676 5628 :effodi
1709 5551 1780 5628 et.
1817 5559 1901 5598 ex-
2007 5541 2128 5628 ejus
2152 5541 2566 5628 argumentu‘m1
2605 5541 3614 5628 1??orationisjugitatese‘venassidui-

256 5611 740 5699 purgarilsolita,
790 5635 960 5690 usque
1004 5611 1520 5699 ad'terramﬁvam
1563 5623 1618 5699 et
1645 5613 1898 5699 solidam,
2009 5611 2140 5677 tate,
2285 5615 2514 5686 proinde
2533 5613 2601 5671 de
2621 5611 2703 5670 his
2717 5611 3066 5670 commodius
3094 5621 3290 5686 agetur
3321 5614 3542 5686 (Collat.
3571 5632 3613 5673 x

257 5684 326 5753 ἱιῑ
357 5684 470 5752 hic
503 5684 737 5759 dicitur,
765 5699 830 5747 ut
869 5684 990 5746 tuto
1027 5689 1380 5760 fundamenta,
1403 5685 1701 5760 jaciantur.
1737 5684 1902 5760 Unde
2011 5701 2132 5760 mp.
2171 5684 2291 5760 t9).

261 5745 1140 5838 pulchra,siimiturmetaphora
1165 5745 1233 5817 ad
1253 5745 1544 5838 spiritigalis
1563 5755 1904 5838 fundamenti
2069 5745 2108 5788 ’ά
2129 5745 2310 5838 Alia'm
2339 5754 2750 5838 similitudinem
2780 5772 2891 5838 seu
2915 5759 3379 5838 comparationem
3406 5758 3609 5812 animae

270 5827 641 5910 poitionem
691 5827 986 5907 adoptata,'
1020 5847 1144 5905 quae
1189 5827 1433 5904 sequenti
1477 5830 1650 5902 capite
1705 5828 1904 5886 clarius
2011 5843 2138 5883 cum
2169 5828 2315 5885 mola
2335 5827 2555 5900 aquaria
2593 5829 2712 5886 vide
2735 5829 2920 5886 coliat.
2953 5827 3121 5902 Icap,
3152 5836 3236 5884 18.
