4034 6212
392 280 499 333 775

1477 263 1759 353 IOANNlS
1795 261 2097 319 CASSIANI
2135 259 2623 317 COLLATIONES.

3600 261 3704 314 7‘76

397 402 626 460 terrenis
655 400 795 456 vitiis
822 404 1179 472 expurgatam
1209 392 1526 465 cunctisque
1552 388 1874 448 mundatam
1898 388 1996 444 fm-
2027 391 2079 454 Α
2106 386 2366 460 propheta
2389 405 2404 442 :
2425 388 2451 422 δ
2474 384 2950 457 Expergiscimini,
2976 380 3149 454 inquit
3174 421 3191 448 ,
3209 382 3309 451 qui
3326 383 3458 436 estis
3480 381 3643 444 ebrii,
3661 388 3709 439 et

334 563 338 566 ,
398 496 551 554 cibus
579 496 902 569 passionum
942 491 1010 549 ad
1038 488 1430 547 sublimitatem
1460 485 1753 559 perducere
1781 491 1999 540 natura-

298 584 307 597 ’
397 590 525 656 lem,
555 601 617 647 ut
647 590 721 645 ita
746 587 817 644 ad
846 589 1025 642 Deum
1051 582 1229 641 oratio
1256 581 1372 655 ejus
1395 578 1546 637 nullo
1575 578 1833 635 vitiorum
1860 592 1995 650 pon-

398 682 526 741 dere
554 688 886 754 praegravata
918 675 1271 733 conscendat.

1032 770 1267 827 CAPUT
1303 771 1370 824 V.

578 875 653 927 De
672 872 847 925 causis
869 868 1063 939 quibus
1087 880 1232 920 mens
1260 868 1444 919 nostra
1468 865 1820 932 aggravetur.

471 962 767 1021 Notandun
788 971 975 1017 tamen
999 959 1199 1033 quibus
1219 973 1282 1014 ex
1312 956 1493 1013 causis
1520 954 1730 1028 gravari
1759 962 1999 1010 mentem

401 1057 671 1115 Dominus
690 1054 1073 1129 designaverit.
1097 1054 1220 1109 Non
1241 1051 1385 1107 enim
1405 1048 1693 1117 adulteria,
1717 1064 1825 1103 non
1845 1046 2003 1102 forni-

398 1152 660 1218 cationes,
683 1166 792 1208 non
815 1145 1126 1215 homicidia,
1153 1160 1264 1200 non
1287 1140 1679 1214 blasphemias,
1708 1156 1822 1196 non
1850 1139 1998 1211 rapi-

398 1263 523 1311 nas,
550 1259 673 1316 quae
703 1241 947 1298 mortalia
976 1254 1093 1296 esse
1118 1246 1170 1294 et
1206 1234 1533 1293 damnabilia
1559 1233 1738 1290 nullus
1762 1233 1993 1306 ignorat,

397 1339 492 1396 sed
526 1337 803 1408 crapulam
829 1333 1009 1407 posuit
1037 1342 1092 1389 et
1115 1330 1455 1397 ebrietatem,
1480 1337 1533 1384 et
1554 1343 1717 1389 curas
1745 1328 1861 1383 sive
1891 1326 2000 1382 sol-

398 1429 702 1487 licitudines
717 1426 1005 1484 saeculares
1029 1425 1170 1496 (Luc.
1187 1424 1337 1493 xxx).
1367 1422 1505 1491 Quae
1529 1420 1585 1475 in
1602 1428 1815 1475 tantum
1834 1434 1999 1475 nemo

400 1522 691 1579 hominum
715 1518 907 1576 mundi
927 1518 1091 1591 hujus
1116 1524 1280 1572 cavet
1303 1522 1397 1571 aut
1420 1512 1748 1570 damnabilis
1773 1511 1999 1584 judicat,

397 1626 460 1672 ut
506 1615 669 1671 etiam
714 1612 984 1679 nonnulli,
1033 1609 1181 1683 quod
1223 1607 1388 1681 pudet
1430 1606 1634 1674 dicere,
1678 1606 2003 1678 semetipsos

396 1708 703 1767 monachos
741 1714 1116 1779 nuncupantes
1163 1704 1356 1761 iisdem
1410 1700 1539 1775 ipsis
1583 1700 1999 1758 distentionibus

2102 500 2206 539 non
2233 499 2269 538 a
2285 486 2417 538 vino
2444 482 2635 550 (Joelis
2660 495 2682 537 ι
2708 486 2749 539 ).
2783 477 2941 534 Alius
2967 491 3183 549 quoque
3211 494 3226 531 :
3257 477 3629 548 Obstupescite
3660 484 3707 533 et

2104 578 2472 644 admiramini,
2496 577 2750 644 ﬂuctuate
2767 575 2817 627 et
2834 571 3105 634 vacillate,
3128 570 3503 633 inebriamini,
3533 574 3585 626 et
3611 586 3711 625 non

2105 671 2305 734 acino;
2325 667 2628 733 movemini,
2646 668 2697 720 et
2712 678 2817 718 non
2831 662 2900 717 ab
2915 662 3170 717 ebrietate
3188 662 3381 727 (Isaia:
3393 661 3597 733 xxrx).
3615 662 3713 718 Cu-

2096 760 2192 834 jus
2210 759 2488 817 ebrietatis
2519 766 2575 814 et
2611 756 2843 829 crapulae
2865 755 3054 811 vinum
3073 761 3477 825 consequenter
3491 770 3711 812 necesse

2106 863 2190 912 est
2233 862 2295 910 ut
2338 851 2640 909 secundum
2683 849 3006 922 prophetam
3058 846 3214 903 furor
3263 845 3568 903 draconum
3617 848 3702 905 sit.

2109 951 2404 1021 Ipsumque
2444 946 2634 1002 vinum
2674 942 2746 1001 de
2787 957 2893 1014 qua
2938 940 3120 998 radice
3157 939 3415 1013 procedat
3463 941 3706 999 adverte.

2106 1045 2195 1099 Ea:
2222 1044 2377 1096 vinea
2405 1039 2552 1095 enim
2570 1038 2917 1096 Sodomorum
2934 1038 3062 1091 vitis
3083 1049 3282 1098 eorum,
3305 1040 3353 1090 et
3373 1041 3710 1091 sarmentum

2108 1152 2288 1192 eorum
2314 1151 2382 1189 ea:
2410 1134 2728 1193 Gomorrha.
2769 1130 2865 1187 Vis
2900 1129 3065 1187 etiam
3103 1127 3342 1186 fructum
3378 1130 3499 1186 vitis
3534 1130 3702 1187 istius

2106 1236 2272 1302 atque
2308 1226 2567 1284 sarmenti
2597 1239 2824 1297 germen
2856 1225 3192 1297 agnoscere?
3232 1225 3348 1279 Uva
3395 1239 3583 1279 eorum
3608 1239 3709 1278 iter:

2105 1324 2274 1391 fellis,
2301 1322 2485 1377 botrus
2502 1320 2889 1376 amaritudinis
2909 1320 2964 1373 in
2981 1320 3113 1388 ipsis
3132 1316 3309 1389 (Deut.
3335 1317 3555 1390 χχχιι).
3578 1318 3711 1388 Qua:

2108 1417 2313 1485 omnia,
2348 1416 2451 1472 nisi
2490 1413 2760 1472 fuerimus
2791 1410 2999 1468 cunctis
3044 1410 3186 1467 vitiis
3216 1412 3526 1484 expurgati,
3563 1420 3618 1468 et
3643 1412 3708 1468 ab

2107 1509 2353 1567 omnium
2396 1507 2710 1581 passionum
2739 1504 2960 1578 crapula
2992 1504 3182 1573 sobrii,
3207 1505 3415 1577 absque
3453 1504 3712 1563 ebrietate

2109 1602 2216 1659 vini
2238 1602 2629 1675 epularumque
2649 1600 2896 1656 omnium
2907 1598 3206 1665 affluentia,
3220 1598 3325 1654 erit
3343 1615 3440 1655 cor
3455 1607 3709 1656 nostrum

2106 1696 2367 1754 ebrietate
2398 1704 2452 1752 et
2476 1695 2693 1767 crapula
2726 1694 2897 1768 magis
2919 1693 3082 1749 noxia
3109 1702 3529 1765 praegravatum.
3563 1698 3708 1752 Nam

399 1805 545 1862 velut
567 1802 800 1858 innoxiis
816 1808 870 1857 et
893 1799 1113 1856 utilibus
1137 1798 1502 1870 implicentur.
1535 1805 1560 1831 ι
1585 1796 1718 1866 Quae
1741 1795 1844 1851 tria
1874 1794 1998 1851 licet
2025 1800 2074 1863 Β
2104 1790 2231 1863 quia
2250 1789 2538 1846 saeculares
2562 1803 2712 1845 cura:
2739 1788 2905 1843 etiam
2937 1787 2992 1842 in
3023 1801 3147 1854 nos,
3171 1786 3261 1859 qui
3295 1787 3457 1843 nullis
3486 1788 3705 1844 actibus

398 1896 701 1955 secundum
747 1896 983 1952 litteram
1032 1900 1337 1966 perpetrata
1389 1896 1684 1963 aggravent
1718 1888 1995 1956 animam,

398 1997 562 2063 atque
604 2007 632 2047 a
670 1993 788 2045 Deo
821 1994 1074 2059 separent
1114 2002 1176 2041 ac
1210 1984 1513 2056 deprimant
1532 1981 1600 2038 ad
1636 1990 1872 2046 terrena,
1915 1990 1999 2036 est

398 2093 586 2142 tamen
614 2098 807 2141 eorum
836 2080 1005 2136 facilis
1031 2078 1340 2146 declinatio,
1371 2085 1426 2133 et
1454 2076 1690 2165 maxime
1717 2074 1876 2130 nobis
1906 2075 1999 2146 qui

397 2187 516 2236 tam
541 2178 701 2248 longa
731 2174 1034 2231 remotione
1078 2172 1146 2227 ab
1176 2171 1329 2227 omni
1378 2169 1561 2225 saeculi
1587 2167 1748 2240 huius
1770 2183 1998 2225 convcr-

393 2272 605 2329 satione
639 2268 1022 2341 disjungimur,
1054 2275 1108 2322 et
1146 2265 1260 2321 istis
1303 2264 1603 2320 visibilibus
1644 2263 1791 2319 curis
1837 2271 1999 2335 atque

394 2360 743 2418 ebrietatibus
781 2366 836 2414 et
869 2357 1103 2430 crapulis
1139 2357 1354 2430 penitus
1390 2356 1539 2412 nulla
1577 2356 1864 2412 occasione
1893 2356 1999 2410 mi-

394 2469 637 2514 scemur.
676 2456 883 2510 Verum
914 2461 994 2509 est
1023 2450 1125 2507 alia
1169 2465 1390 2523 quoque
1418 2450 1635 2523 crapula
1677 2458 1733 2506 et
1768 2449 2001 2505 ebrietas

396 2548 654 2622 spiritalis
696 2546 971 2604 difﬁcilius
1004 2543 1277 2613 evitanda,
1305 2560 1433 2600 cura
1473 2559 1689 2617 quoque
1714 2559 1777 2599 ac
1807 2541 2003 2598 sollici-

396 2640 530 2698 tudo
555 2640 862 2708 saecularis,
888 2654 1011 2711 quae
1038 2654 1140 2694 nos
1161 2637 1324 2694 etiam
1355 2643 1477 2709 post
1502 2635 1751 2691 omnium
1776 2634 2001 2691 faculta-

398 2743 518 2792 tum
563 2744 877 2792 nostrarum
940 2731 1236 2804 perfectam
1281 2729 1739 2796 renuntiatioucm
1782 2738 1838 2785 et
1896 2728 2002 2784 viui

399 2822 792 2902 epularumque
812 2826 1204 2886 continentiam
1234 2834 1575 2893 cunctarum,
1604 2832 1659 2879 et
1696 2824 1915 2896 quidem
1948 2824 2002 2879 in

401 2923 694 2980 solitudine
723 2923 1049 2979 constitutos
1092 2919 1403 2990 frequenter
1432 2916 1673 2982 involvit,
1713 2914 1779 2969 de
1806 2914 2003 2986 quibus

2107 1881 2295 1939 mundi
2322 1882 2474 1939 istius
2501 1880 2889 1949 admiscemur,
2915 1880 3110 1937 cadere
3136 1896 3532 1953 nonnumquam
3556 1897 3693 1954 pos-

2106 1975 2236 2043 sint,
2271 1974 2563 2031 manifesta
2586 1974 2800 2030 ratione
2829 1981 3171 2029 monstratur
3208 1973 3506 2029 secundum
3535 1989 3672 2044 regu
3691 2005 3710 2015 -

2104 2068 2210 2125 lam
2226 2069 2523 2133 seniorum,
2547 2068 2638 2142 qui
2667 2067 2933 2141 quidquid
2948 2068 3327 2124 necessitatem
3361 2068 3537 2125 victus
3555 2083 3705 2139 quo-

2103 2162 2299 2219 tidiani
2319 2171 2375 2218 et
2392 2163 2761 2219 inevitabilem
2782 2178 2943 2219 usum
2964 2162 3150 2218 carnis
3171 2160 3401 2228 excedit,
3433 2160 3504 2217 ad
3528 2176 3709 2218 saecu-

2104 2255 2278 2312 larem
2306 2255 2634 2311 deﬁnierunt
2657 2271 2847 2312 curam
2869 2263 2923 2311 et
2941 2253 3363 2312 sollicitudinem
3387 2254 3655 2327 pertinere
3684 2273 3703 2323 ;

2104 2356 2183 2416 ut,
2210 2348 2358 2404 verbi
2387 2348 2579 2420 gratia,
2607 2346 2652 2404 si
2692 2364 2819 2404 cum
2862 2348 3035 2421 possit
3082 2348 3330 2421 operatio
3366 2349 3521 2404 unius
3540 2348 3706 2405 solidi

2103 2443 2479 2499 necessitatem
2522 2443 2701 2519 nostri
2742 2441 2986 2515 corporis
3036 2442 3312 2514 expedire,
3357 2441 3425 2497 ad
3468 2440 3704 2497 duorum

2101 2534 2184 2591 vel
2213 2535 2380 2591 trium
2406 2534 2710 2592 solidorum
2736 2535 3156 2608 acquisitionem
3173 2535 3547 2607 nosmetipsos
3572 2550 3703 2607 pro-

2108 2629 2354 2702 pensiore
2406 2629 2637 2685 velimus
2691 2644 2855 2700 opere
2910 2644 2974 2686 ac
3020 2628 3205 2686 labore
3247 2628 3603 2695 distendere;
3648 2637 3708 2684 et

2108 2733 2128 2760 °
2155 2740 2281 2781 cum
2311 2723 2542 2780 duarum
2577 2724 2822 2779 velamen
2845 2722 3082 2779 sufﬁciat
3101 2723 3429 2789 tunicarum,
3454 2722 3520 2779 ad
3541 2737 3704 2779 usum

2107 2818 2314 2875 scilicet
2337 2818 2515 2874 noctis
2541 2833 2603 2873 ac
2624 2816 2726 2873 diei
2746 2810 2771 2849 δ
2790 2816 3000 2873 domini
3027 2817 3195 2873 trium
3219 2818 3301 2873 vel
3332 2825 3569 2890 quatuor
3591 2815 3708 2873 ﬁeri

2108 2927 2465 2985 procuremus
2494 2930 2509 2979 ;
2553 2927 2788 2985 cumque
2822 2910 2980 2968 unius
3026 2912 3138 2968 sive
3166 2910 3402 2968 duarum
3442 2911 3705 2967 habitatio

1492 3056 1751 3111 ALARDI
1790 3056 2019 3113 GAZzEl
2058 3055 2625 3114 COMMENTARIUS.

472 3212 497 3240 ι
520 3201 736 3260 Scilicet
780 3198 1023 3271 crapula,
1053 3196 1327 3271 ebrietas,
1350 3205 1403 3271 et
1437 3212 1582 3271 cura:
1613 3197 1724 3271 sive
1750 3198 2007 3271 sollicitu-
2036 3203 2081 3267 C
2112 3207 2428 3255 mentorum
2484 3197 2698 3270 copiam
2735 3213 2799 3253 ac
2832 3196 3219 3271 supellectilem
3263 3205 3612 3271 comparant,
3648 3207 3713 3254 et

402 3273 559 3342 dines
574 3267 890 3338 saeculares,
902 3268 1100 3342 quibus
1112 3267 1366 3342 monachi
1389 3267 1618 3342 subinde
1631 3270 1997 3342 implicantur.

474 3337 501 3376 δ
552 3347 619 3399 In
673 3342 863 3397 Bibliis
908 3337 1262 3413 regiislocus
1312 3339 1399 3413 hic
1426 3339 1617 3413 Graece
1659 3337 1729 3397 ita
1759 3341 1998 3413 legitur:

403 3415 648 3487 ἐπνήψατε
698 3414 744 3466 οἱ
773 3409 1054 3495 patipati-reg.
1072 3410 1133 3495 ,ἐζ
1159 3409 1298 3495 οἴνιξυ
1325 3410 1485 3464 αὖτῶν
1532 3410 1637 3467 hoc
1666 3421 1768 3495 est,
1809 3409 2000 3495 Emper-

400 3484 805 3559 giscirnini,_qui
813 3486 965 3559 ebrii
980 3485 1106 3559 estis
1130 3500 1196 3539 em
1216 3486 1341 3539 uino
1364 3489 1538 3559 yestro
1560 3503 1576 3549 ;
1605 3484 1707 3559 vel,
1731 3492 1791 3539 ut
1812 3484 2003 3559 Hiero-

402 3554 601 3631 nymus
617 3554 851 3613 reddidit
874 3577 885 3611 :
911 3558 969 3631 in
988 3558 1113 3631 uino
1133 3561 1325 3631 vestro.
1350 3556 1623 3631 Craterum
1639 3554 1838 3613 fatetur
1854 3555 1998 3631 idem

406 3625 773 3701 Hieronymus
807 3627 950 3701 apud
981 3626 1327 3701 Septuaginta
1376 3625 1529 3701 legi__:
1556 3629 1627 3680 Et
1652 3642 1753 3701 non
1784 3643 1817 3679 a
1848 3629 1993 3701 nino.

408 3702 537 3773 Ejus
562 3695 722 3773 verba
753 3695 955 3773 suntin
977 3695 1096 3767 cap.
1130 3713 1147 3748 1
1171 3695 1595 3773 _Joelis,_quibus
1623 3697 1810 3773 varias
1832 3696 1998 3751 ebrie-

405 3765 532 3829 tatis
562 3769 877 3843 spiritualis,
924 3765 1130 3843 de‘qua
1171 3765 1276 3843 h_ic_
1297 3765 1500 3843 agitur,
1538 3766 1761 3843 ‘species
1797 3765 1867 3843 ita
1908 3782 1997 3843 re-

406 3838 631 3901 censet‘:
668 3842 832 3900 Nulla
876 3855 973 3911 res
992 3840 1071 3892 ita
1101 3838 1334 3911 inebriat
1361 3842 1422 3891 ut
1448 3839 1625 3890 animi
1641 3838 1997 3911 perturbatio.

407 3920 503 3974 Est
531 3916 756 3970 ebrietas
789 3908 909 3981 qua:
939 3910 1089 3963 ducit
1120 3909 1195 3981 ad
1224 3912 1465 3962 mortem.
1490 3910 1611 3981 ch
1639 3908 2000 3981 abominanda

404 3988 632 4042 ebrietas
653 3990 750 4038 est.
773 3978 869 4038 Est
885 3984 969 4035 ira
992 3995 1110 4049 qua:
1116 3980 1399 4049 justitiam
1418 3980 1519 4035 Dei
1536 3978 1925 4050 non'operatur,
1952 3985 2003 4035 et

402 4059 585 4127 furori
602 4056 857 4125 proxima
886 4053 1079 4127 mentis
1101 4066 1210 4106 sua
1236 4053 1483 4120 impotem
1506 4052 1680 4127 facit;
1712 4053 2002 4127 intentum

405 4123 469 4185 ut
485 4123 629 4184 labia
653 4128 903 4188 tremant,
926 4123 1108 4178 dentes
1128 4127 1456 4193 concrepent,
1474 4123 1655 4176 cultus
1665 4123 1869 4192 pallore
1890 4139 2001 4176 mu-

406 4205 563 4255 tetur.
590 4199 732 4267 Quid
758 4199 989 4264 referam
1023 4194 1089 4249 de
1106 4194 1373 4267 gaudioiet
1388 4194 1679 4267 voluptate,
1694 4198 1747 4267 _et
1770 4196 2001 4267 maxime

405 4265 727 4339 amorejqui
745 4272 972 4323 emcwcat
997 4267 1174 4321 cordis
1208 4266 1401 4328 oculos,
1425 4270 1475 4320 et
1490 4265 1631 4339 nihil
1650 4265 1806 4339 aliud
1822 4281 2002 4320 aman-

407 4346 533 4403 tem,
565 4337 676 4394 nisi
698 4340 756 4392 id
778 4339 920 4406 quod
943 4341 1091 4390 amat
1110 4338 1345 4404 cogitare
1366 4337 1682 4403 permittit?
1704 4337 1901 4392 Annon
1924 4340 2002 4391 est

406 4411 634 4464 dicenda
653 4408 897 4467 ebrietas,
925 4421 1043 4459 cum
1066 4410 1286 4473 propter
1307 4406 1424 4476 fcile
1440 4410 1669 4458 scortum
1694 4412 1745 4461 et
1768 4410 1999 4476 ignomi—

405 4482 615 4533 niosam
628 4478 858 4542 corporis
868 4479 1077 4542 partem
1088 4477 1283 4526 anima:
1298 4475 1521 4529 libertas
1539 4478 1592 4528 in
1603 4475 1824 4533 serviles
1846 4479 2000 4533 blan-

405 4549 575 4604 ditias
604 4546 911 4607 inclinatur,
951 4559 1068 4597 cum
1104 4545 1279 4618 furto,
1308 4545 1517 4618 scelere,
1544 4551 1706 4617 atque
1734 4550 1997 4618 perjurﬁs

406 4593 1079 4693 35;;7i'aag'ig-spiai
1100 4593 1631 4693 sagittariique:
1644 4593 1909 4693 anan:
1929 4593 1997 4673 ξιῐ
2028 4593 2077 4655 D

404 4687 673 4758 omnibus,
692 4702 746 4743 se
759 4689 992 4743 aestimat
1001 4702 1106 4741 non
1120 4687 1333 4741 videri?
1343 4687 1761 4744 Sede—tuearitia
1772 4694 2001 4744 exerceat

404 4765 643 4820 animum
683 4759 820 4831 ejus,
848 4761 935 4815 cui
961 4758 1101 4813 nihil
1140 4760 1276 4815 satis
1303 4778 1318 4826 ;
1359 4763 1410 4831 et
1437 4759 1705 4831 muliebris
1740 4761 1917 4823 timor,
1948 4765 2000 4815 et

405 4836 642 4891 dulcium
668 4830 859 4903 cupido
878 4832 1155 4887 vitiorum.
1192 4831 1343 4903 Unde
1359 4830 1560 4886 dicitur
1576 4830 1651 4885 ad
1664 4845 1747 4886 eos
1775 4834 1999 4901 :Eirigi-

406 4907 570 4960 lateet
580 4901 1041 4974 expergiscimini,
1052 4904 1153 4973 qui
1162 4901 1306 4974 ebrii
1316 4904 1461 4974 estis,
1478 4918 1817 4973 nequaquam
1829 4920 1862 4958 a
1877 4906 2000 4958 tino

408 4979 499 5043 (ut
527 4976 585 5029 in
616 4970 740 5044 sblis
764 4975 904 5044 LXX
928 4970 1227 5044 continetur
1245 4970 1285 5044 ),
1308 4973 1401 5029 sed
1428 4970 1578 5044 omni
1592 4970 1999 5044 perturbatione

404 5042 678 5102 uitiorum.
710 5043 798 5096 Ita
818 5042 1312 5117 Q._l1_i_eronymus.
1344 5042 1649 5117 Ergohaﬁc
1681 5046 1998 5115 Cassianus,

406 5124 469 5175 ut
491 5127 807 5182 germanam
849 5113 1008 5168 LXX
1035 5111 1322 5168 lectionem
1347 5111 1454 5169 hoc
1488 5114 1606 5171 loco
1641 5124 1861 5174 secutus
1895 5111 1996 5182 est,

404 5182 637 5261 Vulgata
666 5193 853 5261 autem
896 5182 1058 5237 lectio
1087 5190 1186 5261 est_
1207 5203 1227 5261 :_
1251 5185 1737 5261 ‘Egpergiscim‘mig
1770 5190 1919 5261 ριινῆξ
1942 5192 2003 5243 .ct

404 5253 546 5327 ﬂete:
568 5263 620 5315 et
638 5258 863 5324 ululate,
888 5268 1062 5327 omnes
1086 5254 1186 5323 qui
1208 5253 1388 5311 bibitis
1412 5253 1595 5312 vinum
1618 5258 1677 5311 in
1698 5258 1998 5321 dulcedine,

406 5325 659 5400 quoniam
673 5329 841 5400 periit
867 5325 938 5400 ab
970 5340 1059 5400 ore
1083 5329 1277 5400 vestro.

478 5407 500 5435 °
528 5393 711 5455 Locus
739 5395 963 5468 insignis
991 5393 1061 5451 de
1085 5395 1414 5468 parcimonia
1452 5402 1508 5453 et
1542 5393 1860 5468 frugalitate
1876 5412 1995 5454 mo-

478 5410 500 5435 ο
528 5410 711 5455 Locus
739 5412 842 5452 mst
919 5410 963 5451 IS
991 5410 1061 5451 ue
1085 5410 1414 5468 parctmonta
1452 5410 1508 5453 et
1542 5410 1848 5467 trugantate
1876 5412 1995 5454 mo-

404 5468 596 5526 nacbis
650 5410 937 5531 sectantis,
976 5474 1031 5522 et
1071 5465 1291 5539 vitando
1322 5468 1452 5523 luxu
1498 5482 1563 5539 ac
1599 5466 1999 5539 superﬂuitate,

404 5547 525 5613 tum
554 5541 614 5613 in
646 5538 979 5613 quotidianis
998 5536 1346 5613 sumptibus,
1359 5544 1482 5613 tum
1505 5537 1582 5613 in
1598 5536 1868 5613 veé_tibus,_
1883 5536 2000 5613 tum

404 5609 459 5666 in
497 5607 677 5682 cellis;
708 5611 821 5667 sive
857 5607 1144 5682 cubiculis;
1178 5617 1274 5665 aut
1314 5607 1737 5682 domiciliis.th
1781 5610 1999 5682 quidem

481 5652 670 5738 ὄῖὲῖἰ
709 5652 1143 5753 ἶνὲεἷεξῖἔίὧὲἷῖ
1161 5652 1630 5753 μὶὶῇιῖβὲἑέᾜὲιῖ
1645 5652 2001 5753 ﬁmi-i353:

403 5748 659 5828 linquunt
681 5750 926 5828 nonnulli
957 5748 1398 5828 monachi,qui',
1423 5766 1534 5807 uno
1569 5759 1666 5807 aut
1702 5748 1873 5828 altero
1903 5752 2001 5828 ha-

403 5820 523 5884 bitu
572 5823 802 5882 honesto
842 5820 1069 5877 minime
1107 5820 1370 5891 contenti,
1417 5836 1672 5897 magnam
1703 5821 1808 5881 sibi
1844 5825 2000 5881 vesti-

2111 3271 2475 3353 undequaque
2499 3268 2834 3353 .coacervant
2854 3289 2870 3337 ;
2901 3268 3001 3353 nec
3020 3268 3220 3353 animo
3237 3268 3533 3353 _qpiescere
3578 3284 3712 3353 pos-

2109 3350 2255 3414 sunt,
2274 3338 2402 3414 nisi
2421 3341 2658 3414 quinque
2674 3349 2772 3414 _aut
2796 3356 2889 3395 sex
2919 3338 3403 3414 tunicas,_to_tidem
3427 3338 3600 3413 togas,
3623 3348 3708 3414 tot

2108 3411 2454 3485 chlamydes,“
2490 3411 2588 3468 tot“
2612 3411 2846 3494 reliquas
2895 3420 3078 3494 vestes
3128 3411 3233 3466 sibi
3277 3411 3510 3536 qtlioquo'
3537 3412 3709 3468 modo

2110 3493 2401 3536 procurent
2418 3504 2433 3536 :
2452 3492 2511 3536 ut
2531 3482 2769 3536 habeant
2796 3499 2850 3536 tn
2872 3482 3115 3536 smzulas
3140 3498 3274 3536 nene
3339 3483 3669 3536 ebdomadas
3685 3526 3701 3536 .

2110 3482 2401 3553 procurent
2418 3504 2433 3552 ;
2452 3492 2511 3539 ut
2531 3482 2769 3539 habeant
2796 3482 2850 3537 in
2872 3482 3115 3554 singulas
3140 3498 3274 3554 pene
3296 3482 3669 3538 hebdomadas
3685 3526 3702 3549 ,

2108 3570 2178 3610 ne
2210 3554 2387 3611 dicam
2414 3554 2469 3609 in
2495 3554 2631 3622 dies,
2668 3569 2808 3610 nova
2844 3553 3061 3625 semper
3098 3553 3152 3609 et
3176 3553 3385 3610 diversa
3415 3554 3708 3610 mutatoria

2109 3626 2852 3696 vestimentorum,quorum
2890 3640 3062 3680 unum
3099 3632 3193 3678 aut
3220 3625 3450 3679 alterum
3489 3625 3708 3681 abunde

2107 3694 2400 3767 sufﬁceret.
2437 3694 2651 3767 Quain
2689 3710 2748 3751 re
2797 3711 3053 3767 magnam
3100 3697 3211 3750 sive
3248 3696 3466 3761 Regulae
3490 3704 3546 3749 et
3572 3712 3712 3766 pro-

2106 3760 2360 3821 fessionis
2407 3760 2762 3839 oblivionem,
2815 3760 2919 3821 aut'
2957 3768 3280 3839 neglectum,
3327 3767 3372 3819 si
3406 3780 3518 3819 non
3561 3760 3708 3839 con-

2107 3844 2377 3907 temptum
2413 3852 2522 3908 pra:
2555 3852 2613 3892 se
2639 3835 2859 3909 ferunt:
2894 3835 3115 3909 Regula:
3148 3836 3376 3909 quidem,
3404 3835 3707 3909 quaidicit

2110 3910 2354 3979 sufﬁcere
2376 3907 2628 3964 monacho
2649 3908 2787 3964 duas
2809 3907 3037 3973 tunicas,
3055 3915 3105 3964 et
3124 3907 3257 3964 duas
3275 3907 3504 3963 cucullus
3531 3907 3702 3978 (Reg.

2110 3983 2175 4034 D.
2208 3982 2399 4036 Bened.
2442 3996 2559 4051 cap.
2601 3980 2697 4051 55)
2729 3999 2744 4045 ;
2788 3984 2839 4035 et
2877 3983 2934 4034 in
2973 3982 3217 4035 omnibus
3257 3980 3709 4034 considerandam

2109 4052 2265 4106 illam
2279 4050 2597 4107 sententiam
2616 4050 2851 4108 Aetuum
2866 4053 3243 4121 Apostolorum
3264 4070 3276 4106 :
3292 4054 3423 4122 quia
3437 4050 3713 4106 divideba-

2109 4126 2200 4194 tur
2225 4125 2480 4194 singulis,
2501 4128 2666 4194 prout
2685 4124 2873 4193 cuique
2894 4138 3024 4193 opus
3046 4128 3167 4178 erat
3188 4124 3330 4194 (Act.
3351 4122 3434 4194 v),
3460 4137 3574 4194 non
3591 4137 3712 4177 am-

2108 4192 2265 4264 plius.
2309 4192 2687 4266 Professionis,
2730 4192 2835 4265 qua
2887 4192 3260 4266 paupertatem
3302 4192 3706 4266 evangelicam,

2108 4279 2233 4320 cum
2278 4280 2383 4337 qua
2422 4265 2578 4320 luxus
2608 4265 2698 4320 ille
2725 4272 2780 4337 et
2800 4265 3257 4337 vestimentorum
3288 4265 3446 4336 copia
3476 4280 3541 4320 ex
3588 4265 3705 4321 dia-

2108 4334 2536 4408 metro'pugnat,
2567 4334 2837 4408 complexi
2869 4344 3071 4408 suntet
3098 4334 3408 4408 servaturos
3436 4351 3495 4392 se
3520 4344 3707 4391 sancte

2105 4406 2498 4478 promiserunt.
2529 4406 2709 4464 Unde'
2732 4406 2789 4462 in
2818 4406 3049 4462 concilio
3075 4407 3437 4478 Tridentino(
3464 4409 3602 4465 Sess.
3633 4411 3706 4462 25

2104 4492 2222 4549 cap.
2257 4481 2289 4530 2
2309 4477 2375 4532 de
2398 4478 2692 4549 Regular.)
2713 4478 2947 4549 graviter
2974 4478 3237 4549 statuitur
3258 4486 3320 4534 ut
3344 4479 3705 4549 Regularibus

2105 4548 2382 4630 mobilium
2410 4564 2579 4630 usum_
2607 4548 2692 4630 _(in
2718 4548 2915 4630 quibus
2937 4548 3080 4605 haud
3098 4548 3272 4630 _dubie.
3306 4548 3487 4630 vestes

2107 4634 2275 4690 puum
2311 4620 2494 4675 locum
2526 4619 2795 4692 obtinent)
2830 4623 2905 4676 ita
2929 4622 3222 4691 superiores
3255 4619 3602 4692 permittant,
3638 4625 3705 4676 ut

2107 4706 2285 4745 eorum
2303 4692 2734 4775 supelleastatui
2742 4695 3108 4776 paupertatis,
3124 4708 3287 4775 quam
3266 4694 3543 4817 [frofessi
3556 4696 3704 4755 sunt,

2107 4766 2378 4817 conveniat
2396 4781 2411 4817 :
2432 4762 2946 4817 mlulauesuperﬂut
2964 4779 3023 4817 tn
3038 4779 3099 4817 ea
3112 4768 3205 4817 sat.
3224 4780 3261 4817 η
3326 4765 3369 4817 tl
3381 4768 3549 4817 etiam
3563 4762 3704 4817 quod

2106 4765 2378 4817 conveniat
2396 4781 2411 4831 ;
2432 4762 2950 4832 nihilquesuperﬂui
2964 4765 3023 4817 in
3038 4779 3099 4818 ea
3112 4762 3205 4825 sit,
3224 4762 3369 4817 nihil
3381 4766 3549 4820 etiam
3563 4762 3708 4833 quod

2107 4835 2181 4887 sit
2197 4836 2553 4889 necessarium
2567 4836 2641 4889 eis
2658 4834 2967 4903 denegetur.
2994 4835 3143 4902 Quod
3156 4837 3209 4889 si
3226 4837 3353 4905 quis
3370 4836 3537 4890 aliter
3554 4833 3712 4905 quid-

2107 4920 2268 4973 quam
2304 4909 2481 4961 tenere
2515 4905 2871 4975 deprehensus
2907 4906 3103 4973 fuerit,
3136 4908 3184 4960 is
3208 4906 3423 4961 biennio
3447 4907 3623 4962 activa
3652 4908 3711 4960 et

2101 4978 2325 5045 passiva
2338 4991 2457 5031 voce
2462 4978 2711 5047 privatus
2720 4978 2810 5039 sit,
2828 4976 3336 5047 atqueetiamjumta
3354 4993 3469 5033 sua:
3490 4977 3704 5045 Regula

2108 5050 2160 5100 et
2185 5047 2396 5120 ordinis
2420 5048 2818 5120 constitutiones
2839 5050 3104 5120 puniatur
3125 5047 3206 5120 (In
3229 5063 3352 5120 cap.
3381 5055 3412 5104 7
3436 5053 3488 5120 et
3505 5048 3707 5120 55_Re-

2108 5116 2442 5203 gulq)_._Sed
2466 5117 2534 5174 de
2561 5116 2792 5203 vestium
2816 5115 2993 5203 abusi!
3033 5126 3089 5174 et
3118 5115 3350 5203 .excessu
3389 5119 3507 5176 vide
3539 5115 3610 5190 pit
3628 5129 3703 5172 ra

2110 5188 2251 5259 apud
2265 5188 2759 5246 ’Turrecrematum
2783 5197 2839 5244 et
2861 5188 3257 5247 Trithemium.
3542 5188 3555 5190 ἡ

2118 5333 2152 5342 _
2180 5258 2205 5294 α
2237 5259 2559 5342 Qbservav'it
2577 5258 2931 5342 Quychiusin
2951 5261 3282 5342 quibusdam
3302 5261 3589 5342 codicibus
3606 5274 3716 5342 pro

2110 5332 2328 5386 Domini
2373 5330 2473 5403 legi
2500 5330 2673 5403 nobis,
2702 5330 2757 5386 in
2802 5331 2923 5388 aliis
2954 5330 3198 5397 Demum,
3246 5333 3305 5389 in
3342 5333 3462 5390 aliis
3500 5330 3719 5403 aliquot

2109 5415 2246 5455 mss.
2305 5402 2631 5476 vocabulum
2676 5405 2916 5476 Domini
2938 5412 3274 5476 expunctum
3321 5419 3460 5476 esse,
3494 5411 3549 5476 at
3577 5402 3722 5476 _non

2108 5478 2273 5527 recte.
2305 5470 2439 5549 vult
2481 5472 2627 5541 enim
2642 5473 2839 5549 _dicere
2867 5470 3037 5531 abbas
3063 5476 3240 5549 Isaac,
3267 5470 3540 5549 quoduetsi
3562 5472 3724 5549 dua:

2109 5556 2234 5598 rum
2261 5543 2569 5600 tunicarum
2611 5544 2723 5602 sive
2750 5553 3004 5615 togarum
3034 5543 3303 5603 velamen'
3329 5543 3596 5610 sufﬁciat,
3625 5543 3725 5601 his

2109 5620 2294 5691 tamen
2328 5631 2441 5671 non
2470 5615 2739 5691 contenti,
2770 5631 3128 5689 procuremus
3158 5617 3330 5691 trium
3358 5616 3451 5674 vel
3475 5623 3727 5691 quatuor

2108 5685 2419 5812 tunicatum
2455 5686 2665 5812 dqmini
2693 5685 2789 5746 seti
2821 5702 3166 5762 possessores
3192 5688 3331 5759 ﬁeri,
3373 5694 3435 5745 ut
3462 5685 3728 5763 superius

2108 5772 2293 5812 PXDOSI
2321 5772 2414 5812 um
2441 5772 2500 5812 es
2529 5800 2541 5812 .

2108 5765 2414 5828 expositum
2441 5765 2541 5814 est.
