4048 6208
344 289 453 345 ’779

947 401 1193 460 CAPUT
1226 399 1342 455 νη.

1428 266 1709 326 JOANNIS
1744 261 2047 321 CASSIANI
2086 255 2577 317 COLLATIONES.

1978 391 2031 455 Α
2058 384 2204 459 genti
2227 380 2407 440 cordis
2434 377 2763 438 contritione
2801 383 2965 449 atque
3007 371 3177 432 animi
3208 370 3447 445 puritate
3463 410 3479 439 ,
3510 376 3569 427 et
3593 369 3665 426 il-

3552 246 3659 303 780

361 510 556 564 Utrum
588 501 810 573 majoris
834 496 1181 573 difﬁcultatis
1207 495 1280 548 sit
1302 489 1570 573 custodire
1598 485 1951 557 cogitationes
2056 480 2417 541 luminatione
2463 476 2641 537 sancti
2694 474 2957 549 Spiritus,
2998 471 3237 529 arbitror
3261 465 3666 541 comprehendi

839 564 1020 630 bonas,
1050 580 1211 635 quam
1235 564 1471 634 parare?

424 679 734 736 Germanus
764 691 778 727 :
828 669 1062 727 Utinam
1094 664 1259 723 simili
1289 662 1457 719 modo
1506 668 1671 732 atque
1697 661 1722 690 ⁸
1761 655 1952 714 eadem

351 772 614 830 facilitate
656 782 763 839 qua
799 763 1006 821 semina
1037 758 1362 832 spiritalium
1400 754 1797 828 cogitationum
1839 751 1955 822 ple-

350 878 584 935 rumque
632 858 990 930 concipimus,
1046 852 1210 910 etiam
1278 849 1697 924 perpetuitatem
1765 860 1955 903 earum

353 956 632 1032 possidere
660 965 967 1026 possemus.
1001 951 1141 1007 Cum
1169 946 1318 1003 enim
1347 943 1557 1001 fuerint
1580 942 1690 998 sive
1714 954 1809 1011 per
1834 953 1957 995 mc-

357 1030 593 1109 moriam
620 1046 1044 1117 Scripturarum,
1073 1056 1169 1096 seu
1200 1054 1295 1112 per
1337 1033 1775 1092 recordationem
1806 1030 1959 1102 spiri-

358 1146 551 1203 talium
581 1152 929 1214 quorumque
962 1143 1208 1202 actuum,
1259 1131 1344 1187 vel
1375 1136 1523 1185 certe
1554 1142 1655 1209 per
1698 1125 1959 1181 intuitum

361 1241 840 1296 Sacramentorum
880 1226 1184 1285 caelestium
1218 1231 1411 1279 nostro
1450 1218 1616 1276 corde
1650 1204 1956 1288 conceptae,

364 1329 659 1390 insensibili
715 1324 949 1398 quadam
998 1321 1122 1396 fuga
1163 1321 1327 1392 lapsae
1366 1316 1693 1390 quantocius
1754 1326 1962 1370 evane-

362 1433 549 1484 scunt.
581 1424 830 1493 Cumque
859 1418 989 1474 alias
1012 1414 1283 1488 quaslibet
1297 1410 1607 1469 occasiones
1635 1406 1959 1479 spiritalium

364 1533 627 1577 sensuum
652 1529 808 1569 mens
836 1520 1022 1567 nostra
1049 1507 1328 1581 repererit,
1348 1519 1541 1561 rursus
1568 1502 1687 1559 aliis
1717 1501 1961 1571 irrepen-

366 1611 703 1680 tibus,ipsae
756 1618 980 1677 quoque
1027 1617 1151 1673 quae
1201 1597 1554 1671 apprehensa:
1585 1594 1823 1662 fuerant,
1875 1592 1965 1649 lu-

362 1705 509 1762 brica
550 1699 887 1755 volubilitate
931 1694 1246 1766 diffugiunt,
1274 1692 1347 1747 ita
1370 1699 1434 1747 ut
1472 1688 1676 1744 nullam
1707 1693 1963 1743 constan-

2055 593 2171 635 non
2190 591 2370 650 posse.
2390 577 2498 631 Tot
2525 574 2673 630 enim
2693 577 2826 628 sunt
2843 575 2980 644 quot
2998 568 3058 624 in
3086 565 3266 623 anima
3283 578 3417 631 una,
3446 561 3566 618 imo
3607 560 3668 618 in

2059 671 2267 729 cunctis
2306 668 2612 737 animabus,
2649 674 2825 724 statim
2841 670 3051 738 queunt
3074 659 3472 733 qualitateeque
3499 669 3671 728 gene-

2060 765 2192 823 rari.
2223 768 2297 822 Et
2337 762 2460 820 ideo
2489 763 2618 819 licet
2644 760 2885 818 sciamus
2918 773 3024 815 nos
3062 771 3164 829 pro
3188 749 3523 811 hebetudine
3544 764 3669 807 eor-

2062 860 2151 918 dis
2188 858 2364 916 nostri
2396 857 2676 915 universas
2727 855 3044 911 orationum
3089 847 3297 922 species
3342 860 3458 902 non
3505 858 3670 916 posse

2060 953 2386 1026 perspicere,
2414 959 2599 1007 tamen
2630 949 2684 1006 in
2711 955 2983 1022 quantum
3010 940 3364 1001 mediocritas
3380 937 3674 1011 experien-

2063 1049 2152 1105 tize
2187 1055 2398 1104 nostrae
2422 1044 2635 1117 assequi
2662 1039 3030 1116 praevaluerit,
3060 1036 3304 1110 digerere
3326 1048 3418 1090 eas
3446 1041 3671 1089 utcum-

2065 1157 2174 1215 que
2212 1141 2566 1199 tentabimus.
2614 1141 2641 1176 ³³
2682 1135 2999 1195 Secundum
3056 1142 3371 1188 mensuram
3420 1141 3671 1200 namque

2066 1238 2325 1310 puritatis
2360 1237 2417 1293 in
2449 1251 2556 1308 qua
2585 1249 2743 1291 mens
2768 1243 3113 1303 unaquaque
3139 1224 3380 1299 proﬁcit,
3410 1231 3466 1279 et
3490 1221 3681 1294 quali-

2070 1340 2240 1389 tatem
2290 1339 2468 1387 status
2494 1329 2551 1385 in
2591 1343 2704 1400 quo
2734 1326 2815 1382 vel
2859 1339 2927 1380 ex
2956 1319 3334 1379 accidentibus
3359 1316 3675 1383 inclinatur,

2069 1424 2150 1480 vel
2173 1436 2270 1495 per
2287 1438 2446 1479 suam
2473 1429 2768 1478 renovatur
2791 1415 3138 1483 industriam,
3164 1413 3278 1485 ipsa
3303 1425 3535 1484 quoque
3553 1423 3678 1465 mo-

2072 1518 2268 1575 mentis
2314 1516 2544 1590 singulis
2579 1514 2915 1571 reformatur
2936 1552 2953 1582 ,
2987 1516 3044 1567 et
3081 1507 3285 1566 idcirco
3364 1503 3679 1562 uniformes

2071 1612 2346 1670 orationes
2368 1610 2544 1668 emitti
2573 1621 2792 1681 semper
2817 1622 2849 1663 a
2874 1601 3104 1673 neminef
3120 1616 3282 1673 posse
3301 1599 3675 1657 certissimum

2073 1717 2177 1765 est.
2215 1707 2394 1764 Aliter
2419 1704 2566 1761 enim
2597 1702 2831 1776 quisque
2875 1697 3145 1771 supplicat
3172 1708 3304 1752 cum
3346 1694 3531 1750 alacer
3574 1699 3677 1760 est,

365 1799 503 1855 tiam
550 1795 634 1851 sui
683 1792 922 1849 retinens
970 1788 1218 1855 animus,
1275 1801 1377 1842 nec
1423 1791 1690 1856 potestate
1752 1778 1966 1852 propria
2001 1797 2050 1859 B
2075 1801 2235 1859 aliter
2261 1815 2393 1856 cum
2418 1796 2656 1855 tristitia
2698 1811 2795 1853 seu
2837 1790 3229 1864 desperationis
3279 1789 3518 1862 pondere
3540 1801 3680 1859 pm.

368 1901 685 1951 sanctarum
698 1887 1099 1962 cogitationum
1125 1881 1404 1955 possidens
1424 1878 1770 1945 ﬁrmitatem,
1802 1875 1966 1932 etiam

365 1995 498 2043 tunc
541 1998 669 2039 cum
717 1995 808 2037 eas
844 1977 1059 2035 videtur
1108 1984 1407 2046 utcumque
1436 1972 1687 2036 retinere,
1735 1968 1966 2025 fortuito

369 2080 507 2145 illas,
528 2085 583 2133 et
613 2090 722 2130 non
744 2072 813 2129 de
842 2070 1130 2139 industria,
1160 2067 1485 2139 concepisse
1512 2063 1787 2121 credatur.
1811 2063 1967 2131 Quo-

367 2171 535 2229 modo
589 2168 734 2225 enim
771 2176 928 2225 ortus
971 2180 1161 2223 earum
1192 2172 1379 2221 nostro
1418 2161 1645 2218 arbitrio
1688 2157 1987 2232 putabitur

366 2262 746 2333 ascribendus,
777 2277 1014 2336 quarum
1042 2258 1433 2333 perseverantia
1458 2272 1571 2313 non
1614 2253 1863 2311 consistit
1914 2252 1967 2307 in

370 2362 527 2421 nobis
551 2364 574 2417 Ρ
604 2357 707 2417 Sed
734 2372 804 2413 ne
824 2356 967 2413 forte
985 2354 1086 2410 sub
1126 2349 1294 2425 hujus
1319 2349 1637 2423 quaestionis
1660 2346 1917 2418 indagine
1936 2361 1969 2401 a

366 2463 550 2528 empto
576 2450 904 2509 narrationis
932 2447 1126 2505 ordine
1178 2445 1392 2518 longius
1433 2449 1725 2515 evagantes
1750 2439 1968 2510 exposi-

370 2551 577 2606 tionem
627 2544 958 2619 propositam
985 2556 1147 2614 super
1173 2539 1433 2596 orationis
1464 2545 1609 2594 statu
1650 2534 1853 2591 diutius
1880 2548 1971 2589 re-

369 2642 672 2710 tardemus,
702 2654 803 2697 suo
845 2637 987 2715 hanc
1024 2634 1264 2708 tempori
1297 2640 1661 2700 reservantes,
1701 2628 1771 2687 de
1804 2627 1972 2700 quali-

377 2746 485 2796 tate
531 2735 796 2792 orationis
851 2730 1246 2788 instantissime
1296 2741 1617 2801 quaesumus
1665 2720 1972 2790 informari,

372 2830 677 2905 praesertim
729 2844 857 2887 cum
912 2826 1065 2883 nullo
1115 2832 1369 2896 tempore
1414 2836 1518 2877 nos
1545 2819 1613 2875 ab
1658 2833 1721 2874 ea
1764 2832 1977 2879 cessare

372 2925 566 2988 beatus
612 2921 913 2993 Apostolus
936 2927 1165 2976 moneat
1190 2916 1408 2973 dicens:
1434 2916 1563 2971 Sine
1582 2912 1976 2966 intermissione

378 3024 530 3073 orate
567 3018 614 3079 (Ι
644 3015 818 3069 Thess.
853 3012 937 3082 v).
985 3013 1057 3066 Et
1096 3009 1218 3065 ideo
1234 3009 1471 3079 primum
1485 3005 1553 3060 de
1574 3002 1836 3075 qualitate
1860 3000 1977 3073 ejus

375 3106 750 3164 desideramus
789 3103 1020 3169 institui,
1052 3101 1113 3157 id
1157 3108 1273 3169 est,
1328 3097 1502 3170 qualis
1557 3096 1752 3153 debeat
1801 3096 1973 3153 emitti

2073 1903 2349 1971 gravatur,
2376 1893 2533 1950 aliter
2567 1907 2699 1949 cum
2740 1886 3083 1962 spiritalibus
3115 1882 3446 1941 successibus
3483 1882 3666 1953 viget,

2074 1992 2233 2049 aliter
2271 2003 2400 2047 cum
2431 1984 2918 2060 impugnationum
2957 1981 3106 2038 mole
3145 1977 3486 2051 deprimitur,
3508 1974 3674 2031 aliter

2075 2099 2204 2140 cum
2231 2082 2444 2138 veniam
2485 2088 2835 2153 peccatorum
2857 2118 2874 2145 ,
2900 2075 3061 2132 aliter
3097 2089 3225 2131 cum
3254 2070 3685 2143 acquisitionem

2076 2178 2264 2252 gratiae
2320 2190 2415 2232 seu
2467 2173 2753 2247 cujuslibet
2806 2171 3026 2228 virtutis
3075 2168 3339 2241 exposcit,
3390 2166 3478 2222 vel
3535 2171 3686 2221 certe

2076 2270 2495 2327 exstinctionem
2530 2266 2820 2340 cujuslibet
2847 2265 2961 2321 vitii
2994 2263 3337 2336 deprecatur,
3367 2260 3525 2316 aliter
3550 2273 3682 2315 cum

2077 2361 2512 2419 consideratione
2565 2359 2825 2433 gehennae
2880 2373 2945 2414 ac
3007 2354 3178 2412 futuri
3219 2353 3411 2427 judicii
3474 2352 3682 2407 timore

2078 2454 2482 2526 compungitur,
2534 2453 2692 2510 aliter
2720 2467 2846 2509 cum
2884 2466 2980 2524 spe
3028 2449 3348 2506 futurorum
3396 2447 3681 2503 bonorum

2080 2547 2458 2620 desiderioque
2484 2547 2875 2616 inflammatur,
2892 2540 3061 2601 aliter
3103 2558 3234 2600 cum
3261 2543 3317 2598 in
3341 2538 3683 2598 necessitati-

2079 2641 2186 2700 bus
2229 2657 2293 2699 ac
2348 2641 2621 2714 periculis,
2646 2636 2804 2697 aliter
2830 2652 2959 2698 cum
3004 2638 3058 2694 in
3097 2637 3386 2694 securitate
3424 2651 3491 2691 ac
3528 2643 3689 2690 tran-

2081 2736 2345 2808 quillitate
2370 2745 2635 2804 versatur,
2679 2735 2836 2792 aliter
2873 2748 2999 2791 cum
3029 2740 3499 2790 sacramentorum
3519 2729 3686 2786 cmic-

2084 2829 2254 2885 stium
2290 2829 2714 2886 revelationibus
2735 2828 3074 2895 illustratur,
3104 2825 3267 2882 aliter
3301 2840 3433 2880 cum
3477 2822 3683 2879 sterili-

2082 2930 2194 2979 tate
2218 2921 2483 2980 virtutum
2506 2939 2570 2980 ac
2598 2934 2861 2980 sensuum
2880 2920 3144 2978 ariditate
3191 2919 3603 2991 constringitur.

2675 3010 2918 3073 CAPUT
2962 3016 3065 3069 lX.

2355 3114 2432 3167 De
2454 3110 2864 3181 φαώ-ίραντίεα
2885 3110 3189 3164 orationum
3217 3109 3408 3178 specie.

376 3212 588 3268 semper
621 3193 794 3250 οῖἐηίο
818 3213 835 3262 3
865 3191 1060 3249 deinde
1087 3191 1318 3263 qualiter
1344 3189 1483 3245 hanc
1509 3187 1783 3256 eamdem,
1825 3204 1978 3260 (Ιυω-
2007 3191 2052 3254 C
2152 3202 2226 3258 Et
2250 3200 2575 3258 idcirco'ahis
2594 3210 2757 3276 super
2778 3202 3100 3259 orationum
3127 3200 3388 3273 qualitate
3430 3194 3677 3272 digestis,

378 3306 614 3363 cumque
662 3298 767 3356 est,
806 3286 1085 3361 possidere
1112 3285 1196 3342 vel
1250 3301 1503 3342 exercere
1547 3284 1667 3341 sine
1698 3284 1981 3340 intermis-

380 3387 536 3443 sione
566 3383 861 3457 possimus.
906 3384 1028 3440 Non
1067 3381 1211 3439 enim
1240 3396 1404 3454 parva
1446 3379 1629 3436 cordis
1677 3378 1976 3435 intentione

376 3496 497 3538 eam
529 3480 717 3551 perlici
748 3494 927 3551 posse,
955 3486 1009 3532 et
1051 3474 1376 3548 experientia
1403 3472 1737 3547 quotidiana,
1771 3480 1826 3528 et
1856 3487 1981 3543 pro-

377 3576 587 3629 secutio
632 3582 744 3629 tuae
773 3571 1072 3628 sanctitatis
1099 3569 1356 3636 ostendit,
1391 3569 1481 3639 qui
1516 3567 1682 3622 ﬁnem
1729 3564 1979 3621 monachi

378 3681 444 3723 ac
467 3666 634 3721 totius
664 3663 1010 3736 perfectionis
1052 3662 1270 3717 culmen
1316 3661 1371 3715 in
1421 3660 1682 3715 orationis
1718 3674 1980 3715 consum-

378 3760 621 3817 matione
662 3757 955 3814 consistere
982 3754 1237 3813 deﬁnisti.

963 3859 1205 3915 CAPUT
1249 3858 1397 3912 Vill.

485 3959 772 4028 ReSponsio
809 3957 874 4010 de
901 3955 1129 4009 dirersis
1157 3954 1461 4007 orationum
1490 3948 1868 4019 qualitatibus.

452 4059 649 4113 Isaac:
694 4055 990 4111 Universas
1038 4051 1351 4107 orationum
1407 4045 1611 4119 species
1642 4049 1850 4118 absque
1897 4046 1979 4102 in-

2086 3294 2209 3352 licet
2232 3310 2345 3351 non
2383 3305 2650 3368 quantum
2682 3297 2928 3370 exposcit
2952 3296 3197 3353 materia:
3230 3292 3572 3368 magnitudo,
3591 3291 3691 3350 sed

2086 3396 2356 3458 quantum
2397 3391 2479 3445 vel
2535 3386 3082 3463 temporis’admi'ttit
3125 3389 3393 3462 angustia,
3432 3387 3515 3442 vel
3543 3395 3692 3442 certe

2087 3497 2283 3553 capere
2337 3485 2572 3540 tenuitas
2602 3484 2803 3556 ingenii
2852 3481 3057 3551 nostri,
3096 3491 3154 3538 et
3202 3481 3385 3538 cordis
3434 3479 3691 3553 praevalet

2087 3573 2382 3645 hebetudo,
2430 3579 2607 3651 major
2633 3578 2794 3634 nobis
2824 3593 2967 3634 nunc
2994 3576 3245 3633 imminet
3283 3574 3598 3642 difﬁcultas,
3627 3581 3695 3631 ut

2089 3668 2231 3739 ipsas
2251 3671 2532 3741 sigillatim
2575 3673 2888 3729 orationum
2928 3673 3136 3745 species
3164 3686 3519 3742 exponamus,
3553 3684 3695 3740 quas

2091 3764 2388 3835 Apostolus
2407 3767 2805 3839 quadripartita
2834 3769 3050 3825 ratione
3074 3767 3329 3832 distinxit,
3360 3767 3432 3820 ita
3457 3764 3689 3821 dicens:

2090 3867 2350 3934 Deprecor
2399 3863 2583 3931 itaque
2620 3863 2799 3933 primo
2851 3864 3085 3917 omnium
3134 3861 3246 3931 ﬁeri
3287 3858 3689 3926 oblectationes,

2084 3957 2369 4025 orationes,
2378 3954 2785 4025 postulationes,
2807 3956 3115 4024 gratiarum
3129 3954 3352 4012 actiones
3366 3950 3409 4020 (Ι
3430 3952 3570 4005 Tim.
3586 3964 3607 4005 1
3618 3950 3665 4021 ι)
3676 3992 3695 4008 .

2090 4048 2228 4116 Quae
2254 4050 2277 4079 ε
2307 4061 2416 4102 non
2454 4046 2690 4109 inaniter
2755 4047 2822 4103 ab
2891 4046 3158 4118 Apostolo
3199 4042 3271 4101 ita
3307 4041 3475 4099 fuisse
3515 4042 3689 4099 divisa

1480 4158 1734 4214 ALARDI
1769 4158 1991 4214 GAZIEI
2032 4159 2594 4215 COMMENTARIUS.

456 4277 481 4305 ³
516 4272 693 4342 Hujus
730 4269 815 4342 rei
844 4270 1055 4339 insigne
1086 4264 1719 4342 exetnplttm__observare
1749 4273 1907 4337 potes
1934 4266 1986 4320 in

396 4347 462 4398 D.
509 4336 816 4411 Augustino
837 4379 853 4406 ,
883 4336 1338 4411 tot'oprtnsertim
1377 4336 1517 4391 libro
1548 4345 1739 4411 octavo
1766 4350 1989 4411 suarum

390 4406 831 4474 Corifessionum,
854 4423 964 4477 quo
1008 4406 1222 4477 initium
1250 4421 1365 4462 sua:
1392 4406 1763 4462 conversionis
1789 4407 1992 4462 descri-

389 4482 470 4537 bit
502 4499 514 4532 :
555 4489 609 4533 et
628 4477 817 4548 confer
836 4476 987 4548 hunc
1010 4476 1194 4548 locum
1214 4492 1341 4539 cum
1362 4492 1484 4548 cap.
1516 4483 1586 4548 Π
1619 4484 1675 4529 et
1706 4482 1766 4531 t8
1792 4479 1981 4548 prima;

396 4548 731 4615 collationis,
755 4545 846 4601 ubi
876 4545 942 4601 de
972 4545 1367 4617 cogitationum
1400 4545 1679 4600 nobilitate
1699 4556 1756 4602 et
1781 4545 1984 4603 mentis

394 4620 741 4689 instabilitate
770 4617 968 4689 agitur.

2095 4270 2427 4348 sostomunl‘.
2456 4268 2679 4348 AVerum
2723 4263 3071 4348 communior
3113 4273 3168 4321 et
3217 4262 3555 4345 probabilior
3615 4269 3702 4318 est

2098 4337 2332 4392 aliorum
2377 4340 2598 4391 Patrum
2640 4337 2937 4404 sententia,
2975 4336 3214 4392 diversas
3242 4335 3555 4390 orationum
3585 4349 3611 4388 s

2101 4408 2211 4488 cies
2238 4406 2324 4488 bis
2348 4406 2570 4488 vocibus
2593 4407 2661 4488 ab
2698 4408 2960 4488 Aﬁpostolo
2989 4407 3301 4488 designatas
3318 4413 3403 4472 (ut
3427 4403 3662 4488 docethi

2088 4478 2297 4561 abbas),
2308 4492 2439 4561 gnte
2457 4478 2693 4561 etiamin
2708 4480 2905 4561 graeco
2928 4486 3074 4533 textu
3102 4478 3529 4561 distinguuntur.
3556 4478 3699 4531 Nam

2093 4549 2271 4630 primo
2308 4549 2431 4630 loco
2456 4548 2918 4630 poniturﬁerﬁeszg,
2958 4548 3198 4630 secundo
3228 4548 3526 4630 προσξυχάς,
3583 4555 3702 4630 ter-

2092 4616 2172 4691 tio
2200 4616 2772 4691 ivm’iEatgg'Secundo,
2812 4621 3069 4691 quoniam
3099 4620 3218 4675 hate
3244 4616 3460 4690 partitio
3491 4625 3545 4672 et
3583 4616 3699 4691 dis:

466 4686 492 4725 δ
524 4692 779 4749 Variatur
810 4686 998 4746 'oratio
1022 4703 1126 4761 pro
1172 4686 1335 4761 varia
1356 4686 1741 4761 dispositione‘
1761 4690 1983 4761 orantis.
2016 4691 2067 4752 D
2096 4690 2288 4745 tinctio
2315 4690 2651 4746 subobscure
2679 4686 2921 4761 apparet,
2968 4686 3261 4748 videndum
3292 4691 3545 4746 breviter
3569 4687 3703 4761 quid

396 4770 467 4823 Et
497 4765 614 4821 haec
647 4764 819 4834 prima
852 4757 1068 4835 partitio
1108 4757 1563 4829 orationis,eaque
1587 4757 1861 4815 indeﬁnite
1882 4802 1897 4829 ,
1926 4777 1988 4817 ex

398 4847 548 4911 parte
574 4835 821 4911 subjecti.

468 4913 491 4940 ο
522 4900 697 4961 Verba
727 4904 977 4976 Apostoli
1005 4905 1059 4960 in
1084 4902 1265 4975 priore
1290 4900 1358 4958 ad
1378 4900 1732 4976 Timotheum
1752 4916 1871 4974 cap.
1900 4919 1986 4960 ιιι

399 4980 622 5037 Obsecro
642 4979 691 5046 ig
699 4975 810 5031 itur
815 4977 1060 5045 primum
1072 4977 1309 5029 omnium
1319 4977 1442 5044 ﬁeri
1450 4975 1853 5037 obsecrationes,
1874 4991 1994 5030 ora-

396 5053 581 5111 tiones,
612 5048 1345 5119 postulationes.gratiarum
1364 5048 1615 5107 actiones,
1648 5054 1756 5102 etc.
1786 5046 1994 5115 Quibus

394 5122 590 5178 similia
612 5116 747 5175 sunt
769 5119 855 5173 illa
884 5116 951 5173 ad
976 5116 1203 5188 Philipp.
1238 5132 1276 5173 v
1312 5136 1324 5170 :
1371 5120 1432 5173 In
1467 5120 1614 5172 omni
1661 5120 1901 5172 oratione
1941 5124 1995 5173 et

393 5196 745 5251 obsecratione
774 5207 895 5246 cum
922 5191 1224 5258 gratiarum
1253 5191 1456 5244 actione
1490 5191 1774 5258 petitiones
1800 5194 1990 5244 vestra:

392 5268 736 5339 innotescunt
751 5262 904 5339 apud
926 5266 1110 5339 Deum.
1142 5259 1350 5339 Quibus
1377 5259 1550 5314 verbis
1577 5268 1828 5313 censetur
1850 5263 1992 5339 Apo-

393 5338 566 5392 stolus
595 5332 828 5390 voluisse
852 5333 1183 5404 distinguere
1199 5332 1350 5404 velut
1374 5338 1610 5404 quatuor
1632 5343 1851 5404 genera,
1872 5332 1990 5404 sive

392 5408 599 5481 species
642 5404 924 5481 orationis.
967 5396 1079 5481 Ubi
1124 5403 1306 5481 primo
1347 5396 1659 5456 notandum
1699 5396 1767 5451 de
1816 5398 1988 5457 tribus

394 5472 582 5551 primis
606 5476 829 5551 vocibus
856 5472 1465 5551 quosdam—esist‘imare
1493 5485 1582 5551 eas
1606 5483 1724 5522 esse
1744 5483 1986 5551 synony:

393 5542 529 5617 mas,
562 5559 614 5605 et
645 5550 711 5603 ab
753 5542 1012 5616 Apostolo
1040 5546 1203 5602 simul
1230 5542 1508 5617 adhibitas
1531 5547 1585 5595 et
1598 5550 1889 5617 congestas
1918 5542 1985 5617 ad

390 5611 659 5689 majorem
683 5611 990 5689 emphasim
1014 5626 1067 5673 et
1091 5613 1408 5689 monitionis
1430 5611 1724 5689 energiam.
1759 5614 1984 5670 Proinde

388 5682 633 5745 noluisse
668 5682 997 5754 Apostolum
1026 5704 1121 5758 per
1164 5687 1260 5743 has
1303 5699 1462 5758 voces
1491 5682 1834 5758 partitionem
1868 5686 1985 5758 uali-

390 5777 551 5833 quam
611 5753 880 5833 indicare,
922 5753 1169 5833 sed‘rem
1187 5754 1466 5833 _e_amd_em
1497 5753 1740 5825 pluribus
1762 5755 1983 5833 vocibus

391 5824 712 5906 synonymis
743 5827 1026 5884 inculcare.
1076 5832 1154 5885 Ita
1186 5824 1622 5898 TheophylaCtus
1652 5835 1775 5899 post
1801 5828 1981 5901 Chry-

2100 4764 2285 4817 Patres
2311 4761 2379 4817 de
2400 4778 2463 4816 ea
2502 4758 2767 4834 scriptum
2794 4762 3124 4834 reliquerint.
3167 4760 3337 4834 Igitur
3357 4764 3435 4834 _S.
3464 4758 3703 4834 Hilarius

2098 4833 2340 4889 scribens
2368 4834 2423 4888 in
2452 4829 2855 4902 psalnium‘cxr
2885 4829 3391 4903 z’Quatuor,‘inquit
3422 4833 3556 4903 (Lib.
3589 4846 3609 4885 ι
3633 4829 3705 4885 de

2100 4908 2259 4961 Bonis
2288 4906 2504 4975 Operib.
2533 4907 2589 4959 in
2612 4908 2807 4975 partio.
2832 4921 2875 4960 c.
2897 4906 2973 4976 2).
3004 4921 3199 4973 genera
3224 4907 3530 4958 orationum
3556 4904 3709 4971 Apo—

2100 4978 2267 5031 stolus
2295 4992 2404 5032 esse
2430 4979 2709 5045 signiﬁcat
2738 4978 2812 5031 ad
2853 4977 3184 5030 Timotheum
3226 4976 3478 5030 sm’bens.
3520 4976 3702 5028 Eram

2102 5064 2224 5118 ergo
2240 5052 2421 5117 primc
2445 5051 2684 5103 omnium
2712 5050 2833 5116 ﬁeri
2840 5050 3194 5118 precationes,
3222 5050 3507 5112 orationes,
3520 5047 3705 5114 postis-

2101 5120 2343 5183 lationes,
2375 5122 2681 5188 gratiarum
2710 5122 2960 5174 actiones.
3012 5119 3349 5174 Humilitatis
3399 5123 3590 5172 nostra:
3616 5119 3709 5170 est

2099 5191 2396 5261 deprecari,
2419 5193 2832 5260 magniﬁcentia:
2842 5193 2941 5246 Dei
2966 5197 3045 5245 est
3073 5191 3240 5253 arari,
3271 5191 3403 5259 ﬁdei
3413 5194 3495 5261 est
3516 5191 3714 5261 postu-

2099 5257 2230 5343 lare,
2248 5257 2591 5343 confessionis
2608 5257 2665 5316 'et
2677 5263 2858 5343 laudis
2887 5267 2964 5316 est
2983 5257 3279 5343 gratulari.
3361 5257 3712 5342 .Ambrosius

2099 5331 2192 5416 lib.
2215 5348 2289 5416 ῃ
2312 5332 2378 5416 de
2408 5334 2774 5416 sacramentis
2805 5348 2924 5416 cap.
2949 5348 2988 5385 v
3016 5334 3327 5416 :‘Incl‘ioari,
3356 5331 3554 5400 inquit,
3582 5344 3718 5412 ora-

2096 5405 2171 5456 tio
2195 5404 2344 5475 debet
2362 5419 2397 5456 a
2418 5407 2516 5460 Dei
2537 5405 2726 5471 laude;
2752 5409 2998 5475 sequitur
3014 5404 3208 5459 deinde
3223 5405 3533 5475 obsecratio,
3560 5402 3719 5475 sicut

2094 5474 2382 5542 Apostolus
2409 5476 2588 5529 docuit
2610 5477 2789 5531 dicens
2814 5471 2832 5530 Ξ
2865 5477 3084 5532 Obsecro
3118 5478 3357 5546 primum
3399 5474 3524 5546 ﬁeri
3548 5471 3719 5546 obse-

2094 5548 2374 5608 crationes,
2390 5549 2690 5614 gratiarum
2701 5550 2950 5602 actiones.
2966 5543 3284 5616 Primaergo
3301 5546 3474 5600 oratio
3485 5543 3715 5598 laudem

2093 5616 2246 5671 debet
2294 5619 2486 5673 habere
2510 5622 2625 5681 Dei,
2652 5620 2884 5673 secunda
2924 5620 3388 5689 supplicationem,
3420 5619 3718 5689 (ortiaPO'

2090 5690 2445 5770 saltationem,
2482 5696 2681 5770 quarta
2716 5686 3327 5770 gratiarumfactionem.
3503 5686 3715 5770 "primo

2090 5759 2381 5841 locoponit
2408 5759 2737 5841 orationem,
2755 5770 3099 5841 quam__vocat
3116 5761 3333 5841 laudem
3352 5760 3474 5841 Dei.
3500 5760 3560 5814 S.
3585 5764 3716 5841 ῥυ-

2088 5830 2334 5900 gustinus
2383 5830 2538 5902 epist.
2595 5837 2665 5888 59
2708 5828 2786 5888 ad’
2802 5832 3089 5889 Paulinum
3120 5833 3224 5889 late
3266 5832 3334 5887 de
3362 5830 3450 5887 his
3480 5828 3711 5887 vocibus
