4048 6208
295 232 390 287 ’781

293 447 429 523 quid
450 447 853 515 obsecratione,
884 445 1017 520 quid
1036 447 1308 517 oratione,
1347 446 1478 520 quid
1505 448 1893 520 postulatione,

297 540 425 615 quid
463 541 758 614 gratiarum
790 540 1004 596 actione
1034 538 1280 613 signetur
1305 560 1319 598 :
1353 539 1548 597 deinde
1576 542 1895 615 perquiren-

298 634 428 693 dum
444 645 644 693 utrum
670 637 761 694 hae
788 644 1031 710 quatuor
1062 635 1269 709 species
1293 635 1363 692 ab
1390 646 1585 693 orante
1613 638 1722 693 sint
1747 639 1898 710 pari-

294 738 375 786 ter
396 730 765 801 assumendae,
797 729 850 787 id
890 738 998 815 est,
1036 738 1098 787 ut
1136 745 1337 787 omnes
1373 728 1538 786 simul
1559 731 1618 786 in
1648 746 1898 805 unaqua-

292 838 399 896 que
410 822 807 896 supplicatione
822 825 1119 900 jungantur
1136 847 1150 893 ;
1167 840 1237 881 an
1256 824 1496 882 vicissim
1511 825 1899 898 sigillatimque

292 917 401 976 sint
421 914 739 988 afferendae,
771 929 832 977 ut
858 928 985 992 puta
1008 936 1157 977 nunc
1194 919 1418 993 quidem
1459 914 1896 991 obsecrationes,

290 1024 438 1067 nunc
465 1026 599 1068 vero
625 1013 931 1083 orationes,
954 1029 1103 1069 nunc
1135 1021 1322 1069 autem
1381 1011 1778 1086 postulationes
1800 1027 1895 1069 seu

291 1104 587 1176 gratiarum
628 1108 873 1164 actiones
902 1116 905 1117 ⁷
937 1115 1190 1181 oporteat
1225 1109 1439 1182 promi;
1468 1126 1541 1166 an
1575 1117 1719 1166 certe
1762 1109 1897 1165 alius

289 1195 518 1268 quidem
561 1199 990 1271 obsecrationes,
1065 1203 1206 1261 alius
1266 1204 1563 1276 gratiarum
1611 1203 1756 1259 actio
1784 1204 1897 1258 Deo

287 1288 485 1348 debeat
506 1293 780 1364 exhibere,
808 1295 1109 1354 secundum
1150 1313 1485 1366 mensuram,
1531 1297 1730 1354 scilicet
1751 1305 1890 1353 aeta-

286 1382 362 1440 tis
405 1401 541 1457 suae,
589 1388 644 1443 in
692 1402 799 1460 qua
852 1404 1190 1464 unaquaeque
1230 1407 1388 1448 mens
1440 1405 1536 1462 per
1572 1390 1890 1447 intentionis

282 1481 501 1554 proﬁcit
520 1483 862 1541 industriam.

1282 302 1293 307 ἒ
1388 226 1727 286 COLLATIO
1764 231 1854 286 IX.
2003 231 2091 288 DE
2127 222 2527 288 ORATIONEX

295 352 521 411 minime
558 351 927 410 dubitandum
964 360 1068 411 est.
1118 355 1192 410 Et
1230 352 1486 431 primitus
1518 352 1890 428 indagandum
1919 362 1974 424 Α

3497 244 3606 301 782

2618 359 2859 416 CAPUT
2895 361 2973 415 Χ.

2317 455 2394 507 De
2444 452 2632 506 ordine
2671 454 2964 522 specierum
2998 455 3276 510 orationis.

2078 544 2148 597 Et
2192 541 2398 599 idcirco
2446 544 2682 614 primum
2718 545 3075 620 proprietates
3101 546 3233 618 ipsa:
3259 556 3386 605 sunt
3423 551 3606 607 nomi-

2003 650 2139 691 num
2163 635 2564 709 verborumque
2588 637 2905 704 tractandae,
2935 654 3000 696 ac
3042 640 3441 699 discutiendum
3470 646 3606 718 quid

2006 728 2148 785 inter
2186 730 2490 786 orationem
2521 739 2575 787 et
2601 731 3031 790 obsecrationem
3068 751 3133 790 ac
3177 736 3602 807 postulationem

2006 822 2241 879 intersit.
2272 823 2485 881 Deinde
2510 824 2759 882 similiter
2781 827 3230 898 perscrutandum
3259 839 3285 864 ⁸
3306 838 3498 887 utrum
3525 832 3605 888 si-

2004 917 2231 990 glilatim
2260 917 2401 987 sint,
2418 933 2487 974 an
2518 919 2721 990 pariter
2742 920 3078 978 exhibendae.
3108 923 3292 979 Tertio
3340 924 3602 999 indagan-

2004 1010 2138 1069 dum
2166 1021 2357 1069 utrum
2382 1013 2548 1070 etiam
2584 1013 2699 1084 ipse
2735 1014 2872 1071 ordo
2896 1015 2988 1086 qui
3013 1016 3087 1072 ita
3115 1024 3201 1073 est
3222 1019 3475 1090 Apostoli
3504 1036 3613 1078 au~

2002 1107 2257 1163 ctoritate
2282 1105 2577 1177 dispositus
2610 1106 2813 1178 aliquid
2856 1108 3093 1178 amplius
3129 1110 3363 1168 instruat
3393 1112 3607 1171 audito-

2002 1215 2141 1268 rem,
2173 1214 2243 1254 an
2282 1198 2596 1270 simpliciter
2613 1199 2926 1272 accipienda
2969 1200 3041 1256 sit
3065 1202 3169 1257 ista
3212 1202 3508 1275 distinctio,
3551 1216 3607 1263 et

1995 1292 2373 1351 indifferenter
2394 1292 2632 1366 putanda
2648 1293 2724 1348 sit
2751 1291 2823 1348 ab
2849 1293 2942 1349 illo
2976 1293 3157 1349 taliter
3182 1293 3348 1351 fuisse
3372 1298 3600 1369 digesta,

1997 1386 2145 1461 quod
2173 1386 2306 1443 mihi
2344 1385 2474 1443 satis
2503 1384 2715 1442 videtur
2758 1384 3079 1442 absurdum.
3113 1390 3240 1443 Non
3283 1388 3429 1445 enim
3477 1405 3602 1447 cre-

2000 1481 2239 1538 dendum
2268 1487 2353 1536 est
2396 1477 2603 1563 aliquid
2632 1477 2942 1534 transitorie
2984 1494 3048 1536 ac
3092 1480 3207 1536 sine
3234 1482 3446 1539 ratione
3471 1483 3601 1555 Spi-

310 1700 317 1705 ,
1383 1632 1650 1687 ALARDI
1686 1631 1914 1687 GAZA‘II
1951 1625 2511 1685 COMMENTARIUS.

279 1747 528 1827 disserit,
554 1759 610 1806 et
630 1759 812 1827 totum
851 1752 1011 1827 hunc
1028 1752 1211 1810 locum
1235 1754 1408 1811 refert
1428 1754 1500 1811 ad
1530 1754 1809 1827 liturgiam
1834 1762 1890 1817 et
1917 1759 1966 1823 B
2000 1753 2111 1808 tuis
2135 1749 2340 1827 audeas
2358 1752 2536 1827 petere
2568 1747 2711 1827 φιρά
2742 1752 2987 1827 ,οΡονέβτ-
3041 1751 3218 1827 Ροννο,
3235 1752 3310 1806 ad
3345 1757 3600 1822 (Ιτιανίωπ

278 1820 614 1897 sacriﬁcium
642 1825 695 1878 Μ
705 1823 848 1889 issm,
865 1832 921 1879 et
948 1826 1342 1881 Obsecrationes
1369 1827 1587 1896 quidem
1616 1820 1696 1882 ait
1714 1828 1890 1897 perti-

281 1908 410 1948 nere
431 1892 510 1947 ad
513 1909 715 1964 preces,
734 1911 853 1963 quae
863 1898 1002 1965 ﬁunt
1014 1899 1072 1949 in
1083 1898 1253 1951 Missa
1274 1892 1400 1951 ante
1414 1892 1888 1965 consecrationem;

278 1966 551 2020 orationes
578 1980 703 2018 vero
731 1981 850 2019 cum
883 1966 1212 2021 benedicitur
1236 1972 1285 2021 et
1321 1973 1658 2024 consecratur
1689 1970 1886 2032 hostia,

278 2038 332 2090 et
358 2036 890 2091 addistribuendum
917 2039 1315 2100 comminuitur,
1358 2038 1466 2093 hoc
1488 2047 1591 2103 est,
1628 2055 1659 2095 a
1689 2054 1885 2094 conse-

275 2106 534 2176 cratione
555 2120 730 2176 usque
755 2105 823 2160 ad
854 2107 1317 2162 communionem.
1354 2111 1745 2164 Postulationes
1772 2116 1888 2163 ἀα-

274 2180 388 2231 tem
412 2175 553 2248 dicit
566 2175 674 2248 esse
686 2191 866 2248 preces
891 2178 1082 2246 quibus
1104 2179 1337 2248 populus
1365 2180 1713 2233 benedicitur.
1746 2183 1889 2235 Tunc

273 2249 452 2321 enim,
488 2246 692 2321 inquit,
716 2249 1003 2303 Antistites
1029 2246 1228 2321 (id—est,
1262 2249 1497 2321 episcopi
1519 2251 1598 2304 vel
1627 2251 1885 2321 pastores)

178 2340 185 2345 -
270 2318 433 2391 velut
447 2317 715 2391 adsecuti,
727 2323 996 2391 susceptos
1013 2334 1134 2374 suos
1150 2320 1223 2391 (id
1236 2317 1336 2383 est,
1351 2317 1613 2391 populum
1629 2317 1729 2375 sibi
1741 2317 1889 2377 com-

270 2387 460 2462 missu
466 2388 544 2460 ιη)
555 2387 1060 2444 misericordissima:
1071 2387 1318 2458 offerunt
1318 2387 1520 2462 pietati
1522 2433 1534 2445 .
1552 2392 1884 2462 Quibusper-

269 2460 437 2525 actis,
469 2462 860 2531 etparticiputo
872 2464 1019 2516 tanta
1036 2460 1395 2528 Sacramenta,
1423 2464 1730 2532 gratiarum
1744 2460 1884 2517 actio

272 2533 482 2585 cuncta
524 2532 813 2595 concludit,
855 2548 1020 2601 quam
1048 2534 1108 2586 in
1136 2533 1219 2587 his
1253 2535 1413 2587 etiam
1442 2534 1614 2588 verbis
1634 2535 1884 2588 ultimam

268 2602 675 2674 commendavit
695 2604 1003 2674 Apostolus.
1032 2604 1340 2674 Cassianus,
1371 2603 1482 2674 sive
1511 2603 1678 2659 abbas
1707 2607 1879 2674 Isaac,

267 2671 325 2727 in
345 2672 456 2745 bac
470 2671 763 2745 collatione
787 2674 920 2745 satis
940 2672 1062 2729 fuse
1094 2671 1336 2745 disputat
1355 2673 1423 2730 de
1452 2673 1552 2729 hac
1572 2671 1877 2745 partitione,

162 2788 165 2795 ,
265 2751 324 2799 et
345 2743 466 2816 hoc
494 2744 548 2798 in
574 2759 793 2800 summa
823 2744 1005 2816 docet,
1036 2760 1132 2816 per
1171 2743 1607 2801 obsecrationem
1657 2744 1883 2816 intelligi

265 2815 589 2899 orationem
626 2832 736 2899 pro_
772 2815 1092 2899 remissione
1136 2825 1485 2899 peccatorum
1511 2836 1526 2886 ;
1553 2831 1649 2888 per
1673 2815 1881 2899 oratio-

261 2900 431 2968 pem,
474 2893 602 2941 vota
627 2885 823 2968 quibus
839 2889 955 2968 Deo
984 2885 1193 2968 aliquid
1218 2886 1502 2943 offerimus
1522 2907 1536 2955 ;
1555 2885 1660 2960 per
1686 2895 1881 2958 postu-

261 2954 566 3030 lationem,
615 2954 737 3030 Asive
759 2954 1305 3030 ‘iriterpella'tionem,
1363 2954 1726 3030 preces'qua's
1775 2973 1874 3030 pro

259 3027 520 3099 aliorum
551 3027 725 3099 salute
751 3025 1066 3099 fundimus;
1111 3044 1205 3099 per
1233 3025 1536 3095 gratiarum
1569 3025 1868 3096 actionem,

259 3097 468 3155 laudes
504 3097 613 3168 gDei
649 3113 747 3168 pro
776 3097 1011 3168 acceptis
1046 3097 1337 3154 beneﬁciis.
1386 3101 1443 3153 S.
1474 3099 1780 3155 Bernardus
1817 3101 1871 3154 in

257 3184 446 3226 serm.
488 3166 559 3223 de
579 3166 828 3237 Quatuor
850 3166 1026 3222 modis
1044 3168 1231 3223 orandi
1256 3172 1438 3236 (Temo
1462 3172 1486 3223 1
1511 3171 1655 3223 inter
1677 3186 1780 3224 ser.
1815 3170 1879 3224 de

261 3237 577 3320 Diversis),
628 3254 723 3307 per
747 3237 1201 3320 nobsecrationem
1257 3238 1524 3320 intelligit
1560 3239 1883 3320 orationem

259 3306 596 3381 peccatoris
615 3306 996 3381 paenitentiam
1025 3308 1344 3375 inchoantis,
1377 3306 1477 3380 qui
1498 3309 1884 3367 intercessores

258 3379 550 3460 adhibet,
567 3379 813 3435 nondum
839 3379 1045 3435 audens
1075 3396 1166 3451 per
1193 3395 1262 3460 se.
1284 3381 1353 3436 ad
1380 3379 1841 3460 Deumaccedere
1865 3403 1879 3447 ;

260 3465 370 3524 per
396 3451 717 3524 orationem
748 3466 878 3524 vero
907 3466 1091 3524 preces
1118 3451 1575 3524 ptenitentis,gqui
1608 3466 1707 3522 per
1750 3465 1809 3506 se
1854 3466 1885 3506 a

256 3520 392 3595 Deo
423 3522 673 3595 postulat
694 3520 1083 3595 indulgentiam
1117 3520 1133 3591 ;
1164 3538 1260 3594 per
1296 3520 1717 3595 postulationem
1749 3537 1881 3577 ora-

257 3592 492 3665 tionem
530 3592 688 3665 justi,
716 3595 807 3665 qui
848 3592 978 3665 petit
1008 3592 1233 3665 regnum
1272 3592 1536 3650 caelorum
1568 3601 1623 3648 et
1651 3593 1752 3648 alia
1791 3608 1885 3649 ne-

258 3662 620 3737 cessaria'sd
661 3662 922 3737 salutem;
965 3662 1382 3737 per—gratiarum
1413 3665 1719 3737 actionem,
1753 3679 1880 3720 ora-

252 3734 620 3817 t‘ionemyiri
656 3736 901 3817 perfecti,
923 3734 1017 3808 qui
1038 3734 1267 3817 se’certo
1295 3735 1522 3817 conﬁdit
1538 3735 1877 3817 sxauditum.

256 3805 832 3888 Sed_satius~vid_elur
869 3805 1050 3888 ipéum
1079 3807 1411 3888 suis__verbis
1449 3807 1638 3888 audire
1666 3806 1881 3888 ratioci-

252 3885 513 3933 nantem
545 3894 559 3930 :
590 3878 747 3943 Sunt,
772 3877 965 3946 inquit,
982 3890 1111 3944 quos
1141 3877 1315 3929 adhuc
1328 3879 1536 3944 peccati
1562 3880 1885 3931 conscientia

255 3951 447 4004 terret
478 3951 533 4000 et
566 3950 787 4012 cruciat,
814 3946 1055 3998 nondum
1083 3948 1297 4011 accepta
1331 3946 1620 3997 resistendi
1661 3948 1883 4012 uirtute,

254 4024 392 4075 tum
429 4016 661 4076 scilicet,
702 4031 820 4068 cum
848 4017 1089 4083 primum
1117 4015 1259 4083 ipsos
1301 4014 1361 4065 in
1384 4017 1721 4081 peccatorum
1746 4030 1887 4067 caeno

241 4089 527 4159 jacentes
552 4085 787 4159 Spiritus
814 4082 1057 4159 ueritptis
1082 4082 1412 4159 irradiat,_et
1432 4085 1673 4159 excitans
1699 4084 1889 4159 erube-

253 4152 423 4214 scere
450 4154 620 4221 facit,
651 4158 701 4208 et
720 4157 906 4208 timere
932 4156 1115 4216 Deum,
1146 4153 1277 4207 dum
1299 4152 1481 4208 vident
1499 4155 1887 4209 immanitatem

252 4228 603 4287 criminum,
632 4226 942 4279 meritorum
966 4226 1332 4293 exiguitatem,
1359 4230 1411 4278 et
1445 4226 1589 4279 velut
1611 4226 1889 4280 ardentem

248 4312 468 4355 coram
484 4311 547 4349 se
570 4298 877 4364 gehennam,
900 4300 1319 4366 ea-pauescentes,
1342 4299 1596 4365 quoniam
1619 4297 1679 4349 in
1698 4298 1890 4366 seipsis

253 4370 401 4427 boni
422 4366 523 4421 nil
542 4368 841 4429 inveniunt,
871 4367 1092 4421 aliunde
1114 4368 1527 4437 apprehendit-nt
1550 4368 1693 4422 unde
1715 4372 1889 4435 tegan-

251 4446 375 4498 tur.
408 4440 569 4508 Quia
589 4453 712 4507 ergo
732 4441 936 4501 timent,
968 4444 1020 4493 et
1039 4440 1227 4493 merito
1248 4441 1435 4493 timent
1454 4454 1555 4508 per
1576 4441 1773 4509 seipsos
1793 4455 1888 4494 ac-

2001 1837 2168 1892 genus
2195 1821 2477 1894 orationis,
2507 1819 2651 1888 quod
2675 1823 2753 1874 est
2779 1822 3081 1894 gratiarum
3106 1824 3265 1884 actio,
3303 1819 3599 1894 perpaucos

1997 1891 2264 1962 attingere
2285 1891 2469 1957 credo;
2496 1894 2547 1944 et
2570 1905 2675 1960 quo
2703 1891 2906 1957 rarius,
2932 1905 2989 1945 eo
2994 1893 3284 1960 pretiosius
3304 1891 3421 1948 est:
3450 1897 3599 1951 Mul-

2000 1970 2113 2019 tam
2134 1965 2274 2019 enim
2293 1976 2520 2033 prorsus
2539 1963 2777 2029 gratiam
2792 1962 3020 2035 inueniet
3031 1963 3179 2032 apud
3203 1966 3390 2028 Deum,
3419 1981 3595 2035 quem,

1986 2036 2019 2106 j
2022 2040 2157 2090 arcta
2162 2032 2569 2106 proniissionem
2573 2047 2752 2106 suam,
2767 2032 2990 2106 exaudit
2998 2038 3289 2106 antequam
3304 2032 3593 2102 invocetur,

1998 2103 2051 2161 et
2067 2103 2430 2162 testimonium
2450 2103 2633 2158 reddit
2645 2103 2868 2175 spiritui
2887 2103 3002 2175 ejus
3017 2105 3243 2175 spiritus
3254 2123 3409 2175 quem
3438 2109 3597 2163 habet

1997 2193 2065 2232 ea:
2089 2182 2213 2240 Deo,
2235 2177 2482 2246 quoniam
2494 2174 2812 2246 exauditam
2834 2177 2912 2228 est
2924 2172 3408 2245 desiderium—ejus,
3431 2180 3514 2233 ita
3536 2183 3596 2234 ut

1996 2253 2169 2303 certus
2182 2244 2305 2317 jam
2326 2262 2434 2301 non
2446 2260 2624 2307 orare,
2640 2244 2733 2298 sed
2751 2247 2960 2317 gratias
2981 2260 3138 2317 agere
3150 2244 3339 2315 possit.
3355 2249 3593 2304 Sicenim

1995 2319 2157 2375 habes
2172 2315 2229 2373 in
2247 2318 2446 2374 Lazari
2454 2317 2872 2389 resuscitatione,
2894 2315 2991 2389 ubi
3008 2318 3284 2385 Dom-inus,
3302 2319 3422 2373 licet
3434 2323 3593 2389 prius

1993 2391 2132 2443 nihil
2157 2393 2385 2444 orasset:
2412 2391 2588 2450 Pater,
2606 2388 2805 2455 inquit,
2831 2388 3034 2455 gratias
3059 2403 3158 2456 ago
3186 2389 3305 2452 tibi,
3333 2388 3466 2456 quia
3486 2408 3593 2447 au-

1993 2458 2131 2515 disti
2152 2476 2234 2515 me
2263 2462 2436 2525 (Joan.
2466 2463 2628 2522 VIII).
2660 2459 2845 2512 Prima
2865 2459 3060 2525 igitur,
3091 2458 3154 2511 id
3177 2464 3274 2526 est,
3304 2458 3592 2519 obsecratio

1991 2532 2284 2587 uerecundo
2302 2533 2403 2598 ﬁat
2415 2530 2641 2595 affectu.
2661 2527 2924 2590 Secunda,
2941 2544 3105 2598 quam
3113 2532 3332 2598 proprie
3351 2531 3591 2588 dicimus

1991 2605 2308 2663 orationem,
2324 2601 2537 2667 affectu
2549 2612 2711 2667 puro,
2737 2601 2798 2650 ut
2823 2599 3063 2652 videlicet
3073 2614 3176 2652 non
3195 2599 3593 2658 dissimulamus

1985 2677 2226 2742 peccata,
2254 2686 2357 2724 non
2384 2683 2478 2722 nos
2497 2669 2816 2742 palpemus;
2845 2670 3064 2742 scientes
3089 2669 3232 2737 quod
3256 2673 3334 2724 sic
3370 2673 3594 2742 quisque

1994 2739 2200 2797 invenit
2222 2742 2458 2810 gratiam
2476 2739 2627 2808 apud
2647 2741 2834 2805 Deum,
2871 2740 2922 2810 si
2943 2740 3192 2791 inventus
3221 2742 3398 2805 fuerit
3427 2739 3592 2800 durus

1981 2813 2163 2882 judea:
2177 2808 2239 2865 in
2246 2812 2599 2879 semetipsum.
2619 2811 2817 2882 Tertia,
2837 2808 2897 2882 id
2907 2812 3003 2882 est,
3016 2810 3330 2882 postulatio,
3350 2814 3591 2881 amplum

1990 2878 2192 2953 quierit
2203 2878 2487 2949 affectum,
2512 2884 2562 2934 et
2571 2878 2787 2953 ﬁduciae
2800 2879 3159 2953 latitudinem,
3179 2883 3318 2953 sicut
3332 2878 3593 2952 scriptum

1986 2949 2066 3009 est
2093 2973 2110 3008 :
2132 2954 2373 3010 Postulet
2394 2955 2572 3024 autem
2586 2953 2645 3024 in
2661 2949 2917 3024 fidenihil
2937 2950 3215 3024 haesitans,
3231 2949 3457 3020 Quarta,
3471 2971 3592 3024 qua:

1985 3029 2063 3080 est
2085 3027 2395 3094 gratiarum
2419 3023 2576 3083 actio,
2599 3022 2737 3094 ipsg
2745 3019 2897 3073 debet
2922 3020 3308 3094 essedepotione
3344 3019 3591 3093 plenissi-

1986 3089 2156 3150 ma'et
2175 3096 2382 3150 deliciis
2406 3089 2659 3161 afﬂuens.
2685 3089 3173 3161 Hucusqueyerba
3200 3093 3268 3146 D.
3298 3089 3581 3161 Bérnardi,

1910 3139 1955 3202 C
1988 3139 2551 3223 multiswintermed'iis
2584 3160 2818 3234 vitandae
2881 3139 3206 3234 prolixitatis
3248 3178 3405 3218 causa

1988 3236 2274 3315 termissis.
2307 3236 2363 3291 S.
2393 3234 2649 3315 'l‘liomas_
2666 3232 2938 3315 explicans
2952 3230 3103 3311 lianc
3131 3232 3303 3314 ipsam
3316 3314 3321 3315 γ
3334 3230 3585 3315 partitio-

1988 3321 2117 3361 nem
2140 3311 2278 3375 (2.2,
2306 3324 2359 3375 q.
2389 3310 2485 3382 _83,
2515 3307 2678 3382 aut),
2733 3301 2925 3382 scribit
2949 3301 3004 3355 in
3029 3301 3455 3382 omn—iloratione
3484 3308 3588 3364 tria

1992 3392 2111 3432 esse
2134 3371 2435 3433 necessaria
2469 3392 2480 3426 :
2516 3371 2805 3444 primo,‘ut
2830 3371 3047 3426 animus
3074 3372 3444 3444 conjungatur
3460 3393 3588 3433 cum

1991 3449 2133 3514 Deo,
2171 3445 2318 3528 quod
2357 3445 2424 3528 ﬁt.
2467 3441 2597 3528 per“
2604 3441 2938 3528 orationem,
2969 3441 3219 3528 ¹(ωειλ-θέε
3260 3441 3590 3528 ele‘vatio‘et

1992 3511 2235 3573 ascensio
2256 3511 2527 3572 mentisin
2549 3515 2730 3568 Deum
2747 3511 3046 3586 ;_se_cundo,
3073 3521 3132 3567 ut
3152 3513 3350 3586 aliquid
3375 3524 3587 3586 petatur

1991 3604 2023 3644 a
2052 3592 2198 3657 Deo,
2229 3586 2375 3660 quod
2399 3586 2459 3660 tit
2481 3601 2576 3657 per
2591 3583 3023 3660 postulationem
3046 3583 3273 3660 ;tertio’,
3296 3593 3357 3641 ut
3376 3583 3585 3659 pr0po-

1990 3668 2153 3717 natur
2186 3652 2336 3715 ratio
2376 3652 2552 3728 aliqua
2586 3652 2910 3728 ihtpetrandi
2952 3654 3097 3724 quod
3131 3657 3346 3726 petitur,
3372 3652 3425 3713 et
3472 3652 3583 3725 hoc,

1991 3731 2188 3804 inquit,
2210 3732 2303 3804 pel
2327 3747 2393 3804 ea:
2418 3726 2574 3801 parte
2596 3727 2709 3804 Dei,
2736 3726 2816 3781 vel
2848 3742 2916 3781 ea:
2940 3730 3099 3804 parte
3124 3730 3376 3804 petentis.
3411 3732 3476 3784 Et
3502 3747 3587 3788 ra-

1990 3796 2079 3858 tio'
2102 3801 2322 3873 quidem
2352 3796 2679 3924 impetrandi
2709 3811 2771 3851 ex
2814 3804 2962 3867 parte
2999 3796 3116 3857 Dei,
3149 3797 3319 3877 prima
3364 3807 3419 3852 et
3444 3816 3586 3869 prae-

1992 3874 2145 3924 cinna
2180 3881 2263 3924 est
2294 3872 2411 3924 eius
2468 3870 2671 3924 onitas.
2697 3875 2921 3924 propter
2951 3881 3117 3924 quam
3158 3875 3395 3924 petimus
3419 3884 3586 3924 exau-

1992 3870 2145 3947 cipua
2180 3881 2263 3927 est
2294 3872 2411 3947 ejus
2429 3870 2671 3947 bonitas,
2697 3875 2921 3947 propter
2951 3881 3117 3947 qqam
3138 3870 3587 3947 ‘petimusexau-

1993 3936 2120 4007 diri,
2138 3936 2437 3997 secundum
2462 3940 2590 3996 illud
2608 3936 2849 3992 Danielis
2869 3950 2935 3991 1x
2954 3955 2965 3989 :
2984 3939 3211 4010 Propter
3227 3940 3585 4010 temetipsum,

1991 4014 2216 4073 inclina,
2243 4017 2380 4066 Deus
2401 4025 2566 4073 meus,
2599 4023 2783 4061 aurem
2801 4012 2966 4060 tuam.
2987 4008 3167 4061 Altera
3197 4006 3336 4061 ratio
3367 4006 3448 4063 est
3472 4006 3587 4065 me;

1996 4080 2164 4135 ritum
2189 4079 2413 4146 Christi,
2438 4078 2585 4149 quod
2610 4078 2774 4130 etiam
2800 4076 3118 4149 proponitur
3143 4092 3238 4146 per
3260 4075 3590 4149 obsecratio-

2000 4166 2154 4215 nem,
2174 4164 2298 4220 quae
2327 4159 2409 4203 est
2436 4145 2690 4220 persacra
2703 4145 3053 4220 sontestatio,
3078 4145 3291 4220 uticum
3320 4148 3583 4208 dicimus:

1997 4223 2098 4276 Per
2124 4216 2465 4275 nativitatem
2491 4224 2642 4272 tuam
2672 4216 2836 4269 libera
2858 4231 2971 4278 nos,
3002 4219 3240 4271 Domine.
3268 4218 3435 4275 Ratio
3460 4238 3586 4281 vero

1997 4290 2325 4363 impetrandi
2382 4305 2451 4363 exp
2476 4296 2626 4363 parte
2656 4286 2917 4363 petentis
2946 4295 3042 4363 _est
3068 4289 3362 4360 gratiarum
3401 4293 3583 4363 actio;

1997 4356 2126 4443 quia
2156 4362 2223 4418 de
2250 4356 2491 4443 acceptis
2508 4356 2780 4443 beneﬂciis
2822 4356 3019 4443 gratias
3063 4356 3283 4443 {gemes
3313 4356 3587 4443 infremui-

1995 4428 2237 4506 accipere
2282 4428 2515 4506 potiora,
2578 4435 2639 4506 u_t
2688 4428 2741 4484 in
2788 4428 3018 4506 collecta
3068 4428 3292 4506 dicitur.
3344 4435 3588 4506 Explicat

251 4500 478 4589 sedes},
527 4500 748 4589 student
788 4500 950 4579 quasi
976 4525 1078 4579 per
1100 4510 1235 4589 alios
1278 4500 1624 4589 supplicare;
1645 4500 1771 4589 Tale
1794 4515 1888 4589 pst
1920 4526 1970 4588 D
1998 4500 2195 4589 deinde
2343 4505 2587 4589 :l‘hqmas
2608 4500 2936 4589 ligant-uniti
2962 4501 3184 4589 [aperiri
3227 4510 3282 4557 et
3309 4500 3584 4589 cbsérvari

249 4584 406 4638 illud
429 4582 707 4636 orationis
728 4596 912 4650 genus,
953 4597 1056 4650 quo
1090 4582 1317 4635 solemus
1340 4581 1512 4636 dicere
1550 4600 1565 4635 :
1588 4583 1776 4637 Sancte
1789 4584 1887 4637 Pe-

1999 4577 2054 4632 in
2076 4570 2298 4634 colleCta
2327 4575 2393 4632 de
2432 4577 2625 4631 Sancta
2650 4572 2929 4627 Trinitate.
2965 4570 3106 4629 Nam
3131 4590 3257 4628 cum
3307 4575 3541 4635 dicimus
3570 4599 3582 4634 :

1999 4651 2339 4720 Omnipotens
2366 4648 2699 4720 sempiterne_
2715 4648 2884 4720 Deus,
2903 4645 3103 4720 oratio
3123 4653 3245 4720 est;
3277 4660 3401 4699 cum
3437 4648 3589 4720 addi-

1995 4720 2121 4776 mus
2145 4716 2283 4789 ?Qui
2303 4716 2499 4775 dedisti
2520 4716 2746 4789 famulis
2772 4717 2876 4768 tuis
2891 4717 2948 4766 in
2972 4716 3297 4778 confessione
3313 4729 3448 4789 certe
3462 4719 3591 4783 ﬁdei

1998 4784 2210 4846 (sternte
2234 4791 2517 4844 Trinitatis
2541 4788 2769 4854 gloriam
2788 4797 3087 4854 agnoscere,
3119 4789 3250 4847 etc.,
3286 4784 3585 4851 gratiarum

1999 4862 2141 4916 actio
2171 4869 2289 4926 est;
2325 4874 2450 4913 cum
2481 4851 2822 4926 adiungimus
2871 4851 3139 4926 :__Tribue,
3167 4867 3490 4920 qua-sumus,
3526 4863 3588 4914 ut

1998 4931 2237 5001 ejusdem
2416 4921 2752 5005 firmitateab
2778 4921 3020 4975 omnibus
3040 4936 3247 5005 semper
3275 4930 3588 5005 mu_niamur

2002 4993 2272 5063 ddversis,
2292 4993 2586 5069 postulatio
2609 5000 2691 5046 est
2708 5007 2876 5069 ;__cu_m
2904 4993 3282 5069 concludimus
3305 5015 3321 5048 :
3344 5000 3449 5052 Per
3478 5006 3590 5057 Do-

2002 5075 2209 5127 minam
2230 5064 2467 5124 nostrum
2497 5069 2672 5120 Jesum
2697 5064 2987 5128 Christum,
3010 5072 3139 5130 etc.,
3160 5064 3466 5123 obsecratio
3485 5081 3586 5127 est.

2001 5140 2199 5199 Subdit
2238 5137 2430 5196 deinde
2466 5138 2520 5192 S.
2554 5135 2796 5191 Thomas
2824 5134 2891 5191 ad
2941 5135 3088 5191 hunc
3136 5136 3320 5191 locum
3353 5140 3590 5197 Cassiani

2000 5220 2248 5284 Spectans
2279 5231 2295 5266 :
2317 5213 2381 5265 In
2400 5206 2768 5284 collationibus
2785 5212 2963 5261 autem
2982 5211 3205 5284 Patrum
3224 5208 3433 5284 dicitur
3451 5216 3595 5282 quod

1998 5281 2282 5341 obsecratio
2302 5286 2379 5337 est
2409 5281 2711 5351 imploratio
2736 5294 2831 5348 pro
2851 5282 3103 5348 peccatis,
3131 5282 3306 5335 oratio
3341 5281 3595 5340 cumuli-

2000 5358 2135 5427 quid
2176 5359 2277 5411 Deo
2317 5367 2582 5427 uouemus,
2611 5351 2902 5427 postulatio
2928 5366 3046 5405 cum
3062 5366 3164 5421 pro
3189 5352 3314 5407 aliis
3344 5359 3593 5424 pet-imus.

1998 5421 2104 5485 Sed
2121 5431 2359 5498 primum
2377 5421 2585 5498 melius.
2607 5421 2697 5498 Sic
2730 5421 2865 5498 ipse.

2071 5503 2095 5531 ³
2115 5492 2177 5554 id
2205 5507 2305 5565 est,
2347 5512 2419 5551 an
2443 5493 2684 5573 in_omni
2725 5492 2968 5573 orsi-tione
2987 5502 3315 5549 concurrant
3342 5505 3394 5552 et.
3420 5502 3601 5573 requi-

2001 5578 2190 5644 rantur
2234 5563 2468 5640 quatuor
2507 5563 3350 5644 istazpconditionesiseu_partes
3404 5563 3607 5632 oratio-

2000 5642 2122 5710 nis;
2152 5657 2219 5696 an
2248 5636 2374 5696 iero
2426 5636 2715 5710 separatim
2763 5636 3105 5710 reperiantur
3150 5636 3201 5691 in
3241 5639 3463 5699 diversis
3502 5647 3604 5702 scio

2000 5706 2128 5769 licet
2164 5709 2425 5783 orationis
2461 5706 2755 5783 speciebus
2787 5706 2868 5762 vel
2902 5706 3175 5780 partibus;
3205 5710 3291 5767 cui
3323 5714 3611 5783 quaestioni

2000 5783 2365 5857 respondetur
2390 5780 2532 5838 infra
2561 5796 2678 5852 cap.
2712 5784 2793 5835 15.

255 4659 364 4720 tre,
401 4669 517 4708 ora
558 4668 658 4721 pro
685 4652 860 4714 nobis,
888 4656 939 4705 et
961 4651 1181 4706 similia.
1213 4652 1290 4706 At
1310 4667 1429 4704 vero
1441 4652 1559 4721 jam
1584 4655 1893 4707 continendi

250 4729 477 4781 uirtute
488 4726 737 4792 accepta,
759 4737 972 4777 securus
986 4721 1210 4789 accedit,
1221 4723 1317 4791 qui
1333 4723 1443 4775 sibi
1460 4724 1887 4791 consciusfuerit,

247 4812 360 4866 pro
392 4796 629 4851 delictis
666 4796 961 4864 praeteritis
1007 4795 1217 4847 veniam
1259 4807 1522 4866 quaerens,
1546 4796 1606 4866 et
1649 4796 1894 4848 oratione

250 4863 440 4933 utens,
477 4880 617 4938 qua:
655 4863 761 4919 eris
797 4867 970 4918 nostri
994 4869 1073 4919 est
1088 4865 1263 4938 ratio,
1282 4863 1514 4938 quando
1523 4863 1647 4938 jam
1665 4879 1761 4938 ore
1783 4880 1891 4938 suo

251 4935 524 5010 loquitur
544 4951 673 4990 cum
696 4939 807 4990 Deo
828 4950 937 4989 suo.
968 4938 1106 5010 Hinc
1126 4935 1263 5010 illud
1283 4940 1360 4989 est
1372 4935 1515 5010 quod
1533 4936 1890 5010 MaridMag-

250 5007 488 5079 ddlena,
521 5023 863 5079 quamquam
891 5023 995 5061 non
1026 5008 1201 5061 minus
1227 5007 1447 5060 humilis
1483 5007 1892 5079 hicmorrhoissa

247 5082 357 5136 illa
391 5077 572 5153 (Luc.
600 5084 734 5147 vn),
755 5094 857 5153 non
887 5080 962 5131 sic
984 5081 1160 5153 tamen
1174 5083 1388 5153 veretur
1404 5077 1669 5153 accedere,
1698 5077 1790 5130 sed
1810 5079 1892 5131 ri-

253 5159 355 5220 gat
387 5149 669 5222 lacrymis
694 5150 875 5221 pedes,
908 5149 1125 5219 capillis
1166 5150 1351 5218 tergit,
1369 5220 1378 5222 A
1396 5151 1551 5217 ungit
1581 5153 1888 5222 unguento,

259 5218 568 5279 osculatur
586 5238 679 5276 ore
694 5218 886 5276 deuoto
905 5218 1050 5290 (Luc.
1075 5225 1205 5286 vm)
1235 5239 1246 5274 :
1269 5220 1410 5273 unde
1425 5222 1556 5274 satis
1575 5219 1741 5288 liquet
1750 5218 1893 5287 quod

251 5295 381 5362 jam
407 5299 786 5367 proposuerat
810 5294 867 5367 in
889 5292 1045 5347 corde
1060 5306 1159 5367 suo
1178 5307 1211 5344 a
1222 5295 1436 5367 peccato
1456 5291 1696 5367 deinceps
1725 5290 1893 5343 absti-

262 5363 478 5421 nere'et
507 5363 685 5435 quasi
700 5366 1022 5433 proﬂuvium
1051 5364 1246 5417 stabat.
1271 5364 1419 5429 Quod
1437 5364 1488 5416 si
1495 5363 1619 5432 jam
1643 5377 1893 5435 consecu-

268 5438 354 5492 tus
369 5454 427 5493 es
439 5433 540 5499 tu:
584 5437 823 5505 primum
842 5440 918 5490 est
928 5440 987 5490 ut
997 5437 1107 5505 ipsi
1123 5436 1345 5490 Domino
1358 5437 1413 5487 in
1422 5438 1660 5488 oratione
1681 5433 1894 5503 loquens

268 5512 547 5577 recogites
564 5521 737 5560 annos
748 5511 862 5560 tuos
882 5509 937 5561 in
960 5506 1328 5560 amaritudine
1338 5508 1532 5559 animo:
1548 5510 1672 5560 tua.
1693 5505 1893 5560 Deinde

256 5583 582 5650 postquam
594 5579 651 5630 in
673 5577 919 5631 lamentis
930 5579 1258 5647 poenitentiae
1281 5578 1631 5650 aliquamdiu
1650 5591 1891 5650 perseue-

260 5648 425 5713 ra-ns,
462 5650 810 5703 hilaritatem
834 5650 1119 5718 quamdam
1144 5654 1194 5702 et
1220 5649 1469 5718 ﬁduciam
1496 5649 1787 5718 conceperis
1810 5648 1895 5701 in-

264 5719 619 5790 dulgentiae,
656 5720 839 5774 accede
861 5720 982 5789 jam
1022 5720 1096 5773 ad
1118 5722 1519 5789 postulationes,
1561 5724 1621 5773 ut
1649 5732 1888 5782 securus,

263 5794 579 5863 tamquam
605 5796 839 5861 receptus
866 5793 922 5845 in
944 5793 1183 5861 gratiam
1201 5794 1434 5855 Domini,
1448 5793 1552 5846 tibi
1561 5796 1610 5846 et
1630 5792 1892 5847 conservis
