4034 6212
333 337 438 394 785

1439 328 1777 388 COLLATIO
1813 329 1906 384 IX.
1942 329 2024 370 --'
2052 329 2142 386 DE
2179 331 2555 390 OBATIONE.

3544 349 3650 405 786

330 479 440 523 nos
469 447 823 537 purissimam
858 459 1104 533 corporis
1138 460 1446 517 castitatem
1471 473 1569 516 seu
1595 455 1938 516 immobilem
1970 457 2025 522 Α
2048 459 2216 516 simas
2239 461 2538 533 saepissime
2560 463 2816 520 novimus
2854 479 3038 536 preces
3069 466 3369 540 ignitasque
3405 469 3645 542 prodire,

338 556 652 631 patientiam
695 553 1037 611 exhibituros
1083 567 1201 610 esse
1251 559 1530 625 perpetuo,
1569 549 1656 607 vel
1689 565 1821 607 cum
1867 550 1936 607 de

334 647 496 706 corde
521 655 714 704 nostro
739 646 953 704 radices
979 645 1075 702 ira:
1119 644 1236 700 sive
1267 644 1500 702 tristitia:
1528 651 1770 700 mortem
1798 657 1937 716 ope-

332 741 504 798 rantis
525 754 792 798 vovemus
817 737 1064 796 funditus
1085 737 1374 807 eruendas,
1406 751 1532 811 quae
1563 751 1692 792 cum
1733 735 1934 793 desidia

333 834 558 892 resoluti
586 841 750 906 atque
767 831 856 890 ad
885 833 1108 904 antiqua
1152 831 1286 889 vitia
1313 839 1674 899 recurrentes,
1711 825 1934 887 minime

335 925 648 998 fecerimus,
680 927 886 984 erimus
908 927 1226 983 orationum
1249 934 1566 982 nostrarum
1590 937 1656 981 ac
1681 932 1932 981 votorum

336 1021 436 1090 rei,
473 1021 792 1094 dicaturque
837 1019 1002 1078 nobis
1027 1039 1039 1076 :
1071 1021 1266 1079 Melius
1293 1025 1372 1078 est
1393 1037 1501 1077 non
1536 1035 1740 1089 vovere,
1765 1035 1929 1090 quam

334 1129 532 1183 uouere,
579 1121 633 1172 et
673 1132 782 1171 non
827 1116 1047 1172 reddere
1083 1115 1258 1188 (Eccl.
1308 1116 1400 1189 γ).
1436 1115 1595 1187 Quod
1630 1114 1929 1172 secundum

334 1206 590 1266 Gnaeum
631 1208 732 1264 dici
780 1217 996 1281 potest:
1033 1218 1059 1246 ι
1099 1211 1290 1266 Melius
1317 1215 1396 1266 est
1418 1225 1528 1266 non
1557 1223 1737 1279 orare,
1767 1221 1932 1280 quam

332 1317 493 1360 orare
520 1309 572 1361 et
590 1321 695 1360 non
722 1306 956 1362 reddere.

900 1417 1142 1474 CAPUT
1193 1417 1348 1474 XIII.

894 1523 968 1576 De
989 1521 1365 1591 postulatione.

397 1615 429 1656 ¹³
475 1622 662 1680 Tertio
731 1621 852 1678 loco
888 1631 1170 1693 ponuntur
1205 1617 1624 1693 postulationes,
1659 1633 1794 1691 quas
1832 1635 1931 1692 pro

337 1714 456 1773 aliis
483 1729 723 1788 quoque,
754 1713 886 1770 dum
917 1729 1114 1772 sumus
1140 1715 1197 1770 in
1225 1711 1442 1770 fervore
1471 1713 1694 1785 spiritus
1723 1712 1933 1768 consti-

335 1809 468 1880 tuti,
505 1809 746 1866 solemus
783 1809 1074 1878 emittere;
1109 1808 1192 1865 vel
1240 1823 1340 1881 pro
1369 1807 1548 1864 charis
1587 1807 1794 1863 scilicet
1826 1823 1930 1864 no-

333 1901 477 1971 stris,
511 1903 591 1958 vel
642 1919 741 1974 pro
779 1903 946 1959 totius
983 1903 1174 1959 mundi
1211 1917 1342 1974 pace
1379 1909 1694 1974 poscentes,
1737 1908 1821 1971 et,
1869 1910 1932 1958 ut
1961 1885 2011 1950 Β

336 1995 508 2069 ipsius
537 1996 786 2068 Apostoli
815 1997 1000 2052 verbis
1018 1995 1267 2068 eloquar,
1297 2010 1425 2050 cum
1443 2010 1544 2066 pro
1568 1996 1810 2050 omnibus
1837 1995 1936 2050 ho-

331 2090 590 2152 minibus,
609 2105 712 2158 pro
730 2089 947 2157 regibus
965 2093 1017 2143 et
1027 2089 1266 2144 omnibus
1285 2090 1384 2159 qui
1394 2091 1450 2144 in
1467 2089 1795 2146 sublimitate
1809 2092 1937 2144 sunt

331 2181 382 2246 (l
417 2183 552 2237 Tim.
585 2182 690 2250 ll),
711 2180 1098 2254 supplicamus.

913 2293 1158 2352 CAPUT
1195 2293 1352 2348 XIV.

791 2398 867 2450 De
891 2398 1202 2464 gratiarum
1241 2396 1469 2450 actione.

403 2503 426 2530 ο
447 2495 656 2564 Quarto
673 2493 874 2551 deinde
899 2495 1022 2551 loco
1051 2493 1348 2567 gratiarum
1368 2493 1612 2550 actiones
1627 2501 1930 2566 ponuntur,

326 2601 464 2659 quas
485 2601 666 2655 mens,
701 2586 784 2642 vel
827 2602 960 2644 cum
986 2587 1258 2659 praeterita
1288 2587 1392 2643 Dei
1416 2587 1613 2643 recolit
1649 2586 1930 2654 beneﬁcia,

328 2678 413 2736 vel
435 2693 565 2736 cum
597 2680 890 2752 praesentia
923 2681 1355 2752 contemplatur,
1385 2695 1484 2736 seu
1515 2695 1648 2736 cum
1687 2681 1744 2735 in
1775 2678 1932 2737 futu—

327 2787 452 2850 rum
475 2787 598 2845 qua
639 2780 694 2829 et
725 2780 926 2846 quanta
955 2773 1338 2846 praeparaverit
1384 2775 1534 2828 Deus
1563 2771 1648 2828 his
1682 2771 1774 2844 qui
1801 2771 1932 2829 dili-

324 2877 464 2941 gunt
504 2885 632 2926 eum
676 2869 959 2942 prospicit,
1015 2885 1113 2944 per
1155 2869 1463 2928 ineffabiles
1503 2880 1758 2926 excessus
1807 2871 1930 2926 Deo

326 2961 514 3021 refert.
557 2966 676 3034 Qua
723 2964 896 3021 etiam
937 2965 1244 3022 intentione
1277 2980 1697 3037 nonnumquam
1745 2979 1930 3038 preces

327 3055 614 3114 ulteriores
645 3057 816 3116 emitti
856 3057 1058 3125 solent,
1096 3059 1230 3114 dum
1262 3057 1352 3114 illa
1391 3073 1514 3130 quae
1537 3059 1774 3130 reposita
1801 3065 1932 3116 sunt

327 3153 388 3210 in
416 3151 600 3211 futuro
639 3163 960 3212 sanctorum
995 3155 1217 3227 pramia
1265 3154 1574 3226 purissimis
1623 3155 1798 3212 oculis
1837 3155 1924 3211 in-

2044 551 2115 608 ita
2152 561 2216 608 ut
2245 562 2459 610 constet
2497 570 2688 612 omnes
2716 553 2814 612 has
2841 573 2978 630 quas
3020 560 3373 632 praediximus
3409 563 3644 634 Species,

2043 645 2300 703 omnibus
2343 649 2504 707 utiles
2540 664 2606 706 ac
2651 653 2990 708 necessarias
3053 655 3307 725 inveniri,
3357 663 3417 712 ut
3443 656 3498 714 in
3531 673 3644 716 uno

2042 736 2348 812 eodemque
2390 741 2507 799 viro
2539 758 2685 799 nunc
2729 745 2955 816 quidem
3001 745 3461 820 obsecrationum,
3497 767 3646 809 nunc

2041 839 2227 890 autem
2287 835 2623 907 orationum,
2677 853 2826 894 nunc
2871 841 3318 912 postulationum,
3374 859 3536 914 puras
3579 861 3642 902 ac

2041 924 2467 985 ferventissimas
2517 929 2934 1002 supplicationes
2969 932 3204 991 variatus
3245 935 3457 992 emittat
3501 935 3636 994 aﬂa-

2039 1028 2162 1077 ctus
2192 1041 2208 1091 ;
2237 1030 2424 1079 tamen
2450 1024 2628 1095 prima
2651 1023 2720 1081 ad
2745 1025 3058 1098 incipientes
3084 1026 3294 1085 videtur
3313 1031 3640 1102 pet-ulterius

2038 1112 2327 1182 pertinere,
2383 1115 2478 1188 qui
2523 1113 2707 1171 adhuc
2754 1116 3015 1174 vitiorum
3055 1135 3282 1176 suorum
3328 1123 3531 1180 aculeis
3574 1139 3638 1180 ac

2035 1207 2299 1263 memoria
2335 1207 2738 1279 remordentur,
2769 1210 3006 1267 secunda
3036 1211 3105 1268 ad
3142 1213 3264 1269 illos
3301 1215 3392 1286 qui
3420 1215 3474 1271 in
3507 1232 3640 1287 pro-

2038 1295 2184 1356 fectu
2214 1299 2335 1372 jam
2377 1301 2644 1374 spirituali
2689 1303 3043 1377 appetituque
3095 1304 3362 1362 virtutum
3399 1307 3639 1378 quadam

2039 1393 2240 1450 mentis
2261 1393 2592 1452 sublimitate
2619 1395 2954 1466 consistunt,
2982 1395 3143 1453 tertia
3171 1397 3241 1454 ad
3271 1413 3366 1454 eos
3393 1399 3485 1472 qui
3513 1416 3638 1472 per-

2037 1483 2333 1542 fectionem
2359 1496 2614 1544 votorum
2635 1503 2866 1545 suorum
2893 1490 3151 1562 operibus
3171 1489 3533 1563 adimplentes
3555 1493 3639 1548 in-

2038 1579 2316 1637 tercedere
2371 1597 2471 1654 pro
2514 1581 2630 1638 aliis
2673 1597 2894 1655 quoque
2949 1581 3382 1640 consideratione
3433 1584 3641 1658 fragili-

2040 1673 2168 1730 tatis
2191 1689 2386 1730 eorum
2420 1682 2474 1730 et
2507 1675 2791 1732 charitatis
2825 1673 3006 1732 studio
3036 1683 3423 1749 provocantur,
3452 1686 3642 1749 quarta

2038 1767 2106 1824 ad
2142 1765 2266 1824 illos
2301 1767 2394 1839 qui
2415 1767 2536 1840 jam
2569 1767 2768 1840 paruuli
2797 1769 3150 1824 conscientiae
3183 1769 3336 1840 spina
3365 1768 3434 1824 de
3458 1770 3643 1827 cordi-

2039 1858 2142 1916 bus
2167 1859 2351 1916 evulsa
2375 1860 2553 1916 securi
2569 1860 2689 1933 jam
2718 1859 3118 1917 muniﬁcentias
3147 1861 3368 1918 Domini
3397 1877 3462 1918 ac
3485 1863 3644 1920 mise-

2044 1951 2304 2021 rationes,
2351 1967 2488 2024 quas
2535 1953 2616 2010 vel
2657 1952 2714 2008 in
2741 1955 3025 2025 praeterito
3051 1954 3264 2023 tribuit,
3301 1956 3383 2012 vel
3420 1957 3474 2011 in
3503 1937 3642 2028 prae-

2041 2045 2182 2102 senti
2205 2045 2455 2116 largitur,
2485 2045 2567 2102 vel
2600 2055 2870 2118 praeparat
2907 2046 2964 2102 in
3011 2046 3220 2116 futuro,
3252 2057 3436 2105 mente
3471 2049 3644 2121 puris-

2040 2138 2179 2195 sima
2205 2146 2525 2206 tractantes,
2551 2138 2619 2195 ad
2645 2139 2795 2194 illam
2821 2139 3082 2211 ignitam,
3105 2148 3163 2197 et
3189 2155 3314 2213 quae
3336 2157 3430 2198 ore
3454 2141 3639 2198 homi-

2039 2243 2178 2286 num
2199 2245 2298 2286 nec
2317 2229 2704 2302 comprehendi
2729 2247 2832 2288 nec
2851 2231 3083 2303 exprimi
3111 2241 3310 2305 potest,
3336 2234 3640 2292 orationem

2039 2326 2162 2393 [AL
2189 2323 2490 2397 exstasim]
2523 2323 2919 2384 ferventissimo
2955 2327 3120 2384 corde
3142 2336 3448 2401 raptantur.
3482 2330 3636 2386 Non-

2036 2430 2342 2490 numquam
2358 2427 2544 2476 tamen
2569 2435 2725 2476 mens
2747 2435 2872 2493 quae,
2901 2421 2954 2476 in
2979 2421 3134 2477 illum
3161 2435 3353 2478 verum
3386 2423 3640 2496 puritatis

2039 2511 2248 2584 proﬁcit
2275 2511 2572 2581 affectum,
2603 2520 2766 2586 atque
2796 2515 2854 2570 in
2886 2529 2951 2571 eo
2979 2515 3098 2587 jam
3132 2517 3358 2587 cmperit
3379 2517 3637 2588 radicari,

2036 2605 2178 2661 solet
2213 2605 2331 2662 haec
2371 2606 2558 2660 omnia
2585 2606 2748 2662 simul
2776 2607 3084 2679 pariterque
3114 2609 3447 2680 concipiens,
3476 2621 3647 2683 atque

2037 2698 2094 2753 in
2123 2697 2350 2754 modum
2375 2697 2664 2770 cujusdam
2703 2698 3270 2772 incomprehensibilis
3299 2718 3363 2758 ac
3405 2705 3638 2776 rapacis-

2033 2791 2188 2848 simae
2207 2791 2445 2848 ﬂammai
2468 2800 2664 2848 cuncta
2686 2792 3012 2864 pervolitans
3042 2793 3346 2851 ineffabiles
3373 2795 3442 2852 ad
3460 2799 3641 2854 Deum

2035 2899 2224 2956 preces
2267 2884 2548 2957 purissimi
2589 2886 2788 2959 vigoris
2815 2885 3118 2955 effundere,
3171 2903 3310 2961 quas
3358 2889 3476 2962 ipse
3521 2893 3642 2964 Spi-

2033 2983 2172 3040 ritus
2227 2982 2580 3054 interpellans
2629 2982 2926 3056 gemitibus
2977 2984 3455 3056 inenarrabilibus,
3495 2987 3639 3061 igno-

2033 3073 2281 3132 rantibus
2305 3075 2482 3145 nobis,
2510 3073 2714 3132 emittit
2737 3074 2809 3132 ad
2843 3079 3048 3147 Deum,
3081 3086 3231 3135 tanta
3261 3080 3468 3137 scilicet
3493 3081 3641 3140 illius
3750 3115 3774 3136 ι

2037 3169 2188 3226 horae
2217 3177 2504 3248 momento
2537 3169 2868 3241 concipiens,
2905 3178 2960 3225 et
2989 3169 3336 3229 ineffabiliter
3361 3174 3418 3230 in
3444 3177 3641 3249 suppli-

324 3247 552 3316 mendo,
579 3247 882 3304 ineffabiles
901 3253 1024 3305 Deo
1049 3249 1406 3341 gfafiaiwm
1430 3249 1703 3305 immenso
1730 3248 1928 3321 8⁸υάίο
1961 3275 2006 3341 C
2037 3263 2254 3320 catibne
2303 3260 2664 3336 profundens,
2696 3271 2901 3334 quanta
2941 3279 3053 3320 non
3079 3264 3262 3322 dicam
3302 3283 3397 3324 ore
3424 3247 3640 3340 percur-

322 3341 552 3413 spiritus
577 3349 765 3398 noster
787 3341 1078 3414 instigatur
1099 3339 1398 3398 effundere.

922 3455 1173 3512 CAPUT
1201 3455 1331 3510 XV.

335 3555 526 3612 Utrum
551 3561 790 3626 quatuor
831 3557 1133 3612 orationum
1172 3557 1368 3626 species
1399 3556 1564 3609 simul
1589 3559 1640 3610 et
1667 3555 1926 3620 omnibus,

403 3641 478 3680 an
491 3629 571 3697 sig
577 3628 772 3682 illatim
784 3631 837 3684 et
850 3629 1081 3684 vicissim
1097 3629 1386 3698 unicuique
1400 3629 1513 3682 sint
1527 3629 1851 3683 necessaria.

401 3739 484 3793 Ex
521 3739 719 3810 quibus
749 3747 984 3813 quatuor
1025 3740 1306 3813 speciebus
1347 3740 1470 3797 licet
1511 3755 1925 3812 nonnumquam

325 3829 538 3888 soleant
561 3833 872 3890 occasiones
909 3822 939 3866 ἀ
967 3833 1426 3906 supplicationum
1458 3833 1746 3908 pinguium
1767 3849 1927 3907 gene-

324 3925 452 3996 rari,
480 3941 610 3982 nam
648 3933 706 3982 et
741 3926 809 3983 de
839 3927 1238 3984 obsecrationis
1265 3926 1467 3996 Specie,
1494 3941 1619 3995 qua:
1665 3927 1733 3981 de
1773 3942 1926 3982 com-

327 4020 619 4090 punctione
638 4019 879 4076 nascitur
899 4027 1271 4088 peccatorum,
1300 4025 1356 4072 et
1382 4017 1450 4072 de
1475 4015 1742 4072 orationis
1761 4024 1924 4082 statu,

325 4125 450 4183 qua
479 4112 550 4169 de
582 4111 782 4167 ﬁducia
815 4109 1158 4164 oblationum
1183 4115 1239 4163 et
1270 4108 1748 4164 consummatione
1773 4117 1926 4166 voto-

324 4218 451 4261 rum
476 4221 574 4277 pro
604 4201 958 4258 conscientia:
982 4200 1202 4272 proﬂuit
1223 4200 1479 4272 puritate,
1511 4209 1567 4257 et
1589 4201 1657 4259 de
1683 4202 1926 4276 postula-

324 4297 498 4364 tione,
525 4309 650 4366 quae
667 4294 737 4351 de
763 4293 1040 4351 cbaritatis
1055 4294 1249 4352 ardore
1270 4293 1538 4366 procedit,
1561 4305 1618 4352 et
1641 4295 1711 4354 de
1733 4298 1926 4370 gratia-

323 4403 454 4444 rum
485 4387 716 4454 actione,
745 4401 869 4460 quae
900 4387 1287 4446 beneficiorum
1318 4390 1422 4446 Dei
1445 4397 1500 4446 et
1535 4391 1928 4464 magnitudinis

327 4497 395 4540 ac
428 4479 639 4556 pietatis
669 4482 782 4556 ejus
824 4479 1254 4554 consideratione
1288 4493 1604 4557 generatur,
1638 4482 1922 4542 ferventis-

2036 3369 2176 3419 rere.
2205 3355 2301 3412 sed
2323 3370 2391 3410 ne
2426 3355 2544 3426 ipsa
2561 3355 2780 3427 quidem
2821 3366 3012 3414 mente
3047 3359 3221 3414 valeat
3257 3360 3365 3417 alio
3393 3370 3640 3436 tempore

2036 3447 2329 3504 recordari.
2358 3451 2432 3504 Et
2458 3447 2611 3520 quod
2632 3449 2688 3504 in
2719 3449 2958 3521 qualibet
2983 3466 3239 3508 mensura
3266 3453 3385 3526 quis
3405 3457 3637 3527 positus,

2034 3558 2457 3616 nonnumquam
2503 3558 2667 3615 puras
2731 3543 3073 3617 intentasque
3120 3561 3306 3618 preces
3367 3548 3642 3609 invenitur

2035 3636 2304 3704 emittere,
2333 3636 2461 3709 quia
2507 3643 2560 3692 et
2589 3634 2658 3692 de
2687 3635 2783 3692 illo
2813 3637 2994 3709 primo
3021 3645 3077 3694 et
3101 3637 3294 3696 humili
3328 3641 3520 3700 ordine
3541 3645 3634 3718 qui

2034 3740 2118 3788 est
2152 3747 2317 3806 super
2361 3730 2738 3789 recordatione
2781 3729 2949 3790 futuri
2983 3733 3201 3806 judicii,
3237 3736 3284 3792 is
3321 3737 3413 3809 qui
3457 3738 3638 3797 adhuc

2033 3826 2136 3884 sub
2163 3826 2386 3885 terroris
2408 3841 2568 3900 poena
2591 3842 2657 3883 ac
2685 3833 2840 3884 metu
2861 3827 3130 3894 examinis
3155 3829 3486 3886 constitutus
3513 3842 3597 3889 est
3617 3875 3634 3903 ,

2033 3919 2106 3977 ita
2145 3920 2216 3978 ad
2245 3919 2440 3977 horam
2473 3920 2885 3992 compungitur,
2921 3928 2984 3976 ut
3022 3935 3135 3977 non
3171 3921 3384 3977 minore
3409 3923 3638 3994 Spiritus

2034 4011 2310 4070 alacritate
2365 4013 2434 4070 de
2491 4011 2889 4070 obsecrationis
2954 4013 3291 4085 pinguedine
3342 4015 3634 4087 repleatur,

2035 4122 2200 4178 quam
2219 4109 2306 4162 ille
2335 4109 2428 4180 qui
2457 4123 2560 4180 per
2575 4109 2875 4188 puritatem
2899 4108 3084 4166 cordis
3113 4110 3198 4165 sui
3228 4111 3636 4170 munificentias

2037 4201 2140 4256 Dei
2180 4199 2520 4272 perlustrans
2556 4209 2720 4273 atque
2749 4215 3096 4272 percurrens,
3141 4201 3401 4261 ineffabili
3435 4205 3635 4278 gaudio

2034 4295 2330 4366 laetitiaque
2344 4292 2632 4350 resolvitur
2654 4313 2669 4362 ;
2694 4293 2883 4367 incipit
2907 4293 3051 4351 enim
3081 4296 3382 4356 secundum
3407 4309 3632 4360 senten-

2035 4388 2170 4445 tiam
2213 4385 2441 4446 Domini
2479 4387 2599 4460 plus
2651 4386 2896 4460 diligere,
2949 4387 3076 4462 quia
3123 4389 3339 4476 sibimet
3365 4394 3632 4470 ampliora

2035 4482 2318 4556 cognoscit
2340 4481 2562 4541 indulta.

1427 4585 1682 4641 ALARDI
1720 4586 1802 4642 GA
1813 4587 1946 4642 ΖιλΕΙ
1984 4583 2540 4643 COMMENTARIUS.

397 4692 423 4719 ⁸
447 4689 522 4738 At
545 4685 615 4738 D.
640 4681 1014 4752 Hieronymus
1039 4680 1205 4736 vertit
1235 4697 1253 4754 :7
1277 4681 1443 4736 Multo
1483 4683 1670 4754 melius
1710 4689 1790 4738 est
1824 4700 1929 4740 non
1957 4689 2009 4752 1)
2039 4688 2205 4740 Immo
2231 4697 2350 4738 vero
2369 4683 2501 4752 quia
2517 4681 2779 4752 postulat,
2801 4695 2906 4750 pro
2934 4696 2992 4736 eo
3003 4684 3244 4752 positum
3269 4686 3365 4748 est,
3388 4685 3638 4754 interpel-

328 4769 532 4817 oorere,
559 4769 722 4824 quam
741 4751 867 4822 post
881 4755 1062 4806 votum
1074 4753 1341 4822 promissa
1357 4766 1465 4804 non
1485 4751 1722 4808 reddere.
1747 4755 1841 4810 Vel
1863 4771 1928 4810 ex

330 4825 568 4948 ﬂebatgo
600 4839 612 4874 :
642 4825 834 4881 Melius
862 4827 942 4879 est
976 4839 1081 4878 non
1109 4837 1312 4892 vovere,
1345 4837 1509 4892 quam
1543 4837 1724 4878 uouere
1748 4828 1799 4879 et
1825 4841 1930 4882 non

330 4909 390 4948 re
526 4909 572 4948 ε.
1734 4909 1737 4912 ·

330 4909 572 4950 reddere.
1734 4909 1737 4912 ’

403 4957 432 4997 δ
461 4965 532 5040 D.
559 4964 892 5040 Augustinus
919 4965 1047 5040 legit
1063 4962 1558 5040 iinterpellati‘ones,
1594 4965 1820 5040 Paulino
1857 4966 1929 5023 ita

331 5035 636 5102 rescribens
660 5035 866 5106 (Epist.
891 5035 1020 5108 59)':
1053 5039 1156 5108 Pro
1180 5035 1702 5108 interpellationibus
1732 5041 1932 5108 autem,

333 5108 478 5180 quod
504 5109 681 5162 nostri
703 5107 916 5171 habent,
938 5107 1230 5180 secundum
1255 5107 1476 5180 codices,
1502 5107 1677 5180 credo,
1705 5112 1929 5176 vestros,

333 5177 721 5251 postulationes
741 5181 993 5251 posuisti.
1017 5181 1142 5233 Hac
1160 5179 1379 5251 interim
1405 5177 1530 5251 duo,
1569 5179 1630 5232 id
1669 5183 1766 5240 est,
1791 5180 1935 5248 quod

333 5247 844 5321 aliipostulattbnes,
857 5247 1412 5321 aliiinterpellationes
1428 5249 1770 5321 interpretati
1781 5247 1930 5321 sunt,

330 5319 504 5377 unum
519 5321 736 5376 verbum
755 5319 1360 5388 transferrevoluerunt,
1375 5319 1517 5389 quod
1535 5320 1750 5378 Gnaeus
1773 5319 1934 5376 habet

333 5391 588 5454 ἰντεύξεις.
636 5397 708 5449 Et
742 5393 985 5464 profecto
1027 5391 1282 5464 advertas.
1315 5391 1421 5447 Sed
1463 5393 1608 5447 nosti
1641 5392 1796 5447 aliud
1823 5392 1932 5448 esse

331 5465 702 5536 interpellare,
722 5462 880 5536 aliud
890 5463 1188 5536 postulare.
1205 5462 1322 5536 Non
1339 5463 1478 5536 enim
1493 5463 1720 5519 solemus
1735 5464 1927 5527 dicere,

336 5533 613 5605 postulant
647 5533 878 5604 interpel
883 5535 1052 5588 laturi
1057 5575 1072 5602 ,
1093 5533 1189 5588 sed
1208 5535 1557 5606 Interpellant
1575 5536 1926 5606 postulaturi.

347 5607 730 5662 Verumtamen
743 5621 812 5659 ea:
825 5607 1100 5660 vicinitate
1113 5620 1202 5658 ver
1209 5605 1334 5659 bum
1350 5610 1692 5677 usurpatum,
1713 5606 1800 5659 cui
1807 5620 1932 5674 pro-

329 5679 618 5749 pinquitas
635 5680 756 5747 ipsa
781 5677 1398 5749 impetrat_intellectum,
1423 5692 1527 5749 non
1551 5679 1630 5732 est
1645 5677 1794 5730 velut
1820 5690 1931 5749 cen-

335 5746 486 5804 soria
519 5746 790 5803 notatione
816 5746 1162 5818 wlpandum.
1204 5749 1344 5804 Nam
1379 5751 1432 5801 et
1465 5747 1532 5818 de
1557 5749 1674 5818 ipso
1705 5748 1930 5802 Domino

335 5819 464 5876 Iesu
496 5820 702 5876 Christo
743 5817 966 5889 dictum
993 5822 1071 5872 est
1116 5818 1261 5886 quid
1286 5817 1601 5888 interpellat
1639 5833 1741 5889 pro
1775 5819 1928 5873 nobis

332 5891 514 5961 (Rom.
524 5890 662 5962 vni)
673 5930 687 5945 .
698 5888 1362 5961 Numquidinterpellat,et
1375 5904 1480 5944 non
1490 5888 1930 5962 etiarn’postulat?

2041 4757 2137 4862 late,
2167 4763 2362 4882 335m
2391 4821 2676 4892 εὔχαριᾳτῐα
2717 4836 2748 4876 a
2781 4820 2951 4892 verbo
2985 4819 3310 4892 εὖχαρυξτέω,
3339 4817 3484 4888 quod
3504 4827 3636 4892 tam

2036 4896 2206 4952 sacris
2247 4888 2692 4965 quani_'profanis
2722 4889 3034 4965 auctoribus
3058 4888 3258 4965 gratias
3274 4903 3450 4965 agere
3459 4891 3636 4965 signi-

2043 4965 2189 5036 ﬁcat.
2221 4958 2386 5036 Unde
2407 4958 2822 5036 sacramentum
2847 4959 3030 5014 altaris
3072 4959 3394 5036 eucharistia
3419 4958 3634 5036 dicitur,

2043 5035 2176 5092 alias
2220 5035 2637 5106 sacramentum
2679 5029 2980 5106 gratiarum
3029 5031 3483 5106 actionisrquod
3542 5029 3640 5106 per

2041 5108 2159 5178 ejus
2181 5103 2520 5178 oblationem
2558 5109 2614 5156 et
2635 5101 3008 5178 sumptionem
3039 5101 3384 5178 DAeo_gratia's
3410 5101 3640 5178 agamus

2042 5170 2142 5249 p'ro
2169 5173 2455 5249 universis
2473 5170 2741 5249 ejus_erga
2766 5170 2885 5228 'nos
2931 5170 3244 5249 ιηεμιεξῐίίείἰέ,⁸
3263 5182 3426 5244 atque
3449 5170 3520 5228 'in
3542 5177 3641 5249 pri-

2041 5242 2148 5304 inis
2171 5261 2270 5319 pro
2297 5245 2418 5319 hoc
2442 5242 2558 5315 ipso
2586 5242 2934 5319 Sacramenta
2963 5245 3188 5318 ejusque
3217 5242 3418 5319 fructu.

2111 5321 2138 5356 α
2172 5315 2232 5376 id
2257 5325 2359 5382 est,
2387 5315 2710 5373 devotarum
2749 5315 3058 5372 orationum
3079 5315 3117 5386 ,⁷
3149 5331 3283 5387 quas
3311 5315 3449 5372 infra
3479 5328 3642 5379 vocat

2040 5389 2474 5448 ferventissimas
2525 5402 2711 5460 preces
2769 5387 3095 5460 ignitasque.
3155 5388 3400 5460 Respicit
3455 5401 3645 5447 autem

2040 5462 2176 5519 illud
2203 5461 2392 5533 psalmi
2430 5474 2558 5516 Lxu
2586 5475 2600 5512 :
2633 5461 2782 5533 Sicut
2810 5461 2974 5530 adipe
3001 5464 3052 5533 et
3077 5461 3648 5533 pinguedine'_replea-

2041 5537 2136 5588 tur
2183 5530 2369 5587 anima
2417 5546 2566 5598 mea,
2606 5537 2658 5588 et
2686 5531 2847 5586 labiis
2898 5532 3274 5586 emsultatiom's
3307 5530 3559 5586 laudabit
3587 5549 3645 5589 os

2037 5619 2232 5658 meum.
2260 5602 2372 5660 Ubi
2398 5602 2530 5656 scite
2561 5601 2946 5658 Genebrardus
2974 5617 2988 5655 :
3032 5601 3237 5670 Adeps,
3263 5605 3314 5658 et
3337 5603 3643 5672 pinguedo,

2035 5675 2274 5746 symbola
2303 5675 2496 5744 gratiae
2543 5677 2592 5726 et
2628 5673 3043 5727 consolationum
3059 5672 3410 5746 divinarum.
3453 5676 3647 5730 Gratia

2039 5744 2139 5802 tua
2158 5747 2384 5802 satietur
2394 5746 2587 5798 anima
2611 5759 2750 5806 mea,
2775 5747 2826 5798 et
2845 5746 2968 5799 tunc
2986 5747 3037 5798 te
3055 5744 3194 5799 laetis
3214 5745 3373 5800 labiis
3391 5760 3448 5798 os
3468 5757 3644 5796 meum

2037 5818 2316 5874 celebrabit
2334 5835 2350 5871 :
2372 5817 2564 5888 Gratia
2584 5816 2681 5888 Dei
2695 5816 3084 5886 pinguissimus
3095 5820 3288 5888 pastus
3305 5816 3608 5870 animorum
3617 5831 3640 5880 ,-

2036 5890 2344 5958 oonsolatio,
2372 5885 2804 5942 delicatissimus.
3097 5885 3117 5888 ⁷
3152 5885 3171 5898 ⁴
