4034 6212
1475 312 1757 383 JOANNIS
1792 311 2096 371 cassum
2132 283 2625 371 COLLATIONES.
3590 317 3705 371 res

979 440 1220 497 CAPUT
1259 440 1409 497 XVI.
2014 441 2069 505 Α
2100 442 2151 493 et
2182 440 2373 506 terrm;
2383 441 2512 509 quia
2525 436 2858 493 abscondisti
2869 435 2981 490 hac
2996 450 3032 490 a
3048 435 3387 506 sapientibus
3403 437 3457 490 et
3465 436 3709 506 pruden-

394 533 682 593 Gradatim
697 532 772 589 ad
788 535 888 589 has
903 535 1204 619 orationum
1219 534 1414 605 species
1431 532 1848 588 contendendum
1861 546 1988 588 esse.
2098 532 2259 598 tibus,
2291 537 2341 587 et
2361 532 2614 587 revelasti
2640 546 2702 586 ea
2718 530 2963 600 parvulis
2987 547 3004 584 :
3027 531 3107 583 ita
3134 531 3314 593 Pater,
3336 530 3475 611 quia
3489 531 3568 585 sic
3587 531 3705 596 fuit

463 637 675 691 Tamen
702 634 1018 705 expetendae
1038 642 1171 690 sunt
1197 633 1359 690 nobis
1387 648 1482 705 per
1522 632 1824 706 profectum
1865 634 1991 691 vitae
2091 628 2355 697 placitum
2379 630 2505 681 ante
2545 629 2596 680 te
2625 625 2843 694 (Matth.
2874 623 2988 695 xu).
3018 622 3119 680 Vel
3164 630 3313 679 certe
3337 638 3471 679 cum
3512 622 3653 680 dicit
3688 646 3703 681 ε

392 727 1034 799 consummationemque
1061 726 1329 783 virtutum
1360 726 1468 783 illa:
1505 726 1687 799 potius
1710 727 1986 801 supplica-
2098 723 2284 788 Pater,
2306 720 2519 788 gratias
2536 718 2761 787 egotibi
2776 718 3034 789 quoniam
3055 715 3265 771 audisti
3280 731 3388 779 me,
3408 732 3507 785 ego
3524 721 3710 773 aettem

391 820 608 876 tionum
634 818 863 889 species,
895 834 1019 890 quae
1058 819 1142 876 vel
1183 818 1252 876 de
1285 820 1746 893 contemplatione
1770 819 1988 879 futuro-

2115 812 2324 868 :ciebam
2346 813 2479 881 quia
2505 826 2716 882 semper
2738 826 2820 873 me
2840 810 3002 874 audis,
3022 809 3197 880 (Joan.
3226 807 3342 879 ιι).
3363 810 3501 879 Quae
3519 816 3707 867 tamen

392 925 518 967 rum
558 910 851 980 bonorum,
887 912 968 968 vel
1007 911 1077 968 de
1099 894 1384 971 charitatis
1412 914 1619 971 ardore“
1649 913 1986 984 funduntur;
2096 914 2332 978 quatuor
2353 904 2815 978 supplicationum
2838 918 3033 978 genere
3062 901 3187 958 licet
3216 901 3493 974 sigillati!!!
3519 918 3589 960 ac
3612 903 3707 961 di-

393 1019 491 1061 seu
533 1010 711 1073 certe,
760 1012 823 1061 ut
867 1004 1134 1063 humilius
1172 1016 1226 1063 et
1264 1009 1567 1067 secundum
1611 1008 1991 1080 incipientium
2098 1014 2256 1057 verso
2286 1005 2553 1070 tempore,
2574 996 2879 1055 secundum
2911 997 3065 1059 illum
3092 1010 3260 1068 (ιιιθιῐι
3289 996 3715 1068 οοωριθδευάἓ

391 1111 712 1154 mensuram
747 1097 959 1170 loquar,
997 1115 1096 1172 pro
1124 1100 1481 1172 acquisitione
1515 1116 1991 1174 quarumcumque
2099 1108 2226 1151 mus
2253 1093 2504 1160 ωοάιιως
2535 1090 2676 1149 ἰάθη)
2703 1090 2974 1148 Dominus
3004 1097 3194 1147 ηοεῑθτ
3216 1088 3521 1146 manu“
3548 1089 3708 1148 οπε-

390 1190 668 1250 virtutum
695 1207 792 1249 seu
813 1192 925 1249 vitii
955 1193 1240 1267 cujuslibet
1262 1194 1616 1253 exstinctione
1634 1203 1987 1267 generantur.
2097 1189 2285 1258 renda,
2316 1197 2501 1245 tamen
2542 1188 2708 1245 etiam
2750 1185 2915 1244 simul
2953 1200 3015 1241 ea
3042 1184 3099 1240 in
3124 1183 3524 1256 supplicatione
3564 1200 3713 1258 per-

392 1286 568 1343 Aliter
592 1287 741 1344 enim
769 1286 840 1344 ad
867 1287 959 1345 illa
983 1288 1302 1346 sublimiora
1333 1305 1456 1362 qua:
1483 1290 1834 1363 praediximus
1852 1306 1988 1364 sup-
2099 1280 2236 1339 lecta
2287 1278 2674 1353 comprehendi
2717 1293 2876 1351 90880
2914 1275 3213 1335 idemidem
3278 1276 3401 1333 ευίε
3455 1276 3717 1335 “Elidit

393 1381 748 1453 plicationum
776 1399 972 1457 genera
1010 1385 1290 1457 pervenire
1312 1386 1620 1443 nullatenus
1656 1387 1988 1459 poterimus,
2102 1375 2382 1446 exemplis:
2404 1390 2500 1446 ρει·
2526 1373 2676 1429 illam
2705 1372 2908 1429 εαίιίοθῑ
2927 1369 3232 1427 oralionem
3256 1385 3426 1441 quam
3446 1368 3518 1425 ad
3542 1369 3711 1427 ﬁnem

393 1476 495 1533 nisi
516 1492 611 1548 per
629 1476 882 1534 ordinem
905 1478 1335 1549 postulationum
1362 1480 1594 1537 istarum
1611 1481 1812 1537 sensim
1840 1495 1998 1538 mens

2115 1467 2375 1540 Evangelii
2409 1465 2714 1522 secundum
2749 1466 3017 1520 Joannem
3069 1461 3299 1535 legimus
3338 1476 3472 1517 eum
3514 1461 3713 1535 copio-

395 1578 585 1628 nostra
621 1569 788 1627 fuerit
820 1571 1195 1645 gradatimque
1224 1581 1494 1645 provecta,
2103 1560 2318 1618 sissime
2356 1560 2677 1634 profudisse.
2712 1561 2794 1616 Ex
2831 1558 2988 1631 cujus
3010 1563 3164 1613 textu
3196 1556 3325 1628 quia
3354 1557 3582 1631 longum
3618 1564 3711 1615 est

968 1675 1206 1730 CAPUT
1248 1675 1429 1731 χνιι,
2107 1654 2358 1712 universa
2383 1669 2718 1729 percurrere,
2751 1650 2977 1726 diligens
2995 1649 3280 1722 inquisitor
3316 1649 3437 1706 haec
3464 1650 3535 1705 ita
3578 1663 3706 1707 esse

469 1767 743 1825 Christum
772 1768 914 1824 hisce
941 1772 1177 1838 quatuor
1213 1769 1666 1839 supplicationum
1719 1768 2002 1840 gmw-bu,
2106 1745 2354 1805 lectionis
2384 1749 2550 1821 ipsius
2591 1748 2730 1804 serie
2740 1745 2958 1837 poterit
2986 1743 3248 1840 edoceris
3268 1745 3443 1840 Quem
3476 1759 3718 1840 sensum

1005 1855 1165 1895 usum
1197 1837 1392 1907 fuisse.
1724 1837 1737 1840 ⁷
2026 1846 2075 1909 Β
2110 1843 2404 1916 Apostolus
2434 1858 2651 1917 quoque
2697 1842 2750 1896 in
2787 1838 3059 1913 Espistola
3087 1837 3155 1894 ad
3188 1838 3551 1910 Philippenses
3595 1838 3709 1895 has

2106 1943 2343 2007 quatuor
2385 1934 2844 2007 supplicationum
2888 1932 3095 2006 species
3128 1932 3453 2005 aliquantum
3479 1932 3713 1990 immu-

2106 2035 2221 2085 tato
2245 2043 2454 2101 ponens
2481 2028 2674 2086 ordine
2690 2068 2706 2097 ,
2731 2025 3010 2084 evidenter
3043 2026 3328 2099 expressit,
3357 2026 3717 2099 ostenditque

2107 2120 2304 2178 debere
2331 2135 2424 2179 eas
2454 2136 2873 2193 nonnumquam
2895 2120 2999 2177 sub
3023 2119 3218 2177 ardore
3243 2122 3404 2177 unius
3434 2120 3723 2194 supplica.

2109 2215 2276 2275 tionis
2299 2214 2508 2283 offerri,
2556 2217 2633 2272 ita
2672 2214 2864 2272 dicens
2891 2235 2904 2272 :
2932 2216 2958 2250 δ
2990 2215 3098 2271 Sed
3124 2217 3183 2269 in
3213 2215 3363 2270 omni
3384 2217 3624 2270 oratione
3658 2221 3720 2271 et

2110 2312 2484 2374 obsecratione,
2507 2326 2627 2364 cum
2650 2312 2961 2379 gratiarum
2991 2310 3198 2363 actione
3215 2310 3497 2378 petitiones
3518 2313 3722 2365 vestrm

395 2401 654 2475 possibile
682 2407 780 2472 est,
811 2408 1055 2461 transeat
1083 2421 1118 2459 a
1145 2419 1228 2460 me
1253 2405 1401 2460 calta:
1422 2407 1524 2460 iste
1564 2404 1774 2475 (Matth.
1807 2410 1999 2474 xxvi).
2108 2408 2447 2460 innotescunt
2460 2403 2612 2474 apud
2639 2408 2805 2460 Deum
2823 2403 3084 2473 (Philipp.
3103 2405 3193 2468 Iv)
3215 2421 3230 2457 :
3254 2416 3352 2473 per
3374 2400 3511 2471 quod
3530 2400 3721 2457 voluit

401 2494 500 2552 Vel
523 2493 654 2552 illud
679 2495 829 2569 quod
869 2512 935 2553 ex
966 2511 1198 2568 persona
1225 2497 1341 2569 ejus
1369 2505 1619 2555 cantatur
1638 2498 1697 2555 in
1723 2498 1957 2557 Psalmis
1984 2521 1998 2556 :
2110 2513 2215 2556 nos
2241 2499 2297 2554 in
2326 2496 2434 2554 hoc
2466 2496 2753 2568 specialius
2773 2495 2986 2555 erudire
3004 2536 3019 2564 ,
3049 2495 3196 2567 quod
3220 2503 3274 2551 et
3299 2494 3358 2549 in
3386 2494 3625 2550 oratione
3652 2504 3728 2553 et

399 2593 560 2655 Deus,
588 2595 725 2648 Deus
751 2608 921 2656 meus,
944 2595 1144 2664 respice
1164 2595 1222 2648 in
1240 2609 1343 2661 me,
1368 2608 1541 2663 quare
1560 2610 1644 2651 me
1666 2594 2009 2665 dereliquisti
2114 2591 2489 2648 obsecratione
2528 2588 2830 2663 gratiarum
2880 2589 3022 2646 actio
3067 2587 3265 2645 debeat
3305 2603 3437 2645 cum
3465 2587 3731 2660 postula-

406 2683 569 2755 (Psal.
611 2684 769 2757 xxx)?
799 2683 1008 2758 aliaque
1033 2684 1119 2741 his
1146 2686 1360 2743 similia.
1382 2686 1586 2743 Oratio
1611 2695 1714 2756 est,
1759 2703 1890 2745 cum
1916 2687 2006 2745 di-
2113 2683 2261 2741 tione
2285 2683 2521 2740 misceri.

403 2777 479 2833 cit
502 2798 514 2835 τ
547 2781 660 2849 Ego
690 2784 740 2836 te
756 2781 1048 2852 clariﬁcavi
1055 2796 1218 2851 super
1243 2784 1472 2849 terram,
1493 2795 1626 2851 opus
1645 2789 2008 2840 consummavi

403 2873 546 2941 quod
570 2874 776 2930 dedisti
791 2878 933 2931 mihi
952 2880 1015 2930 ut
1036 2877 1266 2944 facerem
1291 2876 1467 2944 (Joan.
1495 2880 1675 2944 xvn).
1696 2862 1965 2933 Siveillud
1990 2895 2003 2931 :

403 2969 476 3023 Et
496 2982 602 3037 pro
640 2970 713 3021 eis
746 2973 1015 3039 sanctiﬁco
1040 2972 1323 3038 meipsum,
1352 2973 1414 3023 ut
1440 2970 1553 3022 sint
1580 2973 1631 3025 et
1655 2971 1764 3041 ipsi
1783 2972 2010 3039 sanctiﬁ-
2188 2968 2321 3023 Haec
2341 2966 2524 3038 itaque
2539 2964 2997 3036 supplicationum
3014 2978 3213 3037 genere
3230 2962 3515 3025 sublimior
3531 2962 3737 3022 adhuc

406 3061 532 3120 cati,
577 3060 635 3110 in
666 3060 896 3116 veritate
944 3060 1164 3130 (Ibid)
1207 3059 1509 3117 Postulatio
1533 3069 1636 3129 est,
1666 3078 1795 3119 cum
1831 3061 1962 3119 dicit
1991 3082 2005 3119 :
2116 3067 2290 3115 status
2308 3075 2373 3118 ac
2386 3058 2697 3132 praecelsior
2717 3056 3087 3130 subsequitur,
3118 3058 3209 3129 qui
3255 3057 3731 3130 contemplatione

406 3150 587 3214 Pater,
612 3164 745 3217 quos
781 3151 982 3206 dedisti
1006 3153 1164 3220 mihi,
1190 3152 1306 3207 volo
1334 3157 1396 3207 ut
1424 3151 1505 3209 ibi
1530 3170 1622 3224 ego
1645 3170 1784 3219 sum,
1815 3159 1867 3209 et
1904 3157 2014 3224 ipsi
2117 3152 2216 3208 Dei
2241 3153 2411 3210 solius
2439 3162 2496 3209 et
2534 3151 2812 3209 charitatis
2857 3150 3053 3208 ardore
3084 3149 3376 3220 formatur,
3417 3167 3509 3223 per
3541 3167 3736 3223 qum

406 3241 520 3294 sint
544 3255 775 3310 mecum,
809 3248 872 3298 ut
895 3243 1116 3299 videant
1140 3246 1371 3316 gloriam
1406 3263 1582 3303 meam
1610 3264 1774 3317 quam
1805 3248 2008 3305 dedisti
2041 3238 2087 3303 C
2117 3262 2276 3303 mens
2335 3247 2392 3303 in
2442 3247 2582 3303 illius
2618 3245 2968 3303 dilectionem
3011 3244 3255 3301 resoluta
3308 3254 3470 3318 atque
3512 3245 3737 3317 reiecta

405 3333 544 3388 mihi
568 3333 770 3407 (Ibid).
803 3336 900 3393 Vel
927 3345 1072 3395 certe
1094 3354 1223 3395 cum
1245 3340 1421 3397 dicit:
1450 3342 1631 3406 Pater,
1661 3342 1872 3410 ignosce
1907 3345 2005 3409 eis,
2116 3340 2529 3398 familiarissime
2571 3342 2722 3405 Deo,
2778 3339 2928 3394 velut
2966 3336 3107 3410 patri
3147 3338 3404 3410 proprio,
3461 3338 3739 3409 peculiari

410 3444 516 3483 non
543 3431 684 3484 enim
701 3433 878 3487 sciunt
895 3433 1030 3504 quid
1046 3435 1262 3502 faciunt
1280 3436 1426 3508 (Luc.
1452 3436 1660 3506 χχιιι).
1692 3435 2009 3495 Gratiarum
2116 3435 2316 3507 pietate
2359 3435 2709 3507 colloquitur.
2755 3435 2933 3504 Quem
2975 3440 3181 3489 statum
3219 3433 3419 3489 debere
3455 3449 3555 3488 nos
3582 3432 3747 3489 dili-

409 3520 550 3578 actio
577 3531 661 3580 est
685 3538 814 3582 cum
833 3523 964 3583 dicit
991 3546 1003 3582 :
1031 3527 1292 3599 Conﬁteor
1312 3529 1432 3597 tibi,
1455 3532 1695 3593 Domine,
1710 3533 1877 3587 Pater
1893 3532 2010 3587 οωιὲ
2116 3538 2306 3602 genter
2325 3536 2600 3600 expetere,
2622 3537 2643 3564 °
2682 3527 2924 3584 formula
2946 3527 3258 3583 Dominicis
3284 3527 3537 3583 orationis
3555 3526 3757 3585 insti-

389 316 494 372 787

469 1935 587 1991 Has
603 1942 840 2007 quatuor
861 1936 1325 2008 supplicationum
1353 1938 1563 2009 species
1588 1937 1662 1994 ita
1691 1936 1853 1993 etiam
1877 1938 1999 1993 Do-

397 2028 587 2087 minus
622 2029 874 2101 exemplo
893 2045 996 2086 suo
1015 2024 1179 2087 nobis
1199 2033 1225 2063 ³
1252 2029 1463 2087 initiare
1515 2030 1767 2103 dignatus
1792 2038 1908 2097 est,
1940 2039 2001 2088 ut

394 2122 458 2179 in
487 2120 594 2178 hoc
616 2138 835 2195 quoque
864 2122 1117 2195 impleret
1164 2123 1297 2180 illud
1323 2123 1472 2195 quod
1503 2123 1572 2180 de
1600 2123 1720 2194 ipso
1751 2122 1952 2205 dicitur
1982 2144 1996 2181 :

318 2228 321 2229 '
403 2217 534 2284 Qum
574 2217 728 2286 coepit
782 2218 933 2273 Iesus
975 2219 1155 2287 facere
1209 2220 1258 2272 et
1297 2218 1476 2272 docere
1519 2215 1727 2285 (Actor.
1759 2216 1823 2287 ι).
1861 2218 2002 2273 Nam

403 2304 794 2364 'obsecrationis
837 2322 1007 2381 genus
1053 2308 1282 2366 assumit
1332 2322 1461 2365 cum
1507 2307 1642 2373 dicit
1673 2326 1690 2364 :
1740 2311 1924 2373 Pater,
1954 2311 2007 2365 si

2680 2776 2920 2833 CAPUT
2950 2777 3156 2835 XVIII.

2522 2904 2531 2914 -
2593 2875 2669 2927 De
2685 2874 2922 2927 oratione
2940 2873 3236 2928 Dominica.

1504 3679 1760 3735 ALARDI
1797 3681 2028 3737 GAZ/El
2065 3678 2622 3738 COMMENTARIUS.

482 3811 747 3886 {Deliae
783 3826 919 3886 voce
966 3811 1085 3868 vide
1126 3818 1449 3868 annotatum
1504 3810 1640 3867 infra
1666 3812 1738 3869 ad
1765 3829 1886 3886 cap.
1939 3821 2008 3872 25

412 3880 577 3950 hujus
599 3883 934 3939 Collationis.

482 3946 509 3985 δ
539 3956 634 4009 Est
676 3953 765 4009 hic
810 3952 1204 4024 advertendum
1226 3995 1242 4020 ,
1275 3952 1422 4024 quod
1474 3954 1800 4023 obsecratio,
1832 3956 2009 4013 oratio

411 4032 467 4081 et
492 4025 788 4098 gratiarum
800 4024 982 4098 actio,
999 4023 1192 4098 iisdem
1213 4023 1461 4098 vocibus
1475 4026 1665 4082 Graece
1694 4028 2011 4098 exprimun-

412 4095 526 4170 tur,
562 4096 761 4168 quibus
796 4095 848 4151 in
887 4095 1130 4170 Epistula
1160 4096 1230 4170 ad
1259 4096 1646 4164 Timotheum,
1679 4095 1776 4155 ubi
1808 4114 2010 4170 supra;

2119 3820 2251 3871 trem
2263 3816 2554 3885 loquimur,
2568 3815 2789 3882 facilius
2798 3816 3181 3870 exaudiamur.
3192 3818 3249 3868 2"
3260 3810 3527 3867 Brevitate
3541 3812 3755 3874 etiam

2120 3884 2339 3959 praestat
2368 3906 2380 3940 :
2409 3900 2559 3952 nam,
2590 3894 2650 3940 ut
2691 3885 2833 3959 idem
2880 3884 3418 3959 Cy'priauusrmoqet,
3459 3885 3585 3952 Ipsa
3633 3895 3767 3943 est

2118 3956 2292 4012 oratio
2319 3973 2482 4027 quam
2510 3959 2655 4012 Deus
2674 3957 2883 4019 dacuit,
2919 3956 3017 4027 qui
3060 3956 3365 4026 magisterio
3392 3969 3484 4009 suo
3509 3970 3759 4027 onmem

2118 4026 2589 4098 precem’nostram
2624 4029 2867 4084 salutari
2886 4043 3121 4083 sermone
3145 4029 3417 4083 breviavit.
3443 4026 3597 4093 Quod
3624 4044 3765 4097 per

2119 4102 2322 4155 Isaiam
2338 4102 2663 4175 prophetam
2676 4101 3005 4175 prwdictum
3023 4101 3159 4175 fuit,
3179 4099 3759 4175 wmplenus__Spip°tu

413 4165 597 4239 solani
645 4165 1261 4239 nomenpostulationis
1293 4170 1544 4225 variatur.
1583 4172 1706 4225 Non
1738 4165 1894 4226 enim'
1929 4165 2013 4227 est

414 4236 662 4312 ἐντεύξεις,
685 4239 781 4294 sed
822 4236 1092 4312 αἰξγςματα,
1127 4239 1274 4312 quod
1318 4241 1531 4312 proprie
1575 4240 1888 4312 petitionem
1934 4243 2013 4298 vel

412 4310 840 4383 postulationem
872 4310 1328 4383 signiﬁcat—sque
1356 4310 1559 4367 indicio
1576 4310 1801 4383 ’videtur
1854 4316 2012 4383 Apo-

413 4378 587 4453 stolus
615 4379 850 4453 voluisse
874 4378 1142 4453 explicare
1171 4378 1279 4453 hoc
1315 4382 1370 4453 in
1405 4383 1523 4438 loco
1551 4383 1699 4453 quod
1724 4378 1929 4439 dixerat
1955 4383 2011 4438 in

413 4448 542 4514 alio,
585 4462 781 4532 nempe
832 4445 1060 4532 ἐχτςᾷξεις
1108 4452 1313 4532 melius
1352 4445 1583 4532 intelligi.
1616 4453 2013 4532 postulationes

415 4530 583 4597 quam
636 4515 1110 4587 interpellationes,
1154 4528 1216 4573 ut
1263 4515 1571 4576 observavit
1607 4515 1760 4578 card.
1800 4523 2012 4580 Bellar—

414 4600 613 4642 mlDUS.

485 4666 506 4693 ο
546 4654 826 4735 Postulare
870 4655 1085 4735 videtur
1134 4658 1243 4735 hic_
1268 4658 1437 4735 locus
1466 4669 1519 4716 et
1569 4659 1805 4735 dignitas
1846 4678 2008 4735 argu-

413 4729 612 4805 menti,
666 4728 929 4805 orationis
957 4729 1163 4785 scilicet
1211 4728 1741 4805 Dominicae,cujus
1780 4728 2009 4805 explica-

413 4803 617 4858 tionem
648 4800 960 4874 aggreditur
985 4805 1224 4870 Auctor,
1256 4809 1326 4874 ut
1348 4803 1607 4859 nonnulla
1637 4800 1879 4862 veterum
1903 4810 1998 4863 Pa-

413 4880 564 4930 trum
608 4882 662 4929 et
696 4873 1034 4950 scriptorum
1071 4873 1248 4950 elogia
1276 4873 1363 4929 hic
1404 4883 1754 4950 annotemus,
1802 4878 1996 4950 quibus

412 4958 533 4998 eam
564 4943 820 4998 omnibus
850 4944 972 5001 aliis
998 4943 1362 5014 orationibus,
1387 4961 1482 5019 seu
1508 4947 1697 5003 orandi
1730 4943 2004 5019 formulis,

411 5020 671 5089 praestare
712 5021 980 5089 testantur
1040 5022 1166 5089 :_A1°
1209 5017 1559 5085 auctoritate,
1611 5022 1672 5074 2°
1722 5017 2006 5089 brevitate,

414 5082 474 5141 3°
502 5082 856 5160 perfectione,
892 5087 964 5160 4°.
987 5084 1196 5152 ordine,
1230 5092 1289 5141 5°
1327 5082 1559 5146 utilitate
1599 5106 1694 5147 seu
1739 5082 2008 5160 efﬁcacia,

414 5100 474 5141 δν
491 5100 856 5212 ἕθηεοιιοηθ,
892 5100 953 5139 ιιυ
987 5100 1196 5152 ordine,
1230 5100 1289 5141 δυ
1327 5100 1559 5146 utilitate
1599 5106 1694 5147 seu
1739 5100 2008 5160 et’ticacia,

412 5164 467 5238 et
530 5155 722 5228 enique
753 5154 1099 5238 necessitate.
1142 5160 1585 5238 1°_Auctoritate,
1611 5164 1737 5233 quia
1764 5162 2010 5219 Christus

411 5235 424 5280 I
467 5242 524 5282 se
550 5242 670 5283 eam
714 5236 769 5282 εἰ
796 5235 1138 5298 composuit,
1170 5235 1224 5282 ει
1258 5244 1353 5284 ore
1395 5246 1497 5287 SUO
1527 5243 1871 5289 εδει-οςοῐιοιο
1909 5242 2011 5291 tra-

412 5243 552 5352 (ﬁdit
589 5307 642 5352 et
679 5296 902 5352 docuit.
946 5297 1088 5352 unde
1133 5305 1189 5352 et
1231 5301 1406 5352 oratio
1443 5303 1728 5352 Dominica
1763 5311 2004 5352 vatur-

450 5297 552 5352 idit
589 5307 642 5353 et
679 5296 1088 5364 docuitfunde
1133 5305 1189 5352 et
1231 5301 1406 5356 oratio
1443 5303 1728 5358 Dominica
1763 5311 2004 5359 vocatur.

410 5368 774 5422 Tertullianus
818 5367 910 5423 lib.
957 5367 1024 5424 de
1069 5368 1365 5426 Oratione:
1411 5372 1551 5438 Quid
1577 5376 1778 5428 mirum
1821 5377 2009 5432 :Deus

408 5439 551 5515 solus
587 5439 979 5515 docerepotuit
1006 5443 1071 5515 ut
1096 5456 1164 5515 se,
1187 5443 1349 5497 vellet
1378 5446 1550 5515 arari.
1580 5445 1668 5500 Ab
1696 5447 1810 5513 ipso
1837 5446 2010 5515 igitur

411 5510 665 5586 ordinata
709 5510 893 5581 religio
929 5514 1221 5586 orationis;
1265 5518 1315 5568 et
1354 5514 1421 5569 de
1456 5516 1656 5585 spiritu
1691 5510 1881 5585 ipsius
1884 5518 2008 5586 jam

409 5583 554 5657 tunc,
583 5597 913 5657 cum_e:core
934 5584 1115 5657 divino
1134 5586 1372 5652 ferretur
1387 5583 1654 5649 animata,
1686 5583 1779 5641 suo
1797 5583 2011 5657 privile-

406 5651 495 5727 gio
527 5653 767 5727 ascendit
790 5656 1081 5727 ingcwlum,
1104 5651 1476 5727 cammendans
1503 5659 1670 5712 Patri
1688 5651 1819 5727 quae-
1840 5661 2008 5717 Filius

407 5720 607 5795 docuit.
632 5725 786 5795 _ltem
832 5720 1133 5795 Cyprianus
1172 5726 1426 5795 peculiari
1475 5727 1614 5783 libro
1641 5720 1716 5785 de
1731 5728 1834 5784 hac
1880 5745 2008 5786 ora-

407 5792 552 5848 tione
581 5792 727 5849 edito
756 5814 768 5849 :
795 5792 900 5862 Qui
916 5792 1064 5850 enim
1088 5792 1221 5864 fecit
1240 5800 1430 5864 vivere,
1460 5798 1639 5854 docuit
1654 5804 1703 5856 et
1735 5816 1923 5858 orare:
1948 5807 2009 5858 ut

406 5869 519 5920 tum
538 5881 696 5936 prece
729 5869 780 5921 et
821 5868 1061 5923 aratione
1101 5882 1267 5937 quam
1301 5870 1470 5927 Filius
1511 5871 1691 5929 docuit
1727 5874 1876 5945 apud
1911 5877 2008 5932 Pa-

2118 4177 2302 4227 sancto
2317 4170 2382 4227 de
2399 4175 2500 4228 Dei
2514 4171 2795 4240 majestate
2807 4188 2870 4225 ac
2884 4173 3088 4240 pietate
3111 4172 3415 4242 loqueretur
3438 4189 3455 4224 :
3482 4170 3753 4229 Verbum

2120 4258 2508 4306 consummatis,
2530 4243 2730 4311 inquit,
2755 4246 2804 4297 et
2841 4243 3086 4298 brevians
3111 4244 3169 4296 in
3185 4243 3434 4311 justitia,
3466 4244 3754 4311 quoniam

2120 4328 2407 4368 sermonem
2423 4315 2718 4370 breviatum
2731 4316 2896 4380 faciet
2910 4316 3052 4369 Deus
3063 4313 3302 4368 totoorbe
3315 4318 3474 4367 terra
3486 4314 3612 4383 (Isa.
3636 4319 3747 4382 ι)-

2119 4386 2191 4440 Et
2213 4387 2271 4440 S.
2297 4385 2634 4455 Augustinus
2654 4383 2722 4440 de
2748 4384 2938 4441 Verbis
2960 4384 3209 4450 Domini,
3233 4398 3399 4439 serm.
3423 4388 3491 4438 28
3517 4402 3530 4438 :
3564 4386 3752 4444 Vides

2121 4470 2285 4524 quam
2323 4456 2501 4526 brevis
2538 4458 2733 4519 oratio,
2776 4462 2829 4512 et
2855 4458 3093 4511 omnium
3123 4456 3290 4526 plena
3331 4459 3615 4510 virtutum.
3660 4459 3753 4514 Et

2119 4540 2284 4580 serm.
2341 4530 2441 4579 182
2471 4525 2539 4581 de
2584 4528 2853 4597 Tempore
2901 4546 2914 4583 :
2955 4530 3080 4582 Hazc
3120 4525 3297 4581 oratio
3338 4527 3751 4596 compendiosis

2120 4597 2313 4659 verbis,
2346 4602 2547 4667 septem
2582 4600 2937 4667 petitionibus
2954 4638 2969 4663 ,
3011 4614 3189 4653 omnes
3226 4601 3421 4667 species
3463 4601 3747 4657 orationis

2123 4670 2536 4738 comprehendit.
2564 4669 2808 4726 Christus
2831 4671 3057 4726 breviter
3081 4685 3239 4725 orare
3257 4669 3460 4734 docuit,
3493 4672 3597 4738 qui
3620 4674 3751 4727 cito

2120 4740 2237 4793 vult
2260 4742 2536 4809 postulata
2567 4745 2858 4810 prcestare.
2882 4741 3190 4796 Alexander
3216 4739 3285 4795 de
3322 4741 3450 4795 Ales
3478 4754 3549 4795 tv
3578 4750 3745 4811 part

2118 4824 2169 4880 q.
2198 4815 2263 4866 37
2292 4829 2306 4863 :
2339 4814 2455 4868 Hac
2484 4812 2771 4872 brevitate,
2800 4812 2975 4882 inquit
2993 4851 3009 4878 ,
3052 4813 3278 4880 facilius
3306 4814 3492 4879 scitur,
3524 4811 3745 4869 melius

2100 4885 2380 4946 retinetur,
2399 4885 2739 4951 frequentius
2752 4886 3002 4947 iteratur,
3018 4886 3198 4938 minus
3215 4883 3441 4949 fastidit
3454 4887 3745 4953 ormnem,

2116 4955 2216 5007 cito
2241 4954 2500 5009 exaudiri
2519 4957 2730 5020 innuit;
2753 4956 2882 5025 plus
2921 4955 3120 5024 a/fectu
3140 4971 3305 5025 quam
3337 4970 3428 5025 ore
3448 4954 3738 5009 orandus

2118 5038 2228 5078 esse
2252 5027 2509 5089 insinuat,
2534 5028 2869 5094 ignorantem
2892 5028 3126 5081 incusat.
3152 5024 3213 5082 3°
3234 5024 3564 5082 Perfectione
3578 5038 3742 5093 praL

2118 5095 2351 5168 stantior
2375 5105 2459 5152 est
2486 5118 2498 5151 :
2538 5095 2661 5168 quia
2688 5097 2876 5152 omnia
2903 5097 3149 5168 continet
3179 5112 3303 5168 qua:
3329 5113 3365 5153 a
3392 5101 3501 5153 Deo
3524 5101 3744 5164 petere

2116 5163 2401 5223 debemus.
2428 5169 2524 5234 Et,
2553 5163 2631 5223 ἰη
2655 5168 3017 5224 Tertullianus
3043 5163 3283 5240 loquitur
3326 5170 3458 5235 (Ubi
3490 5163 3739 5237 supra},

2116 5252 2222 5291 non
2239 5243 2454 5294 tantum
2476 5242 2705 5309 propria
2724 5240 2979 5294 orationis
3004 5241 3187 5309 ofﬁcia
3209 5242 3484 5310 complexa
3511 5244 3608 5306 est,
3632 5253 3745 5296 ve-

2115 5312 2447 5365 nerationem
2474 5313 2591 5378 Dei,
2637 5316 2735 5366 aut
2758 5312 2989 5366 hominis
3018 5314 3356 5381 petitionem,
3382 5312 3475 5366 sed
3508 5325 3748 5367 omnem

2112 5394 2248 5448 pene
2298 5395 2588 5436 sermonem
2639 5385 2882 5447 Domini,
2923 5398 3128 5439 omnem
3174 5382 3744 5439 commemorationem

2116 5450 2448 5519 disciplima:
2470 5458 2532 5507 ut
2556 5469 2739 5508 revera
2756 5456 2812 5508 in
2833 5454 2932 5508 hac
2948 5457 3190 5510 oratione
3208 5454 3527 5510 breviarium
3543 5453 3749 5510 totius

2114 5523 2398 5591 Evangelii
2422 5524 2927 5594 comprehendatur.
2958 5527 3030 5582 Et
3051 5526 3446 5583 Tertullianum
3472 5522 3751 5583 imitatus

2114 5594 2186 5647 D.
2220 5594 2520 5667 Cyprianus
2548 5615 2560 5627 ο
2592 5597 2787 5662 Qualia
2822 5601 2970 5665 sunt,
3000 5596 3173 5667 inquit
3200 5596 3330 5667 (Ubi
3354 5594 3565 5666 supra),
3595 5595 3745 5661 fra-

2114 5610 2186 5647 u.
2220 5610 2560 5721 amans;
2592 5610 2787 5662 uuam
2822 5610 2970 5665 sum,
3000 5610 3173 5667 inquit
3200 5610 3329 5667 (uo:
3354 5610 3565 5666 supra),
3595 5610 3742 5661 rra—

2114 5667 2221 5737 tres
2239 5682 2265 5720 c
2414 5683 2561 5734 simi,
2582 5671 2847 5725 orationis
2864 5670 3151 5724 Dominica
3161 5670 3529 5729 Sacramenta,
3550 5682 3742 5737 qum

2112 5736 2304 5805 multa,
2342 5754 2503 5807 quam
2541 5754 2736 5808 magna
2765 5741 2997 5795 breuiter
3023 5742 3083 5795 in
3104 5756 3339 5796 sermone
3362 5736 3606 5801 collecta,
3628 5740 3745 5795 sed

2110 5808 2310 5883 virtute
2331 5811 2693 5878 spiritualiter
2713 5814 2962 5883 capiosa!
2988 5816 3049 5866 ut
3077 5812 3220 5867 nihil
3254 5815 3472 5866 omnino
3490 5814 3737 5883 prater-

2111 5880 2335 5935 missum
2368 5883 2460 5944 sit,
2489 5882 2634 5952 quod
2666 5880 2788 5939 non‘
2808 5885 2867 5939 in
2902 5883 3149 5955 precibus
3185 5887 3350 5954 atque
