4048 6208
350 287 457 342 789

1458 284 1795 343 GOLLA'I'IO
1834 287 1923 342 IX.
1958 312 2033 328 --
2062 287 2158 343 DE
2194 284 2569 345 ORATIONE.

3556 288 3664 343 790

353 410 476 480 tuit,
501 409 707 478 dicens,
733 414 900 468 Pater
920 415 1103 467 noster
1142 409 1359 481 (Matth.
1398 415 1511 481 vi),
1541 428 1652 484 qua
1680 412 1952 469 universi-
1981 417 2036 482 Α
2061 421 2183 469 tum
2218 413 2605 486 impendamus
2619 411 2902 483 affectum,
2925 413 3166 471 dicentes
3195 412 3266 482 ei,
3286 415 3660 483 Sanctiﬁcelur

356 505 482 561 tatis
504 508 682 560 Deum
704 520 771 561 ac
800 504 1107 560 Dominum
1145 504 1360 560 Patrem
1397 518 1516 562 esse
1558 519 1694 562 voce
1720 503 1952 576 propria

353 597 697 668 conﬁtentes,
747 596 816 654 de
851 596 1168 655 conditione
1211 597 1397 654 servili
1415 601 1443 631 ⁸
1492 597 1549 654 in
1598 596 1952 670 adoptionem

352 686 589 747 ﬁliorum
612 706 718 749 nos
740 690 1083 765 iproﬁtemur
1119 690 1321 751 ascitos
1363 711 1377 747 :
1406 690 1718 764 adjicientes
1736 690 1950 759 deinde,

320 836 323 839 .
351 785 450 855 qui
473 800 526 841 es
562 787 627 842 in
652 787 795 843 oculis
822 787 1011 858 (Ibid.)
1033 825 1050 854 ,
1077 793 1145 845 ut
1189 786 1790 844 commemorationem
1826 785 1953 845 vitm

352 879 639 949 praesentis
672 895 780 953 qua
805 880 861 937 in
892 880 995 938 hac
1028 879 1282 954 degimus
1317 888 1488 951 terra,
1535 881 1679 938 velut
1706 879 1951 954 peregri-

348 986 502 1040 nam,
533 982 695 1046 atque
720 990 754 1031 a
777 982 971 1033 nostro
1002 977 1161 1033 Patre
1190 990 1295 1033 nos
1324 976 1645 1049 longissime
1686 990 1951 1048 separan-

349 1071 462 1121 tem
486 1071 608 1122 toto
637 1065 869 1125 horrore
893 1069 1147 1137 vitantes,
1170 1066 1241 1125 ad
1266 1067 1421 1124 illam
1465 1070 1645 1140 potius
1668 1067 1951 1140 regionem

349 1157 407 1215 in
432 1174 541 1232 qua
560 1163 785 1218 Patrem
808 1169 1063 1219 nostrum
1082 1162 1417 1219 commorari
1446 1159 1699 1231 fatemur,
1727 1176 1949 1220 summo

347 1249 618 1312 desiderio
634 1254 1165 1330 properemus,'nihil
1176 1271 1285 1328 que
1299 1254 1661 1313 admittamus
1678 1253 1948 1328 ejusmodi

348 1346 503 1419 quod
546 1348 793 1422 indignos
818 1365 923 1407 nos
951 1348 1055 1406 hac
1098 1358 1287 1407 nostra
1326 1349 1664 1422 professione
1689 1365 1754 1405 ac
1780 1350 1948 1406 nobi-

347 1439 500 1497 litate
549 1450 716 1501 tanta
752 1443 1064 1515 adoptionis
1097 1442 1364 1510 efﬁciens,
1409 1452 1466 1499 et
1497 1442 1819 1500 haereditate
1846 1458 1948 1515 pa-

344 1538 498 1591 terna
542 1536 684 1592 velut
709 1536 1009 1609 degeneres
1024 1536 1221 1609 privet,
1247 1544 1304 1591 et
1335 1535 1475 1593 iram
1495 1551 1601 1592 nos
1618 1535 1782 1593 faciat
1794 1536 1949 1608 justi-

340 1625 433 1684 tiae
464 1628 583 1701 ejus
623 1643 688 1685 ac
734 1629 1036 1687 severitatis
1073 1629 1369 1688 incurrere.
1400 1632 1464 1686 In
1499 1646 1669 1702 quem
1709 1630 1949 1686 ﬁliorum

338 1720 592 1779 ordinem
619 1722 961 1797 gradumque
985 1722 1249 1797 provecti,
1280 1724 1373 1781 illa
1410 1724 1680 1781 continua
1716 1739 1843 1796 qua:
1871 1731 1954 1780 est

2061 500 2251 563 nombn
2297 511 2448 564 tuum
2477 508 2643 577 (Ibid.
2658 508 2699 576 ),
2731 513 2983 564 nostrum
3009 506 3363 572 desiderium,
3406 513 3660 562 nostrum

2060 599 2344 672 gaudium,
2377 601 2610 674 gloriam
2636 601 2813 658 nostri
2837 599 3014 657 Patris
3036 615 3153 657 esse
3173 607 3452 666 testantes,
3474 598 3661 655 imita-

2060 701 2208 751 tores
2221 692 2561 753 effectiillius
2587 695 2679 769 qui
2696 694 2847 761 dixit,
2882 696 2989 763 Qui
3015 710 3050 749 a
3071 697 3350 765 semetipso
3391 694 3654 762 loquitur,

2062 791 2291 860 gloriam
2329 793 2556 862 propria
2595 792 2822 862 quaerit;
2862 792 2959 861 qui
2985 794 3165 845 autem
3194 790 3388 859 quwrit
3426 788 3656 857 gloriam

2060 884 2177 954 ejus
2203 886 2302 955 qui
2326 886 2478 940 misit
2499 885 2678 949 illum,
2710 885 2796 939 hic
2821 900 2989 940 ueram
3006 889 3111 948 est,
3135 889 3187 940 et
3208 883 3482 953 injustitia
3510 882 3571 935 in
3596 895 3654 937 eo

2060 993 2168 1033 non
2208 983 2288 1034 est
2315 980 2487 1046 (Joan.
2527 979 2661 1047 v11).
2705 978 2952 1048 Denique
2981 980 3089 1033 Vas
3117 975 3397 1032 electionis
3431 974 3537 1030 hoc
3562 988 3656 1032 re-

2061 1071 2240 1143 pletus
2251 1070 2655 1134 aflectu,etiam
2670 1063 2697 1103 ¹³
2725 1070 3015 1127 anathema
3044 1069 3163 1126 ﬁeri
3178 1077 3336 1141 optat
3358 1085 3388 1123 a
3413 1067 3656 1135 Christo,

2056 1164 2363 1221 dummodo
2394 1164 2445 1220 ei
2466 1162 2672 1220 familia
2703 1163 2988 1234 multiplex
3013 1162 3346 1237 acquiratur,
3368 1169 3422 1217 et
3445 1160 3514 1217 ad
3534 1160 3657 1233 glo-

2056 1258 2196 1316 riam
2236 1259 2322 1315 sui
2371 1256 2546 1315 Patris
2599 1258 2751 1314 salus
2785 1257 2952 1313 totius
2995 1255 3305 1313 Israelitica:
3356 1253 3527 1326 plebis
3559 1269 3657 1309 ac-

2055 1361 2278 1411 crescat.
2299 1354 2534 1410 Securus
2561 1351 2709 1409 enim
2722 1358 2878 1425 optat
2900 1348 3143 1407 interiret
3160 1364 3262 1421 pro
3287 1346 3526 1414 Christo,
3561 1346 3657 1418 qui

2057 1448 2205 1505 novit
2230 1447 2507 1503 neminem
2551 1446 2691 1503 mori
2732 1460 2894 1517 posse
2933 1460 3033 1517 pro
3074 1444 3180 1500 vita
3196 1446 3368 1514 (Rom.
3416 1442 3524 1511 ιχ).
3579 1443 3646 1496 Et

2053 1541 2277 1610 iterum,
2311 1541 2637 1603 Gaudemus,
2661 1538 3084 1611 inquit,quando
3097 1554 3192 1593 nos
3219 1538 3427 1608 infirmi
3439 1550 3645 1597 sumus,

2056 1647 2148 1687 vos
2176 1635 2355 1687 autem
2364 1636 2605 1702 potentes
2620 1633 2749 1687 estis
2772 1633 2846 1701 (Il
2872 1632 2989 1688 Cor.
3005 1630 3162 1702 xm).
3185 1630 3259 1686 Et
3282 1628 3413 1700 quid
3426 1627 3654 1694 mirum,

2057 1724 2104 1781 si
2133 1725 2246 1780 Vas
2277 1724 2552 1782 electionis
2587 1740 2687 1797 pro
2728 1723 2929 1780 Christi
2967 1722 3138 1796 gloria
3165 1731 3221 1779 et
3253 1722 3488 1778 fratrum
3517 1734 3652 1775 suo-

336 1814 395 1875 in
418 1816 584 1875 bonis
626 1817 753 1876 ﬁliis
777 1820 980 1892 pietate
1028 1817 1408 1892 ﬂagrabimus,
1452 1825 1517 1875 ut
1536 1819 1657 1890 jam
1694 1834 1811 1875 non
1848 1832 1950 1890 pro
1978 1833 2027 1896 Β
2060 1832 2184 1874 rum
2208 1816 2589 1887 conversione,
2609 1816 2893 1890 gentisque
2918 1815 3203 1889 privilegio
3224 1814 3507 1871 anathema
3535 1812 3654 1869 ﬁeri

336 1911 550 1968 nostris
588 1911 927 1980 utilitatibus,
955 1912 1055 1970 sed
1087 1927 1189 1985 pro
1220 1912 1397 1969 nostri
1436 1912 1611 1995 Patris
1634 1912 1805 1984 gloria
1854 1920 1947 1968 to-

2055 1919 2212 1984 optat
2247 1927 2281 1967 a
2309 1911 2554 1981 Christo,
2605 1920 2627 1949 °
2677 1926 2805 1969 cum
2846 1909 3107 1968 Michaeas
3132 1924 3347 1983 quoque
3388 1906 3657 1981 propheta

1451 2081 1707 2138 ALABDI
1742 2082 1967 2139 GAZzEl
2002 2081 2557 2139 COMMENTARIUS.

339 2232 548 2303 nostris
577 2231 797 2303 caelestis
827 2230 1081 2303 doctrina:
1122 2230 1426 2303 compendi)
1453 2233 1947 2303 comprehendatur.

340 2300 600 2374 Denique
627 2301 680 2357 S.
730 2300 1066 2374 Augustinus
1089 2300 1250 2373 epist:
1290 2307 1382 2357 12!
1424 2302 1493 2358 ad
1527 2300 1761 2359 Probam
1792 2306 1943 2374 (Cap.

339 2374 434 2444 1‘2)
468 2389 483 2426 :
509 2373 573 2429 Si
588 2388 691 2441 per
708 2372 908 2440 onmia,
930 2372 1024 2439 ait,
1054 2372 1369 2429 sanctarum
1391 2376 1763 2444 precationum
1788 2372 1947 2430 verba

333 2440 909 2516 discurrasquantum
940 2445 1208 2507 existimo,
1247 2440 1650 2516 nihil—invenies
1674 2446 1820 2514 quod
1841 2462 1946 2501 non

330 2511 455 2567 ista
482 2511 763 2568 Dominica
790 2516 1057 2569 contineat
1103 2519 1154 2569 et
1181 2512 1460 2570 concludat
1485 2511 1702 2570 oratio:
1719 2518 1786 2571 Et
1819 2532 1945 2572 rur-

325 2596 466 2640 sum
495 2604 508 2639 :
543 2585 844 2651 Quamlibet
868 2587 986 2641 alia
1000 2585 1162 2640 verba
1172 2587 1438 2650 dicamus,
1459 2587 1602 2640 nihil
1629 2587 1784 2641 aliud
1803 2587 1945 2642 dici-

325 2669 483 2722 mus,
514 2672 681 2726 quam
711 2659 770 2710 in
789 2659 899 2712 ista
934 2659 1208 2712 Dominum
1235 2660 1477 2712 oratione
1498 2660 1739 2728 positum
1775 2664 1873 2723 est,
1898 2661 1947 2714 si

323 2729 542 2807 recteet
564 2732 912 2807 congruenter
931 2743 1167 2807 oramus.
1189 2733 1249 2783 4ο
1265 2727 1475 2807 Qrdine
1503 2736 1765 2807 praestat:
1793 2729 1940 2800 quia,

322 2804 385 2852 ut
407 2799 504 2852 ait
525 2807 747 2854 sanctus
782 2799 1044 2866 Thomas,
1075 2801 1135 2852 in
1158 2802 1397 2855 oratione
1423 2801 1706 2856 Dominica
1728 2799 1835 2856 non
1853 2816 1940 2855 so-

322 2867 455 2923 lum
463 2874 727 2941 petuntur
740 2872 919 2923 omnia
928 2886 1051 2940 quae
1060 2875 1199 2925 recte
1217 2870 1525 2926 desiderare
1532 2884 1840 2941 possumus,
1851 2872 1946 2926 sed

323 2942 589 3012 etiameo
600 2940 788 3012 ordine
814 2956 915 3009 quo
936 2941 1294 2997 desideranda
1309 2947 1442 3012 sunt
1465 2940 1608 3011 (242,
1626 2959 1681 3012 q.
1711 2947 1802 3008 83,
1827 2947 1937 2996 art.

323 3010 407 3078 9).
427 3009 623 3084 Primo
649 3011 793 3065 enim
812 3018 1094 3084 petuntur,
1112 3011 1326 3084 quaead
1350 3013 1452 3067 Dei
1462 3009 1715 3084 gloriam,
1742 3012 1939 3084 deinde

330 3095 465 3153 quae
476 3080 548 3136 ad
569 3087 817 3161 nostram
861 3081 1091 3136 salutem
1117 3080 1419 3205 Fel-tinent;
1449 3080 1506 3163 e't
1525 3082 1579 3137 in
1608 3083 1685 3164 iis.
1700 3080 1940 3153 primum

330 3158 577 3205 mterna.
623 3150 819 3205 deinde
864 3158 1203 3205 temnoraia.
1245 3152 1577 3205 Efﬁcacitate
1615 3161 1815 3205 etiam.
1844 3168 1940 3205 seu

330 3150 577 3222 mtema,
623 3150 819 3206 deinde
864 3150 1203 3222 temporalia.
1245 3152 1577 3208 Elﬁcacitate
1615 3150 1815 3220 etiam,
1844 3168 1940 3209 seu

331 3221 578 3277 utilitate
623 3229 900 3292 prastat:
951 3221 1208 3290 Agnoscit
1235 3226 1378 3277 enim
1425 3225 1588 3278 Pater
1615 3225 1777 3277 verba
1811 3224 1944 3279 Filii

332 3305 462 3346 cum
485 3291 694 3364 precem
723 3291 1028 3364 fundimus,
1048 3292 1125 3347 ait
1147 3292 1464 3364 Cyprianus.
1504 3295 1576 3347 Et
1602 3308 1720 3346 cum
1744 3294 1938 3349 habea-

331 3377 463 3417 mus
496 3363 646 3432 apud
679 3366 894 3418 Patrem
935 3363 1274 3419 Advocatum
1312 3378 1415 3432 pro
1451 3365 1682 3433 peccatis
1720 3367 1935 3428 nostris,

331 3433 561 3504 quando
592 3439 895 3503 peccatores
917 3450 1019 3504 pro
1045 3434 1254 3489 delictis
1277 3436 1473 3489 nostris
1487 3436 1744 3504 petimus,
1766 3437 1941 3491 Advo-

327 3506 451 3561 cati
472 3507 648 3560 nostri
670 3505 832 3561 verba
867 3507 1182 3576 promimus.
1224 3508 1363 3563 Nam
1407 3520 1527 3560 cum
1581 3506 1767 3576 dicat:
1800 3508 1937 3573 Quia

327 3576 709 3647 quodcumque
749 3575 1018 3647 petieritis
1052 3579 1114 3632 in
1161 3579 1370 3632 nomine
1395 3592 1527 3639 meo,
1574 3575 1730 3631 dabit
1768 3578 1933 3643 vobis,

327 3653 539 3718 quanto
555 3649 828 3718 efficacius
868 3651 1219 3719 impetramus
1233 3689 1251 3717 ,
1262 3648 1406 3719 quod
1409 3651 1648 3719 petimus
1663 3651 1722 3702 in
1734 3649 1938 3706 Christi

288 3746 305 3753 -
325 3721 574 3793 nomine,
613 3723 671 3793 si
700 3723 954 3791 petamus
994 3722 1179 3793 ipsius
1204 3721 1485 3793 oratione?
1507 3720 1563 3775 S.
1594 3721 1935 3793 Augustinus

284 3804 295 3811 ν’
326 3789 532 3846 homil.
560 3795 632 3845 42
662 3789 804 3847 inter
828 3797 897 3846 50
926 3811 938 3846 :
969 3789 1126 3862 spem
1158 3792 1408 3847 habemus
1434 3789 1735 3847 obtinenda:
1767 3807 1938 3847 causa

326 3866 556 3929 nostra,
586 3863 805 3931 quando
844 3864 971 3917 talis
994 3865 1342 3931 Jurisperitus
1376 3864 1537 3917 nobis
1558 3878 1739 3932 preces
1762 3864 1937 3918 dicta-

322 3934 436 4000 vit,
469 3935 566 3999 qui
589 3933 735 3987 sedet
762 3932 837 3984 ad
860 3933 1138 3985 dexteram
1154 3933 1356 3984 Patris.
1383 3935 1501 3998 Ipse
1528 3937 1605 3985 est
1631 3934 1938 3989 Adcocatus

326 4005 542 4061 noster,
560 4004 655 4070 qui
675 4006 929 4053 venturus
953 4003 1030 4053 est
1057 4000 1235 4054 Judea:
1266 4004 1465 4070 noster;
1486 4002 1763 4067 (Bellarm.
1791 4004 1883 4055 lib.
1911 4018 1935 4059 ι

327 4070 402 4125 de
443 4068 581 4123 Bon.
626 4071 783 4137 Oper.
815 4084 932 4139 cap.
973 4083 1061 4134 ιν,
1092 4072 1383 4139 Durantus
1406 4068 1503 4139 lib.
1544 4083 1593 4124 ιι
1627 4070 1694 4123 de
1727 4073 1936 4128 Ritibus

330 4139 540 4195 Eccles.
575 4155 700 4207 cap.
737 4140 851 4207 46).
872 4137 1175 4194 Postremo
1199 4137 1415 4193 excellit
1440 4138 1603 4193 etiam
1627 4139 1742 4196 haec
1764 4141 1935 4197 oratio

328 4208 678 4265 necessitate.
738 4211 874 4265 Eam
925 4210 1069 4266 enim
1112 4224 1305 4265 omnes
1351 4208 1656 4276 Christiani,
1702 4211 1841 4267 scire
1880 4222 1938 4269 et

324 4278 655 4351 frequenter
677 4279 859 4351 dicere
874 4280 1087 4337 debent.
1112 4282 1166 4337 S.
1198 4280 1444 4336 Clemens
1462 4280 1549 4336 lib.
1582 4296 1674 4338 vn
1700 4282 1933 4339 Constit.

321 4348 782 4423 Apostolicarum
808 4353 959 4423 (Cap.
992 4355 1084 4421 25)
1126 4360 1313 4408 monet
1334 4352 1695 4423 Christianos,
1729 4363 1791 4410 ut
1815 4369 1935 4410 eam

320 4420 414 4479 tei‘
443 4421 502 4477 in
524 4420 610 4477 die
633 4421 875 4497 recitent.
900 4420 969 4478 in
989 4420 1507 4497 concilio_Toletano
1527 4438 1604 4497 _1v
1638 4434 1760 4479 ean.
1794 4430 1828 4480 9
1837 4426 1934 4497 ju-

319 4498 533 4566 bentur
562 4493 862 4566 presbyteri
882 4510 952 4566 ac
984 4493 1163 4550 caeteri
1199 4493 1378 4566 clerici
1400 4495 1702 4553 orationem
1730 4493 1933 4552 Domi-

320 4565 544 4637 nicarn,
564 4564 695 4637 quia
724 4564 1054 4637 quotidiana
1082 4564 1260 4637 oratio
1288 4573 1390 4630 est,
1440 4566 1684 4636 quotidie
1727 4566 1927 4624 dicere.

315 4635 586 4707 Denique
607 4636 661 4690 in
682 4635 910 4692 concilio
930 4635 1188 4691 Remensi
1210 4651 1332 4706 cap.
1354 4641 1387 4689 2
1416 4654 1427 4687 :
1451 4635 1602 4693 Nulli
1624 4638 1930 4695 Christiano

315 4709 493 4764 licere
514 4710 812 4763 orationem
837 4708 1169 4762 ﬂaminicam
1181 4710 1279 4760 aut
1299 4722 1406 4760 non
1426 4709 1595 4763 tenere
1606 4712 1926 4774 memoriter,

312 4784 419 4835 aut
447 4794 563 4833 non
583 4780 899 4848 intelligere,
925 4781 1023 4832 aut
1040 4793 1148 4833 non
1175 4778 1536 4846 frequentare.

385 4860 413 4931 ξ
446 4852 541 4931 l_ta
570 4852 649 4931 S._
675 4849 997 4931 Cyprianus,
1041 4848 1481 4931 Chryspstomgs,
1514 4848 1851 4931 Augustinus
1878 4857 1933 4904 et

2056 2241 2172 2316 tum
2207 2234 2589 2318 explicandum
2613 2248 2835 2291 necesse
2866 2232 3029 2290 fuerit
3072 2232 3279 2306 aliquid
3311 2231 3534 2287 luminis
3582 2228 3654 2286 ab

2058 2321 2135 2361 ets
2158 2316 2417 2362 mutuari.

2059 2406 2084 2454 -_
2127 2369 2154 2408 δ
2181 2376 2471 2454 Quomodo
2517 2374 3037 2454 Apostolvsoatarit
3069 2373 3355 2454 spatham."
3401 2387 3520 2454 θεεὲ
3548 2387 3648 2454 Pr?

2054 2443 2316 2504 fratribus
2344 2449 2478 2517 suis,
2523 2443 2586 2503 id
2609 2458 2710 2513 est,
2751 2443 3023 2513 Israelitis,
3068 2448 3281 2518 Moyses
3318 2445 3450 2500 item
3478 2443 3644 2499 deleri

2052 2518 2121 2574 de
2152 2518 2306 2598 libro_
2326 2515 2475 2598 vitm,
2507 2528 2581 2598 _ut
2606 2519 2819 2598 ‘Judaeis
2846 2515 3221 2598 _peccantihus
3258 2517 3647 2598 ignosceretur,

2053 2604 2180 2644 cum
2209 2589 2348 2645 ordo
2375 2585 2667 2661 charitatis,
2683 2585 2919 2661 postulet
2942 2599 3006 2645 ut
3022 2602 3178 2643 suam
3204 2585 3430 2661 quisque
3471 2585 3648 2657 magis

2053 2668 2204 2732 cptet
2232 2668 2289 2715 et
2314 2669 2570 2732 procuret
2595 2657 2827 2732 salutem
2866 2675 3035 2732 quam
3076 2657 3346 2732 prosim],
3386 2670 3503 2710 non
3536 2671 3647 2711 uno

2054 2725 2277 2807 modoa
2298 2725 2613 2807 doctoribus
2639 2725 2954 2807 erplicatur.
2982 2725 3123 2807 Nam
3135 2726 3255 2807 Adiv.
3278 2725 3647 2807 Hieronymus

2054 2798 2114 2855 in
2152 2800 2383 2872 epistola
2406 2800 2476 2857 ad
2504 2795 2792 2872 (Algasiam
2815 2802 3021 2872 (Epist.
3065 2800 3212 2872 ita),
3250 2795 3536 2872 anathema
3561 2795 3647 2872 hic

2051 2866 2247 2954 accipit
2268 2886 2367 2942 pro
2389 2866 2671 2954 occisione
2710 2866 3018 2954 corporali:
3055 2868 3207 2954 Quod
3235 2869 3400 2954 enim,
3447 2866 3642 2954 inquit,

2049 2940 2341 2996 anatherna
2374 2943 2643 2997 interdum
2669 2940 2977 2997 occisionem
3023 2943 3199 3002 sonet,
3238 2940 3422 2994 multis
3450 2940 3644 2993 ceteris

2042 3013 2405 3092 Iusti-umenti
2453 3015 2768 3092 testimoniis
2818 3013 3047 3092 probari
3057 3014 3261 3092 potest.
3315 3006 3519 3092 Verum
3550 3008 3643 3092 hic

2047 3079 2891 3156 commentariusAChrysostomo
2916 3090 2972 3138 et
3001 3079 3117 3156 aliis
3137 3096 3248 3137 non
3280 3079 3562 3156 probatur,
3589 3088 3644 3135 et

2039 3154 2093 3227 ei
2114 3170 2421 3227 repugnare
2447 3152 2658 3227 videtur
2684 3155 2845 3227 quod
2887 3153 3157 3227 sequitur,
3204 3168 3238 3205 a
3269 3152 3497 3219 Christo,
3529 3166 3640 3227 quo

2049 3221 2282 3297 videtur'
2301 3224 2505 3297 aliquid
2546 3221 2762 3297 gravius
2799 3221 3087 3297 signiﬁcari
3131 3233 3310 3297 morte
3333 3221 3639 3293 corporali;

2046 3296 2321 3367 neminem
2356 3294 2500 3367 enim
2537 3294 2655 3366 quis
2682 3294 2878 3367 dixerit
2912 3312 3012 3367 pro
3028 3294 3296 3367 (fratribus
3330 3301 3642 3361 mortuum,

2049 3380 2078 3420 a
2105 3366 2322 3422 Christo
2363 3365 3042 3437 anathe’matizatum.‘hli_i
3076 3374 3299 3437 censent
3338 3373 3454 3419 tam
3485 3367 3642 3437 Apof

2047 3437 2252 3509 stolum
2290 3451 2455 3509 quam
2492 3439 2721 3509 Moysen
2767 3435 3110 3509 hyperbolice
3162 3436 3236 3490 ita
3276 3434 3640 3509 loeutumJad

2047 3521 2210 3563 suum
2235 3508 2289 3562 in
2305 3505 2539 3564 Iudaeos
2567 3505 2823 3563 affectum
2842 3505 2903 3563 et
2928 3521 3171 3563 amorem
3198 3505 3636 3577 exprimendum.

2044 3579 2232 3650 Neque
2266 3578 2431 3645 enim,
2473 3579 2563 3651 qui
2588 3579 2755 3651 paulo
2785 3586 2908 3634 ante
2933 3578 3142 3634 dixerat
3164 3576 3318 3647 (Cap.
3352 3576 3640 3651 vrtt).Qer-

2043 3653 2131 3730 tus
2139 3648 2415 3730 sum
2434 3648 2857 3730 nullafcreatura
2873 3652 3072 3730 poteril
3096 3665 3179 3730 me
3196 3664 3444 3730 separare
3461 3664 3495 3702 a
3516 3648 3641 3703 cha-

2041 3722 2208 3776 ritate
2232 3719 2347 3790 Dei,
2379 3738 2500 3792 qua:
2523 3728 2601 3777 est
2617 3726 2678 3777 in
2714 3719 2921 3780 Christo
2959 3725 3100 3784 Jesu,
3136 3719 3323 3792 statim
3364 3719 3431 3775 ab
3468 3735 3534 3775 eo
3558 3734 3637 3776 re-

2048 3807 2173 3848 vera
2217 3791 2405 3850 divelli
2429 3801 2670 3864 optaret;
2714 3793 2810 3864 sed
2867 3791 3251 3864 hyperbolicus
3301 3805 3481 3845 sermo
3524 3797 3635 3864 _est,

2045 3864 2222 3935 qualis
2251 3873 2305 3919 et
2323 3860 2670 3936 Moysis.A|ii
2694 3860 3283 3936 deniquei‘eSpondent
3314 3860 3637 3936 Apostolum

2043 3929 2158 4007 lion
2194 3929 2758 4007 Optasse’simpliciter
2792 3929 3112 4007 anathema;
3142 3944 3319 4007 neque
3347 3929 3495 4007 enim
3516 3930 3590 3984 ait
3618 3948 3632 3985 :

2045 4006 2190 4076 Opto
2235 3998 2531 4060 anathema
2554 3998 2675 4060 esse
2724 4019 2825 4076 pro
2866 4003 3146 4076 fratribus,
3178 3999 3294 4067 sed,
3351 3998 3632 4071 optabam,

2049 4071 2151 4144 vel,
2174 4082 2236 4128 ut
2261 4076 2349 4128 alii
2369 4084 2590 4130 vertunt
2616 4090 2679 4130 ex
2707 4071 2924 4140 Graeco,
2954 4071 3194 4144 cptarim
3219 4089 3235 4137 ;
3270 4078 3636 4144 ut_t_amquam_

2047 4141 2103 4196 in
2138 4144 2341 4198 amoris
2369 4145 2568 4199 exstasi
2591 4152 2646 4198 et
2697 4160 2919 4198 excessu
2958 4140 3285 4198 constitutus
3321 4140 3550 4197 dixerit:
3581 4142 3636 4198 Si

2047 4210 2161 4268 ﬁeri
2186 4221 2391 4285 posset,
2424 4230 2491 4285 ac
2519 4214 2723 4285 liceret,
2765 4228 2955 4285 segpro
2979 4213 3089 4269 suis
3119 4226 3321 4285 cupere
3349 4228 3380 4267 a
3414 4211 3634 4285 Christo

2046 4282 2302 4355 separari.
2337 4284 2441 4340 Sed
2478 4284 2568 4339 hic
2600 4299 2793 4341 sensus
2818 4282 2928 4340 fere
2959 4300 3084 4340 cum
3112 4282 3438 4355 prtecedenti
3479 4282 3633 4340 coin-

2045 4354 2194 4427 cidit.
2234 4355 2498 4412 Similiter
2535 4365 2588 4411 et
2608 4355 2820 4427 Moyses
2850 4372 2958 4412 non
2983 4354 3306 4427 simpliciter
3336 4355 3506 4411 voluit
3535 4356 3633 4427 dce

2044 4425 2141 4481 leri
2171 4428 2238 4500 de
2262 4427 2406 4483 libro
2447 4426 2579 4500 ivitaa
2615 4446 2628 4482 :
2660 4425 3111 4500 séd_ut_omnino
3143 4425 3460 4500 impetraret
3486 4426 3633 4500 quod

2043 4499 2279 4574 petebat,
2306 4499 2550 4571 petitioni
2585 4514 2699 4556 sua:
2730 4498 2783 4555 id
2838 4498 3158 4574 disjunctive
3193 4498 3457 4574 adjunxit,
3484 4498 3634 4574 quod

2041 4570 2467 4644 sciebat_Deum
2512 4586 2627 4626 non
2679 4586 2796 4644 esse
2854 4570 3148 4628 facturum.
3208 4570 3398 4644 Itaque
3433 4570 3634 4644 partim

2039 4641 2514 4714 amorisimpulsu,
2527 4657 2635 4713 quo
2656 4643 2768 4698 suis
2784 4642 2924 4714 bene
2941 4644 3186 4714 optabat,
3214 4641 3413 4714 partim
3435 4641 3633 4696 liducia

2038 4711 2092 4766 in
2123 4714 2302 4784 Deum
2332 4711 2625 4784 Singulari,
2646 4729 2750 4783 qua
2772 4713 2869 4784 sibi
2896 4711 3033 4784 bene
3057 4711 3416 4784 persuadebat
3440 4725 3497 4763 se
3521 4726 3635 4784 non

2039 4797 2157 4838 esse
2175 4780 2469 4838 delendum
2497 4784 2566 4838 de
2593 4780 2735 4837 libro
2764 4783 2901 4836 vitae
2933 4800 2948 4834 :
2977 4780 3164 4835 ita—est
3196 4780 3434 4846 locutus,
3462 4788 3522 4834 ut
3550 4780 3636 4834 al-

2039 4859 2219 4907 terum
2244 4853 2392 4922 quod
2423 4853 2539 4922 suis
2571 4851 2851 4922 poscebat,
2882 4865 2912 4903 a
2939 4854 3054 4922 Deo
3085 4858 3462 4922 praestaretur;
3484 4850 3634 4906 velut

311 4922 403 4978 alii
439 4921 658 4978 docent
685 4918 1021 4976 iri'oratione
1050 4918 1352 4995 _Dominiea
1390 4921 1566 4973 Deum
1596 4918 1775 4995 vocari
1815 4921 1920 4995 Pa—_
1950 4931 2001 4991 Ι)
2033 4922 2077 4976 si
2109 4922 2233 4991 quis
2250 4918 2431 4995 amico
2444 4921 2545 4975 sibi
2572 4918 2895 4995 charissimo
2922 4918 3107 4978 dicat}
3133 4928 3243 4978 Aut
3273 4921 3378 4977 hoc
3403 4929 3628 4995 praesta,

308 5000 461 5050 trem
522 4998 776 5047 nostrum
832 5007 946 5048 non
983 4990 1162 5047 solum
1206 4990 1414 5046 ratione
1463 4989 1775 5055 creationis,
1828 4990 1925 5046 sed

307 5065 483 5137 praeci
504 5063 863 5145 puearatiope
910 5060 1373 5145 adoptionis._‘Est
1401 5060 1710 5145 enitheec
1747 5062 1924 5143 oratio

306 5130 555 5208 propria
602 5130 1077 5208 Christianorum;
1107 5131 1376 5208 siqu_idem
1404 5130 1609 5208 Iudaeis
1638 5137 1708 5208 _ut
1734 5132 1923 5208 servis,

307 5203 547 5263 dictum
576 5214 659 5261 est
688 5205 742 5260 in
780 5211 970 5259 monte
998 5203 1165 5260 Sina:
1198 5206 1307 5273 Ego
1335 5219 1453 5259 sum
1492 5204 1749 5259 Dominus
1787 5206 1926 5258 Deus

307 5281 463 5347 tuus,
480 5279 595 5347 qui
611 5278 782 5331 eduxi
799 5280 848 5330 te
866 5276 932 5331 de
951 5278 1097 5331 terra
1121 5277 1341 5345 Egypti
1360 5274 1564 5347 (Exod.
1593 5276 1718 5343 xx).
1737 5274 1848 5329 Nos
1868 5281 1929 5330 ut

308 5346 417 5405 ﬁlii
448 5346 619 5419 orare
643 5347 901 5419 jubemur
937 5365 949 5400 :
980 5350 1142 5419 Pater
1180 5350 1359 5419 noster
1392 5348 1490 5416 qui
1510 5362 1562 5402 es
1591 5348 1650 5400 in
1670 5347 1836 5419 caelis,
1865 5354 1929 5419 ut

318 5428 486 5477 notat
508 5417 1006 5491 dim—Augustinus
1048 5418 1139 5474 lib.
1166 5433 1225 5491 ⁸ιι
1260 5417 1331 5473 de
1370 5419 1545 5473 Serm.
1600 5417 1826 5472 Domini
1870 5418 1926 5473 in

319 5499 541 5548 monte.
562 5488 915 5546 Porrro‘cum
934 5505 1127 5546 omnes
1154 5488 1269 5546 fere
1286 5491 1472 5545 Patres
1485 5504 1588 5544 nec
1615 5504 1729 5544 non
1751 5493 1930 5545 Evan-

320 5563 608 5633 geliorum
647 5560 970 5633 interpretes
1014 5561 1318 5618 orationem
1343 5631 1351 5633 _
1375 5560 1723 5633 Dominicam
1750 5560 1928 5616 diser-

317 5631 541 5713 tissime
570 5642 626 5690 et
645 5631 1046 5689 accuratissime
1066 5631 1422 5713 exposuerint
1446 5631 1929 5713 (Dellann.usupra

322 5721 447 5777 cap.
483 5709 562 5775 6),
606 5720 1062 5777 supervacaneum
1105 5701 1339 5760 arbitror
1382 5701 1786 5777 quidquamiis
1822 5701 1929 5758 ad-

321 5772 488 5856 dere,
524 5772 622 5833 aut
659 5772 883 5856 éorum__
906 5777 1128 5856 scripta,
1176 5789 1309 5856 quae
1344 5772 1549 5856 passim
1582 5772 1927 5856 ohvia‘sunt,

323 5843 479 5911 hisce
509 5847 916 5906 commentariis
962 5842 1226 5914 inserere,
1255 5842 1370 5902 nisi
1395 5853 1664 5918 quatenus
1695 5842 1770 5902 ad
1808 5852 1929 5901 tex-

2033 5000 2130 5047 aut
2154 4991 2404 5046 amicitia:
2426 4991 2697 5046 renuntia.

2107 5071 2129 5096 θ
2151 5063 2275 5135 Non
2299 5061 2447 5133 quod
2484 5068 2697 5130 optaret
2721 5060 2981 5133 propheta
3011 5064 3229 5120 mentiri
3250 5063 3324 5133 (id
3366 5063 3512 5119 enim
3536 5079 3635 5135 per

2034 5146 2093 5188 se
2126 5132 2332 5186 malum
2377 5140 2461 5186 est
2516 5140 2570 5186 et
2596 5132 2901 5201 peccatum,
2956 5142 3010 5189 et
3036 5138 3151 5193 Non
3204 5141 3330 5190 sunt
3372 5132 3628 5201 facienda

2033 5204 2187 5277 mala
2226 5207 2288 5258 ut
2310 5205 2559 5277 eveniant
2591 5204 2734 5277 bona
2767 5204 2939 5277 (Rom.
2970 5207 3083 5275 in),
3136 5206 3232 5277 sed
3271 5207 3492 5276 optabat
3518 5222 3630 5262 non

2032 5274 2252 5331 evenire
2280 5274 2428 5346 quod
2458 5274 2808 5350 praedicebat,
2836 5276 3046 5350 malens
3075 5274 3397 5350 prOphetico
3437 5278 3631 5350 spiritu

2032 5362 2241 5421 carere,
2268 5361 2394 5421 _quo
2432 5345 2568 5421 nihil
2598 5345 2725 5417 falsi
2759 5347 3049 5421 praedicere
3076 5345 3303 5420 poterat
3328 5345 3494 5420 quam
3529 5365 3633 5421 po—

2037 5419 2148 5491 puli
2196 5418 2280 5474 sui
2299 5417 2675 5491 calamitatem
2712 5417 2773 5472 et
2816 5417 3181 5489 captivitatem
3220 5417 3405 5476 revera
3432 5417 3630 5477 conse-

2036 5488 2289 5564 cuturam
2316 5488 2609 5564 praevidere
2628 5496 2792 5564 atque
2821 5488 3130 5564 praedicere.
3154 5492 3238 5564 Sic
3258 5493 3421 5564 vulgo
3453 5494 3631 5548 dicere

2036 5561 2275 5618 solemus
2306 5559 2332 5616 ε’
2350 5560 2578 5617 Utinam
2616 5559 2871 5615 mentiar!
2896 5562 3106 5616 utinam
3128 5563 3229 5617 sim
3259 5559 3427 5618 falsus
3448 5568 3626 5620 vates!

2039 5635 2138 5688 Est
2159 5633 2303 5688 enim
2329 5631 2446 5687 haec
2486 5630 2690 5688 locutio
2720 5630 3086 5705 proverbialis,
3122 5649 3225 5704 qua
3258 5635 3377 5705 quis
3422 5634 3631 5692 indicat

2038 5711 2190 5759 certo
2240 5711 2500 5758 eventura
2546 5718 2669 5774 quae
2698 5703 2848 5772 dicit,
2880 5710 2934 5759 et
2962 5718 3023 5759 ea
3048 5719 3105 5760 se
3139 5703 3390 5761 invitum
3427 5706 3628 5769 dicere,

2037 5781 2093 5830 et
2115 5782 2307 5847 Optare
2331 5789 2444 5829 non
2470 5789 2588 5830 esse
2620 5784 2735 5830 tam
2764 5783 2909 5831 certa
2935 5794 2949 5844 ;
2971 5790 3084 5832 non
3112 5776 3258 5901 quod
3283 5784 3437 5847 optet
3465 5789 3625 5852 meu-

2038 5846 2150 5901 tiri.
2181 5844 2276 5901 sed
2307 5845 2433 5901 auia
2468 5861 2594 5901 auat
2637 5848 2739 5901 scit
2775 5856 3034 5901 eventura
3061 5862 3123 5901 ve
3148 5850 3222 5901 let
3256 5861 3365 5901 non
3393 5855 3615 5897 evenire

2038 5844 2276 5918 tiri,'sed
2307 5845 2433 5919 quia
2468 5861 2594 5920 quae
2637 5848 2739 5904 scit
2775 5856 3034 5904 eventura
3061 5844 3222 5903 vellet
3256 5844 3365 5901 no'u
3393 5844 3615 5897 evenire
