4034 6212
329 245 430 301 ⁸791

1402 236 1684 293 JOANNIS
1719 233 2021 293 CASSIANI
2060 229 2549 290 COLLATIONES.

3542 224 3648 283 792

302 382 307 389 '
334 367 497 423 vellet
546 380 605 422 se
638 360 957 420 mendacem
987 359 1125 429 fieri,
1159 365 1215 415 et
1262 359 1331 414 ab
1374 358 1725 430 inspiratione
1760 358 1933 415 sancti
1958 361 2014 424 Α
2037 364 2123 413 cet
2146 372 2256 429 quo
2281 354 2530 428 quotidie
2559 351 2805 413 Christus
2836 359 3030 424 regnat
3056 350 3111 406 in
3132 348 3353 417 sanctis,
3390 346 3546 421 quod
3567 349 3645 407 ita

335 461 570 533 Spiritus
603 457 863 524 alienum,
893 452 1198 512 dummodo
1234 452 1417 524 plagas
1447 453 1565 508 illas
1615 460 1667 509 et
1705 452 1933 524 eaptivi—
1984 441 1988 444 ’
2042 450 2105 506 ﬁt
2126 466 2254 506 cum
2277 448 2477 506 diaboli
2506 446 2734 520 imperio
2763 458 2865 519 per
2904 442 3324 502 exstinctionem
3344 441 3651 500 fatentium

335 555 472 610 tatis
505 552 664 608 exitia
697 564 820 622 qum
861 564 959 605 sua
996 547 1381 602 vaticinatione
1417 545 1757 618 praedixerat,
1785 545 1935 617 plebs

336 649 579 706 Iudaicae
607 644 845 702 nationis
867 643 1059 701 evadat
1085 661 1099 696 :
1144 643 1384 706 Utinam,
1423 640 1689 712 inquiens,
1717 655 1826 694 non
1851 652 1937 693 es-

342 759 451 800 sem
476 745 558 796 vir
579 742 776 795 habens
790 739 1060 809 spiritum,
1084 740 1135 792 et
1156 736 1680 806 mendaciumpotius
1702 735 1942 804 loquerer

353 838 583 908 (Michce.
635 834 725 906 ιι).
787 834 870 889 Ut
912 831 1390 904 praetermittamus
1435 829 1591 886 illum
1628 826 1945 901 legislatoris

342 928 641 999 affectum,
675 925 913 999 quicum
944 925 1172 983 fratibus
1202 925 1313 982 suis
1347 924 1515 981 etiam
1539 921 1797 995 perituris
1830 935 1943 975 non

344 1024 531 1081 renuit
578 1020 815 1085 interire,
862 1018 1047 1075 dicens
1091 1040 1102 1075 :
1149 1020 1390 1081 Obsecro,
1441 1017 1678 1084 Domine,
1706 1016 1945 1086 peccauit

347 1120 582 1190 populus
610 1120 708 1173 iste
728 1118 1003 1187 peccatum
1023 1129 1317 1183 magnum;
1343 1116 1439 1167 aut
1471 1112 1683 1166 dimitte
1719 1112 1797 1165 eis
1807 1110 1945 1164 hanc

347 1232 564 1284 noxam,
607 1218 704 1269 aut
731 1216 782 1268 si
805 1227 911 1267 non
949 1214 1107 1280 facis,
1149 1211 1267 1265 dele
1288 1224 1371 1265 me
1397 1210 1463 1265 de
1491 1209 1628 1263 libro
1660 1213 1748 1263 tuo
1786 1223 1946 1278 quem

350 1311 617 1380 scripsisti
639 1308 831 1379 (Exod.
858 1305 1077 1377 χχχιι).
1098 1308 1122 1336 ³
1149 1306 1336 1361 Potest
1352 1312 1534 1359 autem
1549 1317 1789 1375 congrue
1813 1301 1945 1359 satis

351 1401 484 1458 illud
523 1400 671 1473 quod
704 1399 922 1468 dicitur,
960 1402 1320 1469 sanetiﬁcetur
1350 1412 1540 1452 nomen
1574 1400 1747 1460 tuum,
1781 1396 1947 1451 etiam

349 1496 533 1551 taliter
564 1495 733 1566 accipi
762 1513 777 1549 :
801 1480 1164 1551 Sanctiﬁcatio
1195 1492 1295 1549 Dei
1340 1500 1526 1549 nostra
1556 1489 1814 1563 perfectio
1842 1498 1944 1546 est.

350 1591 539 1659 Itaque
581 1587 824 1644 dicentes
854 1588 926 1655 ei,
973 1589 1344 1656 Saneti/icetur
1385 1601 1576 1640 nomen
1618 1587 1789 1648 tuum,
1836 1583 1954 1640 aliis

355 1679 537 1736 verbis
561 1681 666 1735 hoc
693 1679 924 1737 dicimus
951 1699 964 1734 :
990 1680 1151 1735 Tales
1181 1694 1287 1736 nos
1313 1678 1498 1748 facito,
1536 1681 1718 1748 Pater,
1737 1686 1797 1733 ut
1823 1692 1953 1734 san-

2014 543 2301 598 Ivitiorum
2335 541 2404 598 de
2446 540 2651 597 nostris
2702 539 2962 598 cordibus
2999 539 3174 611 pulso,
3203 541 3361 594 Deus
3390 537 3448 593 in
3488 537 3654 595 nobis

2045 652 2142 708 per
2163 636 2426 690 virtutum
2469 632 2677 691 bonam
2706 631 3053 706 fragrantiam
3089 631 3319 703 coeperit
3345 629 3653 702 dominari,

2046 740 2099 786 et
2121 728 2321 786 divicta
2354 726 2712 785 fornicatione
2738 726 2985 794 caStitas,
3001 732 3256 797 superato
3274 724 3468 782 furore
3488 734 3652 784 tran-

2048 822 2308 896 quillitas,
2329 822 2533 881 calcata
2549 821 2815 895 superbia
2842 819 3142 887 humilitas,
3175 818 3233 875 in
3259 826 3452 875 nostra
3485 834 3655 878 men-

2030 925 2104 972 te
2130 916 2474 988 regnaverit:
2506 915 2592 971 vel
2627 922 2772 972 certe
2811 912 2950 971 illud
2976 912 3127 986 quod
3163 913 3468 984 praestituto
3492 922 3657 971 tem-

2054 1026 2186 1085 pore
2212 1012 2478 1068 omnibus
2508 1020 2591 1068 est
2635 1007 2885 1083 perfectis
2910 1022 2974 1065 ac
3015 1006 3118 1064 Dei
3166 1006 3290 1063 ﬁliis
3324 1010 3656 1081 generaliter

2054 1107 2469 1180 repromissum,
2500 1105 2557 1161 in
2586 1120 2699 1177 quo
2724 1103 2803 1160 eis
2828 1102 3040 1159 dicetur
3063 1116 3096 1157 a
3133 1099 3379 1171 Christo,
3433 1106 3657 1170 Venite,

2058 1202 2319 1257 benedicti
2334 1202 2519 1256 Patris
2544 1201 2667 1263 mei,
2694 1196 2957 1268 possidete
2976 1199 3235 1266 paratum
3260 1195 3408 1250 vobis
3432 1212 3665 1266 regnum

2053 1312 2089 1351 a
2128 1297 2500 1352 constitutione
2537 1293 2731 1349 mundi
2778 1291 2991 1363 (Matth.
3037 1288 3206 1359 xxv),
3256 1289 3480 1346 intentis
3522 1290 3665 1349 illud

2022 1387 2464 1463 quodammodo
2490 1386 2770 1443 obtutibus
2790 1401 2854 1441 ac
2891 1384 3081 1442 deﬁxis
3120 1386 3408 1444 desideriis
3460 1399 3665 1458 exspe-

2020 1510 2027 1511 ν
2058 1492 2212 1539 etans
2234 1482 2527 1554 dieensque
2554 1479 2625 1537 ad
2649 1495 2779 1537 eum
2806 1495 2821 1535 :
2859 1482 3054 1538 Veniat
3075 1497 3301 1552 regnum
3333 1486 3503 1538 tuum.
3531 1483 3661 1539 No-

2059 1577 2138 1633 vit
2164 1575 2309 1633 enim
2328 1575 2647 1632 testimonio
2687 1574 3031 1632 conscientiae
3059 1590 3193 1645 suae,
3224 1592 3355 1634 cum
3390 1592 3662 1649 apparue-

2060 1669 2148 1739 rit,
2191 1684 2319 1727 mox
2347 1667 2464 1740 ejus
2489 1683 2555 1724 se
2574 1668 2821 1725 futurum
2844 1679 3313 1727 esseconsortem.
3346 1672 3479 1727 Haec
3499 1669 3664 1726 enim

352 1773 745 1832 ctiﬁcationem
772 1782 924 1830 tuam
948 1774 1029 1830 vel
1050 1774 1351 1847 intelligere
1387 1781 1590 1846 quanta
1614 1773 1703 1841 sit,
1741 1771 1826 1827 vel
1861 1787 1949 1827 ea-
1977 1785 2025 1848 Β
2055 1766 2237 1823 dicere
2279 1765 2361 1822 vel
2412 1773 2603 1837 optare
2658 1762 3084 1822 criminoSorum
3141 1766 3321 1822 nullus
3397 1763 3652 1831 audebit,

353 1884 481 1940 pere
504 1883 831 1938 mereamur,
863 1868 943 1925 vel
970 1876 1135 1938 certe,
1162 1877 1223 1926 ut
1247 1870 1302 1924 in
1325 1876 1511 1925 nostra
1540 1865 1950 1923 conversatione

358 1962 588 2034 spiritali
612 1971 831 2019 sanctus
856 1978 1138 2036 appareas.
1168 1962 1330 2033 Quod
1351 1970 1482 2019 tunc
1525 1960 1813 2018 efﬁcaciter
1836 1959 1947 2015 im-

360 2054 536 2126 pletur
563 2056 617 2111 in
647 2055 824 2124 nobis,
854 2055 1071 2127 quando
1095 2057 1281 2111 rident
1301 2057 1538 2111 homines
1580 2070 1739 2125 opera
1766 2058 1953 2110 nostra

364 2149 520 2212 bona,
548 2156 602 2204 et
633 2151 939 2219 gloriﬁcant
977 2152 1194 2206 Patrem
1221 2154 1463 2206 nostrum
1485 2151 1582 2219 qui
1607 2151 1666 2204 in
1702 2149 1843 2204 cretis
1872 2152 1950 2204 est

362 2245 581 2310 (Matth.
609 2250 689 2312 v).

939 2331 1180 2387 CAPUT
1215 2332 1353 2387 XIX
1368 2372 1381 2387 .

531 2428 608 2480 D3
634 2441 690 2479 eo
715 2425 855 2495 quod
891 2426 1044 2490 dicit,
1072 2425 1345 2482 Adveniat
1373 2442 1601 2495 regnum
1638 2431 1812 2483 tuum.

432 2511 459 2549 δ
484 2520 732 2577 Secunda
776 2521 959 2593 prtitio
1006 2523 1207 2578 nzentis
1244 2521 1551 2594 purissimae
1569 2522 1820 2579 advenire
1848 2522 1958 2593 iam

359 2616 586 2689 jamque
619 2632 851 2691 regnum
896 2616 978 2674 sui
1007 2619 1183 2675 Patris
1224 2626 1467 2691 exoptat,
1494 2627 1515 2654 °
1541 2618 1622 2675 vel
1650 2616 1786 2674 illud
1812 2617 1960 2673 scili-

2030 1863 2184 1933 quia
2207 1876 2310 1917 nec
2343 1860 2524 1918 videre
2562 1860 2801 1917 tribunal
2844 1859 3043 1932 judicis
3083 1860 3247 1928 volet,
3273 1860 3505 1933 quisquis
3537 1859 3655 1916 sub

2055 1956 2289 2013 adventu
2318 1956 2434 2029 ejus
2468 1972 2581 2013 non
2624 1956 2863 2029 palmam
2903 1971 3007 2012 nec
3035 1956 3260 2029 praemia
3282 1957 3392 2013 suis
3412 1955 3662 2024 meritis,

2067 2049 2169 2107 sed
2192 2065 2415 2122 poenam
2436 2050 2595 2106 novit
2623 2049 2871 2120 protinus
2894 2049 3310 2121 repensandam.

2546 2145 2784 2202 CAPUT
2829 2146 2966 2200 XX.

2314 2244 2390 2297 De
2410 2256 2467 2296 eo
2492 2240 2640 2310 quod
2663 2239 2800 2294 dicit
2827 2256 2844 2293 :
2873 2241 2999 2293 Fiat
3023 2238 3271 2292 eoltmtas
3295 2240 3408 2291 tua.

2136 2333 2319 2391 Tertia
2336 2322 2363 2365 ἀ
2378 2331 2703 2405 supplicatio
2726 2330 2966 2387 ﬁliorum
2996 2339 3097 2399 est,
3121 2332 3249 2385 Fiat
3270 2330 3505 2383 voluntas
3530 2331 3666 2396 tua,

2064 2433 2203 2484 sicut
2229 2432 2285 2484 in
2309 2429 2433 2484 caelo
2469 2433 2519 2483 et
2544 2428 2603 2481 in
2631 2431 2795 2483 terra.
2829 2426 2953 2481 Non
3000 2432 3179 2496 potest
3205 2437 3324 2480 esse
3340 2423 3450 2495 jam
3473 2421 3676 2495 major

2066 2523 2265 2587 oratio,
2283 2537 2449 2594 quam
2472 2529 2661 2593 optare
2679 2527 2740 2575 ut
2763 2527 2977 2575 terrena
3000 2525 3325 2574 mereantur
3349 2515 3687 2573 caelestibus

2070 2616 2361 2690 coaequari.
2406 2619 2550 2673 Nam
2578 2613 2712 2687 quid
2738 2612 2987 2723 estaliud
3028 2613 3234 2682 dicere,
3279 2615 3378 2682 ﬁat
3416 2613 3684 2668 voluntas

1466 2792 1721 2848 ALARDI
1757 2791 1984 2847 ΟΑΖᾸΞΙ
2018 2786 2573 2844 COMMENTARIUS.

366 2945 451 3017 Ita
480 2944 592 3017 div.
614 2944 989 3017 Hieronymus
1016 2945 1253 3017 exponit,
1286 2943 1553 3017 et__verbis
1574 2941 1956 3017 iApostoliiti-

369 3012 500 3068 dem
543 3014 791 3077 illustrat,
824 3011 973 3083 quasi
1014 3011 1281 3083 propheta
1324 3013 1526 3068 diceret
1559 3011 1798 3067 Judaeis:
1841 3014 1959 3069 Non

368 3097 457 3136 me
490 3085 696 3151 putetis
730 3085 988 3137 volentem
1031 3084 1195 3151 loqui,
1229 3087 1278 3137 et
1306 3083 1605 3152 prredicare
1639 3083 1956 3152 gaudentem

370 3153 515 3221 quod
551 3156 834 3223 venturum
860 3154 1010 3207 video
1032 3171 1049 3205 :
1078 3158 1316 3223 optarem
1335 3159 1386 3209 et
1402 3155 1518 3223 ipse
1543 3154 1832 3208 anathema
1850 3170 1958 3210 esse

363 3237 467 3293 pro
494 3222 760 3288 fratribus
788 3226 936 3286 meis,
954 3226 1053 3292 qui
1074 3222 1201 3279 sunt
1213 3222 1494 3280 Israelita.
1520 3228 1736 3281 Utinam
1760 3225 1825 3281 de
1848 3241 1959 3280 meo

2137 2951 2162 3017 ἦ
2184 2943 2265 2997 Ita
2300 2939 2549 3017 nonnulli
2575 2938 2721 2996 hanc
2750 2939 3064 3017 petitionem
3093 2944 3374 3017 exponnnt
3401 2935 3685 3017 deregno

2064 3011 2184 3092 Dei,
2211 3011 2359 3092 quod
2380 3010 2578 3067 dicitur
2614 3006 2844 3092 regnum
2882 3010 3097 3092 gratiae,
3137 3006 3247 3080 quo
3277 3010 3424 3064 Deus
3461 3006 3690 3092 dicitur

2066 3083 2121 3138 in
2155 3077 2411 3139 cordibus
2432 3097 2498 3138 ae
2528 3077 2806 3139 mentibus
2822 3077 3104 3152 justorum
3141 3077 3369 3152 regnare
3411 3094 3501 3150 per
3528 3077 3685 3135 cha-

2063 3155 2280 3209 ritatem
2318 3162 2373 3209 et
2390 3154 2645 3225 gratiam,
2670 3152 2993 3225 juxtaiillud
3013 3154 3181 3225 Luca:
3206 3165 3339 3207 xvn
3370 3171 3381 3205 :
3422 3154 3683 3225 Regnum

2063 3227 2164 3279 Dei
2182 3227 2336 3280 intra
2358 3223 2450 3280 vos
2480 3229 2557 3281 est
2592 3223 2806 3295 (Ambr.
2834 3224 2930 3279 lib.
2962 3238 3001 3295 v
3023 3224 3090 3278 de
3110 3226 3355 3295 Sacram.
3382 3237 3427 3276 c.
3449 3235 3535 3287 ιν,
3558 3223 3690 3295 -Βυμ

368 3291 526 3348 ἐρηειι
546 3293 804 3366 loquerer,
837 3300 889 3351 et
914 3291 1055 3349 inter
1087 3295 1577 3365 pseudoprophetas
1607 3299 1790 3366 potius
1814 3313 1957 3351 com-
1997 3358 2031 3366 Α
2059 3301 2202 3366 pert.
2235 3298 2293 3350 in
2318 3312 2437 3366 cap.
2467 3311 2530 3352 vr
2555 3291 2797 3363 Matth.).
2823 3296 2926 3352 Sed
2957 3294 3512 3366 hane_expositio_nem
3541 3291 3688 3366 im-

363 3358 779 3438 putatus—solus
814 3369 1067 3437 perirem,
1087 3358 1163 3423 ἐτ
1200 3358 1311 3421 non
1347 3358 1519 3423 essent
1560 3358 1683 3423 υὲιτα
1718 3383 1837 3438 qua
1865 3369 1958 3423 di—
1989 3358 2034 3419 C
2059 3358 2259 3438 probat
2297 3375 2354 3422 et
2377 3358 2594 3423 ‘multis
2644 3358 2949 3422 rationibus
2994 3358 3244 3438 confutet
3296 3362 3684 3438 Bellarminns

369 3449 426 3490 co
444 3437 463 3489 ,ν
486 3443 589 3490 etc.

440 3509 466 3582 ξι
512 3505 897 3582 Tres__in_hoc
942 3509 1117 3580 capite
1158 3507 1320 3565 affert
1360 3509 1725 3580 expositiones
1772 3511 1963 3582 primae

368 3575 512 3652 illius
541 3576 806 3652 petitionis
837 3596 851 3632 :
889 3575 1252 3652 sanctiﬁcetw-
1286 3575 1474 3652 nomen
1497 3585 1668 3635 tuum.
1703 3575 1963 3652 .Quarum

374 3646 556 3721 prima
577 3646 809 3721 refertur
838 3648 906 3705 ad
930 3646 1158 3721 gloriam
1187 3650 1423 3705 nominis
1454 3652 1572 3715 Dei,
1619 3646 1781 3721 quam
1821 3652 1961 3720 peti-

370 3733 496 3774 mus
518 3720 889 3792 inclarescere,
917 3720 1186 3792 a’mpliari,
1222 3729 1276 3775 et
1320 3721 1576 3792 illustrari
1605 3720 1675 3776 ad
1710 3722 1964 3778 omnibus

366 3798 429 3846 et
447 3789 593 3862 apud
623 3805 834 3847 omnes.
865 3793 950 3847 De
979 3789 1083 3862 qua
1098 3792 1349 3862 superius
1378 3791 1509 3847 dicit
1541 3812 1552 3848 :
1576 3794 1831 3850 Nostrum
1866 3794 1963 3848 de-

372 3861 659 3924 siderium,
689 3867 931 3917 nostrum
970 3861 1259 3933 gaudium,
1289 3864 1515 3932 gloriam
1540 3865 1724 3919 Patris
1751 3879 1859 3919 esse
1883 3868 1964 3919 te-

364 3936 589 4004 stantes.
616 3934 790 4002 Quem
810 3948 1031 3989 sensum
1060 3942 1281 3990 secutus
1308 3933 1416 3990 div.
1440 3933 1776 4004 Augustinus
1801 3935 1891 3990 lib.
1914 3951 1963 3991 ιι

370 4001 439 4059 de
463 4001 654 4059 Serm.
684 4004 941 4059 Domini:
965 4008 1082 4064 Non
1108 4008 1202 4069 sic,
1238 4004 1436 4076 inquit,
1466 4001 1694 4076 petitur,
1733 4009 1968 4076 sanctiﬁ-

370 4078 518 4148 cetur
552 4090 741 4130 nomen
772 4079 943 4139 tuum,
969 4079 1130 4148 quasi
1166 4093 1271 4132 non
1304 4079 1374 4132 sit
1402 4082 1643 4132 sanetum
1660 4093 1848 4133 nornen
1873 4081 1968 4134 Dei

362 4145 463 4200 sed
485 4151 547 4199 ut
563 4152 809 4202 sanctum
836 4145 1096 4205 habeatur
1109 4150 1178 4204 ab
1203 4149 1526 4213 hominibus,
1550 4150 1610 4203 id
1628 4154 1725 4213 est,
1750 4151 1830 4204 ita
1854 4151 1968 4206 illis

370 4216 678 4291 innotescat,
703 4223 765 4291 ut
787 4235 893 4273 non
933 4223 1241 4276 emistiment
1261 4222 1476 4291 aliquid
1510 4226 1777 4283 sanctum,
1825 4223 1968 4290 quod

369 4288 547 4361 magis
569 4289 849 4361 offendere
883 4292 1122 4361 timeant.
1145 4292 1332 4346 Altera
1350 4288 1642 4361 ixpositio,
1672 4299 1731 4346 ut
1759 4288 1964 4347 sancti-

367 4355 564 4411 ﬁcetur
600 4360 652 4409 in
682 4356 859 4421 nobis,
881 4358 937 4412 id
970 4370 1072 4426 est,
1119 4361 1289 4414 sancti
1312 4355 1503 4425 simus,
1537 4355 1639 4416 vel
1660 4362 1712 4416 in
1756 4363 1962 4417 sancti-

291 4447 294 4450 ’
370 4431 488 4499 ιδιθῄ
520 4438 925 4499 perseveremus
961 4447 997 4499 ος
1032 4428 1181 4498 quia,
1248 4430 1427 4499 inquit
1465 4434 1815 4499 sanctiﬁcatio
1864 4435 1964 4488 Dei

368 4497 555 4571 nostra
578 4495 833 4571 perfectio
853 4499 967 4571 est.
982 4495 1064 4551 Ita
1086 4495 1521 4571 Tertullianuset
1555 4502 1609 4555 S.
1633 4495 1952 4571 Cyprianus.

372 4566 574 4641 Verum
597 4563 712 4620 haec
739 4564 1003 4641 expositio
1030 4567 1208 4641 minus
1229 4563 1785 4641 probabilisapparét,
1805 4573 1953 4641 quod

363 4634 672 4710 secundum
701 4649 821 4710 eam
864 4634 982 4694 haec
1032 4634 1443 4710 petitio'eadem
1487 4634 1766 4695 videietur
1819 4634 1949 4699 'esse

368 4722 495 4764 eum
518 4708 694 4774 tertia,
721 4707 933 4764 dicente
970 4707 1234 4782 Apostolo
1260 4714 1307 4777 (l
1333 4711 1513 4765 Thess.
1539 4711 1615 4782 ιν)
1652 4733 1662 4765 τ
1710 4714 1834 4767 Haec
1869 4720 1949 4771 est

360 4782 505 4856 enim
524 4750 769 4837 voluntas
793 4749 1278 4856 1)(ξρειίιῖἷιίιϊοαὶὲυΚ
1290 4786 1486 4856 vestra.
1530 4749 1790 4856 ’i‘e’rtia‘ex
1799 4749 1945 4856 δοξῖἲΣ
1979 4749 2028 4811 D

365 4850 465 4927 tio,
494 4860 555 4905 ut
585 4869 657 4927 ex_
670 4860 862 4927 nostra
893 4852 1035 4927 bona
1062 4850 1471 4927 conversatione
1494 4861 1550 4909 et
1578 4853 1735 4927 bonis
1777 4850 1948 4927 operi-

360 4921 469 5005 bus
491 4923 857 5005 santttiﬁeetur
880 4922 939 5005 et
956 4925 1295 5005 gloriﬁeetur
1310 4940 1517 5005 nomen
1546 4926 1646 5005 Dei
1668 4926 1741 5005 ab_
1779 4921 1949 5005 o'rnni-

364 4991 490 5058 bus,
519 4991 666 5062 quod
686 4992 804 5047 aliis
831 4991 1009 5049 verbis
1050 4998 1268 5053 monuit
1300 4995 1549 5052 Christus
1589 4997 1831 5055 Mattliaai
1870 5016 1907 5055 v
1940 5018 1954 5054 :

362 5063 454 5119 Sic
497 5064 669 5119 luceat
711 5065 810 5118 luo:
851 5069 1029 5118 vestra
1080 5081 1255 5121 coram
1302 5068 1625 5133 hominibus,
1656 5074 1716 5125 ut
1741 5071 1959 5127 videant

365 5135 911 5212 operauestraibona,
939 5139 989 5190 et
1018 5137 1313 5212 gloriﬁcent
1339 5141 1549 5212 Patrem
1570 5145 1833 5212 vestrum,
1861 5145 1962 5212 qui

367 5208 423 5282 in
445 5207 583 5261 caelis
606 5212 699 5282 est.
728 5211 794 5262 Et
816 5209 1009 5282 Petrus
1024 5209 1304 5282 apostolus
1335 5210 1531 5280 prioris
1556 5211 1726 5281 Epist.
1752 5207 1851 5282 cap
1867 5207 1952 5268 ir:

364 5274 817 5350 Conversationem
834 5274 1074 5332 uestram
1100 5280 1241 5335 inter
1267 5274 1444 5350 gentes
1473 5274 1720 5336 habentes
1746 5274 1954 5344 bonam,

368 5350 431 5420 ut
449 5348 507 5399 in
526 5362 589 5420 eo
608 5350 751 5417 quod
777 5347 1070 5403 detrectant
1088 5351 1154 5405 de
1188 5347 1360 5419 vobis,
1394 5356 1669 5420 tamquam
1696 5353 1761 5407 de
1786 5354 1956 5407 male-

360 5417 689 5493 [actoribus,
721 5435 787 5475 ea:
818 5420 965 5493 bonis
991 5422 1234 5491 operibus
1263 5417 1353 5477 eos
1380 5417 1772 5477 considerantes
1799 5424 1959 5493 glori-

363 5491 713 5567 ﬁcentDeum
751 5494 819 5567 in
836 5492 923 5567 die
948 5495 1288 5567 uisitationis.
1320 5496 1443 5549 Hoc
1487 5493 1652 5567 modo
1680 5491 1958 5565 exponunt

654 5562 921 5618 eatechesi
979 5568 1012 5618 5
1044 5574 1100 5621 et
1146 5564 1572 5637 Chrysostomus
1619 5565 1674 5620 in
1722 5558 1840 5638 cap.
1890 5581 1955 5623 ιν

422 5644 603 5685 attuau
619 5678 624 5684 .

431 5693 459 5783 ξ)
488 5700 620 5783 Yide
645 5703 1066 5783 Annotationem
1094 5704 1319 5777 Cuychii
1344 5706 1415 5762 ad
1441 5722 1560 5778 cap.
1594 5713 1654 5765 19
1687 5708 1868 5765 eollat.
1896 5713 1953 5777 9,

354 5771 459 5832 sub
482 5770 648 5832 ﬁnem
680 5772 873 5845 operis.

2071 3436 2148 3508 (Ο.
2177 3443 2232 3504 6,
2253 3442 2471 3509 supra),
2497 3438 2592 3494 sed
2613 3452 2673 3493 ea
2700 3436 3175 3509 praecipue,un
3202 3450 3449 3509 regnum
3471 3433 3683 3509 gratiae

2070 3504 2184 3562 non
2220 3508 2293 3563 sit
2315 3504 2476 3565 ’aliud
2524 3504 2718 3579 quam'
2741 3504 3058 3565 obedientia
3087 3515 3147 3579 et
3185 3504 3495 3579 observatio
3526 3504 3687 3577 legis

2075 3578 2200 3659 Dei,
2219 3594 2314 3659 seu
2339 3576 2843 3659 exsecutiodiyinae
2871 3578 3214 3659 voluntatis_:
3231 3576 3483 3659 _proinde
3523 3576 3687 3658 con-

2070 3648 2386 3705 funderetur
2406 3648 2522 3707 hmo
2556 3648 2745 3718 petitio
2769 3665 2898 3705 eum
2931 3649 3112 3706 tertia.
3138 3647 3329 3704 Melius
3372 3647 3559 3716 itaque
3583 3647 3687 3703 in-

2070 3718 2330 3789 telligitur
2357 3718 2449 3790 de
2509 3734 2677 3790 regno
2707 3720 2916 3790 gloriae,
2967 3735 3064 3778 seu
3129 3718 3369 3775 felicitate
3400 3723 3665 3790 atoma,

2070 3786 2235 3859 quam
2261 3789 2495 3860 petimus
2538 3786 2995 3860 nobisadveuire,
3023 3791 3077 3847 id
3118 3799 3216 3857 est,
3244 3795 3380 3860 post
3400 3786 3539 3842 hanc
3568 3787 3667 3843 νίς

2073 3868 2184 3917 tam
2206 3859 2544 3934 contingere;
2577 3861 2856 3940 quomodn
2878 3859 3127 3940 Salvator
3167 3859 3414 3940 praecepit
3439 3865 3500 3913 ut
3518 3938 3527 3940 Α
3542 3861 3671 3940 pri-

2071 3948 2216 4003 mum
2238 3931 2540 4003 quaerdmus
2560 3931 2781 4002 regnum
2809 3937 2928 3991 Dei.
2943 3933 3106 3990 Unde
3125 3931 3181 3988 et
3198 3931 3306 3988 div.
3331 3931 3686 4003 Augustinus

2072 4002 2143 4059 ad
2192 4001 2429 4060 Probam
2461 4001 2658 4073 (Epist.
2712 4010 2773 4059 I2
2820 4021 2937 4075 cap.
2997 4009 3122 4071 It):
3169 4001 3523 4075 Disiderium,
3568 4001 3679 4075 ait,

2072 4080 2312 4130 nostrum
2336 4076 2410 4129 ad
2440 4075 2580 4129 illud
2614 4091 2838 4145 regnum
2876 4073 3169 4132 excitamus
3187 4118 3202 4138 ,
3238 4079 3302 4130 ut
3338 4074 3477 4129 illud
3514 4073 3685 4130 nobis

2073 4148 2252 4201 veniat
2273 4150 2435 4216 atque
2462 4148 2523 4201 in
2552 4162 2608 4201 eo
2649 4162 2943 4215 regnemus.
2981 4145 3141 4215 Quod
3166 4154 3222 4203 et
3265 4145 3516 4203 Sedulius
3544 4158 3687 4215 pre-

2071 4216 2341 4358 Isgytgfe
2364 4224 2523 4288 poeta
2533 4216 2677 4274 hisce
2698 4217 2941 4275 versibus
2955 4217 3169 4290 egregie
3193 4216 3433 4289 depinxit
3463 4216 3680 4285 (Carm.

2094 4303 2169 4343 ιο.
2203 4303 2274 4344 IIl
2306 4305 2319 4341 2

2190 4413 2433 4487 Adveniat
2463 4427 2667 4487 regnum
2682 4414 2894 4487 Jamjam
2927 4426 3127 4487 quoque
3160 4414 3353 4487 scilicet
3375 4413 3497 4464 illud

2190 4415 2433 4463 Adveniat
2463 4427 2667 4477 regnum
2679 4415 2894 4525 liamiam
2927 4426 3127 4487 quoque
3160 4415 3353 4464 scilicet
3375 4415 3497 4464 illud

2188 4478 2349 4541 Morte
2381 4488 2580 4535 vacans,
2605 4479 2653 4541 et
2713 4490 2772 4526 ne
2794 4490 2985 4541 carens,
3016 4491 3097 4541 cui
3127 4476 3263 4525 nulla
3282 4490 3373 4541 per
3398 4488 3579 4541 aevum

2184 4539 2429 4609 Tempora
2459 4537 2747 4609 succedunt,
2782 4540 2900 4609 quia
2924 4540 3080 4609 nescit
3100 4537 3299 4609 tempus
3330 4538 3532 4609 hnbere,

2183 4599 2457 4664 Continuus
2490 4600 2595 4650 sine
2626 4604 2771 4650 nocte
2795 4599 2931 4658 dies;
2970 4601 3072 4661 ubi,
3106 4599 3326 4664 principe
3367 4600 3593 4662 Christo,

2181 4661 2356 4726 Nobile
2384 4666 2628 4726 perpetua
2658 4666 2812 4726 caput
2836 4661 3386 4726 amplectenteeorbna.

2185 4724 2355 4773 Victor
2374 4724 2536 4788 opirna
2559 4724 2983 4789 ferens—gaudebit
3010 4725 3213 4790 praemia
3233 4726 3394 4776 miles.

2124 4858 2150 4894 ἀ
2175 4859 2412 4933 Tertiam
2453 4859 2768 4933 petitionem
2809 4860 3072 4933 orationis
3099 4861 3402 4918 Dominieaa
3430 4860 3670 4933 duplici-

2056 4937 2141 5002 ter
2166 4932 2408 5002 exponit.
2438 4931 2627 4988 Primo
2650 4939 2711 4987 ut
2749 4940 2997 5002 petamus
3039 4931 3156 4988 ﬁeri
3190 4933 3294 4989 Dei
3326 4931 3664 5002 voluntatem

2065 5000 2124 5056 in
2166 5000 2346 5070 terris,
2397 5003 2537 5059 sicut
2579 5003 2635 5059 in
2689 5000 2865 5070 coelo;
2910 5002 2966 5060 id
3006 5011 3112 5069 est,
3145 5011 3207 5059 ut
3228 5004 3374 5060 sicut
3423 5004 3480 5059 in
3515 5001 3661 5058 calo

2064 5072 2245 5145 angeli
2277 5074 2447 5130 sancti
2483 5078 2600 5130 Deo
2631 5082 2905 5145 prompte,
2940 5082 2993 5131 et
3021 5074 3275 5143 perfecte,
3302 5083 3359 5132 et
3399 5076 3455 5131 in
3480 5072 3664 5145 omni-

2066 5141 2486 5218 busobediunt,
2532 5145 2608 5201 ita
2631 5141 2977 5218 'etihomines
3032 5146 3089 5201 in
3127 5141 3272 5203 terra
3308 5146 3387 5202 illi
3428 5143 3669 5218 perfecte

2065 5212 2325 5289 obediant
2370 5217 2629 5289 (August.
2664 5217 2756 5289 lib.
2788 5232 2836 5273 ιι
2864 5217 2930 5272 de
2958 5218 3128 5289 Serm.
3170 5222 3323 5275 Dom.
3369 5212 3491 5289 cap.
3520 5221 3579 5272 tl
3616 5222 3671 5289 et

2065 5287 2223 5355 epist.
2259 5290 2351 5341 l2t
2385 5287 2460 5342 ad
2486 5287 2754 5358 Probum).
2782 5287 3530 5360 Seeundoutimpleatur'illa
3560 5287 3666 5344 Dei

2067 5356 2338 5430 voluntas,
2367 5373 2472 5428 qua
2492 5358 3136 5430 secundumApostolum
3156 5361 3275 5416 vult
3302 5360 3663 5416 muneshomi-

2319 5398 2338 5424 2

2066 5442 2157 5482 nes
2175 5428 2350 5483 salvos
2359 5430 2496 5499 ﬁeri,
2510 5434 2560 5485 et
2576 5431 2650 5485 ad
2669 5428 3251 5499 agnitionemveritatis
3265 5432 3497 5499 venire(l
3512 5431 3659 5486 Tim.

2069 5500 2159 5564 ιι).
2204 5498 2424 5556 Scilieet
2445 5498 2721 5571 quantum
2746 5502 2802 5557 in
2835 5517 2895 5559 se
2917 5509 3018 5571 est,
3048 5511 3105 5559 et
3127 5505 3409 5559 voluntate
3433 5543 3448 5567 ,
3466 5509 3530 5559 ut
3553 5515 3662 5558 vo-

2065 5577 2213 5650 cant,
2263 5571 2632 5650 antecedente.
2669 5575 2873 5650 V_erum
2917 5572 3036 5650 haec
3061 5574 3336 5650 espositio
3373 5574 3661 5650 nimisre-

2064 5643 2263 5715 stricta,
2303 5652 2359 5715 et
2407 5643 2746 5715 particularis
2787 5653 2889 5702 est.
2941 5645 3062 5701 Alia
3105 5643 3477 5715 expositiones
3539 5643 3661 5701 vide

2061 5711 2627 5853 ggdignllarminum
2643 5722 2698 5771 et
2721 5715 2859 5774 alios
2886 5711 3220 5786 (Damascen.
3235 5716 3334 5774 lib.
3362 5732 3419 5774 ιι
3441 5717 3510 5774 de
3527 5715 3658 5774 Fide
