4034 6212
231 313 320 370 793
1311 307 1652 366 COLLATIO
1691 311 1776 366 IX.
1820 339 1886 350 --
1926 311 2015 366 DE
2051 309 2426 369 ORATIONE.

3418 321 3525 376 ’794

233 449 318 500 tua
357 446 498 500 sicut
524 444 584 498 tn
610 441 735 498 calo
761 445 814 497 et
853 443 914 496 in
941 445 1116 510 terra,
1147 455 1314 512 quam
1337 449 1401 499 ut
1433 442 1543 498 sint
1566 441 1820 500 homines
1849 445 1904 510 Α
1928 447 2254 514 agnitionem
2271 449 2518 503 veritatis
2537 449 2715 502 venire
2741 447 2786 520 (Ι
2811 449 2950 504 Tim.
2986 447 3078 520 ιι).
3111 450 3194 504 De
3219 463 3332 519 qua
3351 450 3524 508 etiam

233 538 424 614 similes
449 537 688 610 angelis;
743 545 799 593 et
830 535 976 592 sicut
1018 535 1272 592 voluntas
1317 536 1411 592 Dei
1433 536 1506 593 ab
1555 536 1660 593 illis
1701 536 1816 592 im-

233 633 393 708 pletur
415 632 474 688 in
509 630 676 700 coelo,
705 631 783 688 ita
813 630 983 688 etiam
1021 629 1076 686 hi
1103 630 1278 704 quiin
1314 640 1466 688 terra
1515 641 1664 701 sunt,
1705 647 1818 688 non

233 742 393 796 suam,
419 725 516 784 sed
546 726 664 799 ejus
692 725 1011 784 universam
1043 723 1245 782 faciant
1275 725 1652 783 voluntatem?
1695 727 1819 782 Hoc

230 836 431 894 quoque
465 835 632 877 nemo
688 835 754 876 ex
784 817 989 876 affectu
1032 818 1212 876 dicere
1263 819 1608 894 praevalebit,
1636 817 1741 875 nisi
1771 820 1818 876 is

230 914 368 970 solus
389 913 486 986 qui
516 915 692 970 Deum
720 912 896 970 credit
921 912 1106 969 omnia
1143 927 1268 985 qua
1295 911 1551 968 videntur
1591 911 1674 968 vel
1715 911 1814 969 ad-

233 1021 369 1064 versa
407 1008 491 1064 vel
530 1021 792 1081 prospera
837 1023 938 1080 pro
993 1007 1200 1064 nostris
1234 1006 1557 1064 utilitatibus
1597 1003 1816 1079 dispen-

231 1115 356 1178 sare,
381 1101 664 1176 magisque
691 1117 820 1160 eum
851 1119 956 1175 pro
981 1117 1212 1162 suorum
1238 1105 1416 1161 salute
1435 1111 1494 1160 et
1513 1103 1818 1160 commodis
1909 1125 1918 1130 -

230 1195 506 1268 providum
537 1205 701 1270 atque
738 1199 1053 1268 sollicitum,
1091 1215 1254 1273 quam
1281 1213 1382 1256 nos
1401 1199 1550 1271 ipsos
1573 1213 1690 1255 esse
1719 1213 1816 1270 pro

226 1291 393 1348 nobis.
424 1293 526 1349 Vel
561 1301 708 1349 certe
741 1293 897 1349 aliter
924 1293 1296 1366 accipiendum
1331 1315 1344 1350 :
1389 1294 1662 1350 Voluntas
1701 1293 1808 1348 Dei

228 1381 368 1440 salus
403 1385 653 1440 omnium
681 1393 784 1454 est,
810 1385 1114 1442 secundum
1149 1385 1298 1442 illam
1324 1385 1469 1441 beati
1504 1383 1652 1440 Pauli
1679 1397 1813 1440 sen-

1925 537 2202 594 voluntate
2222 539 2388 596 Isaias
2416 541 2680 612 propheta
2711 555 2772 597 ex
2810 556 3040 613 persona
3081 540 3182 598 Dei
3223 542 3423 612 Patris,
3457 547 3528 600 Et

1923 640 1951 667 ⁸
1978 634 2180 697 omnis,
2208 633 2404 704 inquit,
2434 637 2684 692 voluntas
2717 651 2840 692 mea
2873 638 2964 706 fiet
2999 637 3176 705 (Isaia-
3205 637 3399 708 XLVI).
3433 637 3528 694 Di-

1925 734 2112 784 centes
2139 739 2271 800 ergo
2299 727 2346 784 ei
2367 744 2382 780 :
2407 732 2531 785 Fiat
2555 730 2804 784 voluntas
2845 733 2941 786 tua
2970 732 3110 785 sicut
3136 733 3193 785 in
3226 733 3350 786 οωῖο
3381 736 3432 786 et
3463 734 3522 788 in
3634 752 3642 758 ·

1927 823 2098 884 terra,
2119 819 2228 877 hoc
2243 835 2372 877 eum
2402 822 2522 878 aliis
2543 837 2765 880 oramus
2794 824 2993 893 verbis,
3025 833 3084 880 ut
3103 825 3246 880 sicut
3271 823 3328 880 bi
3351 825 3443 896 qui
3466 825 3524 880 in

1925 913 2064 969 omlo
2088 922 2248 982 sunt,
2291 915 2366 971 ita
2395 931 2588 972 omnes
2616 917 2707 986 qui
2748 917 2800 972 in
2841 924 2982 973 terra
3023 917 3362 988 consistunt,
3393 927 3517 988 tua,

1926 1007 2104 1076 Pater,
2137 1008 2413 1080 agnitione
2439 1009 2741 1065 salventur.
2850 1023 2856 1029 ”

2507 1103 2754 1158 CAPUT
2786 1104 2948 1159 XXI.

2071 1197 2147 1250 De
2167 1209 2309 1263 pane
2329 1196 2857 1264 supersubstantiali,
2878 1197 2990 1250 sive
3006 1199 3342 1265 quotidiana.

1927 1313 1930 1320 -
1993 1281 2256 1344 Deinde”
2285 1303 2484 1358 panem
2507 1284 2752 1344 nostrum
2781 1287 3046 1354 ἐπιούσιον,
3095 1289 3152 1346 id
3199 1299 3284 1346 est
3307 1297 3524 1362 ,super-

1911 1383 2328 1440 substantiam
2347 1383 2421 1438 da
2449 1384 2600 1438 nobis
2620 1383 2778 1438 hodie
2805 1385 3023 1454 (Matth.
3056 1388 3169 1454 γι).
3196 1385 3355 1454 Quod
3384 1385 3527 1442 alius

227 1475 468 1542 tentiam,
500 1479 608 1546 Qui
629 1489 812 1534 omnes
839 1479 1079 1535 homines
1117 1479 1233 1534 vult
1261 1479 1434 1533 salvos
1452 1479 1606 1548 ﬁeri,
1649 1483 1701 1533 et
1741 1477 1816 1533 ad
1918 1475 2243 1550 evangelista
2261 1476 2646 1546 quotidianum
2663 1476 3002 1542 (limitum
3021 1476 3130 1548 xi).
3155 1476 3311 1533 Illam
3333 1476 3526 1535 nobili-

1311 1629 1570 1686 ALARDI
1608 1629 1835 1687 GAZIEI
1872 1626 2430 1684 COMMENTARIUS.

296 1769 320 1798 ⁸
354 1759 737 1834 Distinguitur
773 1777 803 1818 a
825 1760 1117 1834 theologis
1155 1759 1357 1834 duplex
1392 1761 1650 1834 voluntas
1691 1759 1812 1819 Dei.

233 1831 386 1888 altera
414 1831 672 1888 voluntas
694 1831 864 1903 signi,
889 1831 1064 1888 altera
1082 1831 1404 1903 beueplaciti
1431 1832 1520 1903 (S.
1556 1833 1737 1888 Thom.
1770 1847 1846 1887 ιι·

225 1916 302 1974 p.,
325 1907 498 1976 q,_l9_,
527 1921 582 1957 a.
619 1903 725 1974 ll).
748 1901 1018 1976 Voluntas
1035 1901 1446 1976 signidicuntur
1474 1910 1740 1976 praecepta
1765 1909 1820 1976 et

234 1921 302 1974 p.,
412 1921 498 1968 iu,
527 1921 582 1957 a.
619 1921 672 1958 ιι
687 1921 725 1974 ).
758 1921 1018 1962 vonunras
1035 1921 1446 1976 sigmmcumur
1474 1921 1740 1974 praecepta
1765 1921 1820 1957 et

234 1989 324 2056 pro
367 1973 621 2056 ibitiopes
677 1975 824 2056 Dei,
868 1973 1006 2056 “sive
1063 1971 1342 2056 quidquid
1377 1975 1524 2056 Deus
1579 1971 1820 2045 praecipit

232 2043 323 2115 aut
359 2043 658 2115 prohibet:
689 2045 833 2100 sicut
868 2043 1097 2100 litteras
1113 2043 1254 2114 regis
1291 2044 1526 2100 dicimus
1557 2043 1674 2100 esse
1718 2058 1821 2099 vo-

229 2113 678 2186 luntatemlregis,
704 2129 832 2186 cum
853 2115 1035 2186 potius
1057 2115 1174 2186 ejus
1184 2113 1410 2186 ’signum
1439 2115 1527 2172 sit.
1555 2115 1820 2172 Voluntas

234 2183 551 2252 beneplaciti
579 2183 680 2256 ‘est
706 2185 834 2256 ipsa
857 2183 1000 2256 'vera
1030 2183 1341 2256 et'intefna
1387 2186 1505 2256 ejus
1547 2186 1816 2252 voluntas,

235 2271 343 2339 qua
371 2256 508 2339 Deus
533 2254 645 2310 vult
670 2253 918 2339 absolute
939 2253 1134 2339 aliquid
1165 2253 1452 2339 nemque;
1487 2257 1820 2339 semperimf

233 2325 428 2407 pletur.
459 2327 543 2380 De
567 2341 673 2407 qua
702 2325 791 2383 hic
827 2327 980 2383 locus
1007 2325 1162 2382 Isaia:
1197 2325 1534 2399 intelligitur,
1577 2325 1720 2384 sicut
1767 2335 1820 2382 et

233 2395 364 2452 illud
387 2395 665 2455 psalmch
673 2411 750 2453 nr
766 2413 779 2449 :
798 2399 990 2455 Omnia
1001 2413 1341 2455 aurecumoue
1359 2399 1528 2452 voluit
1543 2400 1816 2455 Domimts.

232 2402 364 2468 illud
386 2402 579 2468 psalmi
590 2412 665 2452 cx
673 2411 750 2453 ιιι
766 2413 779 2449 :
798 2402 990 2455 Omnia
1001 2413 1341 2468 quietamque
1359 2402 1528 2452 voluit
1543 2402 1816 2467 Dominus,

232 2412 364 2452 uiua
386 2412 665 2468 psalmlcx
673 2412 750 2453 ιιι
766 2413 779 2449 :
798 2412 990 2455 omnia
1001 2413 1341 2468 quietamque
1359 2412 1528 2452 vomit
1543 2412 1816 2467 mminus,

228 2467 364 2534 fecit
379 2469 439 2520 in
470 2467 594 2522 caelo
621 2472 673 2522 et
700 2471 760 2524 in
784 2473 945 2524 terra.
973 2471 1040 2524 Et
1065 2469 1262 2525 Esther
1288 2483 1441 2540 xm:
1469 2471 1587 2526 Non
1622 2474 1700 2524 est
1721 2473 1822 2540 qui

229 2541 338 2592 tua
353 2539 524 2607 possit
543 2540 786 2595 resistere
803 2541 1087 2595 voluntati.
1111 2541 1282 2595 Porro
1308 2539 1450 2594 inter
1469 2541 1661 2596 Patres
1686 2539 1822 2596 can-

229 2607 406 2683 venit,
423 2607 480 2663 in
515 2609 606 2683 illa
629 2611 790 2683 tertia
816 2609 1097 2683 petitione,
1141 2624 1255 2666 non
1273 2609 1627 2683 voluntatem
1653 2610 1816 2683 bene-

269 2678 432 2746 laciti,
457 2679 554 2734 sed
577 2678 912 2738 voluntatem
939 2681 982 2737 s'
1025 2681 1077 2736 ni
1101 2680 1316 2753 proprie
1340 2680 1651 2752 signiﬁcari.
1679 2681 1820 2736 Hinc

225 2693 340 2806 εἰν.
371 2749 674 2806 Cvnrianus
694 2755 833 2806 (Lib.
862 2753 929 2806 de
969 2697 1280 2806 gratiam):
1611 2751 1818 2806 innuit.

268 2749 340 2804 iv.
371 2749 674 2821 Cyprianus
694 2755 833 2822 (Lib.
862 2753 929 2807 de
973 2749 1280 2817 Oratione):
1312 2749 1576 2815 Dicimus,
1611 2751 1818 2822 inquit,

225 2822 603 2877 Fiateoluntas
621 2827 739 2887 tua,
755 2825 896 2880 sicut
911 2825 972 2878 in
993 2824 1116 2879 calo
1133 2828 1187 2878 et
1201 2826 1263 2878 in
1282 2827 1448 2887 terra,
1471 2839 1580 2878 non
1594 2827 1658 2878 ut
1681 2825 1822 2878 Deus

225 2892 404 2959 faciat
429 2893 576 2962 quod
587 2895 723 2958 vult,
745 2896 840 2950 sed
851 2899 912 2950 ut
939 2909 1034 2950 nos
1047 2896 1227 2964 facere
1242 2897 1507 2964 possimus
1525 2895 1666 2964 quod
1682 2897 1820 2950 Deus

223 2964 362 3038 vult.
401 2965 540 3021 Nam
565 2967 674 3022 Deo
695 2968 820 3038 quis
842 2967 1385 3036 obsistit,.quominus
1417 2965 1562 3038 quod
1584 2967 1716 3021 velit
1740 2967 1822 3033 fa-

224 3037 379 3108 ciat?
400 3038 467 3090 Et
483 3037 812 3108 Augustinus
842 3039 1042 3108 (Epist.
1077 3038 1228 3106 121):
1264 3038 1393 3094 Cum
1412 3039 1664 3101 dicimus,
1694 3040 1822 3094 Fiat

223 3105 472 3178 uoluntas
517 3105 628 3170 tua,
669 3113 792 3172 etc.,
819 3105 973 3163 nobis
1001 3109 1071 3162 ab
1092 3105 1186 3178 illo
1205 3123 1491 3176 precamur
1515 3111 1690 3178 ipsam
1713 3109 1820 3163 obe-

224 3175 510 3248 dientiam,
533 3182 597 3232 ut
617 3181 694 3234 sic
718 3180 919 3234 anobis
943 3181 1043 3248 flat
1069 3175 1314 3233 uoluntas
1327 3179 1463 3248 ejus,
1487 3175 1822 3248 quemadmo-

224 3247 359 3320 dum
371 3251 435 3317 fit
458 3251 513 3302 in
535 3250 824 3320 caestibus
843 3251 913 3306 ab
927 3247 1132 3320 angelis
1149 3249 1284 3320 ejus.
1309 3247 1612 3320 Fatendum
1637 3257 1820 3320 tamen

225 3317 391 3390 hanc,
419 3319 733 3390 petitionem
791 3321 956 3377 etiam
1002 3317 1072 3376 ad
1120 3319 1456 3390 voluntatem
1489 3319 1819 3390 lbeueplaciti

223 3387 803 3473 divinialiquomodo
821 3390 1044 3473 referri,
1074 3398 1346 3473 quatenus
1367 3389 1627 3473 nimirum
1640 3387 1822 3473 ‘_debe-

224 3475 359 3516 mus
393 3461 452 3516 in
474 3461 736 3518 omnibus
757 3462 922 3520 rebus
945 3461 1285 3517 voluntatem
1311 3469 1580 3525 nostram,
1616 3468 1672 3516 et
1698 3476 1820 3517 om-

224 3545 330 3587 nes
351 3530 600 3605 affectus
635 3541 857 3590 nostros
903 3533 1178 3605 voluntati
1217 3530 1419 3605 divinae
1452 3531 1724 3605 subjicere
1767 3537 1822 3588 et

225 3599 595 3670 conici-mare,
626 3619 926 3676 numquam
957 3603 1026 3676 de
1061 3603 1178 3676 ejus
1216 3599 1571 3676 beneplacito:
1591 3603 1822 3676 obmur-

229 3687 477 3757 murare,
497 3673 793 3757 _aut._il|ud:
817 3673 1219 3757 reprehendere
1238 3697 1272 3757 ;_
1285 3673 1396 3757 sed
1443 3673 1710 3757 quidquid
1751 3674 1820 3757 de

203 3743 392 3819 nobis
411 3745 676 3819 statuerit,
693 3743 964 3819 quidquid
1003 3745 1349 3809 calamitatis.
1379 3743 1652 3819 quidquid
1689 3746 1818 3819 boni

227 3813 314 3870 vel
347 3815 470 3872 mali
492 3817 658 3890 nobis
687 3813 968 3890 immittat,
997 3818 1262 3890 patienter
1301 3825 1358 3872 et
1385 3813 1613 3890 libenter
1652 3817 1817 3874 susti-

226 3899 365 3941 nere
387 3903 450 3943 ac
475 3887 654 3944 dicere
688 3904 816 3944 cum
839 3887 1061 3944 Christo
1089 3906 1104 3941 :
1132 3891 1250 3945 Non
1280 3903 1421 3949 mea,
1466 3889 1560 3942 sed
1597 3893 1696 3944 tua
1721 3905 1819 3943 vo-

227 3956 412 4028 luntas
436 3961 535 4028 ﬁat
556 3961 772 4023 (Matth.
810 3962 1006 4022 xxvr).
1040 3959 1111 4011 Et
1139 3970 1270 4011 cum
1288 3958 1358 4028 Β.
1387 3956 1523 4028 Job:
1565 3961 1819 4013 Dominus

385 3973 412 4013 8
437 3973 535 4014 ηατ
556 3973 772 4014 (manu.
810 3973 1006 4014 XXVI).
1041 3973 1111 4011 LE
1139 3973 1270 4011 cum
1293 3973 1358 4010 ὕ.
1387 3973 1523 4010 ,ιοῡε
1565 3973 1819 4013 nummus

227 3967 412 4013 tunth
436 3967 535 4028 ﬁat
556 3967 772 4023 (Matth.
810 3967 1006 4022 xxvr).
1041 3967 1111 4011 Et
1139 3970 1270 4011 cum
1293 3967 1358 4010 ις.
1387 3967 1523 4010 Job:
1565 3967 1819 4013 Dominus

222 4027 398 4099 dedit,
425 4034 679 4086 Dominus
699 4030 944 4082 abstulit.
967 4028 1120 4099 Sicut
1141 4027 1362 4099 Domino
1383 4026 1610 4099 placuit,
1632 4029 1714 4081 ita
1739 4029 1822 4094 fa-

227 4093 477 4156 ctumest
497 4121 514 4156 :
540 4103 619 4156 sit
649 4113 838 4153 nomen
864 4097 1077 4152 Domini
1102 4093 1431 4149 benedictum
1458 4097 1592 4160 (Job.
1629 4101 1694 4162 ι).
1727 4093 1808 4151 In-

221 4167 378 4226 dicat
418 4170 566 4226 hunc
614 4181 838 4224 sensum
889 4165 1259 4222 Tertullianus
1314 4164 1406 4220 ubi
1445 4179 1608 4238 supra
1648 4187 1660 4223 :
1715 4169 1825 4224 Hoc

221 4240 394 4303 dicto,
421 4241 619 4311 inquit,
652 4239 726 4292 ad
744 4239 1128 4306 sufferentiam
1153 4237 1501 4308 nosmetipsos
1518 4237 1820 4308 ’prcemone-

213 4326 323 4366 ﬂ.“
338 4327 371 4373 ἶ,
403 4317 506 4364 ειο.

298 4375 329 4414 ι’
373 4383 572 4452 Panem
623 4387 908 4452 nostrum,
955 4380 1008 4436 in
1050 4379 1158 4436 'hac
1202 4381 1496 4452 petitione,
1540 4379 1710 4438 voluit
1735 4381 1823 4438 hic

214 4456 468 4523 Auctor?
509 4450 766 4523 intelligi,
838 4467 950 4508 non
1017 4450 1218 4523 panem
1226 4521 1233 4523 ξ
1285 4453 1660 4522 corporalem,
1725 4453 1821 4510 sed

213 4520 585 4594 spiritualem,
631 4520 706 4580 idw
727 4530 829 4591 est,
866 4520 1070 4594 corpus
1106 4521 1346 4590 Christi;
1385 4520 1624 4594 ’utlsatis
1662 4525 1820 4581 colli-

214 4593 377 4676 gitur
417 4601 536 4676 tum
576 4610 642 4676 ex
683 4600 801 4650 toto
843 4593 1073 4676 decursu
1098 4593 1275 4676 ,licet
1319 4593 1680 4676 subobscure,
1709 4595 1818 4676 hu-

213 4663 317 4737 ius
349 4665 558 4736 capitis,
592 4673 711 4722 tum
747 4681 811 4720 ex
845 4679 965 4736 cap.
995 4669 1087 4737 24.
1129 4663 1258 4737 Quo
1270 4664 1458 4737 etiam
1500 4681 1665 4737 sensu
1700 4667 1820 4737 ple-

218 4733 388 4805 rique
416 4733 644 4793 ‘veteres
673 4733 931 4791 auctores
953 4735 1041 4805 pie
1091 4741 1147 4790 et
1167 4733 1459 4805 religiose,
1501 4745 1558 4792 et
1597 4735 1663 4792 ad
1701 4733 1813 4793 Ἑο-

211 4803 404 4862 αιόδὶω
449 4823 612 4862 usum
657 4803 1108 4873 accommodate,
1147 4803 1404 4861 dixerunt
1466 4821 1661 4876 panem
1712 4823 1820 4862 no-

213 4884 410 4948 strum
437 4877 811 4948 quotidianum
835 4876 1038 4934 Christi
1061 4890 1259 4948 corpus
1296 4875 1548 4948 appellari
1571 4875 1812 4948 (Tertull.

207 4922 1397 5018 ἕέ’ᾱῇὶ3ιξιῖνῖ.“ἇῖὀξᾶιοῖιὶζ’Χοιὶῖὸὲῗὶιοῖνῖ
1405 4922 1816 5005 assistam:
1849 4922 1898 4984 Ι)

208 5033 340 5088 cap.
382 5023 438 5080 4,
469 5021 690 5074 Hieron.
720 5020 776 5073 in
803 5020 1111 5084 Comment,
1139 5021 1257 5074 Pet.
1299 5019 1540 5089 Chrysa].
1570 5034 1726 5074 serm.
1757 5021 1822 5076 de

209 5091 387 5170 Orat;
401 5094 543 5170 pom
571 5093 592 5159 )
623 5089 792 5170 .Nam_
812 5097 868 5145 et
887 5105 1044 5146 uerus
1059 5091 1221 5170 panis
1244 5093 1448 5170 estqui
1471 5090 1538 5170 de
1564 5091 1688 5145 caelo
1722 5092 1821 5170 de-

83 5219 100 5227 _
211 5161 432 5234 scendit
463 5170 558 5228 ;et
583 5161 957 5234 quotidianus,
981 5159 1107 5234 quia
1135 5159 1409 5234 quotidie,
1439 5161 1484 5216 si
1517 5177 1626 5234 non
1647 5163 1818 5234 a_sin-

203 5229 385 5358 Fulis,
411 5229 663 5288 saltem'a
690 5240 806 5288 tota
835 5229 1094 5314 Ecclesia,
1138 5229 1356 5286 nomine
1389 5231 1637 5315 omnium
1683 5231 1818 5290 tide-

229 5316 386 5358 lum.
417 5302 791 5358 frequentatur
819 5312 872 5358 et
907 5310 1146 5358 sumitur
1185 5319 1199 5356 :
1232 5310 1288 5358 et
1315 5301 1576 5358 ἔπιούσιος.
1605 5303 1661 5358 Id
1696 5313 1810 5358 est.

229 5301 386 5366 ium,
417 5302 791 5375 frequentatur
819 5312 882 5375 et
907 5301 1146 5359 sumitur
1185 5319 1199 5356 :
1232 5310 1288 5358 et
1315 5301 1576 5375 ἐπιούσιος,
1605 5303 1661 5360 id
1696 5313 1810 5374 est,

199 5373 772 5444 supersubstantialis,
796 5374 927 5446 quia
942 5387 1114 5446 super
1131 5387 1323 5430 omnes
1344 5374 1680 5432 substantias
1708 5373 1810 5442 est,

203 5450 486 5528 etgmnes
509 5444 1146 5528 creaturassublimitate
1175 5445 1591 5528 magniﬁcentiae
1617 5454 1672 5504 et
1695 5461 1814 5504 san-

197 5515 561 5587 ctiﬁcationis
599 5516 829 5582 excedit,
869 5527 930 5572 ut
969 5517 1056 5572 hic
1098 5515 1408 5587 exponitur.
1451 5517 1558 5573 Alii
1612 5533 1811 5587 panem

193 5585 598 5658 quotidianum
622 5587 997 5645 intellexerunt
1022 5585 1356 5658 spirit—uatem
1381 5589 1582 5658 animis
1601 5585 1808 5656 cibum,

195 5654 322 5730 hoc
344 5666 448 5725 est,
480 5657 708 5716 verbum
735 5660 847 5728 Dei,
874 5674 982 5730 quo
1003 5654 1239 5730 quotidie
1256 5674 1394 5730 opus
1413 5657 1580 5714 habet
1601 5667 1653 5713 et
1683 5654 1812 5729 quo?

190 5727 350 5785 tidie
380 5731 624 5802 pascitur
647 5729 863 5787 animus
888 5727 984 5802 per
1017 5727 1815 5802 meditationemetoperatio—

183 5813 340 5856 nem
381 5800 768 5858 mandatorum
795 5801 918 5864 Dei,
943 5801 1084 5857 sicut
1117 5800 1362 5857 Christus
1401 5800 1614 5858 dicebat
1649 5802 1810 5858 Joan.

185 5885 266 5928 tv
299 5875 494 5930 :-Meus
522 5873 670 5929 cibus
695 5878 771 5930 est
794 5877 858 5929 ut
888 5873 1094 5940 faciam
1109 5871 1440 5928 voluntatem
1465 5875 1643 5929 Patris
1670 5874 1814 5940 mei,-

1921 1765 1979 1814 et
2003 1761 2159 1816 Joan.
2189 1773 2254 1816 vr
2289 1777 2304 1814 :
2341 1763 2656 1832 Operamini
2669 1775 2777 1815 non
2805 1762 2981 1816 cibum
2999 1763 3100 1830 qui
3119 1763 3282 1831 perit,
3308 1762 3403 1832 sed
3430 1764 3528 1830 qui

1919 1837 2202 1908 permanet
2219 1835 2278 1908 in
2304 1834 2471 1908 vitam
2493 1836 2764 1908 (sternam.
2789 1833 2870 1888 Ita
2900 1835 2972 1887 D.
2997 1831 3330 1908 Augustinus
3353 1831 3444 1908 lib.
3473 1846 3522 1888 ιι

1925 1902 1993 1966 ae
2021 1903 2199 1974 Serm.
2236 1904 2474 1974 Doqu
2499 1903 2716 1974 diverso
2734 1911 2914 1974 autem
2939 1911 3069 1958 sunt
3092 1902 3184 1974 qui
3210 1903 3525 1959 existiment

1926 1979 2034 2034 hoc
2057 1972 2177 2028 loco
2207 1973 2340 2028 nihil
2371 1971 2518 2045 aliud
2555 1975 2665 2045 peti
2699 1973 2801 2030 nisi
2843 1989 3040 2044 panem
3068 1971 3435 2045 corporalem,
3463 1981 3524 2030 ut

1929 2048 2360 2118 Chrysostomus
2373 2044 2438 2099 'in
2459 2044 2577 2116 cap.
2619 2045 2980 2118 vrMatthazi.
3007 2044 3114 2118 Sed
3143 2044 3397 2118 omnium
3419 2060 3526 2118 op-

1927 2115 2062 2175 tima
2085 2120 2144 2170 et
2175 2115 2456 2187 verissima
2481 2115 2747 2187 expositio
2789 2125 2872 2171 est
2903 2125 2966 2172 ut
2992 2115 3144 2187 panis
3184 2116 3407 2187 nomine
3421 2115 3521 2187 in-

1855 2175 1902 2237 Β
1933 2189 2209 2260 telligatur
2235 2195 2348 2260 tam_
2365 2185 2522 2260 cibus
2548 2175 2840 2260 spiritualis
2865 2175 3032 2260 quam
3069 2185 3525 2260 corporalis,_boc

1925 2269 2028 2328 est,
2051 2256 2248 2314 omnia
2268 2257 2510 2314 subsidia
2541 2256 2840 2328 necessaria
2873 2256 2942 2313 ad
2971 2256 3134 2312 vitam
3161 2272 3289 2311 cum
3327 2257 3525 2328 animae

1925 2327 2047 2390 tum
2073 2329 2318 2399 corporis
2339 2328 2764 2400 conservandam
2793 2327 3108 2400 (Maldonat.
3142 2329 3398 2400 Bella-rm.
3428 2327 3530 2400 ubi

1927 2419 2120 2474 supra,
2397 2403 2540 2474 Less.
2570 2396 2892 2474 delnstitut.
2927 2400 3018 2455 lib.
3057 2413 3110 2454 ιι
3137 2415 3251 2470 cap.
3281 2399 3390 2470 37).
3414 2396 3525 2455 Sed

1927 2469 2052 2546 quia
2094 2471 2340 2546 subsidia
2383 2471 2506 2526 vita:
2542 2469 2869 2541 spiritualis,
2915 2478 3107 2546 utpote
3151 2469 3522 2546 sacramenta,

1931 2539 2240 2616 praesertim
2267 2557 2405 2616 vero
2419 2539 2823 2616 sacramentum
2840 2539 3102 2616 corporis
3130 2539 3344 2616 Christi
3349 2581 3382 2616 ,Α
3390 2556 3525 2616 nec-

1933 2611 2045 2672 non
2065 2613 2316 2684 doctrina
2347 2611 2682 2684 Christiana,
2707 2620 2764 2666 et
2799 2611 2855 2666 id
2898 2611 3225 2684 genusalia,
3254 2611 3526 2668 nobiliora

1928 2693 2060 2740 sunt
2083 2692 2141 2740 et
2163 2682 2342 2754 magis
2368 2680 2668 2736 necessaria
2689 2680 3129 2754 quams'ubsidia
3167 2683 3290 2754 vita:
3305 2697 3524 2754 corpo-

1928 2697 2060 2740 sunt
2083 2697 2141 2740 et
2163 2697 2342 2754 magis
2368 2697 2668 2736 necessaria
2689 2697 2859 2752 quam
2883 2697 3129 2738 sunsmra
3167 2697 3290 2736 vna:
3325 2697 3524 2804 corlpo-

1927 2756 2082 2831 ralis,
2126 2759 2552 2831 consentaneum
2591 2760 2776 2831 estut
2801 2751 2889 2831 .ad
2949 2766 3148 2831 panem
3188 2751 3414 2831 spiritua
3433 2767 3525 2831 em

1932 2827 2107 2898 primo
2132 2831 2188 2879 et
2221 2822 2492 2898 praecipue
2517 2821 2706 2898 tendat
2726 2821 2942 2898 animus
2954 2821 3022 2877 et
3040 2821 3267 2898 intentio
3291 2822 3524 2898 orantis,

1928 2891 1985 2954 et
2011 2897 2082 2952 ad
2109 2891 2454 2966 corporalem
2475 2893 2816 2966 secundario.
2843 2897 3034 2966 Porro,
3063 2892 3215 2964 quod
3241 2891 3312 2948 ad
3332 2907 3525 2966 vocem

1929 2967 2172 3022 ἐπιούσιον
2199 2963 2412 3028 attinet,
2453 2965 2598 3020 varie
2637 2972 2918 3034 exponunt
2954 2963 3296 3034 interpretes.
3361 2963 3524 3020 Divus

1927 3040 2295 3108 Hieronymus
2326 3034 2403 3090 ita
2429 3035 2586 3108 legit:
2618 3039 2816 3090 Panem
2841 3040 3082 3108 nostrum
3101 3035 3523 3108 supersubstan-

1929 3111 2111 3166 tialem
2134 3105 2213 3163 'da
2239 3107 2394 3162 nobis
2417 3107 2589 3161 hodie.
2629 3109 2696 3161 Et
2722 3122 2821 3162 cur
2848 3107 2921 3162 ita
2965 3106 3207 3171 verterit,
3248 3105 3522 3161 rationem

1926 3181 2186 3247 subdens,
2211 3177 2810 3248 Supersubstantialem,
2835 3177 3034 3248 inquit,
3059 3179 3525 3246 eapressimus..In

1930 3255 2114 3311 Greece
2135 3247 2364 3305 habetur
2391 3247 2636 3301 ἐπιούσιον
2669 3271 2682 3315 ;
2713 3249 2856 3318 quod
2873 3247 3095 3303 verbum
3117 3251 3249 3304 LXX
3273 3250 3528 3316 Interpre.

1929 3327 2006 3378 tes
2028 3320 2306 3391 περιούσιον
2325 3321 2756 3391 frequentissime
2778 3322 3138 3386 transferunt.
3163 3319 3526 3376 Comideravi-

1929 3409 2049 3448 mus
2077 3390 2204 3461 ergo
2225 3394 2284 3445 in
2304 3391 2550 3455 Hebraeo,
2578 3396 2628 3444 et
2665 3390 2985 3460 ubicumque
3007 3391 3111 3442 ιιᾙί
3127 3391 3412 3461 περιούσιον
3439 3406 3526 3444 θεο-

2000 3460 2257 3524 esserunt,
2295 3475 2392 3516 nos
2419 3462 2716 3515 inuenimus
2743 3461 2967 3529 Segulla,
2997 3460 3141 3530 quod
3175 3461 3524 3528 Symmachus

2000 3481 2257 3524 essemus,
2295 3481 2392 3516 nos
2419 3481 2716 3515 invenimus
2743 3481 2967 3529 srguua,
2997 3481 3141 3530 quoa
3175 3481 3520 3528 oymmucnus

1925 3481 2198 3606 ῗέιιίρετον,
2226 3532 2286 3587 id
2309 3535 2413 3606 est,
2439 3534 2784 3606 praecipuum
2797 3531 2880 3606 pel
2906 3531 3190 3606 egregium.
3219 3531 3520 3606 transtulit,

1929 3601 2054 3661 licet
2094 3607 2154 3660 in
2197 3601 2455 3674 quodam
2476 3604 2585 3657 loco
2626 3601 2953 3673 peculiarem
3002 3604 3388 3671 interpretatus
3424 3604 3517 3658 sit.

1929 3677 2157 3745 Quando
2177 3691 2298 3744 ergo
2309 3675 2547 3745 petimus
2567 3678 2630 3728 ut
2641 3674 2966 3745 peculuirem
2981 3674 3066 3727 vel
3081 3675 3420 3745 preecipuum
3438 3688 3526 3728 no-

1927 3743 2008 3803 bis
2025 3753 2165 3806 Deus
2198 3743 2407 3802 tribuat
2418 3743 2814 3818 panem,’illum
2849 3747 3080 3818 petimus
3092 3747 3194 3818 qui
3207 3744 3344 3798 dicit
3364 3761 3378 3797 :
3408 3745 3523 3818 Ego

1925 3835 2046 3875 sum
2078 3821 2236 3890 panis
2276 3815 2438 3873 vivus
2462 3819 2559 3887 qui
2591 3817 2658 3890 de
2693 3817 2828 3890 creto
2849 3815 3115 3870 descendi.
3143 3817 3204 3869 In
3232 3817 3523 3890 Evangelia

1927 3885 2404 3960 quod—appellatur
2421 3885 2706 3943 secundum
2729 3887 2994 3960 Hebrceos,
3012 3900 3110 3955 pro
3125 3885 3526 3960 supersubstang

1927 3956 2051 4015 tiali
2071 3956 2214 4030 pane
2239 3962 2424 4030 reperi
2445 3961 2683 4025 machar,
2709 3957 2854 4028 quod
2879 3957 3084 4030 dicitur
3105 3956 3423 4030 crastinum,
3463 3958 3527 4008 ut

1927 4033 2002 4085 sit
2013 4025 2196 4085 sensus
2213 4049 2231 4084 :
2253 4025 2446 4098 panem
2468 4025 3038 4088 nostrumcrastinum,
3062 4026 3229 4088 idest,
3245 4025 3519 4092 futurum,

1930 4101 2004 4154 da
2023 4101 2169 4154 nobis
2206 4097 2383 4154 hodie.
2415 4103 2704 4154 Possumus
2732 4097 3302 4168 supersubstantialem
3325 4110 3524 4165 panem

1933 4175 1982 4226 et
2003 4171 2168 4224 aliter
2189 4169 2499 4236 intelligere,
2521 4171 2620 4237 qui
2639 4183 2803 4236 super
2815 4183 2992 4222 omnes
3007 4167 3339 4237 substantias
3355 4168 3448 4231 sit,
3474 4170 3526 4220 et

1933 4243 2212 4296 universas
2234 4235 2448 4309 superet
2478 4235 2772 4294 erantin-as.
2816 4239 2897 4292 Ita
2927 4239 2982 4292 S.
3023 4235 3387 4309 Hieronymus
3411 4243 3524 4292 tres

1929 4325 2125 4381 sensus
2147 4306 2594 4381 illius—petitionis
2622 4324 2916 4381 exponens.
2949 4306 3311 4381 Postmodum
3336 4317 3523 4365 tamen

1927 4380 2232 4438 secundum
2255 4378 2408 4450 illum
2435 4378 2826 4450 sensum,'quo
2855 4379 3098 4434 ἐπιούσιον
3139 4378 3524 4450 interpretatur

1925 4453 2249 4519 crastinum,
2278 4449 2520 4508 refutat:
2556 4454 2713 4521 Quia,
2737 4449 2938 4524 inquit,
2961 4451 3246 4507 secundum
3277 4449 3525 4524 )lpostoli

1927 4540 2218 4582 sermonem
2241 4525 2464 4580 dicentis
2491 4543 2508 4579 :
2532 4524 2795 4580 Habentes
2813 4522 3025 4578 pictum
3041 4527 3094 4578 et
3119 4523 3392 4584 amictum,
3435 4522 3520 4577 his

1927 4599 2163 4652 contenti
2183 4599 2372 4659 simus,
2393 4596 2458 4650 de
2475 4598 2735 4666 presenti
2759 4599 2971 4650 tantum
2995 4594 3106 4648 cibo
3135 4595 3312 4649 sancti
3335 4609 3520 4666 curam

1927 4672 2122 4737 gerunt
2135 4687 2152 4722 :
2169 4668 2313 4722 unde
2332 4671 2383 4722 et
2403 4668 2463 4721 in
2475 4663 2856 4736 posterioribus
2879 4668 2954 4720 sit
2973 4669 3327 4737 praeceptum:
3349 4663 3522 4721 Nolite

1927 4735 2164 4808 cogitare
2189 4739 2261 4822 de
2287 4735 2556 4822 crastina.
2576 4739 2771 4822 Itaque
2801 4735 3105 4822 secundum
3114 4735 3519 4822 Πρέιῌξεξιριιχ-

1926 4803 2080 4864 mum
2107 4825 2211 4866 vox
2241 4807 2484 4870 ἐπιούσιος
2515 4803 2778 4879 signiﬁcat
2807 4807 2888 4862 vel
2921 4803 3520 4879 supersubstantialem,

1928 4879 2012 4935 vel
2055 4887 2202 4934 certe
2252 4879 2544 4944 eximium,
2565 4875 2941 4948 'peculiarem,
2989 4875 3364 4948 excellentem.
3417 4875 3522 4948 Alii

1929 4947 2176 5004 ἐπιούσιον
2211 4945 2638 5019 interpretantur
2659 4947 3404 5019 non_supersubstantialem,
3426 4945 3521 5003 sed

1927 5019 2253 5092 simpliciter
2281 5017 2710 5092 substantialem,
2743 5017 2804 5074 id
2825 5017 2926 5085 est,
2968 5018 3290 5092 substantiae
3314 5027 3521 5092 nostra:

1927 5087 2139 5147 alenda:
2176 5090 2560 5146 necessarium.
2595 5090 2770 5159 Quem
2800 5105 3022 5147 sensum
3061 5091 3222 5146 etiam
3263 5087 3524 5159 spectavit

1926 5171 2084 5219 vetus
2106 5163 2392 5232 interpres,
2421 5161 2553 5218 dum
2583 5158 2962 5232 quotidianum
2990 5161 3244 5223 reddidit,
3280 5158 3386 5212 hoc
3413 5163 3517 5218 est.

1923 5249 2033 5304 quo
2071 5232 2312 5306 quotidie
2338 5232 2678 5307 indigemus;
2707 5233 3174 5307 quemadmodum
3200 5243 3396 5286 omnes
3425 5241 3520 5284 ve-

1919 5312 2064 5377 teres
2085 5305 2334 5377 auctores
2374 5305 2554 5361 Latini
2597 5305 2782 5377 legunt
2821 5313 2876 5362 et
2919 5310 3242 5377 exponunt,
3271 5316 3368 5377 pro
3405 5315 3520 5377 quo

1919 5375 2076 5432 divus
2105 5376 2479 5448 Hieronymus
2503 5373 3079 5448 supefsubstantialem
3113 5374 3288 5448 vertit.
3327 5373 3520 5448 Suidas

1920 5453 2210 5520 utramque
2250 5443 2707 5520 signiﬁcationem
2755 5447 3114 5518 complexus:
3147 5444 3388 5520 ἐπιούσιος
3426 5443 3521 5513 ἅρ-

1919 5535 2020 5599 ςςρςρ
2049 5515 2258 5599 inquit,
2272 5515 2421 5599 panis
2441 5515 3226 5599 naturaeuostrze'congruens,
3265 5515 3346 5599 vel
3383 5528 3520 5585 quo-

1920 5583 2170 5645 tidianus.
2217 5583 2464 5644 Diarium
2492 5589 2668 5643 Latini
2700 5594 2914 5652 vocant,
2945 5583 3140 5647 id'est.
3183 5585 3240 5640 in
3273 5583 3520 5642 dies’ne-

1919 5659 2215 5730 cessarium
2259 5667 2352 5715 aut
2394 5666 2696 5730 statutum.
2726 5658 3014 5730 Imitemur
3070 5657 3215 5714 enim
3270 5657 3524 5730 parvulos

1925 5728 2141 5803 ﬁliolas,
2159 5731 2259 5803 qui
2282 5745 2446 5786 mane
2465 5731 2518 5785 in
2547 5729 2732 5803 schola
2762 5727 3162 5803 proﬁciscentes
3191 5727 3372 5803 primo
3400 5729 3524 5784 loco

1923 5799 2459 5927 «justudlieilstatutam
2489 5801 2644 5874 panis
2671 5799 2977 5874 portionem
2999 5817 3032 5859 a
3057 5799 3315 5874 patre-vel
3345 5807 3520 5856 matre

1925 5887 2023 5927 nos
2105 5887 2176 5927 an
2208 5913 2222 5927 .

1924 5879 2222 5942 postulant.
3581 5881 3602 5888 ‘
