4048 6208
470 339 577 395 799

1550 328 1830 387 JOANNlS
1866 324 2166 385 CASSIANI
2203 322 2695 381 COLLATIONES.

3680 329 3789 385 800

479 463 591 529 fert
617 463 965 516 tentationem
996 458 1191 531 (Iacob.
1224 472 1246 513 1
1275 456 1315 529 ).
1339 457 1466 513 Non
1488 469 1619 527 ergo
1653 454 1758 510 hoc
1784 463 1973 521 sonat,
2007 468 2074 508 ne
2101 455 2154 519 Α
2180 450 2377 508 tentari
2406 465 2571 522 supra
2587 448 2642 504 id
2667 446 2814 520 quod
2839 462 3131 520 possumus
3159 466 3170 502 :
3203 447 3297 504 sed
3323 464 3453 504 cum
3481 451 3788 511 teutatioue

477 554 699 611 inducas
724 570 820 610 nos
854 556 913 608 in
941 554 1303 621 lentationem,
1323 548 1380 606 id
1409 557 1512 619 est,
1539 555 1601 604 ut
1644 563 1755 604 non
1787 548 2071 618 permittas

482 663 587 704 nos
612 645 902 719 aliquando
928 644 1146 712 tentari,
1167 642 1263 700 sed
1288 657 1358 699 ne
1379 642 1668 713 permittas
1694 641 1751 696 in
1774 640 2075 696 teutatione

483 740 686 812 positos
708 738 966 809 superari.
993 741 1258 793 Tentatus
1286 743 1369 791 est
1407 734 1555 790 enim
1584 733 1712 801 Job,
1741 731 1839 789 sed
1859 747 1969 788 non
1994 739 2077 787 est

477 831 677 888 ductus
711 831 768 886 in
795 831 1172 888 tentationem.
1203 832 1330 886 Non
1363 828 1510 886 enim
1533 827 1685 884 dedit
1712 823 2075 899 insipientiam

479 929 634 993 Deo,
680 941 783 982 nec
830 927 900 983 ad
947 926 1096 981 illam
1143 924 1212 981 ad
1243 939 1408 995 quam
1447 921 1767 979 trahebatur
1792 918 2078 977 tentatoris

482 1021 836 1089 voluntatem,
864 1034 959 1078 ore
977 1019 1149 1091 impio
1173 1017 1525 1089 blasphemus
1549 1016 1791 1071 intravit.
1817 1016 2077 1070 Tentatus

481 1120 567 1167 est
587 1111 886 1182 Abraham,
905 1118 1149 1167 tentatus
1179 1118 1262 1165 est
1279 1108 1505 1180 Joseph,
1525 1107 1622 1164 sed
1644 1115 1836 1164 neuter
1856 1107 2077 1161 illorum

486 1204 740 1260 inductus
766 1205 926 1259 estin
951 1204 1315 1259 tentationem
1350 1202 1474 1273 quia
1499 1201 1688 1258 nullus
1716 1215 1907 1257 eorum
1940 1215 2077 1255 con-

479 1312 703 1353 sensum
733 1296 964 1368 praebuit
991 1296 1268 1353 tentatori.
1298 1297 1554 1368 Denique
1598 1296 1851 1368 sequitur
1881 1315 1893 1351 :
1921 1295 1945 1318 ⁸
1973 1295 2078 1350 Sed

482 1390 650 1445 libera
678 1405 773 1445 nos
801 1406 836 1443 a
861 1390 1025 1464 malo,
1053 1389 1106 1444 id
1133 1397 1237 1457 est,
1266 1404 1334 1444 ne
1364 1388 1647 1460 permittas
1674 1403 1777 1444 nos
1802 1403 1832 1443 a
1858 1385 2075 1443 diabolo

2176 552 2232 600 et
2258 542 2466 600 exitum
2490 542 2580 612 da,
2612 549 2676 596 ut
2697 539 2966 597 sustinere
2987 539 3261 612 possimus
3287 540 3304 613 (
3328 542 3342 596 l
3365 542 3492 598 Cor.
3526 557 3567 598 x
3602 544 3643 615 ).

2748 645 2992 702 CAPUT
3016 645 3229 701 XXIV.

2181 744 2335 812 Quod
2352 758 2458 798 non
2494 741 2722 797 debeant
2749 744 2866 796 alia
2889 743 3180 813 postulari,
3220 759 3387 813 quam
3406 744 3525 800 haec
3549 751 3783 813 tantum,

2253 817 2649 885 quceorationis
2687 816 2977 870 Dominica:
2999 814 3216 871 modulo
3239 818 3607 873 continentur.

2252 916 2465 974 Videtis
2491 930 2621 990 ergo
2649 916 2830 990 qualis
2854 916 3011 974 nobis
3056 917 3151 973 ab.
3180 917 3326 989 ipso,
3381 918 3472 990 qui
3509 933 3610 992 per
3637 919 3786 976 illam

2182 1009 2490 1067 exorandus
2502 1017 2608 1079 est,
2628 1008 2832 1082 judice,
2857 1010 3130 1067 orationis
3149 1009 3223 1067 sit
3247 1011 3504 1069 modulus
3527 1023 3584 1070 et
3601 1013 3790 1072 forma

2182 1104 2483 1177 proposita,
2513 1104 2567 1160 in
2600 1120 2710 1177 qua
2728 1103 2875 1160 nulla
2904 1103 3221 1161 divitiarum
3249 1106 3457 1177 petitio,
3481 1107 3628 1163 nulla
3662 1122 3789 1164 me-

2183 1197 2358 1253 moria
2400 1197 2767 1271 diguitatum,
2812 1196 2959 1252 nulla
2989 1205 3306 1268 potentatus
3346 1214 3408 1253 ac
3451 1197 3793 1255 fortitudinis

2176 1292 2502 1363 postulatio,
2529 1292 2682 1349 nulla
2714 1305 2993 1363 corporeae
3035 1291 3304 1361 sanitatis,
3335 1307 3432 1348 seu
3470 1292 3791 1365 temporalis

2183 1385 2309 1440 vitai
2338 1385 2549 1442 mentio
2578 1385 2911 1441 continetur.
2939 1378 2967 1417 ³³
2995 1383 3138 1442 Nihil
3175 1386 3322 1441 enim
3365 1385 3637 1443 caducum
3679 1386 3787 1442 vult

1569 1515 1826 1570 ALARDI
1864 1514 2089 1569 GAZA‘II
2127 1511 2682 1569 COMMENTARIUS.

558 1642 582 1668 α
615 1635 693 1687 Ex
734 1632 837 1706 hac
866 1633 1313 1706 interpretatione
1344 1633 1567 1706 _videtur
1600 1633 1691 1706 hic
1736 1632 1905 1706 abbas
1943 1647 2086 1706 _sen-

480 1703 610 1759 sisse
630 1712 742 1758 tota
771 1704 870 1777 ista
901 1702 1144 1760 extrema
1173 1704 1397 1777 periodo
1427 1705 1688 1760 orationis
1726 1702 2038 1777 Dominica;
2063 1719 2077 1755 :

485 1777 562 1832 Ne
592 1790 685 1829 nos
710 1776 936 1830 inducas
971 1778 1033 1831 in
1055 1775 1417 1840 tentationem,
1439 1777 1530 1831 sed
1543 1778 1716 1831 libera
1738 1790 1833 1829 nos
1862 1791 1897 1829 a
1916 1775 2078 1840 malo,

483 1860 594 1901 non
625 1845 760 1902 duas
779 1887 802 1918 ,ν
826 1846 922 1903 sed
956 1864 1127 1909 unam
1156 1847 1542 1903 tantummodo
1563 1846 1883 1918 petitionem
1905 1844 2082 1905 couti-

483 1918 618 1972 neri.
649 1917 812 1986 Quod
839 1927 895 1975 ut
911 1919 1495 1975 communiseutentias
1515 1917 1636 1975 tum
1664 1925 1934 1986 veterum,
1951 1926 2074 1972 tum

485 1985 849 2060 recentiorum
885 1989 1270 2060 theologorum
1314 1990 1721 2060 dissentaneum
1752 1985 1946 2060 merito
1974 2002 2077 2060 ire-

483 2055 625 2113 fellit
647 2059 1027 2131 Bellarminus,
1069 2055 1417 2131 ostenditque
1453 2076 1519 2115 ex
1542 2058 1791 2131 doctrina
1818 2056 2067 2131 div._Au-

483 2137 632 2201 guiltj
668 2130 764 2200 (De
784 2134 948 2187 Bonis
968 2132 1230 2201 Operibus
1260 2127 1347 2185 lib'.
1380 2147 1398 2184 ι
1416 2146 1462 2184 c.
1501 2134 1549 2196 ι)
1569 2137 1625 2201 et
1647 2128 1905 2194 aliorum,
1934 2127 2073 2185 hanc

483 2199 799 2269 petitionem
833 2217 845 2252 :
876 2202 981 2255 Sed
995 2199 1168 2254 libera
1187 2216 1280 2257 nos
1300 2218 1335 2255 a
1370 2202 1531 2266 malo,
1558 2199 1721 2254 aliam
1737 2214 1853 2254 esse
1874 2214 1905 2254 a
1925 2215 2072 2269 prae-

486 2269 697 2323 cedenti
730 2290 742 2324 :
784 2271 862 2326 Ne
890 2285 983 2324 nos
1008 2270 1238 2341 inducas
1268 2274 1325 2325 in
1364 2272 1732 2341 tentationem,
1759 2277 1811 2325 et
1845 2270 2073 2341 proinde

484 2346 693 2407 septem
738 2354 856 2393 esse
882 2340 1171 2410 petitiones
1220 2340 1483 2396 orationis
1530 2340 1857 2397 Dominicis.
1898 2343 2067 2397 Porro

485 2423 580 2482 per
609 2410 813 2464 malum
840 2410 1079 2482 plerique
1097 2418 1341 2467 veterum
1359 2411 1739 2467 intellexerunt
1761 2411 2063 2480 diabolum,

482 2478 566 2551 cui
591 2494 690 2551 per
728 2478 1166 2537 antonomasiam
1195 2483 1450 2539 convenit
1475 2482 1583 2538 dici
1616 2483 1846 2546 malum,
1876 2478 2066 2538 Graece

481 2549 568 2603 τὸν
593 2549 838 2626 Ξτονημρόν,
870 2552 998 2624 quia
1027 2554 1082 2608 in
1106 2561 1350 2626 estremo
1393 2554 1616 2626 malitiae
1627 2624 1634 2626 Α
1645 2553 1815 2626 gradu
1858 2554 2069 2626 consti-

481 2628 633 2677 tutus
679 2623 749 2697 ab
792 2637 860 2678 eo
887 2623 1151 2697 revocari
1187 2633 1450 2697 nequeat;
1484 2634 1540 2679 at
1585 2623 1692 2680 div.
1732 2625 2065 2697 Cyprianus,

479 2693 815 2767 Augustinus
837 2703 891 2750 et
936 2695 1023 2751 alii
1072 2693 1292 2751 malum'
1320 2697 1742 2767 interpretantur
1768 2693 1866 2767 pro
1918 2696 2066 2750 omni

482 2778 542 2848 re
592 2766 770 2846 mala;
824 2781 989 2848 qqem
1022 2766 1518 2848 _sensumprpbare
1564 2766 1783 2848 videtur
1804 2767 2064 2848 Ecclesia,

480 2835 613 2908 dum
643 2837 695 2891 in
720 2835 984 2894 sacrificio
1022 2839 1209 2894 Missae
1234 2835 1422 2894 statim
1460 2846 1585 2908 post
1625 2838 1927 2892 orationem
1954 2835 2069 2892 Do?-

481 2906 739 2962 miuibam
768 2908 983 2964 subdit:
1019 2911 1210 2965 Libera
1237 2925 1352 2977 nos,
1375 2906 1700 2978 quiasumus,
1725 2911 1965 2970 Domine,
2009 2909 2078 2961 ab

483 2979 731 3049 omnibus
756 2981 916 3033 mal-is
930 2982 1229 3049 prteteritis
1242 2980 1598 3049 prcesentibus
1623 2983 1674 3032 et
1692 2979 1920 3045 futuris.
1939 2980 2077 3049 Nam

486 3047 1088 3119 praeteritamala'sunt
1124 3047 1340 3119 peccata
1369 3048 1664 3103 commissa
1691 3088 1705 3113 ,
1747 3061 1883 3119 quia
1909 3047 2069 3104 nobis

487 3116 721 3201 pet-imus
746 3118 943 3199 dimitti
965 3141 993 3201 ς.
1008 3116 1292 3201 praesentia
1332 3116 1842 3201 suntteutaiipnes,
1870 3117 1924 3201 in
1944 3134 2078 3201 quas

489 3186 733 3272 petimus
771 3204 879 3269 non
904 3186 1086 3272 induci
1111 3207 1126 3255 ;
1153 3186 1337 3272 futura
1356 3197 1485 3270 sunt
1522 3188 1777 3272 quailibet
1800 3189 1946 3244 mala
1962 3186 2075 3272 im-

490 3256 777 3332 miuentia,
807 3258 921 3332 sive
950 3257 1006 3312 in
1032 3257 1139 3332 hoc
1163 3260 1384 3326 saeculo,
1411 3260 1524 3332 sive
1539 3256 1600 3332 in
1629 3259 1850 3332 futuro,
1874 3277 1905 3315 a
1953 3261 2075 3332 qni-

484 3326 588 3402 b_us
612 3329 849 3402 petimus
870 3329 1100 3402 liberari.
1117 3332 1323 3402 Verum
1347 3331 1495 3402 quod
1510 3330 1579 3386 ad
1600 3331 1887 3400 praesentia
1907 3326 2072 3400 mala,

484 3398 768 3472 sivei’qua:
810 3400 862 3454 in
892 3401 996 3456 hoc
1023 3401 1241 3472 saeculo
1295 3398 1552 3472 patimur,
1596 3398 1809 3472 attinet,
1839 3411 1900 3458 ut
1948 3398 2075 3459 sunt

485 3468 702 3545 morbi,
714 3468 907 3545 fames,
946 3471 1083 3539 sitis,
1113 3468 1342 3545 egestas,
1372 3471 1867 3545 bella,_iufortunia,
1900 3473 1968 3545 ab
1990 3475 2074 3530 his

486 3537 702 3623 iibera'ri
747 3542 999 3623 petimus,
1038 3537 1362 3623 n'on:tamen
1396 3543 1664 3623 absolute,
1695 3545 1791 3623 sed
1831 3537 1934 3600 Sub
1981 3545 2073 3601 illa

482 3609 766 3686 hypothesi
796 3611 1114 3686 chritiana,
1151 3616 1215 3671 Si
1238 3619 1343 3671 Deo
1366 3617 1540 3670 visum
1559 3609 1759 3682 fuerit;
1785 3631 1879 3670 seu
1927 3631 2069 3686 prai-

486 3681 766 3753 supposita
800 3683 912 3753 illa
942 3684 1199 3752 petitione
1242 3686 1594 3741 antecedente
1622 3704 1634 3739 :
1665 3688 1791 3741 Fiat
1824 3681 2071 3743 voluntas

485 3752 603 3827 tua,
646 3762 707 3809 ut
729 3752 1102 3827 iul'raplenius
1124 3754 1449 3811 declaratur.

554 3816 581 3854 δ
628 3827 690 3879 In
730 3816 980 3882 eamdem
1028 3827 1351 3882 sententiam
1402 3826 1643 3883 Isidorus
1678 3825 1978 3883 Pelusiotes
2016 3830 2071 3885 in

483 3893 718 3975 quadam
743 3896 1216 3975 epistolajNempc
1235 3900 1360 3963 281,
1401 3899 1591 3975 lib.}i)
1617 3899 1692 3975 ita
1709 3897 1920 3975 scribit,
1954 3900 2070 3975 Bil-

484 3964 557 4020 lio
587 3964 879 4039 interprete
906 3989 919 4023 :
964 3964 1268 4032 oratio—ea,
1296 3985 1460 4039 quam
1496 3964 1751 4026 Dominus
1780 3969 2069 4039 discipulos

480 4051 605 4092 suos
619 4038 816 4110 docuit,
829 4040 970 4093 nihil
992 4044 1261 4095 terrenum
1276 4041 1454 4104 habet,
1487 4042 1581 4096 sed
1601 4042 1781 4095 omnia
1817 4038 2066 4110 casléstia,

479 4113 531 4162 et
558 4108 634 4162 ad
677 4109 872 4164 anima:
900 4112 1192 4166 utilitatem
1233 4113 1526 4179 tendentia,
1562 4120 1680 4167 etc.-
1708 4113 1907 4167 Verum
1951 4108 2071 4169 haec

480 4180 838 4255 sententia,si
866 4182 1191 4255 simpliciter
1231 4191 1287 4238 et
1316 4191 1375 4238 ut
1398 4183 1577 4255 verba
1592 4190 1791 4255 sonant
1834 4183 2068 4255 accipia-

482 4256 594 4318 tur,
640 4254 795 4322 quasi
823 4253 878 4307 in
913 4254 1162 4309 oratione
1189 4254 1473 4310 Dominica
1506 4253 1641 4309 nihil
1679 4253 2067 4311 caducum'aut

481 4323 784 4392 temporale
811 4332 1021 4395 petatur
1047 4342 1078 4380 a
1110 4329 1247 4392 Deo,
1275 4326 1499 4380 omnino
1539 4324 1938 4395 improbabilis,
1961 4324 2066 4381 im-

482 4405 580 4446 mo
601 4400 654 4446 et
685 4394 957 4465 paradoxa
995 4395 1258 4451 censenda
1288 4403 1390 4450 est.
1418 4395 1551 4463 Quis
1570 4394 1715 4450 enim
1744 4405 1902 4465 neget
1927 4396 2066 4453 bona

481 4462 831 4530 temporalia,
864 4465 1103 4520 maxime
1133 4465 1202 4519 ad
1245 4465 1409 4520 vitam
1438 4462 1844 4523 sustentandam
1876 4482 2067 4523 neces-

482 4530 644 4620 saria,
682 4539 862 4620 rectea
884 4536 1017 4620 ~Deo
1059 4535 1331 4618 bonorum
1367 4538 1621 4620 _omnium
1666 4537 1919 4620 largitore
1956 4540 2062 4620 peti

482 4607 540 4679 et
567 4607 907 4679 exspeciarii’
935 4614 1137 4679 etcum
1172 4607 1347 4679 oratio
1364 4608 1650 4664 Dominica
1667 4608 1735 4664 sit
1754 4607 2065 4679 plenissima

481 4678 545 4752 ei
557 4674 966 4752 perfectissima,
999 4685 1062 4733 ut
1088 4676 1417 4752 docet‘divus
1455 4674 1789 4752 Augustinus
1836 4679 2062 4752 epistola

485 4748 608 4812 121,
637 4746 757 4821 quis
782 4746 995 4821 dubitet
1017 4764 1080 4806 ea
1107 4750 1293 4806 omnia
1322 4746 1584 4807 contineri
1615 4764 1737 4821 qua:
1759 4765 1793 4805 a
1816 4746 1933 4804 Deo
1954 4751 2062 4821 peti

2195 1638 2247 1686 et
2273 1637 2550 1703 terrenum
2571 1636 2754 1703 est,_et
2779 1628 2851 1684 ad
2893 1629 3040 1701 quod
3100 1629 3243 1703 satis
3284 1637 3483 1703 natura
3521 1628 3789 1703 proclives

2190 1715 2417 1768 sumus;
2442 1701 2536 1756 sed
2571 1707 2631 1755 ut
2657 1699 2879 1755 doceret
2900 1698 2941 1771 7a
2956 1716 3065 1771 quo
3093 1698 3374 1771 (nimirum
3399 1716 3427 1755 a
3460 1698 3577 1754 Deo
3606 1699 3789 1755 bono-

2190 1787 2317 1827 rum
2337 1772 2591 1843 omnium
2617 1771 2875 1843 largitore
2898 1770 2914 1841 )
2938 1770 2994 1843 _et
3017 1770 3285 1842 quatenus
3306 1785 3551 1841 quaerere
3582 1786 3650 1843 ac
3684 1785 3786 1840 pe-

2190 1851 2307 1898 tere
2358 1840 3055 1899 deberemustotaudum
3104 1851 3291 1897 autem
3326 1840 3398 1897 ex
3427 1842 3531 1896 div.
3564 1840 3784 1896 Thoma

2186 1919 2333 1994 (3-2,
2374 1920 2551 1994 q._83,
2583 1918 2747 1994 arti;
2774 1919 2825 1969 et
2870 1917 2965 1980 6),
2999 1912 3235 1994 triplicia
3279 1911 3725 1994 essebonaqua‘.
3748 1926 3785 1994 εξ

2183 1981 2448 2066 Deopéti
2507 1993 2771 2066 possunt:
2828 1999 2957 2066 naui
3016 1981 3121 2039 alia
3169 1991 3298 2066 sunt
3340 1981 3675 2066 spiriiualia,
3720 1989 3789 2037 ut
3889 1981 3903 1998 '

2101 2044 2148 2106 Β
2179 2044 2357 2127 gratia
2379 2065 2435 2111 et
2472 2044 2728 2127 virtutes,
2742 2054 2991 2127 remissio
3018 2044 3387 2127 peccatorum,
3422 2054 3525 2108 vita
3552 2044 3786 2120 interna,

2180 2125 2319 2193 etc.,
2357 2140 2484 2198 quae
2509 2125 2767 2198 primario
2810 2134 2866 2180 et
2888 2125 3140 2198 absolute
3162 2125 3565 2198 pemdasunt,
3599 2133 3664 2180 ut
3696 2140 3788 2195 per

2181 2212 2240 2253 se
2269 2195 2605 2268 exoptanda;
2635 2197 2739 2253 alia
2762 2196 3103 2268 temporalia,
3141 2195 3241 2252 Sed
3256 2196 3332 2251 ad
3353 2195 3538 2268 vitam
3574 2204 3787 2251 susten-

2181 2265 2405 2324 tandem
2454 2268 2775 2335 necessaria,
2807 2265 2892 2322 de‘
2914 2266 3107 2338 quibus
3137 2265 3436 2338 Apostolus
3489 2265 3565 2321 ait
3614 2268 3660 2332 (ι
3703 2269 3789 2321 Ti-

2178 2342 2344 2394 moth.
2374 2342 2455 2404 νι)
2484 2356 2497 2393 :
2534 2340 2795 2394 Habentes
2817 2339 3079 2393 alimenta
3116 2344 3166 2393 et
3186 2338 3383 2408 quibus
3415 2343 3682 2406 tegamur,
3701 2339 3789 2392 his

2178 2412 2413 2481 contenti
2436 2412 2620 2463 simus.
2643 2412 2782 2481 Quae
2801 2408 3024 2481 quidem
3059 2409 3308 2481 absolute
3335 2417 3607 2479 petuntur,
3637 2408 3789 2463 sicut

2177 2480 2234 2534 in
2260 2480 2509 2536 oratione
2532 2479 2835 2534 Dominica"
2852 2479 3100 2535 absolute
3147 2479 3386 2549 petimus
3415 2496 3426 2532 :
3453 2483 3652 2535 Panem
3680 2494 3782 2533 no-

2171 2555 2345 2606 strum
2366 2551 2743 2619 quotidianum
2760 2552 2832 2604 da
2855 2551 3005 2604 nobis
3022 2552 3211 2613 hodie;
3230 2566 3341 2604 non
3370 2559 3550 2604 tamen
3580 2550 3789 2621 prima-

2174 2622 2258 2692 rio
2290 2629 2346 2676 et
2369 2621 2734 2692 principaliter
2765 2621 2970 2692 (Verba
2984 2625 3157 2677 sancti
3186 2620 3435 2691 Thoma'),
3490 2630 3550 2692 ut
3602 2622 3657 2675 in
3711 2621 3790 2677 eis

2177 2691 2341 2747 ﬁnem
2374 2691 2792 2761 constituamus,
2841 2695 2936 2749 sed
2991 2693 3132 2763 sicut
3164 2693 3417 2763 quaedam
3456 2691 3789 2748 adminicula

2177 2763 2373 2832 quibus
2409 2763 2734 2834 adjuvamur
2771 2763 2841 2819 ad
2881 2762 3212 2818 tendendum
3260 2764 3318 2817 in
3352 2762 3784 2834 beatitudinem:

2179 2834 2235 2887 in
2261 2833 2525 2906 quantum
2579 2834 2783 2890 scilicet
2811 2849 2907 2906 per
2943 2849 3007 2906 ea
3038 2835 3149 2890 vita
3173 2833 3473 2906 corporalis
3519 2842 3790 2906 sustenta:

2185 2912 2307 2971 tur;
2353 2913 2408 2959 et
2459 2904 2516 2959 in
2554 2904 2823 2974 quantum
2864 2905 3021 2961 nobis
3062 2904 3316 2973 organice
3352 2905 3667 2961 (leserviunt
3716 2905 3789 2960 ad

2184 2982 2340 3030 actus
2406 2975 2687 3046 virtutum,
2761 2985 2822 3032 ut
2879 2976 3043 3031 etiam
3108 2976 3477 3046 Philosophus
3544 2975 3680 3032 dicit
3730 2976 3788 3031 in

2185 3046 2362 3119 primo
2388 3044 2701 3119 Ethicorum
2739 3045 2886 3118 (Cap.
2920 3053 2996 3111 8).
3028 3050 3096 3102 Et
3124 3048 3227 3102 hoc
3274 3044 3356 3102 est
3401 3046 3550 3118 quod
3606 3053 3788 3119 Augu-

2184 3116 2362 3190 stinus
2404 3117 2535 3190 dicit
2560 3116 2639 3190 ad
2673 3115 2905 3190 Probam
2935 3119 3131 3190 (Epist.
3169 3121 3287 3181 12L
3321 3115 3437 3187 capi
3465 3120 3598 3190 76),;
3637 3115 3786 3190 quod

2182 3186 2564 3260 sufﬁcientiam
2594 3188 2718 3245 vita:
2742 3205 2853 3244 non
2890 3186 3202 3245 indecenter
3244 3191 3357 3244 vult
3380 3186 3629 3260 quisquis
3653 3186 3786 3260 eam

2184 3259 2320 3325 vult,
2351 3267 2406 3314 et
2444 3275 2557 3314 non
2608 3260 2881 3332 amplius;
2930 3275 3051 3331 quae
3100 3260 3322 3332 quidem
3370 3259 3482 3314 non
3510 3259 3786 3332 appetitur

2184 3338 2406 3401 propter
2423 3333 2678 3401 seipsam,
2726 3331 2822 3386 sed
2868 3339 3093 3402 pr0pter
3121 3331 3378 3402 salutem
3424 3331 3674 3401 corporis
3729 3341 3784 3388 et

2181 3400 2576 3472 congruentem
2608 3400 3139 3472 habitum'persouaa
3169 3400 3427 3467 hominis,
3474 3400 3541 3457 ut
3576 3418 3690 3458 non
3717 3404 3787 3458 sit

2182 3471 2564 3528 inconveniens
2586 3472 2663 3528 eis
2699 3487 2823 3527 cum
2852 3471 3049 3543 quibus
3086 3473 3315 3529 honeste
3356 3472 3644 3529 vivendum
3674 3482 3783 3530 est.

2183 3544 2295 3615 _Ista
2324 3558 2455 3615 ergo
2477 3560 2605 3615 cum
2635 3543 2925 3606 habentur,
2959 3551 3033 3615 ut
3050 3550 3360 3611 teneantur;
3384 3559 3511 3599 cum
3536 3560 3654 3600 non
3685 3543 3789 3600 ha-

2180 3611 2413 3678 bentur,‘
2433 3623 2495 3668 ut
2520 3614 2844 3684 habeantur,
2870 3614 3139 3670 orandum
3169 3622 3268 3671 est.
3302 3615 3492 3669 Tertio
3521 3616 3626 3670 alia
3659 3625 3791 3672 sunt

2178 3684 2514 3754 temporalia,
2540 3693 2595 3739 et
2618 3684 2842 3741 minime
2858 3685 3179 3751 necessaria,
3203 3694 3262 3742 ut
3274 3693 3405 3740 sunt
3421 3685 3650 3752 divitiae,
3680 3687 3787 3743 ho-

2178 3770 2362 3821 nores,
2392 3755 2563 3811 robur
2584 3756 3016 3826 corporis,lirma
3039 3756 3303 3822 valetudo,
3329 3756 3483 3826 longa
3509 3756 3648 3826 vita,
3673 3766 3787 3813 etc.

2184 3828 2314 3881 Haec
2330 3840 2461 3880 vero
2483 3826 2605 3895 quia
2637 3825 2938 3896 saepissime
2955 3827 3264 3883 hominibus
3281 3834 3405 3896 sunt
3427 3825 3628 3893 exitio,
3661 3843 3792 3884 non

2178 3905 2305 3952 sunt
2336 3897 2563 3968 petenda
2589 3895 2857 3965 absolute,
2888 3898 2983 3953 sed
3020 3899 3125 3955 sub
3152 3895 3448 3968 conditione
3473 3896 3639 3968 tacita
3688 3898 3788 3954 vel

2181 3966 2460 4039 expressa,
2492 3968 2537 4024 si
2563 3967 2727 4024 nobis
2745 3967 2858 4023 sint
2896 3968 3079 4025 l‘utura
3126 3966 3424 4039 salutaria:
3473 3967 3628 4038 quod
3672 3969 3791 4025 soli

2179 4041 2298 4094 Deo
2319 4048 2661 4110 perspectum
2688 4047 2789 4095 est.
2821 4039 2984 4096 Unde
3023 4039 3077 4095 iu
3126 4040 3245 4096 istis
3292 4038 3538 4109 optimus
3584 4040 3787 4095 orandi

2179 4111 2376 4167 modus
2403 4119 2503 4173 est,
2534 4126 2691 4166 orare
2720 4112 2893 4165 Deum
2924 4118 2984 4165 ut
3014 4111 3299 4167 nobiscum
3318 4119 3440 4181 agat
3458 4111 3606 4165 sicut
3635 4111 3789 4166 novit

2178 4180 2431 4253 expedire
2456 4182 2542 4253 iad
2571 4197 2726 4237 suam
2756 4181 2985 4253 gloriam
3021 4192 3077 4236 et
3109 4180 3630 4237 nostram’salutem.
3653 4184 3788 4237 Haec

2178 4251 2297 4307 fere
2325 4269 2389 4308 ex
2437 4251 2685 4307 doctrina
2707 4251 3024 4308 SCTliomm
3053 4253 3105 4307 in
3126 4262 3229 4308 art.
3264 4258 3300 4307 6
3333 4253 3656 4321 quaestionis
3703 4253 3786 4307 ci-

2176 4332 2326 4379 tatze.
2378 4326 2441 4378 In
2470 4322 2640 4378 altero
2664 4331 2843 4378 autem
2895 4324 3123 4378 articulo
3165 4322 3416 4379 eamdem
3475 4324 3787 4380 doctrinam

2176 4394 2469 4448 conﬁrmat
2504 4402 2559 4447 et
2582 4395 2812 4463 explicat
2844 4394 2897 4448 in
2947 4394 3091 4449 hunc
3134 4394 3360 4450 modum
3402 4413 3415 4448 :
3465 4397 3783 4464 Dicendum,

2178 4464 2370 4535 inquit,
2393 4465 2538 4533 quod
2558 4466 2700 4518 sicut
2721 4466 2794 4520 Μ.
2832 4466 3079 4521 Valerius
3102 4468 3268 4533 refert
3301 4465 3439 4536 (Lib.
3464 4480 3588 4529 vn,
3619 4483 3665 4521 c.
3693 4472 3709 4522 l
3740 4474 3782 4534 ),

2179 4538 2417 4592 Socrates
2441 4536 2582 4589 nihil
2597 4536 2743 4589 ultra
2765 4538 3052 4605 petendum
3077 4550 3111 4590 a
3138 4537 3246 4591 diis
3278 4539 3679 4593 immortalibus
3695 4554 3785 4592 ar-

2178 4607 2504 4669 bitrabatur,
2532 4623 2697 4677 quam
2716 4611 2779 4660 ut
2798 4607 2932 4661 bona
2960 4608 3286 4673 tribuerent;
3310 4610 3443 4676 quia
3478 4608 3541 4662 hi
3568 4610 3785 4664 demum

2173 4680 2371 4750 scirent
2410 4679 2546 4748 quid
2583 4680 2869 4747 unicuique
2884 4684 3028 4733 esset
3046 4680 3197 4733 utile.
3223 4681 3328 4735 Nos
3347 4684 3533 4734 autem
3555 4681 3788 4750 plerum-

2174 4766 2277 4819 que
2298 4749 2357 4803 id
2380 4751 2517 4804 votis
2544 4752 2872 4820 expetimus,
2908 4751 3049 4820 quod
3090 4765 3195 4804 non
3248 4749 3568 4819 impetrasse
3592 4752 3789 4806 melius

516 4814 709 4903 pssunt
735 4819 1028 4903 ?Denique
1045 4820 1303 4903 superius
1323 4814 1686 4903 estendimiis,
1712 4837 1774 4875 ex
1800 4814 2066 4879 sententia
2094 4814 2143 4876 D
2173 4814 2333 4903 foret.
2491 4814 2983 4903 quidemseiitentia
2997 4814 3445 4903 qliqualiterifcra
3462 4827 3565 4903 est,
3607 4838 3788 4903 quan_-

527 4896 731 4964 atrurn,
747 4891 966 4964 nomine
984 4892 1140 4963 panis
1156 4893 1450 4964 quotidiani
1466 4892 1686 4963 intelligi
1704 4907 2067 4964 quaecumque

482 4957 720 5036 subsidia
748 4961 874 5017 vita:
898 4957 1010 5017 tam
1038 4957 1302 5035 spirituali
1330 4980 1496 5036 quam
1508 4957 1791 5035 .corp'orali
1816 4957 2065 5021 necessa-

484 5031 580 5082 ria.
618 5031 824 5086 Verum
854 5046 1011 5107 suam
1040 5031 1364 5107 sententiam
1394 5035 1559 5091 abbas
1587 5031 1734 5091 Isaac
1787 5036 2062 5107 exposuit,

480 5107 574 5177 aut
627 5109 775 5159 certe
821 5104 1083 5177 mitigavit
1123 5107 1305 5163 verbis
1355 5106 1704 5177 sequentibus
1732 5149 1748 5175 ,
1802 5104 1898 5164 ubi
1945 5104 2064 5163 ait':

366 5214 371 5219 γ
473 5173 662 5248 Itaque
677 5190 803 5244 mag
810 5173 1090 5245 niﬁcentice
1100 5181 1215 5248 ejus
1231 5194 1294 5233 ac
1304 5173 1681 5248 muniﬁcentiw
1691 5173 1987 5235 mammam
2004 5182 2073 5233 ir-

460 5272 463 5273 ν
477 5246 960 5323 rogabitinjuriam
970 5246 1574 5323 quisquis,sempite7rnis
1584 5251 1931 5323 petitionibus
1937 5265 2073 5318 prte-

480 5317 761 5392 fermissis,
791 5317 1166 5392 transitorium
1187 5317 1404 5392 aliquid
1427 5326 1479 5378 et
1501 5317 1763 5377 caducum
1786 5321 1865 5392 ab
1879 5317 1954 5392 _ea
1967 5336 2072 5373 ma-

478 5382 642 5464 luerit
658 5382 955 5464 postulare,
984 5401 1087 5447 etc.
1144 5382 1467 5464 Hoc-figitur
1495 5408 1657 5447 sensu
1719 5388 2072 5464 prohibemur

475 5459 794 5534 temporalia
821 5469 873 5516 et
899 5464 1214 5534 transitoria
1251 5459 1544 5534 po§tulare,
1591 5459 1964 5534 praetermissis
1983 5462 2068 5534 ni-

472 5528 1101 5606 mirumisempiternis,
1148 5533 1206 5590 id
1251 5528 1350 5603 est,
1403 5528 2068 5606 spiritualibuspetitioni-

472 5597 623 5677 busi
658 5601 711 5658 id
757 5597 865 5672 est,
886 5597 1221 5677 praeferendo
1248 5597 1562 5677 temporalia
1601 5610 1656 5659 et
1688 5597 1885 5659 caduca
1913 5605 2072 5675 spiri-

471 5671 710 5729 tualibus
747 5684 799 5730 et
829 5671 1084 5743 aeternis;
1118 5677 1244 5747 quia
1289 5671 1543 5747 iubemur
1567 5690 1807 5745 quwrcre
1829 5671 2071 5745 primum

472 5758 692 5813 regnum
709 5750 899 5813 Dci,ut
921 5751 1110 5801 caetera
1131 5746 1323 5802 deinde
1350 5746 1686 5815 adjiciantur
1704 5748 1870 5801 nobis.
1895 5749 2069 5802 Porro

470 5828 588 5870 non
619 5815 720 5870 fuit
747 5815 942 5870 Christi
972 5817 1281 5889 consilium,
1309 5826 1369 5873 ut
1387 5818 1636 5875 oratione
1670 5817 1954 5875 Dominica
1979 5834 2071 5889 pa-

471 5897 601 5941 nem
640 5898 834 5954 resque
870 5887 1194 5957 temporales
1221 5903 1464 5960 quaerere
1499 5890 1713 5963 iuberet
1738 5913 1752 5959 ;
1782 5889 1930 5961 quod
1960 5887 2069 5946 vile

2175 4897 2287 4946 tum
2303 4893 2378 4947 ad
2403 4893 2502 4946 illa
2531 4908 2652 4962 quia
2665 4896 2891 4962 possunt
2912 4894 3116 4947 malum
3140 4896 3382 4948 eventum
3405 4895 3613 4948 habere
3630 4913 3647 4946 :
3665 4895 3792 4963 qui—

2179 4964 2275 5018 bus
2306 4966 2470 5019 etiam
2488 4963 2638 5018 homo
2657 4967 2835 5033 potest
2862 4964 2999 5018 male
3035 4967 3088 5019 et
3141 4964 3269 5019 bene
3295 4965 3400 5019 uti.
3431 4967 3523 5021 Sic
3551 4966 3785 5031 divitia,

2178 5051 2320 5104 qum,
2352 5040 2415 5089 ut
2437 5033 2639 5088 ibidem
2659 5034 2883 5101 dicitur,
2924 5036 3110 5089 multis
3149 5037 3316 5089 exitu)
3344 5037 3525 5102 fuere.
3546 5038 3790 5090 Honores

2178 5108 2341 5161 etiam
2378 5122 2543 5176 quam
2562 5106 2743 5176 plures
2779 5106 3278 5174 pessumdederunt.
3320 5110 3528 5177 Regna,
3549 5120 3794 5175 quorum

2177 5180 2353 5233 exitus
2388 5193 2527 5247 sa’pe
2561 5177 2893 5232 miserabiles
2919 5181 3229 5232 cernuntur.
3270 5178 3566 5249 Splendida
3590 5177 3798 5248 conju-

2176 5251 2290 5317 gia,
2326 5265 2428 5318 que
2451 5264 2853 5318 nonnumquam
2887 5250 3140 5316 funditus
3158 5249 3340 5305 domos
3354 5254 3621 5304 evertunt.
3645 5250 3798 5305 Sunt

2179 5324 2355 5374 tamen
2382 5321 2630 5389 quaedam
2662 5321 2796 5374 bona
2808 5321 3002 5388 quibus
3024 5322 3177 5375 homo
3192 5321 3331 5376 male
3368 5323 3458 5376 uti
3476 5336 3585 5375 non
3610 5323 3806 5391 potest

2178 5406 2300 5460 qua:
2320 5390 2517 5444 scilicet
2537 5390 2740 5444 malum
2764 5396 3003 5446 eventum
3029 5392 3226 5446 habere
3252 5408 3357 5448 non
3378 5390 3626 5462 passunt.
3661 5394 3805 5447 Hac

2178 5465 2360 5515 autem
2391 5466 2518 5515 sunt
2568 5462 2766 5531 quibus
2803 5462 3173 5531 beatiﬁcamur
3218 5468 3269 5518 et
3312 5465 3507 5533 quibus
3549 5463 3810 5518 beatitu-

2179 5534 2355 5587 dinem
2383 5548 2664 5596 meremur,
2703 5549 2824 5602 qua:
2850 5534 3063 5603 quidem
3101 5537 3280 5589 sancti
3302 5537 3507 5589 orando
3543 5535 3812 5590 absolute

2174 5609 2385 5674 petunt,
2403 5603 2690 5660 secundum
2700 5604 2843 5658 illud
2852 5620 2936 5674 ps.
2954 5620 3138 5661 Lxxnt
3160 5607 3407 5663 :Ostende
3419 5609 3619 5674 faciem
3635 5611 3807 5661 tuam

2177 5680 2227 5730 et
2262 5678 2404 5731 salvi
2428 5678 2657 5747 erimus.
2681 5677 2752 5729 Et
2783 5678 2998 5739 iterum,
3016 5678 3218 5747 psalm.
3246 5693 3321 5733 cx
3335 5693 3429 5733 vm
3460 5679 3687 5734 :Deduc
3718 5692 3810 5733 me

2174 5749 2237 5801 in
2245 5748 2492 5802 semitam
2503 5745 2879 5801 mandatorum
2904 5745 3138 5803 tuorum.
3156 5751 3433 5804 Hactenus
3444 5751 3481 5804 S
3490 5793 3502 5804 .
3519 5751 3807 5805 Thomas.

2176 5818 2409 5875 Consule
2461 5817 2877 5899 annotationem
2919 5819 3191 5876 decimam
3223 5821 3511 5892 septimam
3543 5828 3668 5893 post
3730 5821 3809 5876 ti-

2177 5904 2303 5945 nem
2331 5904 2530 5961 operis.
