4048 6208
282 234 367 290 801
1361 229 1702 293 ,COLLATIO
1740 232 1830 286 IX.
1868 258 1938 271 ——
1975 228 2067 283 DE
2103 224 2475 284 ORATIONE.

3467 238 3569 295 802

276 374 306 417 a
327 373 412 426 se,
440 355 573 413 nihil
607 354 735 422 vile,
774 353 909 410 nihil
937 353 1238 426 temporale
1265 355 1635 411 aeternitatum
1668 352 1863 410 condi-
1890 357 1944 420 Α
1970 350 2310 409 ineffabiliter
2345 357 2555 406 emetat
2588 349 2656 406 ad
2687 352 3007 420 Dominum,
3044 361 3191 431 tanta
3221 371 3479 428 promens
3512 364 3568 419 in

277 459 356 508 tor
382 449 676 522 implorari.
715 451 907 520 Itaque
946 446 1365 520 magniﬁcentiae
1389 448 1511 520 ejus
1541 464 1607 504 ac
1632 447 1859 506 muniﬁ-

274 544 456 601 centiae
502 542 800 599 maximam
836 539 1100 613 irrogabit
1143 540 1425 614 injuriam,
1477 542 1724 615 quisquis
1771 542 1860 599 his

273 637 610 710 sempiternis
649 636 1001 709 petitionibus
1031 636 1415 709 praetermissis
1473 636 1860 707 transitorium

269 730 462 805 aliquid
491 739 544 787 et
570 730 838 786 caducum
872 728 940 785 ab
970 745 1033 786 eo
1066 729 1319 785 maluerit
1347 731 1650 802 postulare;
1680 739 1735 786 et
1769 729 1859 786 of-

268 824 473 883 fensam
499 826 685 896 potius
718 840 882 898 quam
911 824 1359 898 propitiationem
1382 824 1586 897 judicis
1613 826 1721 895 sui,
1751 824 1863 881 vili-

269 927 377 977 tate
405 920 669 977 orationis
695 920 958 976 incurret.
1392 994 1397 997 Α

833 1013 1068 1069 CAPUT
1100 1012 1286 1068 XXV.

546 1110 621 1162 De
649 1108 912 1176 qualitate
935 1105 1260 1161 sublimioris
1295 1107 1574 1161 orationis.

332 1203 465 1256 Haec
494 1199 662 1272 igitur
688 1200 866 1256 oratio
896 1200 1022 1256 licet
1049 1214 1272 1255 omnem
1302 1198 1550 1255 videatur
1575 1195 1861 1271 perfectio-

263 1293 349 1349 nis
377 1290 765 1366 plenitudinem
789 1293 1090 1359 continere,
1123 1299 1312 1364 utpote
1340 1301 1365 1327 α
1393 1306 1514 1363 quae
1541 1291 1709 1362 ipsius
1738 1293 1858 1346 Do-

260 1383 399 1440 mini
429 1383 751 1440 auctoritate
792 1382 874 1438 vel
905 1383 1116 1438 initiata
1147 1384 1218 1439 sit
1248 1381 1328 1438 vel
1351 1390 1579 1451 statuta,
1611 1380 1859 1453 provehit

257 1485 441 1532 tamen
468 1476 801 1531 domesticos
829 1491 960 1531 suos
986 1475 1054 1532 ad
1082 1475 1234 1531 illum
1264 1473 1666 1547 praecelsiorem
1690 1489 1855 1546 quem

255 1569 508 1643 superius
533 1570 1091 1626 commemoravimus
1116 1576 1351 1638 statum,
1384 1585 1585 1641 eosque
1614 1567 1681 1624 ad
1710 1568 1857 1623 illam

264 1662 477 1736 igneam
509 1678 573 1718 ac
612 1662 897 1735 perpaucis
930 1662 1206 1734 cognitam
1240 1661 1322 1717 vel
1352 1669 1656 1734 expertam,
1687 1659 1860 1717 immo

1971 445 2064 501 illo
2109 443 2428 500 brevissimo
2465 444 2729 517 temporis
2755 453 2976 517 puncto,
3011 457 3217 519 quanta
3239 465 3342 507 nec
3382 453 3565 526 eloqui

1970 536 2158 605 facile,
2203 551 2307 592 nec
2333 552 2493 592 mens
2520 552 2834 609 percurrere
2874 539 2929 595 in
2964 542 3314 615 semetipsam
3352 561 3568 605 reversa

1968 631 2280 704 praevaleat.
2314 632 2491 701 Quem
2519 639 2720 689 statum
2742 634 3015 691 Dominus
3039 650 3256 709 quoque
3286 639 3425 697 inter
3460 641 3569 701 illa-

1968 742 2095 784 rum
2143 726 2603 799 supplicationum
2632 726 2937 797 formulas,
2993 745 3132 801 quas
3180 732 3264 788 vel
3295 734 3447 792 solus
3500 737 3554 794 in

1967 826 2158 875 monte
2185 818 2380 876 sedens
2408 822 2582 887 (Lucos
2609 823 2769 887 χχιι)
2787 861 2802 888 ,
2833 821 2917 878 vel
2941 823 3106 879 tacite
3132 821 3336 882 fudisse
3362 827 3567 885 descri-

1966 914 2148 984 bitur,
2197 915 2452 975 similiter
2501 915 2779 987 ﬁguravit,
2806 931 2934 972 cum
2991 917 3048 973 in
3077 918 3337 977 orationis
3376 922 3565 995 agonia

1966 1009 2300 1067 constitutus
2327 1009 2495 1066 etiam
2522 1016 2702 1081 guttas
2728 1010 3009 1082 sanguinis
3037 1011 3346 1071 inimitabili
3384 1016 3535 1074 inten
3554 1049 3567 1059 -

1965 1102 2137 1159 tionis
2156 1102 2399 1175 profudit
2416 1100 2685 1172 exemplo.

2523 1195 2769 1251 CAPUT
2804 1195 3018 1250 XXVI.

2038 1291 2308 1348 Orationis
2322 1290 2580 1359 spiritum
2586 1288 2753 1342 variis
2767 1287 2941 1342 modis
2955 1288 3030 1342 ad
3042 1290 3307 1357 fervorem
3314 1297 3566 1352 ewcitari.

2037 1384 2175 1453 Quis
2198 1380 2329 1439 vero
2363 1382 2536 1455 possit
2563 1380 2902 1437 diversitates
2927 1389 2982 1437 et
3020 1398 3209 1440 causas
3237 1385 3379 1457 ipsas
3405 1397 3571 1461 atque

1967 1476 2205 1551 origines
2239 1469 2268 1508 δ
2322 1473 2817 1547 compunctionum
2852 1476 3186 1547 quantalibet
3238 1483 3567 1551 experientia

1970 1569 2231 1641 praeditus
2266 1566 2596 1624 sufﬁcienter
2637 1582 2942 1640 exponere,
2992 1569 3195 1641 quibus
3230 1571 3569 1632 inﬂammata

1969 1677 2124 1718 mens
2162 1668 2326 1732 atque
2347 1675 2605 1718 succensa
2653 1660 2721 1716 ad
2751 1661 3025 1717 orationes
3064 1677 3228 1733 puras
3255 1678 3319 1720 ac
3349 1663 3568 1723 ferven-

254 1754 345 1826 (ut
375 1756 630 1829 proprius
669 1756 920 1822 dixerim)
967 1754 1303 1811 ineffabilem
1344 1754 1652 1810 orationem
1691 1752 1860 1826 gradu
1889 1771 1938 1834 Β
1970 1754 2206 1811 tissimas
2232 1753 2526 1810 incitatur?
2553 1754 2804 1822 Quarum
2836 1770 3026 1826 pauca,
3048 1763 3311 1827 quantum
3340 1761 3575 1829 potueri-

252 1850 611 1907 eminentiore
642 1848 904 1924 perducit,
936 1864 1062 1921 quae
1093 1864 1317 1904 omnem
1346 1847 1739 1905 transcendens
1768 1847 1862 1903 hu-

250 1959 475 2001 manum
506 1959 750 2007 sensum,
798 1942 950 1997 nullo
994 1957 1108 1998 non
1153 1940 1333 1998 dicam
1363 1957 1499 1998 sono
1551 1942 1724 2008 vocis,
1755 1957 1857 1997 nec

248 2036 447 2110 linguai
475 2047 667 2105 motu,
694 2051 796 2091 nec
818 2022 929 2091 ulla
950 2034 1249 2090 verborum
1283 2035 1731 2107 pronuntiatione
1758 2035 1863 2092 dis-

247 2132 545 2205 tinguitur,
589 2130 684 2186 sed
724 2146 890 2202 quam
927 2144 1085 2185 mens
1127 2129 1399 2185 infusione
1441 2129 1674 2185 caelestis
1719 2129 1863 2185 illius

248 2224 479 2281 luminis
508 2224 806 2293 illustrata,
836 2239 949 2279 non
991 2222 1434 2301 humauis‘atque
1479 2222 1727 2295 angustis
1762 2221 1862 2278 de-

244 2319 429 2393 signat
457 2320 726 2392 eloquiis,
779 2317 875 2376 sed
919 2318 1263 2391 conglobatis
1322 2317 1569 2373 sensibus
1606 2316 1752 2372 velut
1795 2315 1862 2372 de

245 2410 402 2467 fonte
450 2411 698 2483 quodam
728 2411 1108 2483 copiosissimo
1135 2408 1368 2468 effundit
1396 2409 1636 2466 ubertim
1655 2451 1671 2478 ,
1701 2416 1863 2481 atque

1968 1864 2094 1905 mus
2123 1846 2194 1904 ad
2240 1863 2480 1920 praesens
2524 1863 2621 1920 per
2666 1847 3119 1906 illuminationem
3161 1852 3384 1909 Domini
3414 1854 3570 1910 remi-

1967 1941 2133 2009 nisci,
2163 1940 2396 2012 exempli
2424 1941 2599 2013 gratia
2629 1956 3024 2014 proponemus.
3053 1944 3486 2016 Nonnumquam
3513 1955 3569 2005 et

1968 2034 2114 2091 enim
2156 2033 2350 2105 psalmi
2403 2033 2801 2107 cujuscumque
2854 2036 3154 2093 versiculus
3220 2039 3568 2098 occasionem

1970 2125 2229 2184 orationis
2253 2124 2441 2197 ignitae.
2466 2122 2887 2183 decantantibus
2929 2128 3088 2185 nobis
3116 2130 3371 2201 praebuit,
3397 2133 3566 2190 inter-

1969 2220 2105 2278 dum
2133 2236 2335 2279 canora
2382 2220 2636 2279 fraterna;
2679 2221 2831 2278 vocis
2857 2222 3162 2279 modulatio
3204 2224 3274 2281 ad
3303 2226 3568 2285 intentam

1970 2315 2425 2387 supplicationem
2451 2315 2786 2386 stupentium
2828 2316 3045 2373 animos
3088 2317 3366 2376 excitavit.
3396 2321 3571 2377 Novi-

1968 2425 2095 2467 mus
2121 2425 2339 2482 quoque
2364 2409 2769 2469 distinctionem
2799 2412 3224 2486 gravitatemque
3266 2415 3565 2487 psallentis,

1354 2536 1614 2591 ALARDI
1653 2535 1881 2592 GAZzEI
1918 2536 2473 2593 COMMENTARIUS.

307 2660 333 2687 ⁸
372 2652 458 2707 Ita
509 2657 577 2707 et
616 2651 866 2722 superius
907 2651 1048 2708 dixit
1075 2652 1225 2722 (Cap.
1278 2654 1365 2715 17)
1413 2666 1426 2704 :
1473 2652 1584 2705 Has
1630 2654 1862 2719 quatuor

230 2725 708 2794 supplicationum
743 2725 939 2793 species
984 2724 1149 2777 etiam
1188 2723 1446 2794 Dominus
1489 2722 1729 2794 exemplo
1766 2735 1861 2775 suo

236 2791 391 2849 inibis
433 2797 668 2850 initiare
693 2791 944 2863 dignatus
972 2799 1071 2848 est.
1101 2795 1275 2848 Porro
1300 2791 1524 2863 initiare
1544 2793 1861 2863 plerumque

239 2864 519 2937 significat
542 2865 729 2937 sacris
744 2861 1006 2937 imbuere,
1037 2861 1562 2937 inaugurare.__Unde
1588 2861 1855 2937 initiatns,

238 2933 443 3004 id'est,
493 2936 676 2991 sacris
717 2935 976 2991 imbutus.
1030 2937 1102 2991 Et
1140 2933 1416 2991 Ambrosii
1474 2933 1612 2989 liber
1658 2937 1734 2990 De
1777 2935 1859 2988 his

239 3010 340 3076 qui
364 3010 683 3062 initiantur
696 3010 966 3076 mysteriis
982 3010 1149 3073 (Tom.
1176 3008 1291 3073 ιν).
1322 3004 1472 3076 Alias
1491 3020 1654 3076 vero,
1668 3012 1729 3076 ut
1746 3004 1856 3076 hic,

1970 2651 2245 2719 speculum
2272 2652 2330 2702 in
2360 2651 2663 2717 aenigmate,
2706 2653 2833 2704 tunc
2869 2655 3049 2706 autem
3073 2653 3217 2720 facie
3240 2655 3314 2709 ad
3347 2656 3564 2722 faciem.

1969 2723 2124 2777 Nunc
2155 2734 2403 2793 cognosco
2432 2736 2501 2793 ea;
2518 2724 2694 2793 parte,
2728 2725 2853 2793 tunc
2880 2727 3059 2776 autem
3097 2739 3403 2793 cognoscam
3431 2728 3570 2782 sicut

1970 2796 2022 2846 et
2049 2792 2291 2867 cognitus
2314 2804 2433 2844 sum
2438 2790 2636 2867 _(Vt;de
2661 2792 2901 2867 eumdem
2926 2794 3084 2863 Greg.
3115 2790 3208 2848 lib.
3248 2810 3323 2850 ιιι
3358 2798 3568 2867 Dialog.

1969 2876 2088 2931 cap.
2134 2859 2243 2985 332.
2272 2863 2412 2941 ltem
2536 2859 3009 2945 G'regoriushom.
3030 2859 3107 2918 '32
3132 2879 3296 2935 super
3323 2859 3570 2923 Ezechie-

1967 2930 2116 2988 lem:
2144 2933 2306 3005 Atia,
2324 2938 2526 3005 inqurt,
2557 2937 2886 3001 compunctto
2928 2938 3024 2996 est,
3056 2950 3178 3003 qum
3202 2952 3301 3005 per
3326 2940 3571 2994 timorem

2103 2973 2116 2986 ο
2144 2970 2300 2993 [ιῑιυυθ
2332 2970 2526 2998 lugu-Iv,
2557 2970 2886 2998 W'IIIIWUUUUEU
2928 2970 3024 2996 οῦν,

1967 3005 2232 3079 nascitur,
2247 3003 2362 3079 alin
2382 3018 2503 3073 qua:
2516 3017 2619 3079 per
2636 3018 2892 3079 amorem;
2905 3007 3036 3079 quia
3051 3003 3294 3079 aliudest
3306 3010 3572 3079 supplicia

241 3066 460 3134 initiare
500 3087 589 3134 est
618 3066 873 3132 inchbare
889 3118 902 3147 ,
935 3066 1218 3132 instituere
1235 3066 1265 3142 ,⁷
1281 3073 1568 3147 auspicari.
1600 3066 1862 3147 Sidonius
1890 3066 1935 3129 C
1967 3075 2176 3143 fugere,
2201 3073 2360 3147 aliud
2367 3066 2596 3147 prcemia
2616 3066 2953 3147 desiderare.
2975 3076 3123 3131 Unde
3142 3079 3304 3147 etiam
3326 3066 3390 3132 in
3405 3066 3572 3135 taber-

233 3147 337 3221 lib.
369 3164 420 3206 ιι
446 3150 615 3221 epist.
652 3156 682 3221 _3_
727 3143 942 3221 gratae
964 3149 1225 3221 initiates,
1279 3145 1333 3199 id
1361 3143 1477 3221 est,
1493 3143 1860 3221 incoeptzejel

235 3217 539 3275 inchoatae.
567 3219 753 3273 Julius
776 3218 1044 3274 Firmicus
1065 3217 1157 3272 lib.
1181 3230 1229 3271 II
1257 3231 1374 3286 cap.
1400 3219 1433 3268 5
1454 3217 1691 3270 Mathes.
1720 3234 1731 3268 :
1759 3218 1864 3271 Ver

234 3292 529 3354 initiatur,
562 3305 689 3346 cum
715 3291 955 3360 primam
981 3289 1189 3344 Arietis
1218 3289 1433 3357 partem
1455 3286 1534 3340 sol
1560 3287 1730 3352 fuerit
1769 3287 1863 3339 in-

232 3377 476 3509 €r$ssbf
505 3430 937 3509 compunctione
982 3426 1274 3509 videndum
1333 3422 1687 3509 primqoquid‘
1746 3423 1859 3509 _sit;

231 3499 442 3560 deinde
468 3520 605 3575 qua:
638 3494 756 3573 éjus
784 3514 964 3556 causae
991 3508 1050 3556 et
1090 3494 1359 3576 origines;
1387 3507 1451 3576 ut
1488 3494 1587 3552 hic
1603 3494 1858 3576 habetur;

231 3566 507 3645 quorum-
535 3566 845 3645 utru'mque
875 3587 941 3645 ex
981 3566 1263 3645 nonnullis
1416 3571 1640 3625 Patrum
1666 3566 1860 3639 elogiis

232 3639 401 3717 atque
462 3639 772 3717 sententiis
835 3641 1205 3717 selectiorihus
1267 3639 1477 3697 discere
1531 3652 1859 3717 possumus;

229 3710 368 3786 quas
400 3715 650 3794 proinde
701 3729 813 3794 non
847 3713 1057 3794 mimis
1088 3710 1771 3794 libenterquamjutiliter,
1801 3716 1862 3794 ut

228 3780 424 3856 spero;
471 3788 664 3856 lector
693 3783 939 3856 accipiet.
988 3785 1116 3856 Div.
1148 3780 1483 3856 Augustinus
1508 3782 1564 3856 in
1620 3780 1765 3856 libro
1794 3782 1861 3856 de

228 3853 445 3928 Spiritu
472 3864 535 3912 et
564 3855 761 3928 Anima
791 3853 909 3925 cap.
943 3860 1010 3910 50
1042 3853 1332 3928 ita_scrihit
1364 3874 1376 3907 :
1410 3854 1686 3928 Meditatio
1710 3853 1862 3928 parit

222 3922 552 3992 scientiam,
583 3927 812 3978 scientia
836 3922 1311 3991 compunctionem,
1335 3923 1667 3992 compunctio
1700 3922 1858 3992 devo-

223 3999 481 4058 tionem,
526 3989 740 4048 devotio
781 3989 989 4061 perficit
1045 3993 1356 4061 orationem.
1408 3989 1745 4061 Compunctio
1786 3994 1863 4042 est

219 4084 262 4192 ἕ

217 4211 413 4264 Deum
455 4221 473 4255 :
520 4201 749 4255 humilis
788 4218 857 4256 ea:
894 4203 1210 4256 conscientia
1237 4201 1568 4270 inﬁrmitatis
1602 4201 1862 4270 propriae,

208 4279 357 4349 pius
403 4289 483 4349 en
524 4272 957 4349 consideratione
990 4273 1191 4349 diuina:
1223 4269 1525 4349 clementiae.
1563 4269 1865 4349 Gregorius

214 4341 393 4405 iam
420 4341 740 4399 Moralium
769 4359 887 4413 cap.
918 4349 977 4399 21
1004 4363 1016 4397 :
1050 4346 1307 4411 Quatuor,
1335 4342 1531 4413 inquit,
1548 4346 1674 4397 sunt
1697 4341 1867 4412 quali-

220 4424 388 4481 tates,
413 4415 636 4489 quibus
641 4414 785 4484 justi
800 4417 908 4468 viri
922 4417 1105 4489 anima
1120 4416 1177 4468 in
1192 4417 1584 4484 compunctione
1601 4415 1866 4489 vehemen-

218 4495 305 4547 ter
334 4486 619 4560 afficitur
648 4502 807 4560 :_cum
824 4490 919 4541 aut
952 4486 1214 4560 malorum
1230 4502 1449 4560 suorum
1472 4487 1858 4560 reminiscitur,

220 4557 598 4617 considerans
630 4558 730 4611 ubi
763 4559 897 4625 fuit;
929 4561 1028 4612 aut
1054 4557 1389 4626 judiciorum
1416 4559 1512 4614 Dei
1541 4559 1859 4613 sententiam

223 4638 477 4689 metuens
494 4674 512 4700 ,
542 4633 601 4685 et
628 4644 805 4683 secum
833 4643 1073 4698 qucerens
1086 4668 1104 4695 ,
1126 4630 1325 4700 cogitat
1344 4628 1440 4681 ubi
1459 4629 1590 4694 erit;
1615 4632 1713 4681 aut
1739 4643 1857 4682 eum

222 4706 374 4759 mala
394 4707 533 4759 vita:
557 4703 853 4771 praesentis
872 4700 1091 4771 solerter
1107 4699 1384 4752 attendens
1401 4739 1417 4759 ,
1439 4713 1663 4771 mterens
1682 4700 1858 4752 consi-

225 4775 384 4830 derat
409 4776 522 4829 ubi
548 4770 670 4836 est;
696 4774 791 4824 aut
817 4786 935 4824 cum
965 4770 1100 4823 bona
1136 4784 1380 4838 superna:
1402 4770 1607 4837 patria:
1634 4772 1860 4822 contem-

219 4847 437 4915 platur.
465 4859 605 4916 quae
631 4843 768 4916 quia
788 4842 1008 4895 modum
1037 4840 1379 4916 adipiscier,
1403 4841 1585 4916 ιυρθηε
1608 4840 1861 4916 conspicit

225 4911 321 4971 ubi
341 4935 451 4973 non
472 4911 588 4972 est.
624 4913 897 4968 Malorum
925 4927 1141 4967 suorum
1172 4911 1371 4965 Paulus
1391 4911 1735 4974 meminerat;
1778 4913 1862 4962 at-

264 5003 331 5041 ue
350 5006 422 5044 ea:
435 4991 518 5044 eis
536 5001 621 5047 se,
644 4986 710 5037 in
729 4984 926 5052 quibus
941 4985 1149 5050 fuerat,
1168 4982 1474 5050 afﬂigebat,
1496 4996 1613 5034 cum
1630 4979 1823 5033 diceret
1841 4999 1857 5033 :

273 5061 341 5114 on
361 5077 489 5116 sum
513 5059 735 5126 dignus
752 5054 926 5126 vocari
943 5053 1251 5123 Apostolus,
1270 5054 1401 5121 quia
1415 5054 1861 5126 persecutus-sum

226 5133 529 5186 Ecclesium
564 5119 680 5185 Dei
713 5128 755 5187 tl
788 5125 902 5181 Cor.
952 5119 1108 5191 Χῐιι).
1156 5119 1387 5180 Rursum
1415 5119 1669 5177 divinum
1704 5119 1860 5189 judio

226 5203 367 5256 cium
392 5200 697 5258 subtiliter
718 5211 953 5267 pensans
978 5197 1037 5250 in
1062 5197 1252 5263 futuro
1279 5195 1417 5249 male
1444 5209 1551 5248 esse
1571 5192 1860 5267 metuebat,

226 5271 447 5329 dicens:
476 5265 921 5339 Castigobcorpus
946 5283 1138 5329 meum,
1170 5273 1224 5320 et
1257 5267 1510 5321 servituti
1526 5265 1772 5339 sublicio,
1796 5278 1863 5339 ne

227 5344 394 5408 forte,
415 5347 556 5399 aliis
572 5334 921 5414 pfaedicdns,
934 5341 1046 5414 ipse
1060 5339 1311 5414 reprobus
1326 5339 1536 5414 efﬁciar
1550 5339 1600 5414 (I_
1614 5337 1732 5414 ρον.
1748 5334 1856 5414 in):

229 5407 436 5472 Rursus
459 5407 627 5471 mala
656 5407 1094 5482 praesentis'vitce
1112 5407 1395 5479 pensabat,
1422 5423 1539 5461 cum
1563 5408 1760 5461 diceret
1782 5407 1857 5471 (II

233 5485 352 5541 Cor.
380 5490 430 5557 v)
465 5506 479 5541 :
506 5492 669 5543 Dum
703 5497 898 5557 sumus
912 5483 971 5557 in
1003 5482 1096 5557 hoc
1118 5496 1357 5557 corpore,
1381 5482 1797 5557 peregrinantur
1824 5492 1858 5530 a

232 5550 489 5623 Domino;
531 5562 612 5618 et,
648 5554 821 5610 Video
843 5554 1009 5607 aliam
1046 5550 1223 5621 legem
1240 5554 1299 5606 in
1322 5552 1572 5605 membris
1606 5550 1740 5623 meis
1768 5562 1859 5623 re-

228 5620 577 5698 pugnantem
603 5627 728 5693 legi
743 5626 931 5679 mentis
949 5620 1105 5691 meas,
1119 5628 1168 5678 et
1189 5625 1459 5698 captivum
1483 5637 1565 5675 me
1584 5620 1859 5698 ducentem

227 5692 287 5752 in
308 5692 429 5770 lege
452 5692 727 5772 peccati_,_
748 5700 843 5750 etc.
884 5698 984 5772 Et
1004 5709 1221 5750 rursum
1248 5692 1633 5772 bonateterna:
1660 5692 1860 5761 patria:

230 5767 627 5827 considerabat
658 5768 845 5822 dicens
874 5768 920 5835 (Ι
947 5768 1064 5824 Cor.
1091 5772 1219 5834 xm)
1264 5786 1280 5821 :
1313 5767 1568 5823 Videmus
1602 5777 1739 5819 nunc
1759 5777 1862 5833 per

1892 4455 1945 4520 D

1969 3147 2157 3199 naculo
2172 3160 2270 3215 per
2290 3145 2456 3212 legem
2466 3144 2788 3219 duoalta-ria
2798 3145 3183 3219 ﬁerijubentur
3195 3146 3390 3219 (Exod.
3412 3164 3451 3204 Χ
3461 3165 3569 3206 XIV

1971 3219 2021 3270 et
2056 3220 2206 3282 xxx)
2232 3234 2247 3269 :
2268 3231 2433 3269 unum
2452 3216 2699 3269 videlicet
2718 3218 2974 3281 exterius,
2989 3218 3147 3271 aliud
3170 3216 3291 3273 vero
3311 3221 3566 3285 interius;

1970 3301 2138 3339 unum
2159 3288 2217 3339 in
2254 3286 2591 3358 atrio,aliud
2615 3290 2741 3358 ante
2765 3302 2969 3353 arcam;
2994 3303 3161 3342 unum
3190 3290 3333 3358 quod
3353 3306 3459 3346 cere
3480 3307 3568 3347 eo-

1970 3360 2213 3425 opertum
2230 3359 2328 3416 est,
2349 3356 2504 3409 aliud
2530 3356 2674 3424 quod
2694 3372 2828 3428 auro
2846 3361 3094 3412 vestitur.
3118 3356 3298 3428 Atque
3322 3363 3379 3415 in
3403 3363 3573 3417 altari

1970 3441 2105 3480 (areo
2124 3430 2431 3479 cremantur
2457 3441 2664 3492 carnes,
2687 3428 2745 3479 in
2769 3426 2942 3480 altari
2955 3443 3080 3481 vero
3099 3426 3261 3482 aureo
3281 3431 3572 3486 incendun-

1971 3501 2063 3570 tur
2096 3499 2360 3551 aromata.
2393 3495 2535 3562 Quid
2554 3499 2631 3550 est
2648 3496 2762 3570 hoc,
2774 3498 2972 3563 fratres
2989 3499 3312 3567 cham'ssimi,
3335 3501 3477 3570 quod
3497 3504 3576 3569 fo-

1971 3569 2051 3623 ris
2076 3571 2479 3644 concrementur
2498 3582 2702 3644 carnes,
2733 3569 2881 3623 intus
2892 3574 3170 3644 aromata,
3190 3573 3302 3626 nisi
3317 3569 3411 3627 hoc
3430 3575 3572 3644 quod

1969 3639 2211 3713 quotidie
2223 3637 2486 3713 videmus,
2500 3639 2634 3713 quia
2650 3638 2755 3693 duo
2776 3642 2900 3713 sunt
2921 3637 3333 3711 compunctionis
3346 3637 3571 3713 gen-era?

1969 3712 2106 3777 Quia
2129 3710 2230 3764 alii
2246 3709 2421 3783 adhuc
2434 3725 2534 3780 per
2559 3711 2799 3764 timorem
2813 3709 3103 3780 plangunt,
3126 3713 3227 3766 alii
3244 3709 3366 3770 verd
3370 3716 3491 3783 jam
3515 3731 3569 3772 se

1962 3798 2061 3852 per
2078 3796 2310 3852 amorem
2324 3783 2385 3834 in
2404 3782 2653 3835 lamentis
2671 3783 2944 3850 afﬁciunt,
2964 3790 3066 3838 etc.
3092 3784 3160 3837 D.
3184 3782 3491 3840 Bernartius
3509 3786 3567 3841 in

1966 3851 2206 3923 quodam
2234 3867 2488 3907 sermone
2513 3855 2615 3923 (De
2638 3853 2790 3905 modo
2807 3852 3041 3914 vivendi,
3066 3868 3223 3906 serm.
3254 3855 3339 3922 10)
3371 3871 3385 3906 :
3413 3857 3562 3910 Com.

1965 3925 2187 3991 punctio
2206 3923 2382 3977 cordis
2407 3928 2486 3977 est
2505 3922 2785 3976 humilitas
2809 3924 3000 3976 mentis
3017 3924 3232 3977 veniens
3254 3923 3318 3977 de
3331 3926 3569 3979 recorda-

1970 3995 2110 4065 tione
2128 3995 2338 4061 peccati
2355 3998 2405 4047 et
2422 3993 2493 4065 de
2506 3994 2702 4065 timore
2720 3992 2944 4061 judicii.
2972 3994 3073 4065 Illa
3096 3996 3424 4063 compunctio
3438 4010 3566 4065 per-

263 4067 465 4121 uando
493 4078 570 4115 ea:
595 4058 1009 4116 consideratione
1037 4060 1299 4112 malorum
1318 4073 1535 4112 suorum
1555 4073 1651 4130 cor
1665 4058 1871 4111 interno
1968 4063 2113 4127 facta
2129 4058 2237 4121 est.
2268 4077 2388 4129 quae
2407 4064 2560 4130 pellit
2583 4079 2618 4115 a
2640 4077 2695 4115 se
2720 4058 2926 4116 omnem
2954 4058 3351 4118 delectatibnem
3378 4058 3569 4120 carna-

265 4138 424 4189 olere
461 4131 741 4198 tangitur.
768 4132 984 4186 Devotio
1009 4133 1087 4184 est
1101 4131 1227 4199 pius
1252 4132 1303 4183 et
1323 4130 1542 4182 humilis
1567 4128 1789 4197 affectus
1814 4130 1873 4182 in
1974 4131 2108 4185 lium
2138 4145 2344 4193 rerum,
2376 4128 2426 4185 et
2445 4136 2553 4185 toto
2566 4132 2759 4185 studio
2786 4134 2978 4186 mentis
3000 4135 3122 4200 ﬁgit
3140 4135 3481 4190 intentionem
3512 4139 3567 4191 in

1973 4200 2409 4270 contemplatione
2456 4202 2586 4273 Dein
2628 4201 2903 4270 Duplicem
2951 4216 3059 4256 esse
3122 4208 3568 4273 compunctionem

1975 4272 2202 4343 legimus
2233 4290 2246 4303 ο
2275 4287 2462 4334 unam,
2487 4272 2708 4334 scilicet,
2728 4288 2837 4341 qua
2856 4276 3080 4343 propter
3098 4272 3265 4329 Deum
3284 4278 3469 4333 anima
3489 4295 3569 4334 cu-

1965 4342 2166 4413 jusque
2193 4345 2339 4397 servi
2362 4344 2457 4397 Dei
2488 4344 2755 4412 afﬁcitur,
2788 4343 2848 4397 id
2875 4348 2974 4411 est,
3003 4360 3122 4399 cum
3159 4347 3234 4400 ad
3259 4352 3565 4405 memoriam

1974 4414 2184 4491 reducit
2200 4414 2483 4491 malaque?
2501 4415 2651 4491 fecit;
2666 4415 2842 4491 altera
2865 4431 3010 4491 nera,
3040 4432 3158 4472 cum
3176 4421 3417 4491 suspirat
3430 4437 3563 4491 pro-

1966 4491 2091 4563 pter
2117 4486 2441 4563 desiderium
2460 4488 2837 4563 pitceceternee.
2863 4489 3106 4554 Quatuor
3125 4486 3298 4546 modis
3323 4486 3565 4563 compun-

1968 4560 2118 4627 gitur
2134 4572 2281 4632 mens
2291 4557 2439 4628 justi
2456 4558 2717 4632 hominis:
2738 4574 2922 4629 nempe
2942 4564 3198 4616 memoria
3212 4557 3563 4632 peccatorum,

1966 4630 2331 4684 recordatione
2344 4644 2628 4700 plenarum
2642 4630 2979 4702 futurarum,
2997 4630 3416 4687 consideratione
3427 4651 3570 4702 pere-

1963 4703 2279 4768 grinationis
2297 4702 2458 4771 hujus
2478 4704 2626 4762 vitce,
2646 4700 2913 4756 desiderio
2931 4717 3176 4771 superna:
3190 4700 3568 4769 patrizeﬂaac-

1965 4774 2037 4826 D.
2066 4772 2396 4827 Bernardus.
2427 4771 2538 4827 Uhi
2560 4787 2628 4825 ne
2655 4773 2888 4825 multum
2914 4772 3152 4835 mireris,
3184 4772 3374 4837 lector,
3398 4772 3566 4828 modo

1966 4840 2264 4910 duplicem,
2293 4840 2459 4910 modo
2483 4839 2894 4910 quadruplicem
2922 4837 3027 4910 dici
3055 4841 3560 4910 compunctiouem;

1967 4906 2124 4982 facile
2179 4906 2642 4982 animadvertes,_
2665 4906 2715 4962 si
2755 4906 3024 4982 adventis,
3057 4906 3473 4982 quadruplicem
3504 4906 3561 4970 in

1968 4979 2242 5057 duplicem
2293 4979 2568 5057 revocari.
2600 4979 2734 5057 Nam
2788 4986 2852 5057 ut
2887 4977 3010 5034 duae
3039 4977 3246 5057 priores
3273 4977 3348 5057 ad
3372 5001 3564 5057 unam,

1969 5042 2093 5122 quae
2115 5065 2175 5104 ex
2198 5049 2394 5103 timore
2421 5042 2681 5125 nascitur;
2708 5049 2779 5125 ita
2800 5047 2923 5106 duae
2939 5042 3264 5125 posteriores
3284 5054 3352 5109 ad
3374 5042 3561 5125 unam;

1970 5119 2092 5191 duae
2115 5136 2179 5174 ex
2207 5133 2390 5193 amore
2415 5127 2468 5174 et
2493 5119 2766 5193 desiderio
2794 5119 3043 5193 superna:
3072 5122 3283 5193 patria,
3306 5119 3563 5181 revocanL

1969 5189 2078 5248 tur.
2112 5190 2296 5264 Atqui
2323 5189 2450 5264 haec
2467 5206 2539 5246 ex
2584 5190 2840 5264 Patribus
2863 5189 3091 5247 collecta
3118 5189 3288 5264 elogia
3316 5195 3383 5250 de
3406 5212 3565 5252 com-

1972 5261 2261 5333 punctione
2285 5261 2410 5317 huic
2439 5261 2559 5317 loco
2587 5270 2644 5317 et
2665 5262 2907 5318 instituto
2934 5270 3123 5319 nostro
3157 5261 3405 5321 sufﬁcere
3434 5267 3564 5325 mihi

1970 5333 2220 5390 videntur
2260 5342 2494 5405 :praeter
2520 5349 2666 5405 quae,
2697 5333 2740 5389 si
2770 5333 2890 5405 quis
2924 5334 3168 5404 integros
3214 5343 3476 5395 tractatus
3507 5341 3565 5397 in

1968 5405 2220 5461 eamdem
2251 5404 2435 5480 videre
2480 5404 2631 5480 optet
2673 5404 2990 5480 materiam,
3029 5406 3206 5480 videat
3234 5409 3564 5480 Chrysosto-

1966 5490 2143 5541 mum,
2192 5475 2283 5547 qui
2333 5476 2469 5532 duos
2499 5474 2770 5548 elegantes
2818 5474 3450 5548 lectuquedignissimos
3497 5483 3565 5540 de

1967 5548 2384 5619 compunctione
2438 5547 2617 5603 cordis
2661 5547 2983 5619 conscripsit
3039 5547 3238 5619 libros;
3290 5550 3463 5606 videat
3511 5564 3566 5611 et

1966 5620 2023 5702 ξ.
2062 5618 2294 5702 Ephrem
2326 5621 2579 5702 Syfrum,‘
2613 5618 2758 5689 apud
2785 5633 2952 5702 quem
2984 5626 3192 5702 exstant
3214 5630 3447 5702 quatuor
3470 5624 3566 5681 iti-

1966 5688 2513 5763 dem—pulcherrimae
2548 5689 2614 5747 de
2641 5688 3061 5762 compunctionc
3091 5688 3341 5749 homiliae.
