4034 6212
436 228 537 286 803

1514 219 1795 276 JOANNIS
1832 218 2138 276 CASSIANI
2174 214 2664 275 COLLATIONES.

3642 221 3745 277 804

435 353 602 409 etiam
627 349 968 411 adstantibus
990 347 1289 422 plurimum
1330 346 1628 403 contulisse
1654 343 1904 415 fervoris;
1938 359 2042 401 nec
2069 349 2119 411 Α
2148 348 2348 401 Deum.
2404 338 2691 398 Interdum
2719 354 2849 397 vero
2891 345 3044 396 tanta
3091 339 3542 411 compunctionis
3571 342 3756 401 abun-

437 463 551 504 non
589 446 895 503 exhortatio
938 444 1038 501 viri
1082 441 1347 516 perfecti,
1395 449 1450 497 et
1485 440 1701 497 collatio
1743 438 2028 512 spiritalis,

439 540 746 611 frequenter
771 539 839 595 ad
869 537 1168 595 uberrimas
1189 551 1373 609 preces
1386 536 1687 609 jacentium
1702 534 1884 620 erexit
1909 531 2037 590 affe-

438 643 605 690 ctum.
634 633 849 689 Scimus
877 631 1040 688 etiam
1082 628 1289 698 fratris,
1314 644 1415 685 seu
1454 629 1607 685 chari
1635 627 1924 701 cujuslibet
1950 626 2038 682 in-

440 728 603 784 teritu
641 741 754 782 non
797 724 982 780 minus
1029 740 1134 780 nos
1178 724 1248 780 ad
1292 724 1510 795 plenam
1556 722 2040 793 compunctionem

437 820 607 878 fuisse
626 827 887 892 raptatos.
922 816 1252 874 Recordatio
1302 830 1521 888 quoque
1549 816 1760 889 teporis
1788 830 1852 872 ac
1874 815 2041 887 negli-

439 914 635 987 gentia
657 922 864 970 nostra
880 925 1295 983 nonnumquam
1318 908 1481 966 nobis
1502 909 1798 965 salutarem
1820 908 2042 981 spiritus

439 1006 643 1068 invexit
659 1004 932 1062 ardorem.
960 1007 1146 1076 Atque
1159 1003 1212 1058 in
1230 1002 1378 1058 hunc
1405 1002 1636 1058 modum
1656 1001 1792 1057 nulli
1811 999 2042 1057 dubium

438 1110 523 1159 est
545 1099 857 1157 occasiones
884 1098 1197 1153 innumeras
1225 1111 1335 1151 non
1365 1094 1552 1151 deesse
1587 1096 1789 1168 quibus
1814 1110 1913 1166 per
1942 1093 2041 1150 Dei

439 1195 669 1269 gratiam
706 1202 864 1263 tepor
908 1207 971 1247 ac
1032 1189 1398 1247 somnolentia
1427 1197 1744 1245 nostrarum
1775 1189 2043 1245 mentium

441 1288 616 1344 valeat
641 1284 883 1342 excitari.

985 1376 1229 1433 CAPUT
1254 1377 1489 1433 XXVII.

581 1483 607 1509 ⁸
640 1474 881 1529 Diversos
909 1485 1020 1525 esse
1055 1469 1282 1539 aﬁ'ectus
1307 1473 1579 1539 ferventer
1605 1470 1899 1524 orantium.

514 1564 995 1636 Quemadmodum
1022 1578 1172 1628 vero,
1205 1563 1288 1619 vel
1316 1560 1517 1635 quibus
1560 1560 1744 1617 modis
1772 1561 1891 1617 ista
1915 1560 2048 1633 ipsa

441 1656 891 1731 compunctiones
931 1655 1000 1713 de
1026 1654 1234 1711 intimis
1277 1656 1476 1712 anima
1522 1654 1871 1712 conclavibus
1916 1669 2053 1727 pro-

441 1753 707 1821 ferantur,
766 1766 883 1807 non
925 1750 1160 1806 minoris
1229 1748 1563 1807 difficultatis
1631 1756 1715 1805 est
1766 1748 2046 1823 indagare.
2070 1739 2119 1802 B

443 1847 778 1918 Frequenter
804 1843 948 1899 enim
979 1858 1075 1915 per
1103 1841 1381 1899 ineffabile
1421 1842 1679 1915 gaudium
1707 1850 1765 1899 et
1794 1842 2052 1898 alacrita-

444 1950 557 1996 tem
618 1938 838 2010 spiritus
902 1936 1280 1994 saluberrima
1342 1936 1781 2009 compunctionis
1838 1936 2048 1994 fructus

444 2032 693 2105 emergit,
725 2032 800 2087 ita
831 2038 894 2086 ut
927 2031 1094 2085 etiam
1119 2032 1174 2084 in
1201 2031 1473 2086 clamores
1504 2028 1777 2099 quosdam
1801 2028 2048 2086 intolera-

445 2126 567 2182 bilis
594 2125 775 2197 gaudii
807 2123 1170 2178 immensitate
1213 2130 1554 2194 prorumpat,
1585 2129 1641 2176 et
1681 2123 1708 2157 ³³
1734 2121 1927 2177 cellam
1965 2118 2048 2176 vi-

443 2220 553 2276 cini
611 2217 926 2290 jucunditas
973 2215 1174 2283 cordis,
1241 2225 1297 2272 et
1355 2216 1735 2273 exsultationis
1803 2225 2051 2289 penetret

448 2310 780 2382 magnitudo.
809 2313 1241 2382 Nonnumquam
1275 2324 1407 2366 vero
1436 2317 1591 2366 tanto
1629 2311 1843 2367 silentio
1890 2326 2049 2368 mens

446 2405 588 2462 intra
625 2412 895 2461 secretum
932 2403 1221 2476 profunda
1260 2404 1646 2461 taciturnitatis
1674 2403 2047 2474 absconditur,

446 2508 508 2558 ut
531 2513 753 2555 omnem
792 2497 1011 2571 penitus
1040 2512 1240 2554 sonum
1281 2498 1428 2555 vocis
1463 2506 1658 2570 stupor
1685 2497 1881 2555 subita
1920 2496 2048 2554 illu-

446 2592 761 2651 minationis
824 2591 1093 2661 includat,
1166 2607 1469 2665 omnesque
1531 2608 1726 2649 sensus
1782 2591 2051 2649 attonitus

444 2689 668 2762 spiritus
708 2686 794 2744 vel
829 2686 1107 2744 contineat
1148 2685 1513 2756 intrinsecus,
1567 2687 1649 2743 vel
1692 2686 1935 2756 emittat,
1986 2700 2052 2741 ac

442 2782 711 2841 desideria
755 2797 854 2838 sua
884 2779 1183 2853 gemitibus
1222 2780 1673 2838 inenarrabilibus
1710 2780 1958 2837 effundat
1983 2779 2052 2836 ad

2141 435 2323 493 dantia
2352 450 2417 491 ac
2462 433 2653 491 dolore
2695 442 2717 469 θ
2737 431 3042 505 suppletur,
3094 438 3158 488 ut
3180 431 3315 488 alias
3344 447 3472 489 eam
3502 431 3750 509 digerere

2143 528 2247 586 nisi
2267 530 2633 602 lacrymarum
2669 526 3047 599 evaporatione
3066 541 3176 582 non
3200 527 3390 599 possit.

2677 643 2923 701 CAPUT
2940 643 3211 699 XXVIII.

2149 749 2510 816 Interrogatio
2555 746 2622 800 de
2663 760 2720 799 eo
2759 744 2903 815 quod
2942 761 3048 799 non
3083 746 3156 799 sit
3175 745 3235 798 in
3279 747 3467 799 nostra
3486 748 3759 815 potestate

2606 818 2855 887 profusio
2900 816 3286 885 lacrymarum.

2225 935 2561 992 Germanus:
2589 934 2749 989 Hunc
2768 931 2989 1004 quidem
3008 930 3456 1002 compunctionis
3470 930 3758 1003 affectum,

2151 1042 2217 1083 ex
2245 1037 2396 1100 parte
2421 1027 2620 1099 aliqua,
2647 1040 2770 1081 mea
2799 1040 3016 1097 quoque
3043 1025 3312 1098 exiguitas
3351 1040 3472 1081 non
3512 1026 3754 1098 ignorat.

2154 1123 2490 1193 Frequenter
2534 1118 2678 1175 enim
2729 1117 3105 1176 recordatione
3135 1116 3466 1174 delictorum
3499 1134 3760 1177 meorum

2154 1214 2362 1272 obortis
2390 1212 2662 1285 lacrymis,
2694 1212 2767 1268 ita
2787 1227 2911 1268 sum
2936 1211 3041 1268 hoc
3079 1209 3367 1278 ineffabili,
3400 1218 3467 1268 ut
3496 1211 3764 1284 prafatus

2154 1321 2234 1374 es,
2256 1303 2476 1379 gaudio,
2497 1304 2747 1360 visitante
2764 1305 3031 1376 Domino,
3057 1312 3357 1377 vegetatus,
3386 1313 3450 1360 ut
3472 1303 3766 1378 desperare

2154 1417 2245 1457 me
2275 1401 2494 1457 illorum
2514 1401 2729 1457 veniam
2756 1416 2872 1457 non
2896 1400 3097 1458 debere
3119 1400 3319 1457 latitia
3349 1399 3521 1473 ipsius
3545 1404 3767 1475 magni-

2157 1494 2291 1551 tudo
2318 1493 2566 1551 dictaret.
2595 1495 2719 1566 Quo
2741 1503 2886 1551 statu
2913 1494 3051 1551 nihil
3082 1510 3208 1551 reor
3236 1510 3354 1551 esse
3380 1494 3689 1566 sublimius,
3712 1498 3764 1553 si

2156 1588 2423 1660 reparatio
2450 1588 2565 1660 ejus
2600 1593 2791 1645 nostro
2832 1588 3137 1660 subjaceret
3164 1588 3431 1647 arbitrio.
3465 1592 3764 1648 Nonnum-

2157 1697 2323 1755 quam
2361 1682 2587 1763 cupiens
2639 1681 2706 1738 ad
2760 1683 2996 1739 similem
3046 1699 3163 1763 meA
3192 1682 3557 1758 lacrymarum
3604 1701 3769 1743 com-

2159 1760 2508 1849 punctionem
2537 1776 2667 1833 totis
2695 1776 2896 1834 viribus
2926 1758 3184 1846 excitare,
3213 1792 3502 1851 omnesque
3530 1793 3762 1837 errores

2160 1886 2313 1927 meos
2352 1878 2513 1942 atque
2550 1878 2765 1943 peccata
2794 1879 2918 1927 ante
2960 1870 3152 1931 oculos
3189 1879 3425 1927 statuens
3463 1858 3493 1903 ἀ
3521 1872 3758 1929 uberta-

2160 1972 2270 2020 tem
2294 1964 2439 2020 illam
2466 1965 2692 2020 iletuum
2718 1980 2973 2021 revocare
2997 1979 3109 2021 non
3141 1979 3389 2036 possum,
3414 1973 3469 2020 et
3493 1965 3570 2020 ita
3596 1965 3760 2022 oculi

2155 2060 2265 2117 mei
2294 2061 2349 2116 in
2377 2059 2604 2116 modum
2650 2058 2933 2131 cujusdam
2980 2057 3293 2115 durissima
3339 2057 3508 2115 silicis
3546 2059 3770 2131 prada-

2154 2163 2368 2222 rantur,
2398 2161 2458 2209 ut
2482 2152 2628 2208 nulla
2654 2167 2877 2225 prorsus
2913 2168 2977 2209 ex
3016 2153 3097 2208 eis
3118 2152 3373 2209 humoris
3402 2160 3559 2225 gutta
3589 2152 3771 2210 distil-

2157 2248 2229 2304 let
2253 2267 2265 2303 :
2296 2255 2351 2303 et
2376 2245 2498 2302 ideo
2523 2253 2786 2317 quantum
2812 2246 2947 2301 mihi
2975 2245 3030 2301 in
3052 2245 3416 2319 lacrymarum
3452 2245 3772 2319 profusione

2155 2337 2506 2412 congaudeo;
2537 2346 2749 2393 tantum
2781 2337 2940 2394 doleo
2968 2337 3116 2411 quod
3146 2337 3317 2407 illam,
3346 2354 3480 2395 cum
3518 2340 3771 2405 voluero,

2158 2448 2477 2507 recuperare
2504 2448 2619 2489 non
2646 2431 2873 2488 valeam.

2713 2549 2958 2605 CAPUT
2986 2550 3208 2604 XXIX.

2230 2662 2516 2731 Responsio
2534 2661 2599 2715 de
2616 2660 2926 2714 diversitate
2945 2659 3322 2731 spiritualium
3343 2639 3737 2730 (alumnarum.

2234 2780 2386 2833 Isaac
2435 2796 2448 2831 :
2501 2780 2523 2809 °
2578 2777 2706 2832 Non
2734 2776 2914 2831 omnis
2956 2776 3327 2849 lacrymarum
3373 2774 3613 2849 profusio
3651 2793 3782 2834 uno

1551 2902 1808 2956 ALARDI
1847 2900 2073 2954 GAZJEI
2111 2897 2667 2955 COMMENTARIUS.

518 3019 543 3045 ι
583 3008 870 3064 Ciaconius
910 3006 1158 3062 inscribit
1189 3027 1200 3060 :
1248 3011 1323 3063 De
1361 3009 1530 3061 variis
1579 3008 2040 3077 compunctionum

2151 3005 2469 3061 salutarium
2513 3003 2626 3060 duo
2657 3011 2873 3060 tantum
2904 3018 3103 3077 genera
3140 3005 3353 3077 statuit;
3379 3021 3546 3061 unum
3574 3022 3640 3061 ex
3688 3007 3781 3063 ti—

446 3078 837 3152 qualitatibus,
865 3086 953 3152 fut
994 3077 1199 3152 habent
1250 3077 1416 3152 etiam
1460 3076 1813 3152 manusgripti
1856 3078 2048 3152 nostri,
2079 3082 2123 3145 (ζ’,
2155 3092 2332 3152 more,
2359 3077 2597 3152 alterum
2626 3091 2691 3131 ex
2733 3091 2923 3131 amore
2940 3076 3340 3152 proveniens‘i:
3374 3078 3533 3152 Quod
3584 3080 3773 3152 ineo,

445 3147 583 3222 quos
611 3158 825 3204 secutus
862 3147 1182 3222 Dionysius“
1197 3154 1251 3201 et
1268 3147 1612 3222 gBasileensis.
1650 3149 1879 3222 Poterat
1902 3150 2048 3222 etde

444 3217 617 3275 variis
628 3217 1089 3289 compunctionum
1104 3217 1376 3299 elfectibus
1391 3220 1628 3299 inscribi.
1648 3221 1782 3299 ’ξι-εδ
1796 3218 1947 3299 enim
1961 3217 2048 3299 hic

445 3298 796 3363 exponuntur
827 3289 1317 3363 compunctionum
1341 3304 1435 3363 seu
1470 3289 1797 3363 ferventium
1839 3290 2048 3363 oratio-

446 3359 581 3418 nu'm
622 3360 843 3415 effectus
875 3360 1073 3432 plane
1085 3359 1283 3432 diversi
1326 3378 1339 3413 :
1374 3359 1650 3432 interdum
1681 3362 1891 3416 clamor
1919 3360 2045 3432 qui—

441 3432 575 3488 dam
598 3448 658 3487 ex
690 3428 899 3486 interni
912 3430 1093 3502 gaudii
1124 3428 1500 3502 exuberantia,
1530 3439 1585 3490 et
1609 3432 1789 3487 cordis
1810 3428 2046 3488 exsulta-

445 3504 590 3559 tione
620 3501 1002 3573 prorumpens;
1024 3501 1301 3573 interdum
1322 3518 1451 3557 vero
1477 3502 1776 3570 silentium,
1800 3511 1854 3558 et
1897 3504 2044 3558 taciti

482 3572 704 3637 emitus,
738 3581 792 3626 et
817 3581 1009 3642 stupor
1047 3572 1270 3643 quidam
1319 3573 1522 3628 mentis
1560 3575 1836 3640 attonita;
1873 3573 2047 3629 inter—

444 3590 579 3702 dum
612 3642 857 3702 profusio
896 3643 1296 3702 lacrymarum.
1340 3643 1408 3699 de
1450 3659 1557 3702 qua
1596 3643 1947 3702 potissimum
1987 3645 2042 3700 in

2154 3149 2346 3219 inquit,
2394 3148 2519 3203 bene
2555 3151 2851 3217 ﬁguratur,
2893 3148 3039 3217 quod
3066 3148 3189 3203 Δια
3215 3149 3333 3218 ﬁlia
3357 3149 3541 3211 Caleb,
3571 3151 3783 3206 sedens

2153 3218 2316 3289 super
2339 3222 2553 3274 asinum
2584 3220 2896 3289 suspiravit.
2930 3219 3033 3275 Cui
3051 3219 3199 3273 dixit
3219 3225 3383 3289 pater
3421 3236 3583 3275 suus:
3611 3222 3787 3287 Quid

2154 3293 2316 3345 habes
2330 3294 2358 3346 ?
2376 3293 2455 3347 At
2476 3291 2574 3344 illa
2593 3291 2869 3360 respondit
2894 3308 2911 3343 :
2928 3293 3010 3345 Da
3028 3291 3168 3344 mihi
3186 3291 3591 3346 benedictionem
3613 3311 3625 3344 :
3660 3298 3783 3347 ter-

2155 3379 2275 3416 ram
2300 3362 2613 3424 australem,
2638 3366 2689 3415 et
2713 3366 2951 3416 arentem
2978 3362 3182 3416 dedisti
3205 3364 3361 3425 mihi,
3378 3364 3542 3433 junge
3558 3368 3608 3416 et
3626 3364 3789 3418 irri-

2153 3449 2334 3502 guam.
2367 3433 2632 3503 Deditque
2652 3434 2704 3504 ei
2721 3437 2880 3501 pater
2903 3448 3032 3487 suus
3052 3435 3319 3501 irriguum
3342 3437 3578 3504 superius
3602 3439 3656 3487 et
3688 3438 3787 3489 ir-

2154 3507 2375 3573 riguum
2393 3502 2626 3571 inferius
2649 3502 2840 3573 (Josua:
2860 3510 2987 3571 xv).
3015 3505 3135 3559 Aza
3146 3508 3356 3575 quippe
3368 3502 3521 3575 super
3536 3508 3785 3563 asinum

2152 3575 2297 3629 sedet
2320 3594 2336 3628 :
2363 3591 2481 3629 cum
2501 3576 2974 3629 irrationabilibus
2992 3578 3168 3629 carnis
3189 3590 3300 3630 sua
3318 3577 3543 3630 motibus
3565 3579 3785 3635 anima

484 3660 579 3700 um
612 3642 857 3717 profusio
896 3642 1296 3717 lacrymarum,
1340 3643 1408 3699 de
1450 3659 1557 3715 qua
1596 3643 1947 3713 potissimum
1987 3645 2042 3700 in
2145 3646 2420 3717 praesidet.
2447 3646 2865 3714 Quasuspirans
2883 3652 3086 3716 apatre
3105 3652 3305 3701 terram
3323 3650 3577 3715 irriguam
3586 3653 3783 3717 petit,

445 3715 798 3786 sequentibus
828 3715 1023 3785 agitur.

476 3856 488 3862 _
514 3789 540 3821 δ
563 3786 704 3839 Hinc
732 3784 987 3862 colligere
1014 3781 1283 3862 esticellas
1308 3788 1551 3862 veterum
1581 3781 1802 3862 illor_ut_n
1847 3800 2043 3842 mona-

444 3856 675 3911 chorum
722 3852 890 3908 etiam
927 3854 980 3907 in
1021 3852 1310 3908 solitudine
1357 3852 1637 3922 agentium
1699 3853 1865 3910 fuisse
1906 3871 2045 3910 con-

432 3926 684 3999 junctas,
735 3933 829 3979 aut
877 3922 1233 3999 sa_ltem__sibi
1291 3922 1536 3999 vicinas,
1576 3926 2039 3999 quemadmodum

443 3994 609 4053 etiam
636 4001 867 4050 testatur
890 3994 999 4049 div.
1044 3994 1416 4065 Hieronymus
1454 3994 1611 4065 epist.
1646 4002 1715 4050 22
1745 3997 1819 4051 ad
1846 4002 2041 4053 Eusto-

442 4069 619 4123 chium
649 4066 717 4122 de
763 4066 1035 4120 canobitis
1076 4063 1335 4135 Egyptiis
1372 4064 1443 4119 ita
1483 4063 1726 4121 Scribens
1770 4086 1784 4122 :
1826 4072 2044 4124 Manent

443 4139 703 4209 separati,
731 4138 826 4209 sed
848 4137 1059 4205 junctis
1096 4137 1321 4209 cellulis.
1357 4138 1563 4209 Verum
1594 4137 1662 4192 de
1689 4137 1840 4194 cellis
1865 4148 1915 4194 et
1946 4140 2050 4196 cel-

444 4206 567 4264 lulis
617 4207 1015 4263 monachorum
1072 4206 1202 4261 alias
1249 4221 1395 4275 sape
1435 4207 1646 4263 dictum
1698 4218 1780 4265 est
1820 4212 1953 4277 (Lib.
2008 4225 2048 4266 ν

451 4283 692 4335 Institut.
712 4294 828 4347 cap.
852 4284 938 4343 37,
969 4283 1021 4332 et
1045 4277 1138 4332 lib.
1171 4293 1213 4333 Χ
1241 4294 1361 4349 cap.
1399 4278 1472 4349 3).

517 4360 546 4420 cf
570 4353 707 4416 Pro,
756 4349 1010 4420 repletur,
1043 4356 1106 4401 ut
1134 4348 1439 4418 Dionysius
1468 4348 1705 4405 reddidit
1724 4393 1739 4420 ,
1784 4352 2045 4408 Cassiano

441 4420 496 4475 id
530 4419 785 4487 frequens
804 4418 1125 4487 admodum.

516 4489 542 4524 ά
573 4463 714 4543 έὲίιθ
756 4495 809 4541 et
835 4495 956 4556 apte
985 4487 1052 4541 ad
1101 4486 1244 4540 hunc
1289 4486 1469 4556 locum
1500 4490 1739 4545 Joannes
1769 4490 2044 4550 Climacus
2077 4463 2128 4525 Β

440 4558 615 4633 gradu
642 4555 883 4633 septimo
905 4571 1017 4612 sua
1046 4557 1226 4633 scala,
1254 4555 1347 4610 ubi
1375 4557 1442 4611 de
1476 4558 2045 4633 haccompunctionis

444 4627 626 4705 gratia
656 4627 724 4684 et‘
760 4627 1315 4705 lacrymarumdono
1362 4642 1475 4705 non
1518 4629 1698 4705 minus
1732 4627 1831 4701 'pie
1876 4649 2040 4703 quam

445 4697 716 4760 subtiliter
763 4697 983 4774 disserit
1024 4719 1036 4753 :
1086 4699 1246 4774 Vidi,
1295 4697 1501 4774 inquit,
1533 4697 1773 4774 modicas
1828 4697 2037 4774 guttas,

443 4778 622 4831 instar
651 4773 965 4842 sanguinis,
997 4787 1117 4826 cum
1157 4771 1337 4828 labore
1362 4770 1582 4839 effundi.
1626 4773 1757 4828 Vidi
1793 4770 1843 4828 et
1863 4770 2040 4842 fontes

2151 3719 2284 3793 quia
2307 3732 2342 3769 a
2368 3716 2612 3772 Creatore
2638 3721 2822 3793 nostro
2851 3734 2970 3793 cum
2993 3734 3190 3787 magno
3227 3716 3789 3793 gemituqua'rerzda

2152 3792 2230 3860 est
2246 3788 2609 3860 lacrymarum
2629 3789 2831 3860 gratia.
2855 3787 2993 3843 Sunt
3012 3805 3240 3860 namque
3256 3787 3490 3842 nonnulli
3505 3790 3608 3856 qui
3610 3789 3784 3856 jam

2153 3859 2210 3911 in
2234 3859 2372 3912 dono
2390 3863 2742 3927 perceperunt
2762 3858 2925 3913 libere
2938 3876 3038 3930 pro
3048 3858 3271 3929 justitia
3289 3859 3446 3930 loqui,
3469 3874 3785 3928 oppressos

2152 3932 2307 3991 tueri,
2356 3930 2720 3996 indigentibus
2766 3929 3007 4000 possessa
3045 3931 3299 3994 tribuere,
3336 3929 3574 3983 ardorem
3613 3932 3783 3998 ﬁdei

2151 4000 2375 4067 habere;
2389 4000 2482 4054 sed
2501 4001 2679 4055 adhuc
2697 4005 2937 4070 gratiam
2953 4003 3315 4071 lacrymarum
3332 4017 3435 4056 non
3450 4002 3660 4057 habent.
3688 4006 3796 4061 Hi

2152 4073 2407 4125 nimirum
2433 4075 2634 4125 terram
2656 4073 2946 4127 australem
2975 4078 3026 4128 et
3047 4079 3284 4129 arentem
3304 4074 3518 4140 habent,
3542 4072 3635 4127 sed
3659 4077 3787 4130 ad»

2156 4143 2257 4196 huc
2274 4145 2481 4211 irrigua
2507 4144 2927 4212 indigent;equia
2955 4146 3013 4199 in
3042 4145 3189 4199 bonis
3213 4146 3458 4215 operibus
3479 4146 3661 4215 positi,
3697 4149 3774 4203 in

2154 4214 2349 4283 quibus
2369 4216 2556 4282 magni
2571 4220 2731 4282 atque
2750 4216 3011 4281 ferventes
3030 4221 3176 4279 sunt,
3199 4214 3405 4286 oportet
3422 4214 3679 4269 nimirum
3703 4225 3787 4273 ut

2154 4290 2252 4339 aut
2268 4288 2453 4351 timore
2466 4286 2724 4353 supplicii
2730 4291 2826 4338 aut
2842 4302 3023 4341 amore
3035 4290 3187 4357 regni
3200 4290 3420 4343 caelestis
3436 4288 3576 4341 mala
3592 4290 3779 4343 etiam

2153 4371 2274 4429 qua
2299 4360 2457 4409 antea
2470 4360 2859 4423 perpetrarunt
2884 4358 3178 4427 deplorent.
3207 4360 3313 4424 Sed
3341 4362 3496 4429 quia,
3526 4363 3588 4411 ut
3605 4358 3773 4425 dtu;

2154 4427 2259 4500 duo
2277 4430 2402 4479 sunt
2428 4429 2842 4495 compunctionis
2868 4446 3085 4497 genera,
3111 4430 3259 4484 dedit
3287 4432 3339 4484 ei
3352 4427 3509 4500 pater
3529 4445 3658 4483 suus
3688 4432 3777 4484 ir-

2154 4499 2365 4571 riguum
2384 4500 2633 4571 superius
2652 4503 2703 4552 et
2723 4500 2988 4569 irriguum
3005 4503 3251 4569 inferius.
3268 4499 3535 4571 Irriguum
3550 4503 3774 4571 quippe

2151 4570 2397 4641 superius
2432 4570 2625 4641 accipit
2653 4573 2860 4637 anima,
2884 4588 3002 4625 cum
3028 4586 3138 4626 sese
3157 4574 3216 4625 in
3243 4573 3495 4641 laorymis
3528 4570 3773 4630 cirlestis

2152 4641 2309 4715 regni
2326 4639 2591 4715 desiderio
2606 4643 2833 4715 afﬂigit;
2853 4646 3121 4715 irriguum
3140 4659 3262 4699 vero
3279 4639 3515 4710 inferius
3532 4646 3771 4715 accipit,

2148 4725 2265 4785 cum
2280 4712 2490 4785 inferni
2502 4713 2765 4785 supplicia
2781 4714 2955 4781 ﬂendo
2966 4717 3311 4784 pertimescit.
3330 4716 3409 4769 Ita
3430 4712 3770 4785 Gregorius.

2149 4784 2372 4857 A_t_vero
2400 4784 2470 4857 D.
2522 4784 2833 4857 Bernartius
2860 4799 3026 4839 serm.
3075 4790 3104 4839 3
3151 4785 3220 4841 de
3254 4784 3580 4857 Epiphania,
3642 4792 3775 4844 tres

445 4848 645 4926 absque
680 4845 860 4898 labore
881 4846 1159 4912 per/luere.
1378 4847 1853 4926 creaturamotum
1883 4864 1950 4926 ea:
1986 4864 2041 4926 se
2149 4851 2482 4926 differentias
2535 4854 2744 4924 piarum
2812 4854 3177 4926 lacrymarum
3226 4843 3503 4923 reéenset,
3551 4843 3773 4926 nempe

443 4913 640 4984 gignit,
672 4930 1073 4982 nonnumquam
1103 4929 1224 4968 vero
1253 4913 1475 4986 aliunde
1501 4918 1729 4986 suscipit
1754 4936 1770 4970 :
1797 4920 1875 4971 ita
1901 4925 1952 4973 et
1979 4921 2045 4975 de

446 4987 837 5054 oompunetione
860 4999 1067 5055 quoque
1116 4985 1450 5038 sentiendum
1483 4990 1580 5040 est.
1620 4985 1831 5055 Quoties
1860 4994 2045 5047 anima

444 5057 585 5112 nihil
599 5057 761 5109 etiam
782 5054 1093 5107 curantibus
1113 5056 1195 5107 vel
1210 5056 1442 5110 studiose
1457 5054 1802 5127 operantibus
1816 5063 1965 5117 nobis
1983 5066 2043 5118 in

446 5130 710 5197 lacrymas
740 5127 799 5178 vi
847 5128 1057 5177 secreta:
1101 5130 1515 5193 compunctionis
1558 5134 1794 5186 excitata
1836 5135 1896 5186 in
1933 5135 2043 5189 solo

444 5202 569 5267 ﬂetu
589 5197 926 5267 requieverit,
940 5209 1218 5248 curramus
1236 5197 1480 5262 sollicite;
1504 5204 1760 5256 Dominus
1777 5207 1913 5256 enim
1936 5222 2042 5260 non

441 5275 654 5342 vocatus
679 5268 914 5342 advenit,
941 5268 1327 5336 spongiamque
1344 5268 1520 5342 divini
1538 5276 1781 5325 man-oris
1801 5279 1852 5326 et
1877 5278 2043 5342 refri-

442 5341 581 5414 gerii
588 5340 807 5414 piarum
828 5338 1199 5414 lacrymarum
1211 5354 1379 5414 aquas
1394 5341 1541 5414 nobis
1556 5342 1777 5397 clemens
1786 5338 2039 5414 porrigit,

439 5411 634 5479 quibus
650 5409 931 5481 deleantur
944 5408 1140 5481 scelera
1152 5409 1499 5480 chirographi
1513 5414 1700 5466 nostri.
1721 5408 1884 5469 Serva
1900 5408 2037 5481 eum,

439 5487 499 5535 ut
519 5482 788 5554 pupillam
810 5480 949 5554 oculi
971 5482 1071 5542 tui,
1102 5479 1269 5534 donec
1294 5479 1477 5552 sponte
1498 5482 1674 5538 abeat.
1704 5487 1880 5554 Longe
1900 5479 2041 5543 enim

440 5554 615 5619 major
642 5557 719 5630 est
751 5552 1075 5630 huiusmodi
1098 5556 1517 5630 compunctionis
1550 5557 1659 5630 vis,
1709 5552 1873 5626 quam
1925 5561 2039 5630 ejus

439 5624 817 5695 quamstudio
849 5627 1031 5695 nostra
1066 5628 1125 5695 et
1144 5624 1322 5678 labore
1350 5624 1749 5695 acquisivimus.

509 5702 529 5727 c
564 5691 684 5746 Div.
729 5693 1027 5766 Gregorius
1074 5693 1186 5766 Iib._
1214 5708 1287 5749 ιιι
1331 5691 1545 5766 Dialog.
1579 5713 1697 5753 can.
1750 5706 1847 5765 34,
1902 5702 2042 5760 sicut

436 5762 885 5837 compunctionis.
950 5765 1029 5818 Ita
1073 5771 1126 5819 et
1174 5762 1538 5837 lacrymarum
1586 5762 1950 5841 Spiritualium
1986 5784 2040 5833 et

2112 5848 2120 5858 θ
2150 5779 2274 5832 alia
2300 5782 2548 5849 quadam
2586 5779 2872 5851 lacrymw,
2910 5786 3008 5854 qui

2153 4922 2871 4998 devotionis,_panitentia
2915 4922 2969 4981 et
3020 4926 3275 4984 fraterna
3330 4922 3767 4998 compassionis,

2152 4996 2469 5070 quaetiam
2502 4996 2554 5050 in
2602 4997 2706 5070 hoc
2746 4997 2922 5068 capite
2975 4998 3354 5070 exprimuntur
3386 5020 3398 5052 :
3446 4996 3555 5070 Har
3592 5003 3763 5061 sunt,

2152 5065 2347 5138 inquit,
2373 5069 2624 5137 lacryma
2640 5065 2950 5136 devotionis,
2980 5065 3257 5140 in'quibus
3285 5088 3391 5125 non
3416 5069 3771 5135 indulgentia

2145 5144 2502 5211 peccatorum,
2515 5140 2609 5193 sed
2621 5140 3003 5209 beneplucitum
3015 5144 3284 5211 quaeritur
3296 5145 3398 5198 Dei
3415 5144 3589 5198 Patris
3599 5182 3612 5198 .
3624 5156 3769 5197 cum

2151 5208 2421 5283 descendit
2440 5212 2495 5263 in
2520 5226 2613 5265 nos
2642 5208 2866 5281 spiritus
2890 5208 3195 5282 adoptionis
3218 5216 3474 5283 ﬁliorum,
3512 5214 3767 5267 testimo-

2150 5282 2299 5355 nium
2318 5283 2597 5355 perhibetis
2616 5284 2840 5352 spiritui
2854 5291 3053 5347 nostro,
3076 5282 3223 5355 quod
3233 5301 3420 5339 sumus
3438 5286 3545 5354 filii
3556 5286 3673 5348 Dei,
3692 5291 3771 5341 ut

2148 5352 2461 5419 melliﬂuam
2489 5354 2635 5406 nobis
2658 5369 2831 5408 vocem
2855 5356 2921 5409 de
2946 5357 3069 5409 calo
3085 5352 3367 5411 videamur
3393 5352 3597 5414 audire.
3619 5359 3777 5423 quia

2149 5437 2266 5497 vere
2294 5426 2435 5497 Deus
2462 5426 2620 5497 Pater
2648 5427 2707 5497 in
2730 5426 2880 5479 nobis
2909 5427 3225 5497 oomplaceat
3250 5429 3372 5482 sibi.
3414 5430 3516 5484 Nec
3546 5441 3772 5495 parum

2151 5492 2321 5569 distat
2337 5496 2488 5569 inter
2515 5495 2613 5549 has
2643 5496 2906 5564 lacrymas
2934 5492 3225 5569 devotionis
3268 5505 3318 5555 et
3346 5500 3520 5553 artatis
3546 5492 3770 5569 utique

2141 5564 2487 5640 jamrvirilis,
2520 5571 2569 5621 et
2591 5582 2678 5621 eas
2707 5584 2844 5637 quas
2862 5564 3131 5640 primaeva
3158 5576 3289 5625 atas
3314 5574 3458 5625 inter
3491 5564 3769 5637 infantia.-

2149 5639 2384 5712 vagitus
2395 5641 2591 5712 emisit,
2624 5640 2892 5708 lacrymas
2920 5642 3100 5710 utique
3124 5643 3455 5712 pauitantia
3483 5646 3537 5696 et
3555 5642 3769 5701 confes-

2148 5710 2333 5761 sionis.
2363 5710 2737 5764 Verumtamen
2756 5712 2913 5781 longe
2935 5728 3025 5767 am
3064 5710 3170 5768 lius
3191 5716 3440 5783 utrisque
3461 5715 3769 5783 procedunt

2150 5779 2274 5832 alia
2300 5782 2548 5840 quadam
2586 5782 2838 5840 (acri/mw
2859 5826 2872 5840 .
2910 5730 3108 5840 auidus
3144 5790 3196 5839 et
3230 5786 3558 5840 infunditur
3589 5800 3764 5840 sapor

3144 5790 3196 5839 et
3230 5786 3558 5852 infunditur
3589 5800 3764 5855 sapor
