4048 6208
224 262 317 317 805

1310 251 1643 308 ϐοιωτιο
1682 251 1772 307 IX.
1816 279 1881 291 —-
1923 251 2012 306 DE
2049 249 2429 307 ORATI'ONE.

3424 260 3530 317 806

220 384 413 445 affectu
440 383 526 440 vel
556 398 664 439 una
704 381 905 438 virtute
932 378 1297 452 depromitur.
1331 379 1501 435 Aliter
1534 378 1683 435 enim
1718 377 1813 435 ille
1838 381 1892 444 Α
1918 375 2269 445 describitur,
2310 376 2382 433 ita
2403 376 2594 433 dicens
2618 396 2633 431 :
2661 377 2792 444 Quis
2814 377 2967 434 dabit
2991 381 3163 449 capiti
3177 394 3290 436 meo
3309 398 3529 465 aquam,

230 486 437 538 emanat
482 477 642 534 fletus
674 477 771 549 qui
819 482 1170 548 peccatorum
1223 472 1378 545 spina
1430 488 1529 529 eor
1566 479 1821 528 nostrum

229 578 618 644 compungente
646 567 930 642 profertur
959 566 1028 623 de
1055 582 1166 638 quo
1195 564 1393 622 dicitur
1425 585 1438 620 :
1471 566 1738 622 Laboravi
1761 568 1822 623 in

224 667 419 736 gemitu
440 680 571 729 meo,
609 663 797 719 lavabo
816 662 1173 732 persingulas
1199 664 1373 716 noctes
1398 661 1592 715 lectum
1617 675 1819 729 meum,

225 761 474 829 lacrumis
520 760 656 813 meis
706 760 938 813 stratum
976 770 1151 812 meum
1186 756 1373 826 rigabo
1419 754 1586 828 (Psal.
1615 758 1728 826 vi).
1752 757 1823 813 Et

221 853 419 911 iterum
435 872 449 908 :
470 853 651 910 Deduc
664 854 827 923 quasi
834 855 1115 908 torrentem
1126 851 1502 921 lacrymasper
1513 850 1657 905 diem
1666 854 1716 904 et
1722 865 1823 921 per

220 951 444 1011 noctem,
469 950 526 1001 et
550 961 656 1001 non
684 945 776 1000 des
803 945 1042 1015 requiem
1066 945 1186 1009 tibi,
1212 959 1384 1014 neque
1410 947 1584 999 taceat
1604 943 1821 1014 pupilla

223 1041 364 1096 oculi
374 1042 460 1095 tui
464 1041 803 1109 (ThrenJv).
823 1037 1001 1094 Aliter
1009 1038 1104 1111 qui
1119 1037 1187 1094 de
1199 1036 1659 1108 contemplatione
1671 1043 1822 1091 aiter-

222 1150 418 1192 norum
445 1134 720 1190 bonorum
749 1141 805 1189 et
827 1131 1098 1190 desiderio
1137 1131 1282 1187 illius
1318 1128 1525 1188 futurae
1554 1129 1820 1186 claritatis

223 1227 490 1295 exoritur,
517 1243 617 1300 pro
641 1240 747 1300 qua
771 1227 931 1282 etiam
954 1224 1233 1282 uberiores
1256 1224 1623 1297 lacrymarum
1642 1222 1822 1279 fontes

217 1321 284 1379 de
307 1321 650 1378 intolerantia
681 1318 861 1393 gaudii
891 1328 945 1374 et
968 1317 1259 1375 alacritatis
1281 1317 1654 1373 immensitate
1686 1333 1821 1388 pro-

214 1422 500 1487 rumpunt,
529 1412 665 1469 dum
710 1413 826 1468 sitit
847 1411 1026 1467 anima
1059 1419 1249 1466 nostra
1281 1410 1350 1466 ad
1398 1412 1578 1464 Deum
1608 1408 1819 1465 fontem

220 1507 425 1571 vivum,
493 1506 700 1575 dicens,
745 1505 969 1573 Quaado
1011 1507 1222 1559 veniam
1270 1506 1322 1558 et
1366 1503 1638 1573 apparebo
1691 1506 1818 1558 ante

222 1604 557 1671 conspectum
589 1602 731 1657 Dei?
753 1602 994 1657 Fuerunt
1042 1599 1181 1652 mihi
1203 1597 1459 1666 lacrgma
1489 1612 1619 1650 mete
1647 1610 1817 1666 panes

217 1694 300 1750 die
335 1710 402 1750 ac
453 1699 603 1749 nocte
659 1693 822 1758 (Psal.
875 1690 1023 1763 xu),
1063 1705 1191 1747 cum
1233 1689 1443 1763 ejulatu
1489 1687 1730 1761 quotidie
1764 1697 1821 1745 et

1930 476 1982 527 et
2005 473 2172 526 oculis
2200 473 2331 527 meis
2375 473 2577 539 fontem
2607 473 2999 543 lacrymarum,
3037 478 3089 529 et
3112 475 3332 545 plorabo
3354 478 3411 530 in
3446 480 3534 535 die

1930 571 1982 622 et
2018 568 2079 620 in
2105 570 2252 621 nocte
2295 568 2603 635 interfectos
2642 569 2774 637 ﬁlim
2806 569 2998 639 populi
3026 572 3135 624 mei
3162 572 3371 640 (Jerem.
3404 571 3530 645 rx)?

1929 658 2027 716 Vel
2071 667 2220 716 certe
2265 658 2455 732 quales
2498 660 2607 717 illae
2652 669 2783 716 unt
2835 663 3092 735 laerymae
3126 663 3197 719 de
3230 664 3426 737 quibus
3474 666 3531 722 in

1930 754 2140 827 psalmo
2165 755 2464 811 centesimo
2489 755 2667 827 primo
2694 752 2928 823 canitur,
2959 758 3098 824 Quia
3134 760 3363 814 cinerem
3394 764 3535 817 sicut

1924 863 2119 919 panem
2147 848 2492 912 manducavi,
2525 853 2577 905 et
2605 851 2861 920 poculum
2878 866 3055 907 meum
3095 867 3216 907 cum
3240 854 3370 920 ﬂetu
3399 856 3531 910 mis-

1928 943 2127 999 cebam.
2161 943 2310 1013 Quas
2334 950 2552 999 certum
2576 952 2661 999 est
2689 958 2805 999 non
2844 943 2938 1000 illo
2973 940 3175 1001 affectu
3211 946 3390 1017 promi
3421 962 3530 1019 quo

1928 1036 1982 1093 in
1997 1045 2152 1094 sexto
2180 1037 2388 1109 psalmo
2421 1052 2486 1093 ex
2510 1052 2745 1109 persona
2774 1037 3090 1109 pmnitentis
3105 1051 3391 1113 emergunt
3414 1042 3533 1113 (Do-

1928 1133 2091 1194 mine,
2111 1147 2175 1185 ne
2199 1134 2257 1185 in
2273 1131 2460 1198 furore
2486 1135 2577 1185 tuo
2599 1146 2807 1199 arguas
2823 1146 2926 1195 me,
2944 1132 3198 1204 etc.),sed
3222 1149 3324 1205 pro
3339 1136 3533 1192 anxie-

1929 1221 2131 1279 tatibus
2147 1222 2275 1278 vitae
2304 1221 2467 1293 hujus
2489 1229 2651 1292 atque
2672 1222 2937 1293 angustiis
2963 1230 3022 1278 et
3044 1227 3533 1298 terumnis,quibus

1922 1312 2058 1385 justi
2097 1312 2152 1367 in
2174 1312 2281 1368 hoc
2316 1311 2525 1369 mundo
2556 1312 2721 1385 positi
2744 1312 3146 1385 deprimuntur.
3178 1317 3335 1386 Quod
3366 1320 3531 1376 etiam

1929 1406 2315 1480 psalmiipsius
2357 1422 2469 1462 non
2506 1406 2690 1463 solum
2734 1416 2939 1476 textus,
2991 1408 3091 1466 sed
3122 1412 3307 1477 ,etiam
3343 1413 3531 1472 titulus

1928 1502 2207 1558 evidenter
2234 1501 2475 1559 ostendit
2504 1504 2743 1569 (Titulus
2762 1506 2907 1574 psal.
2954 1509 3059 1573 cr),
3086 1507 3178 1578 qui
3202 1523 3269 1563 ex
3295 1524 3526 1580 persona

1927 1595 2180 1667 pauperis
2209 1595 2356 1651 illius
2382 1594 2454 1650 de
2501 1609 2612 1666 quo
2657 1596 2714 1651 in
2766 1597 3059 1668 Evangelio
3113 1599 3340 1669 dicitur,
3375 1606 3529 1662 Beati

1920 1702 2188 1758 pauperes
2210 1689 2428 1761 spiritu,
2461 1690 2718 1758 quoniam
2744 1691 2983 1759 ipsorum
3010 1695 3089 1746 est
3118 1707 3342 1761 regnum
3372 1698 3527 1752 caelo—

216 1788 610 1845 lamentatione
631 1787 999 1860 proclamans,
1028 1788 1147 1842 Heu
1167 1785 1307 1840 mihi
1331 1787 1590 1856 quoniam
1611 1784 1817 1839 incola-
1849 1787 1897 1850 B
1928 1797 2052 1836 rum
2078 1781 2297 1848 (Matth.
2356 1773 2439 1853 v),
2470 1781 2544 1835 ita
2581 1779 2910 1838 describitur
2941 1802 2954 1838 :
2981 1787 3010 1816 ⁸
3048 1785 3231 1840 Oratio
3263 1793 3528 1859 pauperis

216 1886 299 1938 tu:
321 1898 480 1939 meus
488 1883 842 1953 prolongatth
862 1884 961 1944 est,
982 1884 1035 1935 et
1052 1880 1281 1934 multum
1300 1879 1477 1934 incola
1500 1878 1618 1946 fuit
1637 1880 1824 1933 anima

210 1992 327 2033 mea
396 1977 573 2048 (Psal.
614 1976 804 2043 cxrx).
861 1973 1037 2029 Aliter
1071 1971 1353 2043 profluunt
1396 1971 1654 2043 lacrymai
1699 1984 1824 2042 quae

208 2068 416 2142 absque
454 2069 567 2125 ulla
616 2066 835 2139 quidem
879 2066 1073 2121 talium
1127 2062 1422 2120 criminum
1466 2064 1821 2132 conscientia,

203 2161 304 2219 sed
337 2168 539 2218 tamen
571 2159 638 2215 de
664 2167 817 2215 metu
857 2158 1122 2232 gehennae
1157 2166 1213 2213 et
1257 2154 1530 2212 horribilis
1560 2157 1702 2212 illius
1730 2155 1826 2228 ju-

202 2256 333 2316 dicii
366 2256 756 2315 recordatione
793 2254 1117 2328 procedunt,
1147 2253 1305 2326 cujus
1331 2261 1540 2308 terrore
1562 2249 1829 2324 propheta

202 2367 518 2428 percussus
542 2360 662 2411 orat
691 2350 759 2408 ad
798 2353 981 2406 Deum
1016 2350 1172 2405 :Non
1216 2350 1406 2416 intres,
1457 2345 1726 2417 inquiens,
1771 2346 1829 2400 in

196 2447 491 2518 judicium
506 2461 623 2499 cum
636 2459 787 2500 servo
816 2448 926 2509 tuo,
949 2445 1077 2514 quia
1100 2458 1207 2497 non
1219 2442 1613 2512 justiﬁcabitur
1632 2441 1691 2494 in
1709 2454 1829 2494 con-

204 2543 392 2611 spectu
420 2542 523 2593 tuo
541 2540 713 2593 omnis
737 2537 1100 2605 vivens(Psal.
1125 2535 1335 2603 cxur).
1369 2534 1467 2588 Est
1488 2532 1655 2588 etiam
1681 2531 1828 2588 aliud

209 2634 599 2707 lacrymarum
627 2647 817 2706 genus,
868 2629 1017 2703 quod
1056 2646 1167 2687 non
1195 2644 1294 2701 pro
1342 2643 1440 2683 sua
1476 2627 1827 2695 conscientia,

201 2728 296 2785 sed
347 2744 470 2802 pro
500 2727 688 2786 aliena
745 2724 946 2783 duritia
991 2724 1333 2798 peccatisque
1367 2729 1675 2796 generatur,
1720 2736 1831 2793 quo

201 2821 425 2879 Samuel
466 2820 721 2890 Saulem(
748 2822 767 2874 l
796 2823 923 2890 Reg.
955 2819 1081 2888 xv),
1106 2834 1216 2890 quo
1254 2817 1409 2873 illam
1441 2830 1661 2888 quoque
1699 2813 1832 2870 civi-

203 2923 377 2973 tatem
441 2913 758 2970 Jerusalem
813 2913 896 2968 vel
969 2912 1024 2968 in
1083 2911 1375 2985 praeteritis
1422 2911 1690 2968 Jeremias
1749 2911 1832 2979 (In

208 2996 470 3079 Thren.),
497 3008 579 3064 vel
607 3006 661 3063 in
690 3006 982 3080 Evangelio
999 3006 1273 3065 Dominus
1290 3008 1468 3076 (Luca
1484 3003 1834 3076 x1x)ﬂevisse

1931 1890 2049 1930 cum
2077 1877 2339 1930 anziatus
2376 1875 2567 1942 fuerit,
2595 1880 2649 1930 et
2676 1891 2858 1932 coram
2883 1866 2999 1933 Deo
3045 1879 3304 1948 effuderit
3322 1898 3531 1952 precem

1932 1978 2110 2024 Suam.
2141 1970 2169 2004 ³³
2198 1968 2288 2025 Ab
2331 1969 2414 2025 his
2451 1984 2581 2042 ergo
2616 1970 2873 2044 lacrymis
2905 1973 3141 2030 multum
3172 1974 3379 2034 distant
3424 1978 3533 2037 illa;

1934 2077 2057 2136 qum
2083 2061 2355 2119 obdurato
2407 2063 2572 2120 corde
2595 2063 2664 2121 de
2709 2063 2868 2121 siccis
2914 2067 3087 2123 oculis
3121 2071 3530 2143 exprimuntur,

1935 2172 2069 2229 quas
2093 2156 2215 2212 licet
2241 2172 2357 2213 non
2400 2158 2615 2230 penitus
2662 2158 3036 2217 infructuosae
3063 2177 3182 2219 esse
3217 2165 3531 2234 credamus,

1936 2250 2084 2307 bono
2113 2250 2258 2306 enim
2308 2251 2585 2323 proposito
2621 2266 2812 2308 earum
2850 2261 3151 2312 attentatur
3184 2258 3425 2331 emissio,
3466 2261 3534 2317 ab

1940 2340 2022 2397 his
2050 2342 2354 2413 praesertim
2400 2344 2495 2415 qui
2535 2343 2795 2415 necdum,
2851 2346 2933 2402 vel
2964 2346 3035 2405 ad
3084 2349 3373 2407 scientiam
3406 2369 3532 2425 per-

1936 2435 2123 2491 venire
2163 2436 2480 2508 perfectam,
2516 2437 2597 2493 vel
2647 2439 3003 2511 pristinorum
3038 2458 3137 2499 seu
3180 2430 3534 2515 praesentium

1938 2528 2198 2587 vitiorum
2250 2540 2549 2604 potuerunt
2573 2533 2642 2589 ad
2670 2550 2869 2605 purum
2894 2536 3014 2593 labe
3034 2539 3307 2597 mundari.

2502 2639 2740 2695 CAPUT
2791 2640 2988 2697 XXX.

2013 2734 2168 2801 Quod
2212 2734 2335 2789 elici
2390 2726 2499 2788 non
2555 2736 2784 2790 debeant
2837 2739 3090 2807 lacrumo:
3141 2744 3356 2810 quando
3434 2761 3539 2801 non

2382 2810 2694 2876 spontanece
2714 2810 3097 2877 proferuntur.

2014 2907 2099 2963 Ab
2116 2907 2204 2963 his
2224 2915 2408 2964 tamen
2434 2910 2530 2982 qui
2560 2909 2613 2966 in
2640 2909 2908 2969 affectum
2926 2913 3046 2986 jam
3073 2917 3333 2973 transiere
3364 2919 3536 2977 virtu-

1900 3082 1913 3097 .
1939 3008 2082 3071 tum,
2114 3011 2135 3037 ο
2162 3017 2507 3074 nequaquam
2535 3004 2696 3062 debet
2726 3005 2832 3063 hoc
2877 3008 3044 3065 modo
3069 3012 3375 3082 extorqueri
3399 3028 3536 3085 pro-

1326 3131 1579 3186 ALARDI
1617 3129 1843 3185 GAZA'ZI
1882 3128 2435 3185 COMMENTARIUS.

208 3261 354 3314 vini.
385 3259 539 3333 Illas
556 3257 696 3333 enim
725 3255 994 3324 lacrymas
1019 3269 1137 3333 vere
1164 3257 1232 3333 in
1246 3256 1436 3333 vinum
1464 3258 1670 3333 mutari
1688 3255 1835 3333 dime-
1867 3259 1910 3320 C
1946 3256 2059 3311 Cor.
2098 3257 2228 3326 vr)?
2255 3257 2397 3311 Solet
2424 3256 2738 3333 adulterina
2763 3262 3106 3333 compunctio
3134 3261 3417 3317 elationem
3452 3267 3541 3333 gi-

201 3332 341 3393 rim,
356 3343 492 3398 qua:
504 3328 768 3394 fraterna
779 3327 1152 3395 compassionis
1163 3327 1376 3393 affectu
1385 3328 1445 3379 in
1453 3328 1662 3393 fervore
1668 3326 1837 3395 prod-

208 3397 696 3459 eunt’charitatis,
725 3411 828 3467 pro
879 3413 989 3466 qua
1016 3400 1180 3451 etiam
1212 3399 1286 3451 ad
1314 3397 1520 3459 horam,
1551 3399 1635 3451 tui
1661 3398 1832 3466 ipsius

211 3475 536 3533 immemor,
568 3468 745 3522 sobria
774 3468 1017 3537 quadam
1046 3468 1300 3523 ebrietate
1326 3468 1545 3523 videris.

283 3553 310 3578 ⁸
333 3541 572 3599 Titulus
606 3546 701 3611 est
732 3539 923 3610 psalmi
954 3538 1239 3594 centesimi
1275 3539 1456 3610 primi,
1487 3539 1579 3611 qui
1608 3537 1832 3611 incipit;

215 3615 492 3673 Domine,
519 3610 729 3666 exaudi
737 3609 1038 3665 orationem
1055 3626 1248 3678 meam,
1277 3609 1336 3664 et
1357 3609 1555 3666 clamor
1584 3625 1733 3664 meus
1761 3609 1835 3663 ad

210 3691 263 3740 te
286 3685 510 3739 veniat.
543 3684 704 3737 Hunc
745 3681 960 3737 titulum
986 3681 1188 3736 habent
1215 3696 1407 3738 omnes
1452 3682 1668 3738 codices
1718 3682 1835 3736 He-

205 3755 415 3820 braici,
452 3752 627 3809 Graeci
650 3761 704 3807 et
724 3752 932 3824 Latini,
968 3768 1094 3809 cum
1115 3753 1290 3824 aliqua
1320 3761 1502 3809 tamen
1539 3754 1831 3808 verborum

207 3826 529 3893 varietate;
553 3840 682 3879 nam
706 3823 1159 3895 div.Augustinus
1195 3823 1322 3894 legit
1358 3844 1370 3879 :
1424 3827 1609 3881 Oratio
1636 3826 1831 3894 inopis,

204 3912 399 3953 cuma

204 3913 334 3953 cum
360 3913 685 3965 angeretur,
717 3913 766 3949 ei
786 3913 845 3948 in
863 3913 1139 3963 conspectu
1155 3913 1369 3947 uanum
1397 3913 1606 3960 enuau
1633 3913 1837 3962 precem

201 3984 400 4024 suam.
438 3966 555 4020 Alii
584 3984 597 4017 :
633 3965 813 4019 Oratio
844 3966 1099 4031 pauperis
1128 3978 1248 4015 cum
1273 3966 1470 4015 anrius
1484 3966 1678 4023 fuerit,
1704 3968 1754 4016 et
1782 3967 1839 4016 in

199 4040 520 4107 conspectu
538 4034 755 4088 Domini
774 4032 1039 4107 effuderit
1041 4046 1253 4107 precem
1265 4035 1532 4107 suamlix
1553 4046 1661 4107 quo
1680 4031 1839 4107 titulo

198 4100 455 4181 elicitur
497 4110 882 4181 argumentum
906 4100 1149 4181 ejusdem
1191 4100 1404 4181 psalmi.
1446 4104 1546 4155 Est
1572 4100 1719 4181 enim
1755 4101 1840 4181 hic

199 4177 507 4252 psalmus_
550 4170 787 4225 formula
838 4170 1094 4254 quaedam
1136 4170 1346 4254 orandi,
1394 4172 1632 4254 quatuti
1671 4172 1841 4254 possit

203 4240 372 4306 imus
399 4241 645 4315 quisque
674 4240 893 4313 pauper,
915 4240 1397 4315 au‘t’inafﬂictione
1411 4240 1644 4313 positus,
1668 4240 1840 4298 immo

197 4312 467 4392 quilibet
519 4312 791 4392 peccator
810 4312 1137 4392 conscientia
1186 4312 1515 4392 stimulante
1543 4316 1757 4392 anxius,
1786 4322 1840 4369 et

198 4382 315 4467 Dei
347 4382 572 4467 timore
597 4382 900 4467 perculsus,
945 4390 998 4438 et
1032 4382 1100 4439 ad
1127 4385 1555 4467 recuperandam
1581 4385 1696 4457 ejus
1725 4400 1841 4467 grai.

204 4463 361 4518 tiam
421 4464 490 4512 et
544 4453 1035 4511 reconciliationem
1077 4453 1354 4512 anhelans.
1393 4455 1551 4526 Quod
1606 4453 1841 4512 sensisse

203 4533 460 4589 videtur
492 4529 558 4582 Β.
588 4526 970 4599 Hieronymus,
998 4527 1132 4581 dum
1159 4527 1211 4581 in
1224 4528 1635 4583 Commentario
1656 4528 1843 4584 scribit

206 4601 578 4674 Prophetam
618 4597 860 4674 loqui'in
890 4599 1655 4674 persona_peccatoris._V_ere
1692 4599 1840 4655 enim

205 4667 408 4731 nulth
437 4678 536 4727 est
559 4667 854 4742 pauperior
879 4667 944 4742 et
974 4667 1221 4742 miserior
1248 4683 1314 4723 eo
1348 4669 1439 4742 qui
1483 4670 1685 4740 indiget
1713 4686 1839 4742 gra-

208 4746 284 4801 tia
330 4743 469 4801 Dei.
532 4737 685 4795 Unde
727 4748 781 4795 et
820 4737 1061 4810 Ecclesia
1094 4737 1238 4810 hunc
1268 4737 1540 4810 psalmum
1586 4737 1843 4796 numerat

209 4816 361 4886 inter
385 4821 621 4886 septem
648 4808 1326 4886 psalmos_poenitenti.ales.

283 4881 315 4921 ³³
335 4879 529 4943 Juvat
559 4879 665 4937 hic'
683 4883 845 4937 etiam
881 4879 1109 4936 JOannis
1144 4880 1367 4936 Climaci
1407 4880 1762 4935 saluberrima
1791 4890 1844 4937 et

212 4958 349 5014 huic
380 4959 526 5012 loco
559 4961 921 5009 consentanea
962 4950 1235 5007 ascribere
1282 4951 1487 5006 monita
1523 4972 1534 5007 :
1568 4954 1847 5009 Nonnum-

215 5045 412 5098 quam,
427 5028 523 5083 ait
540 5025 759 5093 (Gradu
770 5023 842 5092 7),
859 5025 1031 5098 luctui
1037 5024 1619 5098 quisecundumADeum
1630 5029 1727 5086 est,
1739 5026 1849 5078 ina-

212 5095 301 5155 nis
329 5101 548 5170 gloria
562 5098 867 5170 miscentur
880 5097 1108 5170 ingratis
1132 5095 1565 5170 lacrymce._Quod
1593 5100 1715 5148 tunc
1733 5098 1853 5170 ﬁeri

213 5166 377 5240 piee't
405 5169 738 5242 prudenter
745 5166 1243 5242 animadvertimus,
1261 5181 1377 5242 cum
1394 5167 1566 5234 lugere
1574 5168 1851 5242 nosmetip-

215 5236 302 5298 sos
316 5248 373 5298 et
396 5236 599 5296 tamen
624 5239 926 5307 malignari
944 5236 1254 5291 viderimus.
1279 5237 1618 5307 Compunctio
1634 5240 1852 5309 proprie

217 5318 299 5368 est
313 5314 513 5369 animi
529 5311 705 5373 dolor,
720 5312 868 5363 omni
874 5309 1102 5364 elatione
1110 5323 1312 5375 carens,
1325 5324 1417 5363 nec
1431 5310 1599 5363 ullam
1624 5309 1732 5364 sibi
1752 5325 1854 5363 om-

221 5387 353 5439 nino
385 5382 822 5439 consolationem
861 5381 1163 5449 indulgens,
1185 5381 1456 5450 solamque
1479 5382 1851 5437 resolutionem

224 5469 387 5510 suam
422 5454 590 5510 horis
628 5453 858 5521 singulis
877 5452 1168 5515 meditans,
1202 5454 1709 5523 consolationemque
1731 5454 1849 5515 Dei,

225 5542 341 5594 qua
369 5525 622 5582 humiles
646 5524 923 5578 monachos
936 5526 1143 5587 visitat,
1157 5529 1218 5578 ut
1245 5541 1442 5594 aquam
1466 5527 1729 5593 frigidam
1753 5540 1853 5579 ea:-

350 5603 510 5652 tans.
542 5596 757 5660 Quoties
774 5596 833 5647 in
852 5596 937 5648 his
953 5598 1049 5664 qui
1063 5596 1352 5650 secundum
1381 5599 1547 5651 Deum
1578 5598 1752 5664 lugere
1782 5597 1855 5649 vi-

224 5610 510 5721 fipectans.
542 5610 757 5660 quoties
774 5610 833 5647 in
852 5610 937 5648 nis
953 5611 1045 5664 qui
1063 5610 1352 5650 secundum
1381 5610 1547 5651 Deum
1578 5610 1752 5664 lugere
1782 5611 1854 5649 vi-

264 5674 437 5723 entur
462 5667 781 5735 superbiam
797 5670 894 5720 aut
916 5668 1054 5720 iram
1074 5667 1498 5736 deprehenderis,
1527 5668 1854 5722 horumscito

229 5739 525 5807 lacrymas
576 5752 679 5791 non
717 5753 784 5791 ea:
823 5739 897 5791 eis
923 5752 1030 5792 esse
1077 5754 1210 5807 quas
1249 5741 1578 5808 compunctio
1623 5738 1853 5793 salubris

228 5809 398 5865 elicit.
431 5811 580 5876 Qua:
606 5811 747 5863 enim
762 5811 1004 5872 societas,
1038 5810 1235 5878 inquit,
1266 5810 1398 5865 lucis
1422 5810 1495 5864 ad
1517 5811 1756 5865 tenebras
1780 5810 1851 5880 (ll

487 3901 685 3956 eretur,
717 3898 845 3949 etin
863 3900 1139 3963 conspectu
1155 3897 1372 3947 Domini
1397 3896 1606 3960 effudit
1633 3911 1837 3962 precem

1946 3341 2108 3399 gnere
2130 3344 2147 3392 ;
2173 3342 2237 3399 ea
2259 3342 2382 3381 vero
2417 3343 2534 3395 qua:
2549 3326 2839 3383 laudabilis
2862 3326 2911 3383 et
2930 3332 3156 3399 probata
3172 3336 3267 3396 est,
3297 3326 3541 3389 consola-

1943 3398 2159 3471 tionem.
2189 3397 2341 3471 Sicut
2379 3398 2524 3465 ignis
2561 3399 2825 3471 stipulam
2854 3397 3153 3468 inﬂammat
3179 3406 3231 3455 et
3260 3410 3539 3471 consumit,

1944 3469 2027 3520 ita
2047 3469 2207 3520 casta:
2219 3468 2471 3536 lacrymce
2484 3468 2665 3522 sordes
2683 3484 2861 3523 omnes
2874 3475 2925 3524 et
2934 3472 3174 3525 visibiles
3186 3477 3237 3526 et
3251 3468 3544 3533 invisibiles

1943 3542 2277 3592 consumunt.
2317 3541 2708 3613 Lacrymarum
2737 3542 3003 3613 rationem
3022 3543 3271 3613 plerique
3317 3548 3542 3604 Patrum

1940 3623 2047 3683 non
2068 3615 2289 3683 patere,
2309 3614 2360 3664 et
2385 3624 2494 3665 esse
2504 3610 2967 3683 _obscurissimam,
2995 3610 3158 3683 atque
3175 3610 3257 3668 ad
3284 3618 3544 3675 inveniam

1941 3679 2073 3755 dum
2100 3680 2455 3755 dificillimam
2479 3681 2764 3751 definiunt,
2791 3683 2958 3755 idque
3001 3679 3167 3740 in—his
3202 3689 3543 3755 potissimum

1944 3752 2042 3820 qui
2062 3752 2223 3824 rudes
2249 3753 2584 3807 imbuuntur.
2614 3757 2702 3809 Ea-
2726 3752 2909 3809 multis
2932 3771 3158 3824 namque
3182 3752 3268 3811 eas
3292 3764 3342 3813 et
3372 3764 3545 3819 variis

1944 3823 2306 3877 occasionibus
2318 3826 2484 3893 gigni,
2494 3828 2629 3892 puta
2640 3841 2708 3878 ex
2719 3830 2936 3887 natura,
2953 3841 3021 3878 ea:
3032 3823 3157 3891 Deo,
3172 3843 3238 3880 ea:
3250 3831 3547 3894 afﬂictione

1944 3894 2315 3963 vituperabili,
2343 3897 2576 3963 itemque
2594 3912 2662 3949 ea:
2684 3894 2968 3957 laudabili,
3000 3911 3067 3948 ca:
3083 3897 3247 3950 inani
3260 3898 3454 3964 gloria,
3479 3916 3546 3954 ea:
3632 3902 3641 3907 ’

1945 3964 2305 4038 fornicatione
2322 3969 2372 4017 et
2391 3966 2692 4038 dilectione,
2720 3980 2786 4038 etc
2804 3967 2989 4038 mortis
3004 3969 3280 4033 memoria,
3314 3968 3546 4038 aliisque

1940 4032 2216 4105 plurimis.
2251 4037 2452 4105 Verum
2478 4037 2718 4089 omnibus
2747 4037 2829 4088 his
2858 4037 3224 4105 lacrymarum
3252 4032 3424 4093 modis
3450 4032 3546 4093 Eli-

1950 4103 2072 4175 vino
2100 4104 2291 4175 timore
2322 4103 2577 4158 discussis
2598 4111 2648 4159 et
2676 4108 2921 4172 cognitis,
2952 4103 3020 4159 ear
3035 4107 3168 4175 jugi
3182 4112 3379 4161 nostra:
3399 4125 3547 4164 reso-

1949 4171 2169 4244 lutionis
2188 4175 2443 4244 memoria
2471 4171 2853 4228 mundissimas
2881 4179 2932 4227 et
2955 4177 3024 4228 ab
3037 4171 3189 4230 omni
3208 4179 3432 4244 fraudis
3450 4197 3547 4236 su-

1947 4242 2397 4316 spic-ionealienas
2427 4244 2849 4316 lacrymasnobis
2881 4260 3188 4316 comparare
3210 4242 3542 4308 studeamus.

1948 4314 2296 4391 Nequecnim
2326 4320 2405 4367 est
2429 4316 2488 4367 in
2517 4317 2592 4369 eis
2626 4315 2875 4391 elationis
2902 4314 3133 4391 furtiva:
3166 4323 3419 4391 suspicio,
3455 4325 3548 4380 sed

1949 4384 2258 4461 emundatio
2298 4400 2518 4461 magna,
2537 4389 2918 4461 profectusque
2959 4389 3238 4445 charitatis
3254 4384 3314 4445 in
3352 4384 3544 4461 Deum,

1942 4457 2254 4536 peccatique
2282 4456 2522 4536 abolitio.
2544 4456 2602 4512 et
2639 4459 3042 4536 candidissima,
3077 4462 3213 4536 etab
3249 4468 3396 4520 omni
3414 4456 3546 4536 per;

1951 4526 2319 4606 tu-rbationum
2332 4532 2561 4606 strepitu
2575 4537 2777 4586 remota
2796 4546 2860 4585 ac
2873 4532 3188 4606 felicissima
3200 4526 3433 4606 requies:
3444 4543 3546 4595 Eos

1948 4611 2074 4675 sane
2094 4599 2407 4675 quilugent_,
2429 4617 2826 4671 nonnumquam
2855 4603 2924 4657 ab
2952 4607 3170 4674 optimis
3201 4599 3452 4675 lacrymis
3474 4613 3549 4664 in-

1950 4669 2178 4732 choasse,
2206 4675 2335 4727 etin
2361 4673 2652 4729 deteriores
2672 4669 2931 4741 desinere,
2961 4669 3054 4729 nec
3080 4691 3289 4737 novum,
3313 4669 3415 4730 nec
3441 4682 3550 4731 mi-

1948 4755 2067 4793 rum
2093 4748 2213 4806 est;
2247 4745 2338 4798 sed
2382 4761 2416 4797 a
2457 4748 2746 4800 contrariis
2773 4750 2870 4799 aut
2908 4747 3075 4799 etiam
3112 4746 3460 4799 naturalibus
3491 4750 3551 4801 in

1947 4812 2254 4883 spirituales
2280 4817 2579 4879 transferri
2590 4817 2882 4883 lacrymas,
2905 4818 2954 4867 et
2971 4814 3356 4883 singulareest,
3382 4820 3430 4868 et
3445 4816 3555 4870 lau-

1949 4880 2105 4934 dibus
2139 4899 2323 4936 revera
2347 4880 2748 4950 dignissimum.
2783 4886 2892 4937 Hoc
2921 4884 3101 4934 autem
3132 4882 3408 4951 problema
3430 4903 3552 4942 ma-

1952 4952 2507 5026 nifestiusnoverunt,
2534 4955 2631 5021 qui
2642 4956 2781 5026 circa
2804 4952 3255 5026 inanemgloriam
3274 4960 3552 5026 proniores

1955 5024 2101 5097 sunt.
2129 5024 2268 5097 Noli,
2282 5028 2574 5097 antequam
2592 5025 2825 5097 perfecte
2850 5024 3172 5088 emunderis,
3193 5024 3553 5097 lacrymarum

1958 5095 2177 5145 tuarum
2205 5093 2467 5167 imbribus
2490 5093 2712 5167 credere.
2740 5098 2919 5164 Neque
2938 5096 3075 5149 enim
3100 5096 3259 5150 habet
3285 5093 3445 5167 ﬁdem
3471 5105 3552 5155 vi-

1957 5177 2087 5238 num
2113 5166 2296 5217 statim
2323 5180 2348 5217 e
2380 5166 2732 5220 torcularibus
2757 5177 3085 5237 expressum.
3122 5166 3308 5223 Omnes
3337 5172 3554 5238 quidem

1960 5233 2224 5302 lacrymas
2244 5239 2487 5303 nostras,
2510 5251 2644 5306 quas
2653 5233 2941 5293 secundum
2954 5242 3121 5293 Deum
3141 5233 3550 5308 profundimus,

1961 5318 2071 5358 esse
2094 5309 2293 5361 mirum
2326 5308 2489 5361 utiles
2519 5323 2669 5363 nemo
2694 5315 2770 5364 est
2794 5311 2891 5379 qui
2928 5311 3258 5379 refragetur.
3300 5312 3555 5378 Qum/tam

1960 5391 2082 5430 vero
2114 5381 2187 5433 sit
2204 5380 2417 5434 utilitas
2444 5382 2731 5451 earum,in
2755 5385 2990 5451 tempore
3006 5386 3199 5451 nostra:
3212 5384 3555 5451 migrationis

1960 5462 2318 5524 agnoscemus.
2348 5451 2627 5524 Hactenus
2654 5450 2741 5507 ille
2762 5449 3050 5524 profunda
3070 5449 3373 5509 admodum
3398 5465 3454 5512 et
3482 5471 3557 5514 re-

1964 5520 2196 5577 conditae
2220 5521 2480 5577 doctrina:
2499 5521 2595 5576 vir.
2764 5520 2782 5524 “
2828 5556 2831 5565 ς

2043 5596 2271 5665 ογυοοθῑ
2304 5592 2359 5648 id
2395 5593 2606 5665 egregie
2646 5590 2959 5665 Ludovicus
2998 5594 3349 5653 Granatensis
3378 5597 3472 5655 lib.
3509 5616 3557 5659 Π

1964 5665 2031 5749 de
2053 5664 2315 5719 Oratione
2361 5671 2416 5718 et
2441 5663 2830 5749 ’llléditatione.
2881 5666 3003 5749 Huc
3027 5666 3293 5749 pertinent
3317 5687 3441 5742 quae
3465 5672 3559 5749 Ade

1965 5739 2333 5818 lacrima-rium
2383 5734 2552 5818 gratia
2592 5750 2890 5818 earumque
2914 5734 3223 5818 sterilitate,
3254 5734 3559 5818 qii_aa_viris

1964 5805 2329 5880 spiritualibus
2353 5805 2587 5863 subinde
2625 5805 2936 5881 contingere
2963 5809 3119 5881 solet,
3172 5805 3357 5867 scribit
3382 5813 3557 5865 Joan-
