4048 6208
261 207 370 265 809

1367 205 1707 265 COLLATIO
1747 209 1835 264 IX.
1863 237 1946 254 .--
1982 208 2072 266 DE
2109 209 2484 268 ORATlONE.

3475 227 3580 284 810

267 331 366 388 stri
393 331 483 388 illa
510 332 796 402 sententia,
819 305 1169 405 Quaecumque
1197 337 1412 390 orantes
1434 337 1641 406 petitis,
1667 335 1868 391 credite
1891 339 1948 402 Α
1976 350 2143 406 quam
2193 346 2414 410 propter
2462 337 2786 396 indelessam
2836 340 3169 414 petitionum
3217 359 3580 417 perseveran-

272 433 401 503 quia
423 435 714 504 accipietis,
734 437 786 488 et
809 435 1024 490 venient
1045 435 1194 492 vobis
1239 432 1438 506 (Marci
1463 435 1578 504 ιι).

785 534 1029 593 CAPUT
1065 536 1338 594 XXXIII.

339 628 572 699 Objectio
591 601 736 700 quod
748 630 1031 700 praedicta:
1050 631 1411 686 exauditionis
1429 630 1631 702 ﬁducia
1657 634 1871 686 tantum

621 703 820 756 sanctis
851 703 1126 757 convenire
1149 702 1418 757 videatur.

337 795 656 854 Germanus
682 815 696 854 :
723 799 882 854 Hanc
909 798 1275 856 exauditionis
1305 797 1564 856 ﬁduciam
1607 796 1868 854 nimirum

275 889 344 947 de
363 889 712 948 conscientia:
733 893 966 965 puritate
984 892 1264 950 credimus
1295 906 1573 950 emanare.
1597 893 1869 950 Caeterum

267 997 394 1054 nos,
411 1001 646 1057 quorum
666 1001 764 1042 cor
779 985 958 1044 adhuc
976 995 1329 1060 peccatorum
1349 986 1506 1059 spina
1525 985 1865 1058 compungit,

258 1077 733 1150 quemadmodum
771 1095 894 1136 eam
916 1079 1116 1137 habere
1153 1095 1466 1154 possumus,
1507 1079 1670 1138 nullis
1695 1088 1870 1152 patro-

257 1171 577 1230 cinantibus
603 1173 818 1231 meritis
840 1175 1036 1247 quibus
1059 1173 1424 1232 exaudiendas
1454 1175 1727 1231 orationes
1750 1187 1870 1231 nos

263 1273 384 1323 tras
414 1256 738 1325 ﬁducialiter
756 1273 1194 1341 praesumamus?

799 1373 1042 1429 CAPUT
1065 1373 1234 1429 XXX
1244 1374 1334 1429 IV.

407 1467 696 1536 Responsio
718 1466 786 1522 de
809 1465 1038 1522 diversis
1057 1467 1471 1522 exauditionum
1490 1467 1688 1522 causis.
1759 1505 1764 1508 -

331 1559 490 1613 Isaac
515 1574 532 1612 :
555 1565 582 1594 ι
605 1557 859 1616 Diversas
883 1559 1294 1616 exauditionum
1316 1573 1510 1616 causas
1543 1573 1664 1616 esse
1685 1573 1872 1616 secun-

253 1648 396 1707 dum
417 1650 728 1709 animarum
753 1653 1034 1712 diversum
1058 1669 1124 1710 ac
1152 1653 1368 1710 varium
1397 1661 1606 1712 statum
1634 1667 1870 1728 evange-

1974 431 2109 488 tiam
2145 431 2615 505 importunitatem
2643 449 2826 492 sermo
2854 436 3180 496 Dominicus
3233 441 3567 501 nominavit.

1976 525 2171 594 Amen,
2190 539 2345 581 amen
2363 525 2483 581 dico
2499 527 2670 596 vobis,
2695 531 2824 599 quia
2839 530 3003 586 sinon
3016 535 3242 603 propter
3255 534 3576 602 amicitiam,

1976 619 2060 674 vel
2079 623 2307 690 propter
2352 620 2825 692 importunitatem
2883 625 2998 696 ejus
3047 630 3232 696 surget
3261 631 3311 682 et
3353 627 3507 684 dabit
3533 632 3586 686 ei

1977 718 2246 784 quantum
2281 729 2414 785 opus
2436 713 2687 771 habuerit
2711 717 2886 782 (Luae
2912 720 3020 784 x1).
3049 719 3232 776 Habes
3261 719 3320 774 in
3339 721 3574 778 eleemo—

1978 821 2246 880 synarum
2293 806 2470 866 fructu
2517 828 2531 864 :
2577 810 2816 876 Include,
2845 809 3052 883 inquit,
3102 813 3483 884 eleemosynam
3519 818 3580 872 in

1979 903 2137 959 corde
2151 907 2431 975 pauperis,
2456 908 2508 960 et
2530 907 2652 976 ipsa
2679 906 2854 961 orabit
2869 922 2974 977 pro
3003 911 3054 963 te
3075 909 3135 963 in
3159 912 3390 980 tempore
3417 911 3580 966 tribu-

1983 997 2198 1054 lationis
2248 997 2436 1069 (Eccle.
2495 998 2687 1071 xxxx).
2721 998 2906 1055 Habes
2941 999 2999 1056 in
3042 1002 3428 1059 emendatione
3459 1003 3580 1062 vitae

1977 1099 2036 1147 et
2067 1091 2326 1164 cperibus
2349 1091 2760 1163 misericordia,
2797 1092 3106 1150 secundum
3137 1095 3273 1152 illud
3301 1116 3315 1153 :
3345 1099 3580 1154 Dissolve

1975 1186 2338 1256 colligationes
2363 1187 2690 1257 impietatis,
2732 1187 2874 1242 solve
2913 1189 3198 1254 fasciculos
3225 1190 3582 1261 deprimentes

1977 1280 2152 1352 (Isaia:
2176 1279 2366 1351 LVIII).
2417 1281 2488 1337 Et
2511 1286 2636 1352 post
2679 1295 2870 1352 pauca,
2906 1279 3108 1351 quibus
3137 1279 3461 1339 infructuosi
3491 1281 3578 1354 je-

1969 1371 2112 1444 junii
2154 1371 2413 1430 sterilitas
2455 1371 2746 1445 castigatur
2776 1389 2790 1428 :
2837 1375 3005 1444 Tunc,
3034 1371 3212 1446 inquit
3231 1415 3248 1442 ,
3277 1375 3574 1441 invocabis,

1977 1469 2030 1522 et
2051 1467 2312 1524 Dominus
2355 1466 2695 1535 exaudiette;
2722 1470 2773 1522 et
2809 1467 3086 1532 clamabis,
3135 1471 3186 1524 et
3213 1467 3350 1524 dicet
3386 1487 3404 1522 :
3449 1472 3580 1526 Ecce
3627 1465 3633 1472 ’

1977 1558 2176 1614 adsum
2209 1559 2426 1626 (Ibid).
2475 1561 2904 1632 Nonnumquam
2958 1575 3088 1616 sane
3141 1561 3382 1620 exaudiri
3412 1563 3578 1622 etiam

1976 1651 2396 1709 tribulationum
2434 1653 2682 1710 nimietas
2731 1651 2880 1723 facit,
2918 1654 3218 1712 secundum
3257 1655 3435 1716 illud:
3483 1659 3576 1718 Ad

258 1743 366 1802 lica
395 1745 514 1803 sive
551 1745 870 1820 prophetica
913 1756 1189 1806 testantur
1229 1748 1476 1820 eloquia.
1514 1747 1700 1804 Habes
1726 1747 1878 1804 enim
1908 1739 1956 1802 B
1985 1748 2294 1810 Dominum,
2332 1762 2451 1802 cum
2475 1746 2786 1812 tribularer,
2813 1747 3062 1816 clamavi,
3095 1752 3144 1804 et
3187 1750 3467 1806 exaudivit
3493 1766 3577 1808 me

257 1839 314 1896 in
340 1840 582 1898 duorum
609 1843 964 1900 consensione
981 1841 1228 1900 fructum
1257 1841 1626 1900 exauditionis
1667 1840 1872 1898 Domi-

257 1933 386 1990 nica
417 1950 550 1992 voce
577 1935 872 2008 signatum,
905 1935 1208 1994 secundum
1246 1935 1383 1993 illud
1411 1954 1426 1990 :
1459 1937 1527 1993 Si
1551 1936 1661 1992 duo
1689 1953 1758 1996 ex
1781 1951 1871 1992 vo-

263 2027 345 2084 bis
375 2031 732 2085 consenserint
760 2045 924 2100 super
951 2033 1175 2094 terram,
1217 2029 1284 2084 de
1314 2031 1462 2084 omni
1487 2045 1545 2086 re
1571 2045 1868 2100 quamcum-

259 2137 365 2192 que
383 2123 680 2192 petierint,
721 2125 813 2191 ﬁet
841 2122 954 2177 illis
983 2137 1018 2176 a
1044 2124 1204 2178 Patre
1230 2137 1374 2191 meo,
1405 2124 1506 2193 qui
1530 2125 1588 2177 in
1616 2125 1758 2179 caelis
1790 2128 1870 2179 est

257 2215 491 2282 (Matth.
508 2218 706 2282 xvut).
733 2213 918 2272 Habes
949 2214 1118 2272 aliam
1145 2213 1202 2270 in
1229 2213 1355 2272 ﬁdei
1385 2213 1720 2296 plenitudine
1747 2231 1869 2290 quae

252 2321 444 2379 grano
477 2306 684 2378 sinapis
721 2316 1092 2380 comparatur.
1121 2310 1176 2368 Si
1223 2309 1390 2380 enim,
1443 2309 1644 2384 inquit,
1667 2313 1866 2369 habue-

253 2403 390 2457 ritis
419 2401 584 2472 ﬁdem
611 2405 753 2458 sicut
770 2419 1000 2474 granum
1023 2407 1250 2477 sinapis,
1281 2405 1472 2462 dicetis
1493 2409 1664 2461 monti
1695 2407 1820 2463 huic
1845 2425 1863 2464 :

266 2495 478 2552 Transi
503 2495 648 2560 hinc,
679 2499 727 2552 et
757 2497 1035 2564 transibit,
1060 2504 1111 2556 et
1137 2499 1280 2555 nihil
1304 2499 1626 2570 impossibile
1649 2502 1753 2556 erit
1777 2515 1867 2557 vo-

247 2588 340 2650 .bis
369 2589 608 2658 (Matth.
639 2595 819 2660 xvn).
868 2591 1054 2650 Habes
1079 2592 1136 2648 in
1162 2591 1480 2650 assiduitate
1523 2593 1860 2664 orationum,

1979 1843 2149 1909 (Psal.
2200 1856 2275 1900 cx
2283 1841 2392 1916 rx).
2441 1844 2514 1898 Et
2552 1841 2750 1898 iterum
2790 1862 2803 1899 :
2841 1845 2921 1902 Ne
2945 1845 3267 1913 afﬂixeritis
3293 1846 3574 1916 advenam;

1975 1940 2103 2010 quia
2115 1939 2166 1994 si
2183 1938 2515 2006 clamaverit,
2531 1937 2827 1993 exaudiam
2841 1953 2984 2008 eum,
3001 1939 3133 2008 quia
3145 1939 3444 1994 misericors
3457 1955 3576 1996 sum

1975 2031 2175 2099 (Exod.
2205 2031 2384 2103 xm).
2415 2029 2626 2088 Videtis
2669 2045 2800 2103 ergo
2850 2039 2986 2102 quot
3037 2029 3218 2088 modis
3265 2031 3577 2092 obtineatur

1975 2122 2334 2194 exauditionis
2360 2123 2552 2197 gratia,
2582 2131 2644 2180 ut
2670 2123 2855 2180 nullus
2891 2122 2961 2180 ad
2988 2123 3328 2197 impetranda
3363 2141 3426 2182 ea
3453 2141 3576 2199 quae

1974 2217 2226 2274 salutaria
2278 2223 2413 2272 sunt
2463 2223 2520 2272 et
2568 2223 2791 2285 interna,
2843 2217 3188 2273 conscientiae
3226 2233 3342 2274 suae
3378 2217 3575 2292 despe-

1973 2311 2184 2368 ratione
2222 2309 2522 2382 frangatur.
2574 2310 2656 2366 Ut
2689 2309 2836 2366 enim
2879 2307 3226 2366 miseriarum
3253 2319 3573 2370 nostrarum
3612 2378 3623 2384 .

1971 2403 2436 2476 contemplatione
2521 2402 2856 2470 concedam,
2909 2418 3032 2484 nos
3107 2404 3364 2462 omnibus
3435 2405 3570 2476 illis,

1971 2513 2108 2570 quas
2157 2513 2322 2570 supra
2381 2497 2836 2565 memoravimus,
2864 2497 3079 2570 penitus
3125 2497 3414 2557 destitutos
3455 2515 3575 2558 esse

1971 2591 2294 2663 virtutibus,
2323 2599 2508 2648 etnec
2544 2591 2698 2648 illam
2725 2605 2830 2648 nos
2858 2589 3058 2650 habere
3087 2593 3416 2652 laudabilem
3444 2593 3576 2653 duo-

1363 2745 1622 2802 ALARDI
1659 2745 1886 2802 GAZEI
1921 2742 2483 2801 COMMENTARIUS.

239 2883 450 2942 {aeque
491 2874 721 2942 _cap._34
759 2867 997 2942 inferius
1021 2868 1376 2940 explicantur.
1423 2872 1520 2942 Est
1563 2869 1712 2927 enim
1758 2868 1866 2927 hoc

241 2939 590 2998 discriminis
634 2939 776 3012 inter
819 2939 1211 3012 promissiOnes
1251 2941 1354 2998 Dei
1421 2940 1760 2998 afﬁrmantes
1809 2949 1866 2996 et

243 3018 574 3092 negantem.
593 3009 742 3092 quod
779 3009 1038 3092 negantes
1049 3011 1306 3092 absolute
1347 3021 1404 3068 et
1443 3013 1560 3069 sine
1605 3013 1714 3070 ulla
1763 3027 1865 3068 ex-

245 3080 517 3155 ceptione
558 3080 962 3155 intelligantur;
1009 3080 1353 3155 afﬁrmantes
1382 3098 1508 3138 vero
1553 3099 1865 3155 numquam

245 3149 538 3218 absolute,
579 3149 676 3223 sed
717 3149 846 3223 cum
877 3151 1004 3223 hac
1061 3153 1375 3222 exceptione
1413 3153 1652 3223 generali
1695 3149 1728 3209 ι’
1759 3153 1864 3210 nisi

244 3225 394 3296 quid
425 3221 714 3296 impediat,
737 3221 1030 3296 velsimili.
1051 3224 1133 3296 U_t
1149 3221 1320 3296 Marci
1339 3221 1449 3296 ιιγί
1472 3240 1487 3277 :
1520 3225 1624 3296 Qui
1639 3224 1868 3296 credide-

1971 2873 2190 2926 Patrem
2211 2871 2271 2923 in
2288 2869 2502 2924 nomine
2523 2883 2656 2935 meo,
2682 2867 2836 2923 dabit
2855 2867 3018 2922 vobis.
3040 2867 3458 2933 Exaudiantur,
3483 2869 3575 2930 ἱιιο-

2011 2941 2114 3005 uit,
2143 2955 2318 2995 omnes
2340 2940 2520 2994 sancti
2534 2953 2637 3009 pro
2662 2941 2852 3008 seipsis
2873 2957 2891 2993 :
2922 2955 3030 2994 non
3055 2943 3235 2994 autem
3267 2955 3370 3009 pro
3407 2943 3578 2996 omni-

2011 2957 2114 3005 un,
2143 2957 2318 2995 omnes
2340 2957 2516 2994 sancti
2534 2957 2637 3009 pro
2662 2957 2852 3008 seipsis
2873 2957 2891 2993 :
2922 2957 3030 2994 non
3055 2957 3235 2994 autem
3267 2957 3370 3009 pro
3407 2957 3574 2996 omm-

1971 2957 2070 3067 gus
2099 3011 2493 3072 exaudiuntur,
2529 3010 2640 3065 sive
2667 3011 2873 3072 amicis,
2915 3011 3300 3081 siveiinimicis,
3331 3012 3414 3066 vel
3447 3015 3574 3081 qui-

1973 3083 2200 3139 buslibet
2224 3083 2372 3149 aliis;
2403 3081 2534 3152 quia
2559 3095 2667 3152 non
2694 3080 3208 3152 utcumquedictum
3245 3085 3352 3144 est,
3379 3080 3569 3152 dabit,

1971 3155 2085 3222 sed,
2125 3153 2282 3224 dabit
2325 3149 2493 3224 vobis.
2531 3149 2793 3224 QSecunda
2832 3149 3084 3224 conditio
3111 3159 3194 3207 est
3223 3159 3284 3207 ut
3316 3149 3574 3224 petantur

1972 3220 2434 3304 necessaria,gvel_
2467 3221 2618 3304 utilia
2656 3220 2725 3278 ad
2765 3223 3016 3304 salutem.
3065 3224 3246 3304 quam
3289 3220 3570 3304 conditiq-

243 3286 352 3376 fit,
387 3298 444 3376 e_t
471 3286 778 3376 baptizatus
801 3293 1208 3376 fuerit,_salvus
1239 3295 1344 3349 erit
1382 3286 1612 3376 (supple,
1636 3293 1682 3350 si
1709 3301 1870 3376 caete-
1895 3286 1940 3349 C
1967 3286 2341 3376 nem_colligit
2381 3293 2530 3376 idem
2558 3291 2932 3376 ‘Augustinus.
2976 3307 3040 3348 ex
3071 3286 3473 3376 illishverbis”:
3505 3299 3570 3353 In

241 3381 308 3423 ra
331 3362 896 3436 habeatnecessaria).
918 3364 1024 3436 Qui
1037 3379 1274 3436 veronon
1285 3362 1601 3436 crediderit,
1626 3365 1870 3421 condem-

235 3437 505 3493 nabitur.
523 3438 712 3508 Itaque
721 3434 988 3508 sententia
1002 3441 1055 3490 et
1067 3434 1458 3506 promissioilla
1473 3453 1490 3490 :
1511 3439 1868 3508 Quaecumque

240 3511 491 3588 amnica
495 3506 708 3588 petitis,
737 3506 1115 3588 credite_qu_ia_
1144 3509 1434 3588 accipietis,
1465 3514 1595 3588 etc,
1640 3506 1864 3588 cumlsit

233 3577 614 3650 aﬂirmatlva,
651 3593 765 3634 non
787 3588 872 3650 est
909 3577 1154 3635 absolute
1189 3577 1574 3650 intelligenda,
1607 3577 1704 3635 sed
1732 3594 1860 3650 cum

237 3648 354 3722 hac
379 3647 703 3722 conditione
734 3670 747 3706 :
795 3647 840 3722 si
866 3650 1014 3706 recte
1042 3648 1260 3722 petatis.
1292 3647 1450 3722 Ha'nc
1478 3649 1634 3722 enim
1663 3649 1850 3722 condi-

236 3721 472 3778 tionem
514 3719 916 3794 intelligendam
953 3719 1074 3778 esse
1098 3720 1342 3778 insinuat
1369 3721 1426 3777 S.
1457 3721 1695 3794 Iacobus
1721 3741 1736 3789 ;
1765 3721 1855 3779 di-

229 3808 378 3932 gna
427 3795 682 3932 :getitis,
716 3798 770 3850 et
789 3807 896 3848 non
923 3795 1187 3864 accipitis,
1220 3809 1276 3850 eo
1323 3793 1468 3863 quod
1492 3795 1632 3850 male
1651 3795 1856 3865 petatis

287 3880 376 3920 ac.
409 3879 432 3920 ι
513 3907 524 3918 .
564 3881 566 3884 ν

257 3867 376 3921 Jac.
409 3867 524 3921 in.
564 3881 566 3884 ν

237 3863 564 4004 (ΙῗσῬξῖξη
602 3941 809 4004 auctor
836 3933 1107 4004 explicare
1139 3931 1338 4004 quibus
1364 3931 1599 4004 mediis,
1625 3933 1854 3989 rationi-

233 4003 352 4062 bus
385 4013 448 4060 et
486 3999 893 4058 conditionibus
910 3999 1206 4055 'facilius‘a
1245 4003 1367 4054 Deo
1409 4001 1768 4058 exaudiamur
1802 4013 1860 4059 et

230 4075 618 4144 impetremus
639 4071 786 4142 quod
812 4069 1070 4144 petim_us_._
1102 4071 1510 4144 Enumerantur
1535 4077 1720 4126 autem
1769 4071 1859 4129 hic

231 4139 345 4200 sei
382 4139 732 4212 conditiones
777 4139 1010 4212 e'isacris
1022 4139 1231 4212 litteris
1257 4139 1532 4212 collectae,
1574 4155 1699 4212 quae
1728 4157 1860 4198 ora-

228 4214 475 4270 tionem
517 4211 693 4283 solent
717 4211 942 4283 reddere
977 4209 1258 4283 efﬁcacem
1298 4217 1352 4266 et
1385 4209 1818 4283 impetratoriam
1838 4253 1855 4281 ,

227 4284 354 4342 hoc
415 4289 534 4350 est,
578 4281 769 4354 juvare
809 4282 878 4339 ad
906 4281 1333 4354 impetrandum;
1371 4281 1569 4354 nempe
1623 4283 1858 4340 charitas

227 4299 354 4342 noc
415 4299 534 4350 est,
609 4299 769 4340 avare
809 4299 878 4339 au
906 4299 1333 4354 impetranaum;
1371 4299 1569 4354 nempe
1623 4299 1856 4340 cnaritas

225 4356 526 4435 fraterna,
574 4299 744 4435 (lges,
785 4352 1210 4435 perseverantia,
1249 4353 1647 4435 eleemosynae,
1679 4355 1856 4435 poeni-

226 4426 444 4492 tentia,
478 4431 534 4480 et
585 4423 914 4482 afﬂictarum
955 4423 1211 4492 gemitus.
1242 4423 1518 4482 Ceterum
1549 4425 1636 4482 ha:
1659 4423 1856 4484 condi-

221 4499 428 4570 tiones
476 4495 580 4570 etsi
611 4496 852 4570 multum
883 4495 1098 4552 valeant
1125 4495 1196 4552 ad
1224 4495 1662 4570 impetrandum,
1709 4513 1853 4570 prae-

225 4569 447 4640 sertim,
479 4567 640 4640 simul
675 4568 880 4640 junctae
907 4574 964 4622 et
997 4567 1404 4636 concurrentes,
1433 4584 1544 4640 non
1567 4568 1642 4626 ita
1667 4567 1854 4626 tamen

223 4649 317 4732 ut‘
346 4637 976 4732 infallibilerm,‘certugi
1003 4645 1058 4732 et
1099 4639 1696 4732 perpetuumnhabeant
1725 4640 1852 4723 ⁸ἰιιξ-
1879 4669 1930 4732 D
1956 4642 2155 4726 nostris
2189 4637 2248 4696 co

227 4709 572 4789 patrationis
603 4707 884 4789 effectum.
917 4707 1078 4789 Nulla
1102 4707 1266 4763 enim
1307 4717 1390 4765 est
1418 4709 1520 4789 Dei
1548 4711 1850 4789 _promissiq
1879 4707 1929 4732 ν
1955 4713 2098 4789 mini
2116 4707 2419 4789 congruth
2436 4707 2726 4789 vbluntati:
2751 4709 2910 4789 Quod
2922 4707 3089 4789 etiam
3114 4711 3230 4789 inp:

1956 4785 2157 4838 minica
2183 4779 2475 4839 admiscere
2494 4782 2849 4850 prwcipimu-r
2871 4779 3120 4850 dicentes,
3155 4779 3288 4850 _Fiat
3309 4781 3555 4850 voluntas

223 4775 536 4848 absoluta,
583 4795 689 4852 qua
737 4779 873 4837 certi
921 4775 1228 4852 efﬁciamur
1266 4793 1368 4852 nos
1411 4775 1659 4852 absolute
1700 4782 1850 4852 quod

227 4855 576 4928 petierimus
598 4849 1000 4928 impetraturos
1013 4891 1044 4928 _,_
1053 4849 1250 4928 positis
1262 4849 1378 4928 _illis
1415 4849 1818 4928 copditionibus
1831 4872 1848 4922 ;

227 4919 360 4984 cum
392 4938 628 4994 semper
660 4919 990 4994 intelligatur
1011 4919 1098 4975 illa
1136 4919 1376 4994 conditio
1419 4941 1430 4977 :
1462 4924 1526 4994 Si
1559 4919 1853 4994 cwterare.’

264 5000 448 5054 uisita
496 4991 702 5050 adsint.
729 4991 999 5062 Quaenam
1028 5005 1154 5048 vero
1183 4991 1291 5048 sint
1328 4991 1438 5060 illa,
1470 4992 1711 5050 declarat
1739 4993 1850 5051 div.

264 5014 448 5054 utstta
496 5014 702 5050 ααδῑηῑ.
729 5014 999 5062 quaenam
1029 5014 1154 5048 γεω
1183 5014 1291 5048 δωι
1329 5014 1438 5060 Illa,
1470 5014 1711 5050 αεοιειι-ειι
1739 5014 1850 5051 (HV.

126 5114 134 5121 .
221 5014 490 5126 g‘homas
521 5065 614 5122 his
642 5064 824 5120 verbis
855 5069 1076 5136 (2.2,q.
1108 5067 1208 5130 83,
1233 5067 1342 5136 art.
1372 5069 1467 5131 t3)
1503 5084 1516 5120 :
1549 5067 1850 5129 Ponuntur,

226 5139 414 5212 inquit
431 5181 450 5206 ,
513 5140 754 5212 quatuor
809 5135 1142 5212 conditiOnes
1179 5135 1374 5212 quibus
1423 5137 1854 5212 concurrentibus

225 5205 450 5284 sernper
479 5205 691 5278 aliquis
719 5209 976 5284 impetrat
993 5205 1142 5284 quod
1171 5207 1350 5284 petit:
1378 5211 1440 5262 ut
1461 5208 1655 5262 scilicet
1677 5223 1780 5284 pro
1802 5223 1858 5264 se

223 5278 420 5353 petiit,
465 5281 774 5353 necessaria
806 5278 882 5353 ad
924 5279 1172 5353 salutem,
1212 5279 1308 5353 pie
1343 5287 1394 5337 et
1425 5281 1852 5353 perseveranter.

227 5347 412 5424 'Quas'
427 5349 784 5424 conditiones
817 5348 1026 5422 juverit
1057 5347 1154 5424 _hic
1176 5347 1338 5420 paulo
1379 5347 1719 5424 enucleatius
1757 5365 1855 5406 ex-

230 5418 464 5496 plicare.
509 5421 696 5480 Prima
714 5418 915 5496 _itaQue
937 5418 1194 5478 conditio‘
1213 5427 1294 5496 est
1323 5430 1386 5478 ut
1413 5437 1596 5496 prose
1624 5422 1855 5496 quisque

235 5491 410 5565 petat.
463 5491 789 5565 Nonuenim
812 5491 1028 5564 Semper
1063 5491 1430 5565 exaudiuntur
1451 5493 1620 5565 etiam
1640 5491 1850 5565 sancti,

235 5561 372 5624 dum
406 5581 520 5640 pro
547 5563 669 5640 aliis
700 5571 886 5632 orant;
921 5561 1138 5640 quando
1167 5563 1375 5640 scilicet
1405 5564 1484 5622 illi
1521 5579 1620 5640 pro
1657 5564 1855 5640 quibus

227 5633 428 5708 prant'
447 5635 607 5708 digni
636 5650 745 5690 non
773 5642 901 5690 sunt
937 5633 1040 5708 qui
1083 5635 1380 5708 accipiant,
1430 5644 1495 5708 ut
1522 5633 1698 5692 "docet
1719 5633 1850 5708 “div.

232 5705 606 5793 'Atiglistin'usl
622 5713 867 5793 trag‘tatu.
881 5705 978 5793 7.8;
993 5705 1048 5761 in
1067 5791 1077 5793 _
1095 5705 1372 5793 Joannem
1385 5749 1402 5792 ρ
1439 5707 1602 5793 idque
1650 5705 1856 5793 colligit

229 5794 303 5844 ex
325 5777 462 5838 illis
488 5777 676 5833 verbis
703 5777 924 5836 Domini
946 5779 1106 5834 Joan.
1149 5793 1261 5836 xvr
1292 5799 1304 5836 :
1333 5781 1396 5837 Si
1423 5779 1564 5852 quid
1583 5777 1854 5851 petieritis

464 5870 738 5924 Paraon.
774 5867 991 5924 XLIX.

1975 3369 2186 3421 nomine
2243 3362 2375 3419 meo.
2423 3362 2796 3435 Quodcumque
2843 3364 3012 3427 enim,
3068 3362 3268 3434 inquit,
3332 3369 3568 3435 petimus

1975 3437 2236 3492 adversus
2262 3435 2560 3492 utilitatem
2591 3434 2818 3496 salutis,
2861 3449 2969 3488 non
2988 3435 3226 3503 petimus
3259 3436 3320 3488 in
3339 3434 3568 3494 nomine

1971 3507 2300 3574 Salvatoris;
2337 3509 2389 3562 et
2425 3509 2602 3559 tamen
2665 3505 2780 3574 ipse
2827 3505 3078 3561 Salvator
3116 3509 3214 3572 est;
3256 3521 3362 3561 non
3397 3509 3568 3564 solum

1968 3578 2184 3648 quando
2209 3579 2346 3646 facit
2369 3575 2510 3647 quod
2528 3577 2782 3648 petimus,
2808 3591 2993 3630 verum
3021 3577 3184 3630 etiam
3210 3578 3428 3646 quando
3461 3595 3568 3637 non

1964 3647 2125 3718 facit;
2163 3650 2422 3718 quoniam
2463 3647 2610 3717 quod
2641 3647 2788 3702 videt
2806 3649 2923 3716 peti
2945 3650 3132 3702 contra
3167 3649 3418 3714 salutem,
3459 3665 3568 3708 non

1961 3719 2211 3788 faciendo
2231 3721 2361 3792 plus
2387 3735 2442 3775 se
2473 3719 3065 3792 exhibetASalvatorem.
3094 3720 3256 3776 Novit
3291 3721 3432 3776 enim
3452 3738 3564 3778 me-

1961 3793 2114 3848 dicus
2142 3789 2278 3863 quid
2309 3807 2410 3863 pro
2433 3805 2554 3854 sua,
2579 3789 2714 3863 quid
2739 3793 2924 3844 contra
2953 3789 3182 3863 salutem
3208 3805 3362 3863 suam
3378 3797 3567 3863 poscat

1962 3861 2214 3933 agrariis;
2239 3867 2291 3918 et
2309 3861 2446 3916 "ideo
2475 3861 2749 3916 contraria
2768 3861 3036 3929 poscentis
3055 3873 3162 3933 non
3197 3861 3565 3933 facit_volun-

1963 3929 2148 4002 tatem,
2177 3929 2241 3989 ut
2268 3934 2446 4000 faciat
2471 3933 2798 3986 sanitatem:
2824 3932 3154 4000 quapropter
3177 3929 3392 3998 quando
3413 3933 3564 3986 volu-

1964 4009 2173 4082 mus_ut
2217 4005 2389 4082 faciat
2426 4002 2795 4082 quodcumque
2836 4002 3090 4082 petimus,
3119 4003 3560 4082 nguutcumque,

1964 4073 2058 4127 sed
2083 4074 2142 4125 in
2161 4075 2374 4126 nomine
2395 4071 2530 4142 ejus,
2571 4073 2666 4126 hoc
2685 4075 2762 4126 est
2777 4111 2794 4134 ,
2823 4071 2883 4123 in
2905 4071 3120 4142 nomine
3153 4071 3455 4142 salvatoris
3469 4089 3568 4142 pe-

1966 4145 2162 4221 tamus.
2184 4145 2265 4196 lta
2291 4137 3180 4221 Augustinus._Verquflicacius
3208 4139 3300 4196 illa
3319 4137 3563 4221 cenditio

1965 4211 2145 4284 colligi
2163 4225 2324 4284 posse
2348 4207 2584 4284 videtur,
2617 4217 2678 4266 ut
2717 4207 2926 4284 colligit
2954 4213 3292 4284 Auctor,”
3337 4210 3429 4268 illa
3469 4215 3564 4271 Jo-

1965 4278 2126 4338 annis
2143 4278 2404 4339 sententia
2435 4300 2448 4336 :
2480 4283 2605 4336 Haec
2648 4284 2726 4336 est
2757 4278 2956 4350 ﬁducia
2993 4296 3158 4350 quam
3195 4283 3450 4340 habemus
3487 4287 3562 4344 ad

1962 4357 2150 4422 Deum,
2181 4355 2313 4424 quia
2352 4351 2623 4423 quidquid
2653 4353 2972 4424 petierimus
2995 4355 3285 4409 secundum
3311 4357 3561 4414 volunta-

1963 4430 2068 4500 tem
2097 4421 2241 4496 ejus,
2285 4421 2442 4480 audit
2459 4421 2555 4479 nos
2580 4421 2826 4500 _(IfJoan.
2859 4421 2940 4496 v).
2967 4424 3140 4500 _Unde
3179 4424 3340 4482 infert
3368 4431 3559 4500 Angu-

1963 4497 2142 4579 stisvs
2167 4517 2181 4552 =
2212 4500 2553 4579 Erycum
2563 4496 2658 4579 193's
2681 4499 2893 4579 tanta")
2915 4497 3137 4579 PIan
3161 4513 3253 4579 τιοε
3277 4503 3329 4554 ετ
3349 4496 3558 4557 adibi-

1963 4569 2182 4624 tabilem
2201 4566 2763 4766 jiﬁauditz‘onis
2788 4566 2981 4623 habere
3005 4569 3283 4639 ﬁduciam,
3307 4587 3426 4640 quia
3450 4589 3558 4628 non

1963 4642 2155 4696 nostris
2189 4655 2248 4696 co
2476 4680 2494 4708 ,
2541 4655 2632 4694 nec
2651 4641 2856 4695 solatiis
2886 4641 3286 4708 temporalibus,
3319 4642 3413 4695 sed
3444 4647 3556 4696 Do-

1963 4713 2093 4766 mini
2116 4728 2396 4766 conaruun
2436 4711 2725 4766 voluntati.
2751 4709 2905 4766 Ouod
2929 4711 3089 4763 etiam
3114 4711 3174 4762 in
3191 4712 3432 4764 oratione
3451 4715 3554 4766 Do-

2476 4654 2494 4708 ,
2541 4655 2632 4694 nec
2651 4641 2856 4695 solatiis
2886 4641 3286 4708 temporalibus,
3319 4642 3413 4695 sed
3444 4647 3556 4696 Do-

2249 4709 2419 4766 ruunt
2436 4711 2725 4766 voluntati.
2751 4709 2905 4776 Quod
2929 4711 3089 4763 etiam
3114 4711 3174 4762 in
3191 4712 3432 4764 oratione
3451 4715 3554 4766 Do-

2155 4590 2230 4638 η]
2290 4590 2299 4596 ’

2189 4590 2500 4744 si“?

2155 4728 2392 4744 mm...”
2436 4726 2498 4744 ,ςη

1958 4858 2074 4916 nia,
2099 4855 2313 4915 scilicet,
2336 4867 2441 4904 non
2471 4846 2844 4916 nostra'(Vide
2869 4847 3124 4916 Bellarm.
3151 4846 3245 4902 lib.
3278 4861 3301 4903 1
3327 4847 3393 4904 de
3417 4853 3550 4908 Bon.

1967 4914 2131 4993 Oper.
2175 4914 2301 4993 cap.
2349 4925 2424 4983 9).
2461 4919 2642 4974 Tertia
2667 4914 2926 4993 _ronditio
2976 4922 3038 4970 ut
3077 4915 3161 4986 pie
3202 4925 3450 4993 petamus
3499 4931 3554 4980 et

1961 4985 2204 5048 oremus.
2231 4985 2409 5048 Pietas
2442 4996 2625 5044 autem
2667 4987 2788 5058 haec
2827 4985 3064 5058 quinque
3080 4985 3427 5048 conditiones
3463 4993 3552 5049 in-

1962 5061 2154 5130 cludit,
2196 5059 2498 5135 se_cun_dum
2533 5057 2646 5135 div,
2679 5057 2952 5135 qumam
2977 5057 3076 5114 ubi
3101 5075 3266 5135 supra
3306 5063 3547 5135 :rﬁdem,

1962 5129 2145 5201 Spem,
2219 5130 2574 5199 charitatem,
2633 5129 2998 5187 humilitatem
3068 5138 3124 5186 et
3173 5129 3547 5192 devotionem;

1963 5151 1988 5190 S
2028 5151 2145 5201 εω,
2219 5151 2574 5199 cnaritatem,
2633 5151 2998 5187 [1111111111816111
3068 5151 3124 5186 BI
3175 5151 3547 5192 aevouonem.

1963 5151 2174 5275 (fuarta
2223 5201 2466 5275 conditio
2518 5209 2586 5275 u_t_
2625 5209 3027 5275 perseveranter
3079 5217 3326 5275 oremus.
3395 5205 3554 5263 Hanc

1962 5272 2108 5333 enim
2133 5273 2508 5332 conditionem
2531 5272 2778 5329 Christus
2798 5272 3122 5328 inculcatam
3147 5273 3316 5331 voluit
3339 5275 3554 5336 duabus

1947 5347 2068 5404 illis
2093 5344 2398 5420 parabolis,
2432 5344 2603 5420 altera
2631 5343 2929 5420 importuni
2950 5343 3127 5420 _amici
3157 5361 3326 5417 panes
3354 5347 3550 5406 intem-

1963 5414 2117 5492 pesta
2145 5427 2308 5492 nocte
2330 5415 2421 5492 _ab
2455 5415 2635 5492 amico
2673 5414 2924 5492 petentis,
2949 5416 3116 5472 Luca:
3144 5414 3231 5484 i1;
3250 5419 3442 5492 __alt_era
3473 5422 3552 5492 vi-

1963 5485 2088 5546 duae
2149 5489 2464 5562 improbum
2506 5485 2750 5562 judicent
2802 5485 3155 5562 importune
3183 5488 3554 5562 sollicitantis;

1962 5562 2130 5617 Lucae
2151 5557 2338 5618 xv'm.
2365 5563 2478 5618 Nec
2501 5557 2649 5616 aliud
2674 5557 2986 5631 significare
3013 5557 3183 5631 voluit
3208 5559 3312 5616 illis
3338 5561 3518 5620 verbis
3543 5557 3556 5619 Ξ

1965 5634 2183 5708 Oportet
2219 5647 2428 5708 semper
2455 5647 2610 5708 orare
2637 5634 2687 5686 et
2713 5629 3010 5708 numquam
3047 5629 3284 5701 deﬁcere,
3334 5640 3396 5692 ut
3447 5635 3559 5708 plc-

1963 5699 2088 5763 nius
2125 5699 2372 5779 sequenti
2407 5703 2694 5762 collatione
2715 5699 3096 5760 declarabitur.

3214 5873 3282 5922 26
