4048 6208
443 221 537 275 8U

1528 209 1812 267 JOANNIS
1847 207 2152 265 CASSIANI
2189 207 2676 267 COLLATIONES.

3654 215 3754 273 812

440 363 570 406 rum
599 349 1047 415 consensionem,
1093 359 1198 401 nec
1242 342 1392 399 illam
1429 340 1597 397 ﬁdem
1628 332 1801 410 granc
1846 336 2051 408 sinapis
2075 338 2128 401 Α
2157 338 2719 407 cumquepetieritisin
2733 338 2967 392 oratione
2980 336 3763 407 credentes,accipietisetnihil

443 448 847 514 comparatam,
877 454 981 497 nec
1017 437 1107 495 illa
1157 451 1322 508 opera
1347 433 1566 507 pietatis
1611 446 1736 505 qua:
1781 432 2048 503 propheta

444 536 730 604 describit;
762 551 897 591 num
938 532 1018 590 vel
1061 530 1535 604 importunitatem
1580 542 1704 600 qua:
1749 525 1901 583 omni
1944 540 2046 581 vo-

440 629 572 687 lenti
601 628 941 702 suppeditat,
989 626 1192 683 habere
1234 640 1344 681 non
1374 624 1705 697 possumus?
1734 623 1837 677 Per
1878 635 2045 692 quam

447 725 617 780 etiam
654 722 830 779 solam
872 720 1132 776 daturum
1165 734 1223 775 se
1257 717 1526 774 Dominus
1573 713 1835 787 quidquid
1860 721 2047 769 oratus

441 812 606 872 fuerit
654 812 1006 886 repromittit.
1041 814 1109 868 Et
1166 811 1372 868 idcirco
1438 810 1641 882 absque
1698 805 2048 863 hacsitationis

444 908 767 967 inﬁdelitate
796 907 1046 980 precibus
1072 905 1435 963 insistendum
1471 911 1587 971 est;
1619 901 2048 973 obtenturosque

442 1016 544 1058 nos
568 1016 756 1058 earum
777 1000 1010 1073 jugitate
1034 1006 1229 1056 cuncta
1262 1013 1386 1070 qua:
1410 995 1714 1053 secundum
1745 998 1925 1051 Deum
1953 1009 2051 1066 po-

444 1095 810 1168 poscerimus,
872 1094 1101 1149 minime
1153 1091 1540 1148 dubitandum.
1588 1093 1856 1146 Hortatur
1903 1087 2049 1144 enim

444 1202 550 1245 nos
594 1187 871 1243 Dominus
906 1186 1092 1243 volens
1121 1201 1182 1241 ea
1226 1200 1350 1257 quae
1380 1193 1509 1241 sunt
1538 1192 1740 1241 aeterna
1778 1181 2049 1239 coelestia-

444 1293 552 1350 que
576 1288 831 1350 praestare
850 1320 865 1347 ,
892 1286 952 1334 ut
981 1293 1106 1334 eum
1132 1277 1541 1350 importunitate
1567 1285 1755 1333 nostra
1781 1276 2051 1348 quodam-

445 1372 617 1429 modo
660 1381 1028 1441 coarctemus,
1071 1373 1165 1444 qui
1204 1373 1551 1443 importunos
1590 1387 1693 1427 nos
1720 1386 1842 1427 non
1883 1370 2049 1426 modo

449 1481 565 1523 non
594 1466 825 1538 despicit
870 1482 971 1523 nec
996 1465 1222 1536 refutat,
1267 1465 1366 1522 sed
1408 1466 1575 1523 etiam
1614 1466 1805 1521 invitat
1833 1474 1889 1521 et
1931 1464 2046 1520 lau-

446 1560 570 1630 dat;
602 1561 787 1632 eisque
834 1561 1203 1633 praastiturum
1252 1576 1309 1617 se
1344 1560 1607 1634 quidquid
1647 1566 2052 1632 perseveranter

446 1652 798 1724 speraverint,
831 1653 1213 1725 benignissime
1244 1654 1532 1726 pollicetur
1555 1652 1756 1720 dicens,
1799 1655 1969 1708 Petite
1999 1657 2052 1707 et

2160 441 2488 512 impossibile
2510 443 2616 497 erit
2639 441 2790 496 vobis
2815 440 3033 508 (Matth.
3056 439 3209 511 χχι).
3239 442 3310 496 Et
3336 438 3544 496 idcirco
3569 439 3615 497 si
3636 456 3761 500 cun-

2158 552 2262 602 ctae
2291 560 2394 601 nos
2433 544 2841 602 exauditionum
2875 560 3011 618 quas
3036 543 3384 616 praediximus
3421 560 3606 603 causa:
3634 560 3758 604 om-

2161 648 2294 704 nino
2344 646 2635 716 deﬁciunt,
2678 649 2868 705 saltem
2939 647 3147 704 anith
3192 662 3294 704 nos
3326 647 3762 721 importunitatis

2162 748 2437 816 instantia,
2492 763 2616 822 qua:
2663 749 2866 822 absque
2913 746 3023 806 ulla
3063 748 3145 805 vel
3190 750 3368 806 meriti
3424 751 3510 807 vel
3560 751 3761 811 laboris

2160 846 2484 904 difﬁcultate
2519 847 2575 903 in
2620 847 3014 922 cujuscumque
3051 848 3288 905 volentis
3337 848 3443 907 sita
3489 859 3577 909 est
3614 859 3769 924 pote-

2158 952 2324 1001 state.
2370 946 2477 1000 Pro
2517 952 2665 1000 certo
2695 953 2880 1000 autem
2912 959 3026 1001 non
3071 926 3472 1002 exaudiendum
3517 960 3578 1002 se
3620 961 3761 1018 sup-

2161 1043 2374 1117 plicans
2424 1043 2650 1115 quisque
2695 1057 2807 1098 non
2855 1040 3095 1112 dubitet,
3138 1055 3269 1096 cum
3326 1056 3384 1097 se
3425 1041 3763 1100 dubitaverit

2160 1142 2426 1200 exaudiri.
2466 1141 2632 1214 Quod
2674 1150 2858 1199 autem
2899 1140 3307 1214 infatigabiliter
3338 1144 3575 1203 Domino
3620 1159 3763 1216 sup-

2159 1240 2477 1315 plicandum
2515 1241 2614 1311 sit,
2666 1241 2834 1296 etiam
2866 1239 2957 1295 illo
2993 1238 3138 1295 beati
3162 1241 3187 1270 ³
3218 1239 3455 1295 Danielis
3494 1238 3771 1299 docemur

2158 1338 2436 1412 exemplo,
2491 1337 2640 1410 quod
2682 1336 2965 1395 exauditus
3005 1352 3039 1394 a
3085 1337 3260 1408 prima
3299 1336 3391 1394 die
3433 1353 3542 1409 qua
3592 1340 3763 1409 coepit

2160 1453 2353 1507 orare,
2393 1444 2518 1510 post
2558 1436 2789 1509 primam
2826 1444 2881 1492 et
2927 1435 3243 1492 vicesimam
3284 1432 3434 1491 diem
3477 1437 3767 1508 consequi-

2160 1542 2253 1592 tur
2277 1551 2392 1592 suaa
2431 1534 2707 1607 petitionis
2734 1533 2991 1592 effectum
3021 1535 3269 1601 (Daniel.
3307 1538 3399 1601 ι).
3441 1533 3609 1592 Unde
3648 1550 3764 1591 non

2158 1632 2426 1690 debemus
2453 1648 2555 1689 nos
2582 1646 2799 1706 quoque
2822 1650 2855 1690 a
2885 1639 3064 1704 cmpta
3092 1631 3405 1689 orationum
3444 1639 3761 1688 nostrarum

447 1746 736 1817 accipietis,
755 1750 982 1818 quaerite
994 1754 1045 1804 et
1062 1751 1366 1812 invenietis,
1379 1750 1599 1819 pulsate
1613 1752 1664 1802 et
1677 1748 1956 1817 aperietur
1970 1761 2053 1800 vo-
2080 1744 2129 1807 B
2164 1731 2470 1788 intentione
2494 1746 2729 1799 cessare.
2756 1731 2783 1766 ³³
2823 1731 2871 1786 si
2912 1745 3016 1787 nos
3042 1728 3288 1786 exaudiri
3315 1728 3523 1785 tardius
3566 1745 3764 1786 sense-

448 1841 546 1896 bis.
566 1842 752 1897 Omnis
763 1845 901 1896 enim
914 1845 1013 1912 qui
1023 1845 1160 1912 petit
1169 1844 1381 1911 accipit,
1394 1846 1446 1897 et
1456 1844 1553 1911 qui
1560 1843 1755 1911 quierit
1764 1841 1986 1900 irwenit,
1998 1843 2052 1894 et

444 1934 691 2003 puslanti
710 1937 983 2005 aperietur
1007 1936 1180 2006 (Luca:
1200 1934 1310 2006 χι).
1341 1937 1411 1990 Et
1436 1933 1669 1991 iterum:
1699 1936 1893 1992 Onmia
1916 1947 2053 2002 qure-

2160 1830 2372 1899 rimus,
2416 1846 2489 1886 ne
2529 1828 2672 1885 forte
2703 1836 2802 1885 aut
2849 1827 3214 1884 exauditionis
3262 1826 3424 1899 gratia
3469 1826 3757 1898 dispensa-

2159 1930 2315 1987 tione
2350 1929 2571 1986 Domini
2597 1929 2677 1986 uti
2704 1928 2807 1985 iter
2832 1926 3140 1995 differatur;
3179 1937 3202 1965 °
3229 1935 3322 1984 aut
3362 1926 3585 1999 angelus
3604 1926 3764 1983 divi-

1546 2095 1802 2151 ALARDI
1839 2094 2065 2150 GAZEI
2102 2093 2659 2150 COMMENTARIUS.
2720 2108 2726 2113 '

518 2238 662 2294 ‘Sic
706 2239 858 2295 enim
908 2238 1129 2298 Gabriel
1186 2238 1540 2307 archangelus
1593 2236 1871 2293 Danielem
1920 2237 2051 2292 allo-

447 2317 607 2366 cutus
635 2319 757 2365 est:
793 2313 918 2368 Noli
951 2315 1201 2378 metuere,
1244 2309 1455 2372 Daniel,
1482 2310 1613 2379 quia
1650 2325 1718 2363 ea:
1756 2309 1844 2363 die
1875 2311 2054 2378 primo

447 2397 553 2452 quo
579 2384 812 2451 posuisti
840 2398 929 2436 car
958 2386 1110 2437 tuum
1151 2382 1226 2436 ad
1245 2380 1677 2449 intelligendum,
1711 2384 1775 2435 ut
1811 2385 1862 2452 te
1896 2380 2053 2448 afﬂi-

447 2451 594 2522 geres
624 2455 681 2507 in
702 2458 979 2523 conspectu
1014 2454 1113 2510 Dei
1148 2454 1251 2515 tui,
1299 2452 1563 2507 ercaudita
1586 2456 1714 2505 sunt
1742 2451 1901 2523 verba
1926 2455 2046 2523 tua,

446 2520 613 2595 etego
650 2527 777 2579 veni
792 2520 1017 2595 prapter
1046 2538 1306 2579 sermones
1338 2528 1455 2595 tuos
1482 2526 1644 2589 (Dan.
1674 2526 1756 2587 χ).
1792 2521 1907 2576 Ubi
1924 2520 2045 2595 div.

445 2592 821 2666 Hieronymus
843 2615 860 2649 :
892 2592 1199 2662 "Quwritur,
1227 2594 1434 2665 inquit,
1465 2596 1517 2649 si
1540 2592 2049 2666 statimiemauditus

446 2669 542 2730 est,
571 2665 672 2721 cur
692 2684 796 2722 non
833 2670 1021 2722 statim
1054 2670 1250 2722 missus
1284 2670 1361 2721 est
1389 2667 1629 2735 angelus,
1650 2665 1743 2720 sed
1763 2680 1860 2735 per
1882 2679 2048 2718 unum

447 2740 497 2809 et
526 2739 737 2809 viginti
751 2739 862 2793 dies
891 2739 1092 2794 dilatus
1113 2738 1228 2809 ejus
1253 2738 1326 2791 ad
1347 2739 1623 2793 Danielem
1644 2737 1905 2791 adventus
1915 2736 2048 2809 ?Avi-

447 2807 635 2863 delicat
687 2812 818 2864 data
842 2815 919 2865 est
946 2807 1165 2867 Danieli
1187 2826 1284 2880 per
1310 2825 1520 2864 moram
1565 2810 1789 2880 occasio,
1812 2807 2048 2875 amplius

446 2881 614 2950 Deum
643 2880 983 2950 deprecandi,
1034 2887 1096 2935 ut
1121 2877 1268 2935 eafeo
1314 2880 1461 2949 quod
1488 2881 1610 2947 plus
1640 2877 1912 2950 desiderat
1952 2891 2050 2950 per

448 2948 856 3018 laboremjplus
893 2954 1053 3005 etiam
1091 2967 1194 3020 per
1231 2948 1602 3005 reuelationem
1631 2948 1814 3015 angeli
1859 2948 2050 3000 audire

446 3023 734 3072 mereatur.

2163 2243 2323 2304 sunt,
2380 2233 2585 2306 inquit,
2623 2232 2827 2304 scilicet
2855 2230 2942 2306 ab
2978 2233 3095 2303 ipso
3123 2231 3336 2306 angelo;
3369 2246 3496 2306 quae
3544 2238 3631 2286 est
3667 2246 3764 2286 ex-

2161 2306 2381 2378 plicatio
2434 2303 2603 2378 illius.
2655 2304 3048 2378 Ascendet-unt.
3086 2303 3357 2359 Dicuntur
3382 2303 3527 2378 enim
3575 2317 3771 2372 preces

2160 2373 2453 2433 ascendere
2496 2376 2551 2431 in
2603 2375 2933 2431 memoriam
2963 2375 3018 2429 in
3059 2381 3357 2446 conspectu
3401 2373 3523 2435 Dei,
3563 2388 3697 2446 cum
3729 2389 3760 2430 a

2154 2450 2352 2505 sanctis
2377 2446 2655 2517 Spiritibus
2682 2446 2878 2503 divinae
2912 2446 3180 2518 Majestati
3199 2444 3620 2518 quodammodo
3662 2459 3763 2518 re:

2155 2515 2581 2591 praesentantur,
2632 2526 2688 2573 et
2729 2515 3270 2591 commemorantur.
3296 2516 3427 2591 _S_ed_
3461 2516 3667 2572 clarius
3693 2515 3767 2591 _id

2156 2587 2418 2662 probatur
2445 2605 2514 2644 ex
2537 2588 2863 2662 Apbcalyps.
2887 2603 3008 2662 cap.
3028 2603 3174 2655 vui,
3195 2661 3198 2662 γ
3212 2587 3310 2662 ubi
3323 2587 3774 2657 diciturnngelus

2157 2660 2365 2717 stetisse
2405 2666 2530 2716 ante
2565 2660 2793 2723 altare,
2818 2661 3016 2714 habens
3052 2660 3390 2715 thuribulum
3422 2675 3679 2722 aureum,
3723 2664 3772 2715 et

2157 2734 2289 2788 data
2326 2734 2416 2788 illi
2448 2735 2663 2787 incensa
2689 2732 2882 2793 multa,
2911 2736 2973 2786 ut
2998 2731 3157 2786 daret
3178 2731 3245 2785 de
3270 2731 3603 2786 orationibus
3642 2747 3771 2786 san-

2153 2809 2356 2859 ctorum
2388 2806 2626 2859 omnium
2672 2819 2832 2874 super
2863 2802 3039 2874 altare
3086 2817 3310 2856 aureum
3343 2803 3490 2872 quod
3522 2808 3600 2856 est
3641 2807 3775 2857 ante

2155 2876 2405 2929 thronum
2433 2877 2548 2930 Dei.
2574 2878 2646 2930 Et
2681 2873 2941 2935 ascendit,
2970 2875 3171 2943 inquit,
3202 2874 3389 2941 fumus
3428 2875 3771 2928 irwensorwn

2153 2945 2220 3000 de
2259 2946 2589 3001 orationibus
2613 2950 2917 3000 sanctorum
2940 2945 3007 2999 de
3037 2959 3203 2998 manu
3227 2946 3412 3013 angeli
3433 2959 3606 2999 coram
3632 2948 3766 3000 Deo.

2160 3016 2262 3071 His
2290 3016 2500 3073 accedit
2541 3017 2837 3071 auctoritas
2884 3015 3164 3081 Ecclesiae,
3196 3030 3325 3087 quae
3372 3016 3431 3070 in
3474 3029 3636 3070 sacro
3671 3031 3770 3071 ca-

517 3088 545 3120 ³³
571 3087 691 3160 Div.
724 3089 1069 3160 Augustinus
1097 3102 1273 3160 serm.
1296 3092 1329 3141 5
1353 3086 1420 3160 de
1446 3085 1642 3160 Verbis
1672 3086 1899 3160 Domini
1929 3101 2039 3142 sec.
2073 3089 2118 3152 Ο
2153 3102 2297 3142 none
2336 3089 2518 3142 Missae
2559 3088 2639 3160 sic
2681 3095 2800 3160 orat
2839 3105 2851 3141 :
2878 3085 3241 3160 Suppliceshte
3274 3101 3549 3157 rogamus,
3587 3090 3766 3142 omni-

445 3156 647 3230 Matth.
682 3179 694 3214 :
744 3156 873 3216 Cum
899 3159 1214 3228 aliquando,
1260 3156 1723 3230 iuquit,_tardius
1752 3159 1869 3230 dat,
1901 3174 2046 3212 com-

446 3229 668 3284 mandat
693 3230 852 3295 dona,
873 3246 980 3285 non
1003 3234 1181 3298 negat.
1207 3232 1315 3285 Diu
1334 3228 1649 3283 desiderata
1673 3229 1885 3283 dulcius
1905 3230 2047 3283 obti-

445 3305 662 3364 nentur,
685 3304 784 3356 cito
804 3306 981 3357 autem
1005 3301 1140 3355 data
1163 3302 1421 3355 vilescunt
1445 3319 1462 3354 :
1483 3305 1621 3371 pete,
1651 3303 2047 3370 quatre,‘insta;

438 3372 668 3440 petendo
707 3377 757 3428 et
803 3372 1088 3443 qzuerendo
1117 3374 1328 3435 crescis,
1374 3376 1435 3426 ut
1468 3374 1674 3442 capias.
1722 3372 1911 3428 Servat
1947 3372 2053 3426 tibi

447 3445 586 3498 Deus
612 3444 759 3513 quod
793 3460 898 3498 non
946 3444 1064 3499 vult
1099 3445 1201 3498 cito
1243 3444 1402 3506 dare,
1435 3448 1497 3501 ut
1540 3448 1600 3499 tu
1629 3443 1808 3499 discas
1851 3458 2048 3512 magna

445 3528 634 3587 magne
679 3516 985 3571 desiderare
1017 3514 1181 3587 (Vide
1206 3518 1272 3570 D.
1300 3516 1687 3584 Hieronymum
1715 3517 1773 3568 in
1800 3515 2049 3570 Habacuc

447 3597 564 3637 C(11).
593 3597 659 3637 1).

503 3586 801 3726 ξἰξέξθηᾶθ
829 3654 918 3711 hic
947 3653 1275 3726 angelorum
1301 3670 1474 3710 unum
1501 3669 1564 3710 ex
1606 3654 1896 3726 praecipuis
1921 3669 2047 3726 erga

447 3738 548 3806 nos
599 3723 856 3806 cilicium.
883 3723 1368 3806 administerium,
1415 3726 1557 3796 quod
1597 3723 1681 3806 est
1708 3740 1893 3806 preces
1944 3723 2044 3780 no-

445 3801 587 3867 stras
612 3795 809 3853 divinae
842 3795 1076 3853 bonitati
1101 3794 1322 3867 offerre,
1354 3794 1552 3867 easque
1580 3796 1693 3851 suis
1712 3794 1900 3867 itidem
1926 3810 2048 3866 pre-

446 3863 603 3939 cibus
627 3866 817 3939 juvare
844 3878 896 3924 et
937 3866 1351 3939 commendare,
1383 3874 1443 3939 et
1464 3863 1655 3939 'divina
1684 3867 1846 3939 nobis
1876 3863 2045 3939 bene-

444 3933 601 4010 Ῑξςὶει⁸
628 3933 942 4010 procurare,
983 3947 1036 3995 et
1074 3938 1487 4009 quodammodo
1547 3938 1616 3993 ad
1657 3954 1760 4010 nos
1810 3937 2040 3993 deferre.

443 4006 605 4080 Quod
632 4006 647 4010 ⁷
673 4025 739 4065 ex
799 4011 987 4067 multis
1036 4006 1327 4080 scripturae
1371 4010 1502 4064 locis
1551 4008 1897 4063 manifestum
1939 4016 2040 4064 est.

443 4077 642 4135 Genes.
670 4096 877 4139 xxvm
904 4103 915 4137 :
951 4083 1105 4138 Vidit
1123 4077 1282 4136 Jacob
1302 4084 1360 4135 in
1377 4083 1578 4136 somnis
1591 4080 1793 4135 scalam
1814 4085 2044 4135 stantem

443 4164 605 4221 super
630 4158 848 4217 terram,
880 4159 931 4208 et
957 4168 1203 4209 cacumen
1233 4152 1347 4222 ejus
1373 4156 1593 4220 tangens
1616 4153 1787 4207 caelos.
1810 4153 2045 4221 Angelos

444 4236 649 4292 quoque
696 4228 797 4281 Dei
846 4225 1185 4281 ascendentes
1240 4228 1291 4277 et
1341 4224 1706 4279 descendentes
1748 4238 1850 4293 per
1900 4239 2039 4287 eam,

445 4297 497 4347 et
518 4297 805 4366 Dominum
824 4299 1079 4366 innimwn
1115 4295 1292 4366 scalw.
1326 4294 1601 4366 Quorsum
1642 4294 1785 4350 hoc?
1827 4294 2045 4366 nisiut,

443 4364 592 4436 quod
614 4380 702 4420 res
728 4368 839 4435 ipsa
871 4375 924 4421 et
960 4365 1236 4436 Scriptura
1276 4364 1500 4431 indicat,
1534 4381 1726 4420 causas
1748 4373 1909 4436 agant
1935 4365 2044 4436 ho,-

445 4432 656 4488 minum
701 4432 901 4504 quibus
938 4432 1263 4501 ministrant,
1308 4443 1363 4489 et
1405 4451 1698 4506 regnorum
1742 4432 1811 4490 ac
1849 4435 2041 4507 princi-

444 4511 671 4572 patuum
716 4491 909 4575 quibus
953 4491 1580 4578 prazsuntzIAscendUunt
1635 4507 1832 4578 quippe
1851 4491 2043 4578 ‘angeli
2072 4491 2123 4553 D

444 4579 507 4627 ut
549 4573 747 4645 preces
762 4573 974 4631 nostras
1007 4579 1124 4631 Deo
1171 4573 1425 4642 offerant,
1474 4573 1809 4631 descendunt
1844 4578 1910 4631 ad
1942 4573 2041 4633 dos

444 4650 507 4700 ut
557 4645 671 4718 ejus
722 4646 978 4702 beneﬁcia
1029 4645 1189 4701 nobis
1235 4654 1523 4718 procurata
1565 4654 1619 4701 et
1656 4646 1941 4718 impetrata
1969 4648 2039 4705 ad

441 4731 546 4773 nos
573 4716 843 4775 deferant.
890 4718 1031 4791 Hinc
1076 4717 1198 4773 libri
1227 4717 1481 4791 Judicum
1514 4733 1630 4791 cap.
1666 4716 1787 4773 xm
1815 4719 2039 4791 legimus

442 4791 698 4861 angelum
739 4790 1001 4847 nascituri
1031 4790 1308 4846 Samsonis
1337 4790 1703 4860 praanuntium
1735 4790 2039 4847 ascendisse

444 4859 503 4933 in
524 4859 732 4918 coelum
758 4874 893 4918 cum
940 4863 1165 4917 ﬂamma
1198 4859 1518 4933 holocausti.
1550 4861 1670 4931 Quo
1707 4861 2038 4933 signiﬁcatur

442 4931 718 5001 Angelum
782 4933 1195 5006 quodammodo
1241 4932 1507 5006 idetulsse
1556 4935 1612 4989 in
1663 4931 1867 4989 coelum
1913 4943 2037 5006 ante

442 5005 806 5074 conspectum
851 5005 1071 5061 Domini
1114 5005 1442 5061 sacriﬁcium
1489 5008 1683 5062 Manue
1731 5008 1783 5061 in
1829 5005 2029 5076 gratia-

440 5087 579 5149 [um
594 5077 856 5149 actionem
883 5077 1146 5149 oblatum.
1176 5076 1261 5149 Ad
1287 5076 1404 5132 haec
1431 5078 1617 5132 Tobiae
1646 5092 1761 5133 XII.
1796 5078 2034 5149 Angelus

441 5144 684 5219 Baphael
718 5148 800 5203 his
836 5164 963 5204 eum
991 5148 1167 5204 verbis
1201 5147 1492 5219 alloquitur
1525 5170 1537 5205 :
1585 5149 1812 5216 Quando
1840 5144 2032 5205 arabas

436 5233 554 5274 cum
580 5221 853 5289 lacrymis,
889 5226 939 5277 et
973 5220 1260 5290 scpeliebas
1290 5223 1544 5281 mortuos,
1576 5236 1671 5289 ego
1699 5220 1872 5273 obtuli
1905 5236 2031 5273 ora-

436 5291 634 5344 tionem
661 5298 808 5346 tuam
839 5293 1076 5347 Domino.
1110 5290 1313 5344 Deinde
1342 5291 1395 5345 in
1426 5290 1622 5345 Graeco
1655 5290 1854 5345 ibidem
1881 5297 2031 5359 post-

432 5373 493 5415 ea
540 5362 795 5417 subditur
827 5381 839 5416 :
874 5366 987 5430 Ego
1018 5377 1137 5417 sum
1161 5363 1400 5431 Baphael
1427 5377 1565 5414 unus
1593 5377 1661 5414 ex
1695 5364 1893 5428 septem
1924 5376 2027 5415 an-

426 5434 564 5555 gelis
587 5437 785 5489 sanctis
810 5435 910 5503 qui
935 5436 1040 5488 Deo
1063 5433 1294 5503 oﬂ’erunt
1316 5448 1495 5515 preces
1516 5435 1836 5503 sanctomm.
1880 5433 2027 5486 Con-

468 5514 678 5555 rmatur
723 5522 787 5555 ex
830 5511 1093 5555 Actorum
1139 5520 1205 5555 χ.
1240 5504 1328 5555 ubi
1358 5505 1580 5555 angelus
1604 5502 1672 5555 ad
1715 5503 2026 5555 Cornelium

468 5514 678 5559 rmatur
723 5522 787 5559 ex
822 5502 1099 5560 Actorum
1139 5520 1205 5570 χ,
1240 5502 1329 5558 ubi
1358 5505 1580 5573 angelus
1604 5502 1672 5556 ad
1715 5503 2026 5560 Cornelium

427 5584 672 5628 orantem
704 5576 998 5644 ingressus,
1025 5576 1100 5632 ait
1127 5594 1140 5630 :
1172 5576 1448 5632 Orationes
1477 5580 1583 5629 tua:
1608 5579 1659 5629 et
1688 5575 2026 5645 eleemosynce

427 5647 904 5715 turgescenderunt
948 5650 1007 5702 in
1033 5649 1345 5702 memoriam
1374 5650 1427 5700 in
1466 5651 1740 5715 conspectu
1784 5650 1899 5702 Dei.
1957 5650 2023 5703 Et

424 5713 562 5771 infra
593 5735 604 5771 :
645 5719 930 5772 Exaudite
965 5723 1044 5773 est
1082 5720 1257 5772 oratio
1296 5723 1412 5779 tua,
1455 5723 1503 5772 et
1540 5713 1876 5787 eleemosynce
1917 5723 2024 5773 tua:

420 5794 843 5846 commemoratae
871 5794 1000 5845 sunt
1021 5791 1082 5845 in
1108 5794 1393 5859 conspectu
1419 5790 1532 5846 Dei.
1564 5793 2022 5848 Commemoratur

2150 3162 2337 3228 potens
2368 3163 2526 3226 Deus,
2559 3159 2692 3228 jube
2734 3159 2843 3213 haec
2872 3160 3043 3283 Svota,
3070 3157 3303 3223 scilicet,
3341 3172 3641 3229 precesque
3679 3174 3768 3214 sae

2154 3230 2411 3283 cerdotis.
2459 3239 2511 3283 et
2543 3230 2706 3283 totius
2736 3244 2881 3283 nonu
2906 3229 2945 3283 il
2976 3230 3214 3283 perferri
3242 3244 3340 3283 per
3365 3244 3561 3283 manus
3588 3232 3768 3283 sancti

2154 3230 2411 3295 cerdotis,
2459 3239 2511 3284 et
2543 3230 2706 3300 totius
2736 3229 2945 3300 populi)
2972 3230 3214 3299 perferri
3242 3244 3340 3298 per
3365 3244 3561 3284 manus
3588 3232 3773 3285 sancti

2155 3303 2340 3369 angeli
2362 3303 2449 3356 tui
2464 3303 2521 3355 in
2544 3299 2771 3356 sublime
2792 3299 2965 3355 altare
2986 3305 3159 3362 tuum,
3181 3301 3240 3354 in
3259 3307 3537 3370 conspectu
3558 3300 3769 3356 dittintz

2158 3373 2466 3442 Majestatis
2488 3376 2616 3439 tute,
2656 3379 2787 3439 etc.,
2818 3371 2921 3442 ubi,
2943 3370 3199 3441 angelum
3240 3371 3498 3442 singulari
3528 3386 3769 3428 numero

2160 3441 2397 3514 positum
2442 3458 2558 3498 esse
2589 3457 2686 3513 pro
2736 3441 2925 3513 plurali
2964 3449 3234 3497 annotant
3259 3441 3615 3514 expositores.
3656 3444 3770 3499 Po-

2156 3513 2363 3568 Stremo
2392 3514 2657 3570 accedunt
2684 3522 2740 3569 et
2770 3514 2864 3569 SS.
2892 3515 3119 3569 Patrum
3142 3513 3479 3569 testimonia.
3504 3516 3654 3570 Nam
3690 3517 3766 3570 D.

2156 3585 2492 3657 Augustinus
2544 3600 2667 3657 non
2711 3584 2889 3657 solum
2932 3584 2989 3639 id
3014 3583 3171 3657 ﬁeri,
3222 3584 3319 3640 sed
3363 3584 3528 3657 etiam
3576 3601 3685 3642 cur
3716 3593 3772 3642 et

2157 3654 2436 3726 quomodo
2465 3655 2577 3722 ﬁat,
2618 3656 2834 3710 disserit
2862 3655 2917 3710 in
2942 3654 3156 3726 epistol,
3188 3659 3311 3718 120;
3342 3654 3433 3710 ubi
3476 3670 3771 3724 exponens

2156 3725 2286 3780 illud
2317 3727 2508 3796 psalmi
2543 3726 2781 3797 vigesimi
2818 3725 3020 3797 primi:
3064 3727 3492 3782 Annmttzizbitur
3522 3731 3775 3785 Domino

2155 3799 2421 3865 generatio
2443 3802 2686 3861 ventura,
2706 3797 2778 3851 ita
2798 3797 2984 3853 subdit
3007 3815 3021 3850 :
3043 3800 3160 3857 Non
3178 3800 3255 3852 ait
3274 3815 3290 3850 :
3313 3799 3775 3855 Annuntiabitur

2164 3871 2416 3924 Dominus
2447 3871 2783 3936 generationi
2795 3870 3054 3933 ventura},
3078 3870 3172 3924 sed
3192 3868 3625 3925 Annuntiabitur
3642 3872 3765 3924 Do-

2155 3941 2301 3993 mino
2321 3942 2596 4009 generatio
2611 3946 2856 3995 ventura.
2878 3941 3034 4008 Quod
3050 3956 3156 3995 non
3170 3942 3248 3995 sic
3265 3939 3637 4010 accipiendum
3654 3946 3770 4011 est,

2157 4014 2432 4080 tamquam
2462 4014 2721 4066 nescienti
2738 4012 2955 4081 aliquid
2980 4013 3355 4075 annuntietur,
3396 4016 3457 4065 ut
3474 4013 3647 4077 sciat;
3671 4012 3777 4068 sed

2154 4084 2290 4136 sicut
2317 4085 2644 4137 annuntiant
2663 4084 2864 4151 angeli,
2877 4099 2981 4137 non
3002 4084 3173 4138 solum
3190 4083 3341 4136 nobis
3365 4084 3626 4151 beneﬁcia
3644 4087 3767 4149 Dei,

2153 4168 2336 4207 verum
2363 4157 2528 4208 etiam
2549 4155 2635 4208 illi
2646 4160 2825 4224 preces
2843 4159 3075 4209 nostras.
3098 4157 3238 4211 Nam
3259 4157 3521 4224 scriptum
3547 4160 3634 4210 est
3660 4159 3769 4209 To-

2156 4224 2254 4296 bia:
2284 4240 2378 4279 xu
2402 4228 2463 4278 in
2499 4226 2699 4288 erco,
2739 4226 2837 4279 ubi
2856 4224 3081 4296 angelus
3105 4226 3408 4280 hominibus
3437 4225 3580 4279 dicit
3603 4245 3622 4280 :
3654 4229 3768 4294 Ego

2153 4295 2327 4348 obtuli
2346 4299 2653 4350 memoriam
2686 4299 2944 4351 orationis
2990 4300 3199 4362 vestrae;
3228 4311 3334 4350 non
3361 4301 3425 4351 ut
3451 4300 3586 4350 tunc
3624 4302 3770 4353 Deus

2152 4369 2356 4420 noverit
2382 4368 2518 4435 quid
2545 4369 2770 4422 velimus
2788 4369 2872 4422 vel
2893 4383 2998 4437 quo
3021 4368 3398 4436 indigeamus:
3429 4370 3597 4424 Novit
3619 4370 3765 4422 enim

2155 4438 2317 4491 Pater
2338 4442 2526 4504 vester,
2551 4441 2634 4493 ait
2657 4441 2933 4505 Dominus,
2959 4440 3098 4509 quid
3114 4439 3258 4493 vobis
3280 4442 3645 4494 necessarium
3669 4441 3763 4500 sit,

2152 4509 2479 4581 priusquam
2498 4512 2692 4581 petatis
2717 4511 2785 4563 ab
2806 4526 2864 4564 eo
2883 4532 2900 4575 ;
2918 4511 3011 4565 sed
3031 4512 3165 4581 quia
3182 4525 3389 4565 necesse
3411 4511 3579 4564 habet
3598 4512 3773 4581 ratibf

2151 4580 2294 4633 nalis
2318 4585 2567 4633 creatura
2596 4580 2963 4650 obtemperans
2989 4585 3094 4637 Deo
3122 4581 3437 4650 temporales
3462 4597 3662 4637 causas
3689 4580 3770 4634 ad

2150 4654 2409 4704 aeternam
2446 4654 2722 4706 veritatem
2743 4654 2964 4719 referre,
3003 4655 3114 4708 sive
3135 4653 3365 4722 petendo
3389 4654 3528 4723 quid
3550 4669 3685 4721 erga
3708 4666 3769 4706 se

2148 4724 2269 4791 ﬁat,
2299 4725 2408 4776 sive
2436 4724 2754 4778 consulendo
2779 4724 2915 4793 quid
2941 4726 3143 4791 faciat;
3169 4725 3267 4793 qiu
3288 4727 3410 4793 pius
3436 4727 3638 4778 mentis
3665 4724 3767 4789 af-

2144 4794 2316 4860 fectus
2345 4798 2442 4856 est.
2473 4799 2535 4848 ut
2564 4797 2685 4864 ipsa
2727 4800 3092 4861 construatur,
3123 4810 3231 4849 non
3254 4799 3318 4849 ut
3348 4800 3483 4850 Deus
3507 4797 3769 4849 uisimu-

2148 4868 2255 4919 tur.
2280 4868 2556 4935 Rupertus
2582 4866 2674 4920 lib.
2709 4881 2773 4920 Ix
2795 4866 2862 4920 de
2882 4866 3118 4921 Victoria
3139 4866 3306 4921 Verbi
3333 4882 3451 4935 cap.
3491 4872 3528 4920 8
3565 4885 3577 4920 :
3612 4866 3767 4921 Scire

2145 4936 2411 4999 debemus,
2451 4936 2645 5005 inquit,
2689 4942 2898 4991 sanctos
2934 4938 3146 5005 angelos
3198 4940 3337 4991 inter
3386 4940 3560 4991 Deum
3596 4936 3767 4990 ethoc

2143 5010 2311 5062 mines
2340 5011 2440 5063 Dei
2465 5023 2639 5062 servos
2677 5024 2785 5063 esse
2818 5009 3305 5073 administratores;
3331 5010 3383 5061 et
3409 5023 3507 5062 nos
3554 5010 3609 5059 in
3628 5019 3764 5059 con-

2143 5083 2323 5146 spectu
2353 5095 2534 5156 eorum
2568 5080 2832 5156 psallere,
2865 5084 2925 5156 et
2964 5095 3141 5156 orare,
3178 5094 3365 5156 eosquf
3410 5092 3613 5156 semper
3606 5088 3761 5156 ﬁsse

2135 5155 2362 5219 paratos
2409 5151 2483 5205 ad
2519 5148 2820 5220 offerendas
2858 5154 2959 5206 Deo
2999 5148 3279 5205 orationes
3313 5152 3579 5206 Ecclesia.
3606 5148 3761 5202 Div.

2140 5221 2450 5276 Bernardus
2482 5238 2645 5276 scrm.
2681 5229 2710 5276 7
2760 5221 2818 5276 in
2857 5221 3078 5277 Cantica
3119 5240 3131 5276 :
3167 5222 3466 5283 Credimus,
3512 5221 3608 5283 ait,
3644 5233 3767 5272 an-

2138 5294 2280 5360 gelos
2308 5299 2512 5348 sanctos
2542 5298 2723 5348 astare
2750 5294 3048 5355 orantibus,
3088 5293 3281 5362 oﬁ'crre
3325 5295 3432 5346 Deo
3462 5292 3771 5362 preces,_et

2134 5368 2257 5417 vota
2286 5364 2557 5418 hominum
2577 5384 2592 5430 ;
2610 5366 2707 5419 ubi
2735 5371 2913 5419 tamen
2937 5367 3055 5418 sine
3077 5360 3164 5418 ira
3192 5368 3244 5418 et
3267 5360 3661 5434 disceptatione
3682 5360 3773 5414 Ie-

2134 5437 2257 5488 vari
2277 5450 2448 5504 puras
2485 5452 2675 5490 manus
2710 5438 3105 5506 perspewerint.
3137 5437 3205 5490 Et
3234 5434 3375 5489 infra
3417 5434 3492 5489 sic
3516 5439 3771 5506 sanctos

2135 5514 2357 5570 angelos
2378 5508 2677 5578 alloquitur
2699 5504 2865 5576 {Quis
2884 5508 3042 5561 dabit
3060 5508 3201 5561 mihi
3211 5523 3314 5577 per
3334 5521 3440 5567 vos,
3467 5520 3495 5578 ρ
3520 5504 3782 5571 benigni

2127 5581 2423 5649 principes,
2465 5582 2743 5649 petitiones
2789 5594 2935 5634 meas
2978 5581 3299 5634 innotescere
3340 5577 3491 5648 apud
3527 5579 3721 5631 Deum
3739 5578 3775 5626 ?

2133 5652 2251 5707 Non
2280 5654 2419 5705 enim
2442 5655 2566 5712 Deo,
2598 5655 2687 5705 cui
2705 5654 2872 5705 etiam
2892 5652 3148 5720 cogitatio
3171 5651 3402 5704 hominis
3426 5650 3775 5721 conﬁtetur;

2129 5723 2223 5776 sed
2266 5724 2415 5792 apud
2457 5726 2652 5786 Deum,
2685 5725 2780 5777 hoc
2818 5728 2916 5785 est,
2958 5724 3115 5793 ipsis,
3155 5723 3251 5792 qui
3292 5736 3409 5775 cum
3442 5724 3766 5793 Beasti—ut,

2128 5798 2238 5849 tam
2260 5791 2424 5850 beatis
2446 5795 2737 5850 virtutibus
2756 5810 2919 5865 quam
2949 5791 3001 5852 et
3017 5791 3180 5850 carne
3205 5794 3396 5850 solutis
3423 5791 3769 5863 spiritibus.
