  <div class='ocr_page' id='page_1' title='image "/cluster/home/n/w/nwhite01/storage/ocr_20150623/49/hvd.32044096580709/414.png"; bbox 0 0 4048 6208; ppageno 0'>
   <div class='ocr_carea' id='block_1_1' title="bbox 269 273 358 328">
    <p class='ocr_par' dir='ltr' id='par_1_1' title="bbox 269 273 358 328">
     <span class='ocr_line' id='line_1_1' title="bbox 269 273 358 328; baseline 0 0"><span class='ocrx_word' id='word_1_1' title='bbox 269 273 358 328; x_wconf 85' lang='lat' dir='ltr'><strong>8l3</strong></span> 
     </span>
    </p>
   </div>
   <div class='ocr_carea' id='block_1_2' title="bbox 1349 265 2469 327">
    <p class='ocr_par' dir='ltr' id='par_1_2' title="bbox 1349 265 2469 327">
     <span class='ocr_line' id='line_1_2' title="bbox 1349 265 2469 327; baseline 0.004 -4"><span class='ocrx_word' id='word_1_2' title='bbox 1349 265 1688 324; x_wconf 75' lang='lat' dir='ltr'><strong>COLLATIO</strong></span> <span class='ocrx_word' id='word_1_3' title='bbox 1730 268 1818 323; x_wconf 74' lang='lat' dir='ltr'><strong>lX;</strong></span> <span class='ocrx_word' id='word_1_4' title='bbox 1855 297 1930 308; x_wconf 96' lang='lat'><strong>—</strong></span> <span class='ocrx_word' id='word_1_5' title='bbox 1966 268 2056 324; x_wconf 83' lang='lat' dir='ltr'><strong>DE</strong></span> <span class='ocrx_word' id='word_1_6' title='bbox 2093 267 2469 327; x_wconf 78' lang='lat' dir='ltr'><strong>ORATIONE.</strong></span> 
     </span>
    </p>
   </div>
   <div class='ocr_carea' id='block_1_3' title="bbox 3463 285 3566 342">
    <p class='ocr_par' dir='ltr' id='par_1_3' title="bbox 3463 285 3566 342">
     <span class='ocr_line' id='line_1_3' title="bbox 3463 285 3566 342; baseline 0.01 -1"><span class='ocrx_word' id='word_1_7' title='bbox 3463 285 3566 342; x_wconf 74' lang='grc'><strong>814</strong></span> 
     </span>
    </p>
   </div>
   <div class='ocr_carea' id='block_1_4' title="bbox 263 390 3565 472">
    <p class='ocr_par' dir='ltr' id='par_1_4' title="bbox 263 390 3565 472">
     <span class='ocr_line' id='line_1_4' title="bbox 263 390 3565 472; baseline 0.004 -18"><span class='ocrx_word' id='word_1_8' title='bbox 263 411 388 454; x_wconf 88' lang='lat' dir='ltr'><strong>num</strong></span> <span class='ocrx_word' id='word_1_9' title='bbox 429 393 502 451; x_wconf 86' lang='lat' dir='ltr'><strong>ad</strong></span> <span class='ocrx_word' id='word_1_10' title='bbox 539 408 644 451; x_wconf 90' lang='lat' dir='ltr'><strong>nos</strong></span> <span class='ocrx_word' id='word_1_11' title='bbox 691 391 1022 450; x_wconf 80' lang='lat' dir='ltr'><strong>beneﬁcium</strong></span> <span class='ocrx_word' id='word_1_12' title='bbox 1065 390 1368 461; x_wconf 88' lang='lat' dir='ltr'><strong>delaturu,</strong></span> <span class='ocrx_word' id='word_1_13' title='bbox 1407 395 1434 426; x_wconf 76' lang='grc'><strong><em>³</em></strong></span> <span class='ocrx_word' id='word_1_14' title='bbox 1471 409 1505 450; x_wconf 83' lang='lat' dir='ltr'><strong>a</strong></span> <span class='ocrx_word' id='word_1_15' title='bbox 1539 391 1678 449; x_wconf 81' lang='lat' dir='ltr'><strong>facie</strong></span> <span class='ocrx_word' id='word_1_16' title='bbox 1713 393 1848 450; x_wconf 89' lang='lat' dir='ltr'><strong>Om-</strong></span> <span class='ocrx_word' id='word_1_17' title='bbox 1882 396 1936 460; x_wconf 81' lang='grc' dir='ltr'>Α</span> <span class='ocrx_word' id='word_1_18' title='bbox 1963 393 2034 450; x_wconf 87' lang='lat' dir='ltr'><strong>ad</strong></span> <span class='ocrx_word' id='word_1_19' title='bbox 2053 394 2503 468; x_wconf 85' lang='lat' dir='ltr'><strong>colaphizandum</strong></span> <span class='ocrx_word' id='word_1_20' title='bbox 2525 409 2655 455; x_wconf 89' lang='lat' dir='ltr'><strong>eum</strong></span> <span class='ocrx_word' id='word_1_21' title='bbox 2678 399 2962 472; x_wconf 89' lang='lat' dir='ltr'><strong>appositus</strong></span> <span class='ocrx_word' id='word_1_22' title='bbox 2990 401 3169 460; x_wconf 74' lang='lat' dir='ltr'><strong>fuerat</strong></span> <span class='ocrx_word' id='word_1_23' title='bbox 3207 409 3430 464; x_wconf 86' lang='lat' dir='ltr'><strong>Domini</strong></span> <span class='ocrx_word' id='word_1_24' title='bbox 3467 426 3565 467; x_wconf 84' lang='lat' dir='ltr'><strong>vo-</strong></span> 
     </span>
    </p>
   </div>
   <div class='ocr_carea' id='block_1_5' title="bbox 264 483 1856 562">
    <p class='ocr_par' dir='ltr' id='par_1_5' title="bbox 264 483 1856 562">
     <span class='ocr_line' id='line_1_5' title="bbox 264 483 1856 562; baseline -0.003 -16"><span class='ocrx_word' id='word_1_25' title='bbox 264 487 549 562; x_wconf 87' lang='lat' dir='ltr'><strong>nipotentis</strong></span> <span class='ocrx_word' id='word_1_26' title='bbox 611 501 866 560; x_wconf 88' lang='lat' dir='ltr'><strong>egressus</strong></span> <span class='ocrx_word' id='word_1_27' title='bbox 911 485 1198 543; x_wconf 76' lang='lat' dir='ltr'><strong>resistente</strong></span> <span class='ocrx_word' id='word_1_28' title='bbox 1249 483 1470 542; x_wconf 82' lang='lat' dir='ltr'><strong>diabolo</strong></span> <span class='ocrx_word' id='word_1_29' title='bbox 1526 493 1856 552; x_wconf 79' lang='lat' dir='ltr'><strong>remoretur,</strong></span> 
     </span>
    </p>
   </div>
   <div class='ocr_carea' id='block_1_6' title="bbox 261 579 1861 658">
    <p class='ocr_par' dir='ltr' id='par_1_6' title="bbox 261 579 1861 658">
     <span class='ocr_line' id='line_1_6' title="bbox 261 579 1861 658; baseline -0.004 -17"><span class='ocrx_word' id='word_1_30' title='bbox 261 599 418 658; x_wconf 82' lang='lat' dir='ltr'><strong>quem</strong></span> <span class='ocrx_word' id='word_1_31' title='bbox 447 590 660 640; x_wconf 88' lang='lat' dir='ltr'><strong>certum</strong></span> <span class='ocrx_word' id='word_1_32' title='bbox 697 589 786 640; x_wconf 89' lang='lat' dir='ltr'><strong>est</strong></span> <span class='ocrx_word' id='word_1_33' title='bbox 817 579 1204 638; x_wconf 77' lang='lat' dir='ltr'><strong>transmissum</strong></span> <span class='ocrx_word' id='word_1_34' title='bbox 1239 579 1490 637; x_wconf 89' lang='lat' dir='ltr'><strong>muneris</strong></span> <span class='ocrx_word' id='word_1_35' title='bbox 1527 579 1861 638; x_wconf 78' lang='lat' dir='ltr'><strong>desiderium</strong></span> 
     </span>
    </p>
   </div>
   <div class='ocr_carea' id='block_1_7' title="bbox 263 672 1863 752">
    <p class='ocr_par' dir='ltr' id='par_1_7' title="bbox 263 672 1863 752">
     <span class='ocr_line' id='line_1_7' title="bbox 263 672 1863 752; baseline -0.003 -16"><span class='ocrx_word' id='word_1_36' title='bbox 263 678 494 752; x_wconf 76' lang='lat' dir='ltr'><strong>lugerem</strong></span> <span class='ocrx_word' id='word_1_37' title='bbox 535 693 653 736; x_wconf 91' lang='lat' dir='ltr'><strong>non</strong></span> <span class='ocrx_word' id='word_1_38' title='bbox 699 692 881 750; x_wconf 86' lang='lat' dir='ltr'><strong>posse,</strong></span> <span class='ocrx_word' id='word_1_39' title='bbox 923 676 969 733; x_wconf 93' lang='lat' dir='ltr'><strong>si</strong></span> <span class='ocrx_word' id='word_1_40' title='bbox 1005 690 1110 732; x_wconf 89' lang='lat' dir='ltr'><strong>nos</strong></span> <span class='ocrx_word' id='word_1_41' title='bbox 1163 691 1198 733; x_wconf 88' lang='lat' dir='ltr'><strong>a</strong></span> <span class='ocrx_word' id='word_1_42' title='bbox 1243 675 1536 748; x_wconf 64' lang='lat' dir='ltr'><strong>proposita</strong></span> <span class='ocrx_word' id='word_1_43' title='bbox 1587 672 1863 746; x_wconf 74' lang='lat' dir='ltr'><strong>petitionis</strong></span> 
     </span>
    </p>
   </div>
   <div class='ocr_carea' id='block_1_8' title="bbox 259 767 1864 843">
    <p class='ocr_par' dir='ltr' id='par_1_8' title="bbox 259 767 1864 843">
     <span class='ocr_line' id='line_1_8' title="bbox 259 767 1864 843; baseline -0.002 -15"><span class='ocrx_word' id='word_1_44' title='bbox 259 769 547 830; x_wconf 86' lang='lat' dir='ltr'><strong>intentione</strong></span> <span class='ocrx_word' id='word_1_45' title='bbox 602 785 842 828; x_wconf 80' lang='lat' dir='ltr'><strong>cessasse</strong></span> <span class='ocrx_word' id='word_1_46' title='bbox 893 767 1178 843; x_wconf 77' lang='lat' dir='ltr'><strong>repererit.</strong></span> <span class='ocrx_word' id='word_1_47' title='bbox 1229 769 1396 840; x_wconf 86' lang='lat' dir='ltr'><strong>Quod</strong></span> <span class='ocrx_word' id='word_1_48' title='bbox 1437 769 1607 825; x_wconf 85' lang='lat' dir='ltr'><strong>etiam</strong></span> <span class='ocrx_word' id='word_1_49' title='bbox 1669 783 1864 841; x_wconf 81' lang='lat' dir='ltr'><strong>supra-</strong></span> 
     </span>
    </p>
   </div>
   <div class='ocr_carea' id='block_1_9' title="bbox 259 861 1862 938">
    <p class='ocr_par' dir='ltr' id='par_1_9' title="bbox 259 861 1862 938">
     <span class='ocr_line' id='line_1_9' title="bbox 259 861 1862 938; baseline -0.001 -16"><span class='ocrx_word' id='word_1_50' title='bbox 259 862 406 922; x_wconf 90' lang='lat' dir='ltr'><strong>dicto</strong></span> <span class='ocrx_word' id='word_1_51' title='bbox 434 863 712 937; x_wconf 66' lang='lat' dir='ltr'><strong>propheta:</strong></span> <span class='ocrx_word' id='word_1_52' title='bbox 739 861 1106 938; x_wconf 85' lang='lat' dir='ltr'><strong>proculdubio</strong></span> <span class='ocrx_word' id='word_1_53' title='bbox 1115 862 1360 920; x_wconf 86' lang='lat' dir='ltr'><strong>accidere</strong></span> <span class='ocrx_word' id='word_1_54' title='bbox 1419 867 1710 937; x_wconf 88' lang='lat' dir='ltr'><strong>potuisset,</strong></span> <span class='ocrx_word' id='word_1_55' title='bbox 1755 863 1862 920; x_wconf 89' lang='lat' dir='ltr'><strong>nisi</strong></span> 
     </span>
    </p>
   </div>
   <div class='ocr_carea' id='block_1_10' title="bbox 259 954 1861 1029">
    <p class='ocr_par' dir='ltr' id='par_1_10' title="bbox 259 954 1861 1029">
     <span class='ocr_line' id='line_1_10' title="bbox 259 954 1861 1029; baseline -0.002 -15"><span class='ocrx_word' id='word_1_56' title='bbox 259 956 458 1014; x_wconf 89' lang='lat' dir='ltr'><strong>virtute</strong></span> <span class='ocrx_word' id='word_1_57' title='bbox 498 955 906 1029; x_wconf 85' lang='lat' dir='ltr'><strong>incomparihili</strong></span> <span class='ocrx_word' id='word_1_58' title='bbox 943 954 1000 1012; x_wconf 92' lang='lat' dir='ltr'><strong>in</strong></span> <span class='ocrx_word' id='word_1_59' title='bbox 1047 955 1293 1028; x_wconf 87' lang='lat' dir='ltr'><strong>primum</strong></span> <span class='ocrx_word' id='word_1_60' title='bbox 1333 962 1496 1029; x_wconf 89' lang='lat' dir='ltr'><strong>atque</strong></span> <span class='ocrx_word' id='word_1_61' title='bbox 1543 955 1861 1012; x_wconf 87' lang='lat' dir='ltr'><strong>vicesimum</strong></span> 
     </span>
    </p>
   </div>
   <div class='ocr_carea' id='block_1_11' title="bbox 257 1049 1860 1124">
    <p class='ocr_par' dir='ltr' id='par_1_11' title="bbox 257 1049 1860 1124">
     <span class='ocr_line' id='line_1_11' title="bbox 257 1049 1860 1124; baseline -0.002 -14"><span class='ocrx_word' id='word_1_62' title='bbox 257 1050 404 1110; x_wconf 88' lang='lat' dir='ltr'><strong>diem</strong></span> <span class='ocrx_word' id='word_1_63' title='bbox 451 1051 769 1108; x_wconf 87' lang='lat' dir='ltr'><strong>orationum</strong></span> <span class='ocrx_word' id='word_1_64' title='bbox 815 1065 1043 1108; x_wconf 88' lang='lat' dir='ltr'><strong>suarum</strong></span> <span class='ocrx_word' id='word_1_65' title='bbox 1091 1050 1551 1124; x_wconf 84' lang='lat' dir='ltr'><strong>perseverantiam</strong></span> <span class='ocrx_word' id='word_1_66' title='bbox 1592 1049 1860 1123; x_wconf 86' lang='lat' dir='ltr'><strong>protelas-</strong></span> 
     </span>
    </p>
   </div>
   <div class='ocr_carea' id='block_1_12' title="bbox 254 1138 1862 1213">
    <p class='ocr_par' dir='ltr' id='par_1_12' title="bbox 254 1138 1862 1213">
     <span class='ocr_line' id='line_1_12' title="bbox 254 1138 1862 1213; baseline -0.001 -16"><span class='ocrx_word' id='word_1_67' title='bbox 254 1147 359 1198; x_wconf 84' lang='lat' dir='ltr'><strong>set.</strong></span> <span class='ocrx_word' id='word_1_68' title='bbox 393 1138 484 1197; x_wconf 81' lang='lat' dir='ltr'><strong>Ab</strong></span> <span class='ocrx_word' id='word_1_69' title='bbox 529 1138 692 1212; x_wconf 88' lang='lat' dir='ltr'><strong>hujus</strong></span> <span class='ocrx_word' id='word_1_70' title='bbox 715 1139 882 1213; x_wconf 81' lang='lat' dir='ltr'><strong>igitur</strong></span> <span class='ocrx_word' id='word_1_71' title='bbox 917 1138 1048 1196; x_wconf 84' lang='lat' dir='ltr'><strong>ﬁdei</strong></span> <span class='ocrx_word' id='word_1_72' title='bbox 1085 1138 1412 1197; x_wconf 84' lang='lat' dir='ltr'><strong>conﬁdentia</strong></span> <span class='ocrx_word' id='word_1_73' title='bbox 1447 1139 1596 1196; x_wconf 88' lang='lat' dir='ltr'><strong>nulla</strong></span> <span class='ocrx_word' id='word_1_74' title='bbox 1641 1139 1862 1212; x_wconf 86' lang='lat' dir='ltr'><strong>penitus</strong></span> 
     </span>
    </p>
   </div>
   <div class='ocr_carea' id='block_1_13' title="bbox 253 1233 1861 1308">
    <p class='ocr_par' dir='ltr' id='par_1_13' title="bbox 253 1233 1861 1308">
     <span class='ocr_line' id='line_1_13' title="bbox 253 1233 1861 1308; baseline -0.002 -15"><span class='ocrx_word' id='word_1_75' title='bbox 253 1234 633 1308; x_wconf 85' lang='lat' dir='ltr'><strong>desperatione</strong></span> <span class='ocrx_word' id='word_1_76' title='bbox 684 1233 1022 1308; x_wconf 85' lang='lat' dir='ltr'><strong>frangamur,</strong></span> <span class='ocrx_word' id='word_1_77' title='bbox 1081 1251 1210 1294; x_wconf 91' lang='lat' dir='ltr'><strong>cum</strong></span> <span class='ocrx_word' id='word_1_78' title='bbox 1253 1235 1560 1292; x_wconf 89' lang='lat' dir='ltr'><strong>orationem</strong></span> <span class='ocrx_word' id='word_1_79' title='bbox 1614 1243 1861 1292; x_wconf 89' lang='lat' dir='ltr'><strong>nostram</strong></span> 
     </span>
    </p>
   </div>
   <div class='ocr_carea' id='block_1_14' title="bbox 251 1329 1864 1399">
    <p class='ocr_par' dir='ltr' id='par_1_14' title="bbox 251 1329 1864 1399">
     <span class='ocr_line' id='line_1_14' title="bbox 251 1329 1864 1399; baseline -0.001 -12"><span class='ocrx_word' id='word_1_80' title='bbox 251 1344 358 1388; x_wconf 89' lang='lat' dir='ltr'><strong>nos</strong></span> <span class='ocrx_word' id='word_1_81' title='bbox 383 1330 684 1388; x_wconf 82' lang='lat' dir='ltr'><strong>obtinuisse</strong></span> <span class='ocrx_word' id='word_1_82' title='bbox 728 1331 954 1388; x_wconf 89' lang='lat' dir='ltr'><strong>minime</strong></span> <span class='ocrx_word' id='word_1_83' title='bbox 1001 1331 1356 1399; x_wconf 86' lang='lat' dir='ltr'><strong>senserimus,</strong></span> <span class='ocrx_word' id='word_1_84' title='bbox 1409 1347 1512 1387; x_wconf 87' lang='lat' dir='ltr'><strong>nec</strong></span> <span class='ocrx_word' id='word_1_85' title='bbox 1548 1329 1864 1388; x_wconf 72' lang='lat' dir='ltr'><strong>heesitemus</strong></span> 
     </span>
    </p>
   </div>
   <div class='ocr_carea' id='block_1_15' title="bbox 248 1423 1863 1499">
    <p class='ocr_par' dir='ltr' id='par_1_15' title="bbox 248 1423 1863 1499">
     <span class='ocr_line' id='line_1_15' title="bbox 248 1423 1863 1499; baseline -0.001 -19"><span class='ocrx_word' id='word_1_86' title='bbox 248 1437 416 1496; x_wconf 82' lang='lat' dir='ltr'><strong>super</strong></span> <span class='ocrx_word' id='word_1_87' title='bbox 461 1423 682 1490; x_wconf 83' lang='lat' dir='ltr'><strong>Domini</strong></span> <span class='ocrx_word' id='word_1_88' title='bbox 725 1424 1021 1496; x_wconf 84' lang='lat' dir='ltr'><strong>sponsione</strong></span> <span class='ocrx_word' id='word_1_89' title='bbox 1061 1423 1326 1499; x_wconf 76' lang='lat' dir='ltr'><strong>dicentis:</strong></span> <span class='ocrx_word' id='word_1_90' title='bbox 1370 1425 1564 1482; x_wconf 83' lang='lat' dir='ltr'><strong>Omnia</strong></span> <span class='ocrx_word' id='word_1_91' title='bbox 1597 1439 1863 1495; x_wconf 69' lang='lat' dir='ltr'><strong>quaecum-</strong></span> 
     </span>
    </p>
   </div>
   <div class='ocr_carea' id='block_1_16' title="bbox 247 1517 1860 1589">
    <p class='ocr_par' dir='ltr' id='par_1_16' title="bbox 247 1517 1860 1589">
     <span class='ocr_line' id='line_1_16' title="bbox 247 1517 1860 1589; baseline 0.001 -18"><span class='ocrx_word' id='word_1_92' title='bbox 247 1531 356 1588; x_wconf 85' lang='lat' dir='ltr'><strong>que</strong></span> <span class='ocrx_word' id='word_1_93' title='bbox 361 1519 642 1588; x_wconf 85' lang='lat' dir='ltr'><strong>petieritis</strong></span> <span class='ocrx_word' id='word_1_94' title='bbox 661 1519 723 1572; x_wconf 90' lang='lat' dir='ltr'><strong>in</strong></span> <span class='ocrx_word' id='word_1_95' title='bbox 741 1520 981 1574; x_wconf 86' lang='lat' dir='ltr'><strong>oratione</strong></span> <span class='ocrx_word' id='word_1_96' title='bbox 1005 1517 1294 1587; x_wconf 82' lang='lat' dir='ltr'><strong>credentes,</strong></span> <span class='ocrx_word' id='word_1_97' title='bbox 1325 1519 1599 1588; x_wconf 71' lang='lat' dir='ltr'><strong>accipietis</strong></span> <span class='ocrx_word' id='word_1_98' title='bbox 1624 1517 1860 1589; x_wconf 80' lang='lat' dir='ltr'><strong>(Matth.</strong></span> 
     </span>
    </p>
   </div>
   <div class='ocr_carea' id='block_1_17' title="bbox 245 1609 1859 1684">
    <p class='ocr_par' dir='ltr' id='par_1_17' title="bbox 245 1609 1859 1684">
     <span class='ocr_line' id='line_1_17' title="bbox 245 1609 1859 1684; baseline 0 -16"><span class='ocrx_word' id='word_1_99' title='bbox 245 1609 457 1684; x_wconf 70' lang='lat' dir='ltr'><strong>111v).</strong></span> <span class='ocrx_word' id='word_1_100' title='bbox 482 1612 806 1668; x_wconf 85' lang='lat' dir='ltr'><strong>Retractare</strong></span> <span class='ocrx_word' id='word_1_101' title='bbox 844 1625 1080 1684; x_wconf 87' lang='lat' dir='ltr'><strong>namque</strong></span> <span class='ocrx_word' id='word_1_102' title='bbox 1106 1625 1210 1668; x_wconf 90' lang='lat' dir='ltr'><strong>nos</strong></span> <span class='ocrx_word' id='word_1_103' title='bbox 1255 1611 1512 1668; x_wconf 88' lang='lat' dir='ltr'><strong>convenit</strong></span> <span class='ocrx_word' id='word_1_104' title='bbox 1544 1609 1694 1666; x_wconf 87' lang='lat' dir='ltr'><strong>illam</strong></span> <span class='ocrx_word' id='word_1_105' title='bbox 1718 1609 1859 1669; x_wconf 83' lang='lat' dir='ltr'><strong>beati</strong></span> 
     </span>
    </p>
   </div>
   <div class='ocr_carea' id='block_1_18' title="bbox 245 1705 1858 1782">
    <p class='ocr_par' dir='ltr' id='par_1_18' title="bbox 245 1705 1858 1782">
     <span class='ocr_line' id='line_1_18' title="bbox 245 1705 1858 1782; baseline 0.001 -19"><span class='ocrx_word' id='word_1_106' title='bbox 245 1705 480 1765; x_wconf 77' lang='lat' dir='ltr'><strong>Joannis</strong></span> <span class='ocrx_word' id='word_1_107' title='bbox 537 1708 886 1782; x_wconf 62' lang='lat' dir='ltr'><strong>evangelista:</strong></span> <span class='ocrx_word' id='word_1_108' title='bbox 935 1709 1290 1778; x_wconf 85' lang='lat' dir='ltr'><strong>sententiam,</strong></span> <span class='ocrx_word' id='word_1_109' title='bbox 1367 1723 1476 1780; x_wconf 88' lang='lat' dir='ltr'><strong>qua</strong></span> <span class='ocrx_word' id='word_1_110' title='bbox 1535 1707 1858 1781; x_wconf 85' lang='lat' dir='ltr'><strong>ambiguitas</strong></span> 
     </span>
    </p>
   </div>
   <div class='ocr_carea' id='block_1_19' title="bbox 243 1793 1864 1877">
    <p class='ocr_par' dir='ltr' id='par_1_19' title="bbox 243 1793 1864 1877">
     <span class='ocr_line' id='line_1_19' title="bbox 243 1793 1864 1877; baseline 0.001 -20"><span class='ocrx_word' id='word_1_111' title='bbox 243 1799 408 1875; x_wconf 85' lang='lat' dir='ltr'><strong>hujus</strong></span> <span class='ocrx_word' id='word_1_112' title='bbox 459 1801 786 1877; x_wconf 86' lang='lat' dir='ltr'><strong>quaestionis</strong></span> <span class='ocrx_word' id='word_1_113' title='bbox 838 1801 1120 1859; x_wconf 84' lang='lat' dir='ltr'><strong>evidenter</strong></span> <span class='ocrx_word' id='word_1_114' title='bbox 1186 1793 1520 1859; x_wconf 83' lang='lat' dir='ltr'><strong>absolvitur:</strong></span> <span class='ocrx_word' id='word_1_115' title='bbox 1567 1805 1696 1858; x_wconf 70' lang='lat' dir='ltr'><strong>Hac</strong></span> <span class='ocrx_word' id='word_1_116' title='bbox 1765 1808 1864 1872; x_wconf 85' lang='lat' dir='ltr'><strong>est,</strong></span> 
     </span>
    </p>
   </div>
   <div class='ocr_carea' id='block_1_20' title="bbox 243 1892 1865 1968">
    <p class='ocr_par' dir='ltr' id='par_1_20' title="bbox 243 1892 1865 1968">
     <span class='ocr_line' id='line_1_20' title="bbox 243 1892 1865 1968; baseline 0.001 -18"><span class='ocrx_word' id='word_1_117' title='bbox 243 1892 442 1968; x_wconf 86' lang='lat' dir='ltr'><strong>inquit,</strong></span> <span class='ocrx_word' id='word_1_118' title='bbox 486 1897 693 1967; x_wconf 84' lang='lat' dir='ltr'><strong>ﬁducia</strong></span> <span class='ocrx_word' id='word_1_119' title='bbox 717 1913 884 1968; x_wconf 89' lang='lat' dir='ltr'><strong>quam</strong></span> <span class='ocrx_word' id='word_1_120' title='bbox 923 1897 1176 1954; x_wconf 84' lang='lat' dir='ltr'><strong>habemus</strong></span> <span class='ocrx_word' id='word_1_121' title='bbox 1215 1896 1290 1952; x_wconf 84' lang='lat' dir='ltr'><strong>ad</strong></span> <span class='ocrx_word' id='word_1_122' title='bbox 1329 1899 1516 1964; x_wconf 87' lang='lat' dir='ltr'><strong>Deum,</strong></span> <span class='ocrx_word' id='word_1_123' title='bbox 1543 1900 1676 1968; x_wconf 87' lang='lat' dir='ltr'><strong>quia</strong></span> <span class='ocrx_word' id='word_1_124' title='bbox 1713 1897 1865 1966; x_wconf 85' lang='lat' dir='ltr'><strong>quid-</strong></span> 
     </span>
    </p>
   </div>
   <div class='ocr_carea' id='block_1_21' title="bbox 241 1990 1864 2063">
    <p class='ocr_par' dir='ltr' id='par_1_21' title="bbox 241 1990 1864 2063">
     <span class='ocr_line' id='line_1_21' title="bbox 241 1990 1864 2063; baseline 0 -16"><span class='ocrx_word' id='word_1_125' title='bbox 241 1991 374 2063; x_wconf 83' lang='lat' dir='ltr'><strong>quid</strong></span> <span class='ocrx_word' id='word_1_126' title='bbox 380 1993 702 2062; x_wconf 71' lang='lat' dir='ltr'><strong>petierimus</strong></span> <span class='ocrx_word' id='word_1_127' title='bbox 727 1991 1018 2046; x_wconf 64' lang='lat' dir='ltr'><strong>secundm:</strong></span> <span class='ocrx_word' id='word_1_128' title='bbox 1051 1991 1384 2046; x_wconf 78' lang='lat' dir='ltr'><strong>uoluntatem</strong></span> <span class='ocrx_word' id='word_1_129' title='bbox 1409 1990 1541 2060; x_wconf 72' lang='lat' dir='ltr'><strong>eius,</strong></span> <span class='ocrx_word' id='word_1_130' title='bbox 1571 1991 1728 2046; x_wconf 86' lang='lat' dir='ltr'><strong>audit</strong></span> <span class='ocrx_word' id='word_1_131' title='bbox 1767 2006 1864 2047; x_wconf 84' lang='lat' dir='ltr'><strong>nos</strong></span> 
     </span>
    </p>
   </div>
   <div class='ocr_carea' id='block_1_22' title="bbox 242 2080 1866 2155">
    <p class='ocr_par' dir='ltr' id='par_1_22' title="bbox 242 2080 1866 2155">
     <span class='ocr_line' id='line_1_22' title="bbox 242 2080 1866 2155; baseline -0.001 -15"><span class='ocrx_word' id='word_1_132' title='bbox 242 2083 261 2155; x_wconf 98' lang='lat'><strong>(</strong></span> <span class='ocrx_word' id='word_1_133' title='bbox 286 2086 310 2140; x_wconf 86' lang='grc' dir='ltr'><strong><em>ι</em></strong></span> <span class='ocrx_word' id='word_1_134' title='bbox 337 2087 503 2140; x_wconf 85' lang='lat' dir='ltr'><strong>Joan.</strong></span> <span class='ocrx_word' id='word_1_135' title='bbox 543 2083 640 2154; x_wconf 87' lang='lat' dir='ltr'><strong>v).</strong></span> <span class='ocrx_word' id='word_1_136' title='bbox 671 2083 818 2154; x_wconf 86' lang='lat' dir='ltr'><strong>Ergo</strong></span> <span class='ocrx_word' id='word_1_137' title='bbox 847 2097 1013 2154; x_wconf 86' lang='lat' dir='ltr'><strong>super</strong></span> <span class='ocrx_word' id='word_1_138' title='bbox 1056 2080 1146 2138; x_wconf 90' lang='lat' dir='ltr'><strong>his</strong></span> <span class='ocrx_word' id='word_1_139' title='bbox 1179 2089 1396 2138; x_wconf 89' lang='lat' dir='ltr'><strong>tantum</strong></span> <span class='ocrx_word' id='word_1_140' title='bbox 1439 2081 1654 2153; x_wconf 78' lang='lat' dir='ltr'><strong>plenam</strong></span> <span class='ocrx_word' id='word_1_141' title='bbox 1676 2098 1780 2139; x_wconf 92' lang='lat' dir='ltr'><strong>nos</strong></span> <span class='ocrx_word' id='word_1_142' title='bbox 1811 2089 1866 2140; x_wconf 90' lang='lat' dir='ltr'><strong>et</strong></span> 
     </span>
    </p>
   </div>
   <div class='ocr_carea' id='block_1_23' title="bbox 235 2176 1864 2250">
    <p class='ocr_par' dir='ltr' id='par_1_23' title="bbox 235 2176 1864 2250">
     <span class='ocr_line' id='line_1_23' title="bbox 235 2176 1864 2250; baseline -0.003 -12"><span class='ocrx_word' id='word_1_143' title='bbox 235 2177 674 2238; x_wconf 89' lang='lat' dir='ltr'><strong>indubitabilem</strong></span> <span class='ocrx_word' id='word_1_144' title='bbox 711 2177 878 2250; x_wconf 87' lang='lat' dir='ltr'><strong>jussit</strong></span> <span class='ocrx_word' id='word_1_145' title='bbox 925 2176 1284 2235; x_wconf 84' lang='lat' dir='ltr'><strong>exauditionis</strong></span> <span class='ocrx_word' id='word_1_146' title='bbox 1334 2176 1534 2235; x_wconf 88' lang='lat' dir='ltr'><strong>habere</strong></span> <span class='ocrx_word' id='word_1_147' title='bbox 1584 2177 1864 2246; x_wconf 81' lang='lat' dir='ltr'><strong>ﬁduciam,</strong></span> 
     </span>
    </p>
   </div>
   <div class='ocr_carea' id='block_1_24' title="bbox 237 2270 1866 2347">
    <p class='ocr_par' dir='ltr' id='par_1_24' title="bbox 237 2270 1866 2347">
     <span class='ocr_line' id='line_1_24' title="bbox 237 2270 1866 2347; baseline -0.001 -17"><span class='ocrx_word' id='word_1_148' title='bbox 237 2287 376 2347; x_wconf 71' lang='lat' dir='ltr'><strong>quae</strong></span> <span class='ocrx_word' id='word_1_149' title='bbox 405 2287 532 2328; x_wconf 90' lang='lat' dir='ltr'><strong>non</strong></span> <span class='ocrx_word' id='word_1_150' title='bbox 570 2271 774 2328; x_wconf 89' lang='lat' dir='ltr'><strong>nostris</strong></span> <span class='ocrx_word' id='word_1_151' title='bbox 814 2270 1122 2328; x_wconf 87' lang='lat' dir='ltr'><strong>commodis</strong></span> <span class='ocrx_word' id='word_1_152' title='bbox 1159 2286 1265 2329; x_wconf 87' lang='lat' dir='ltr'><strong>nec</strong></span> <span class='ocrx_word' id='word_1_153' title='bbox 1297 2270 1504 2328; x_wconf 87' lang='lat' dir='ltr'><strong>solatiis</strong></span> <span class='ocrx_word' id='word_1_154' title='bbox 1544 2271 1866 2344; x_wconf 85' lang='lat' dir='ltr'><strong>temporali-</strong></span> 
     </span>
    </p>
   </div>
   <div class='ocr_carea' id='block_1_25' title="bbox 231 2365 1862 2440">
    <p class='ocr_par' dir='ltr' id='par_1_25' title="bbox 231 2365 1862 2440">
     <span class='ocr_line' id='line_1_25' title="bbox 231 2365 1862 2440; baseline -0.002 -15"><span class='ocrx_word' id='word_1_155' title='bbox 231 2367 370 2438; x_wconf 86' lang='lat' dir='ltr'><strong>bus,</strong></span> <span class='ocrx_word' id='word_1_156' title='bbox 405 2365 512 2424; x_wconf 89' lang='lat' dir='ltr'><strong>sed</strong></span> <span class='ocrx_word' id='word_1_157' title='bbox 539 2367 772 2422; x_wconf 88' lang='lat' dir='ltr'><strong>Domini</strong></span> <span class='ocrx_word' id='word_1_158' title='bbox 810 2373 1126 2440; x_wconf 87' lang='lat' dir='ltr'><strong>congruunt</strong></span> <span class='ocrx_word' id='word_1_159' title='bbox 1167 2365 1451 2422; x_wconf 85' lang='lat' dir='ltr'><strong>voluntati.</strong></span> <span class='ocrx_word' id='word_1_160' title='bbox 1503 2365 1663 2435; x_wconf 87' lang='lat' dir='ltr'><strong>Quod</strong></span> <span class='ocrx_word' id='word_1_161' title='bbox 1697 2367 1862 2422; x_wconf 89' lang='lat' dir='ltr'><strong>etiam</strong></span> 
     </span>
    </p>
   </div>
   <div class='ocr_carea' id='block_1_26' title="bbox 234 2458 1866 2532">
    <p class='ocr_par' dir='ltr' id='par_1_26' title="bbox 234 2458 1866 2532">
     <span class='ocr_line' id='line_1_26' title="bbox 234 2458 1866 2532; baseline -0.002 -13"><span class='ocrx_word' id='word_1_162' title='bbox 234 2461 295 2520; x_wconf 90' lang='lat' dir='ltr'><strong>in</strong></span> <span class='ocrx_word' id='word_1_163' title='bbox 322 2460 590 2519; x_wconf 86' lang='lat' dir='ltr'><strong>oratione</strong></span> <span class='ocrx_word' id='word_1_164' title='bbox 619 2460 917 2518; x_wconf 89' lang='lat' dir='ltr'><strong>Dominica</strong></span> <span class='ocrx_word' id='word_1_165' title='bbox 947 2459 1248 2517; x_wconf 86' lang='lat' dir='ltr'><strong>admiscere</strong></span> <span class='ocrx_word' id='word_1_166' title='bbox 1292 2458 1640 2532; x_wconf 69' lang='lat' dir='ltr'><strong>praecipimur</strong></span> <span class='ocrx_word' id='word_1_167' title='bbox 1681 2458 1866 2516; x_wconf 88' lang='lat' dir='ltr'><strong>dicen-</strong></span> 
     </span>
    </p>
   </div>
   <div class='ocr_carea' id='block_1_27' title="bbox 233 2555 1865 2628">
    <p class='ocr_par' dir='ltr' id='par_1_27' title="bbox 233 2555 1865 2628">
     <span class='ocr_line' id='line_1_27' title="bbox 233 2555 1865 2628; baseline -0.003 -11"><span class='ocrx_word' id='word_1_168' title='bbox 233 2565 322 2617; x_wconf 86' lang='lat' dir='ltr'><strong>tes</strong></span> <span class='ocrx_word' id='word_1_169' title='bbox 359 2579 379 2615; x_wconf 72' lang='grc' dir='ltr'>ι</span> <span class='ocrx_word' id='word_1_170' title='bbox 401 2560 540 2616; x_wconf 85' lang='lat' dir='ltr'><strong>Fiat</strong></span> <span class='ocrx_word' id='word_1_171' title='bbox 596 2558 844 2614; x_wconf 81' lang='lat' dir='ltr'><strong>voluntas</strong></span> <span class='ocrx_word' id='word_1_172' title='bbox 899 2561 996 2614; x_wconf 89' lang='lat' dir='ltr'><strong>tua</strong></span> <span class='ocrx_word' id='word_1_173' title='bbox 1046 2555 1273 2628; x_wconf 90' lang='lat' dir='ltr'><strong>(Matth.</strong></span> <span class='ocrx_word' id='word_1_174' title='bbox 1317 2556 1435 2628; x_wconf 77' lang='lat' dir='ltr'><strong>vr),</strong></span> <span class='ocrx_word' id='word_1_175' title='bbox 1481 2555 1710 2626; x_wconf 81' lang='lat' dir='ltr'><strong>scilicet,</strong></span> <span class='ocrx_word' id='word_1_176' title='bbox 1751 2571 1865 2612; x_wconf 92' lang='lat' dir='ltr'><strong>non</strong></span> 
     </span>
    </p>
   </div>
   <div class='ocr_carea' id='block_1_28' title="bbox 231 2647 1865 2722">
    <p class='ocr_par' dir='ltr' id='par_1_28' title="bbox 231 2647 1865 2722">
     <span class='ocr_line' id='line_1_28' title="bbox 231 2647 1865 2722; baseline -0.003 -13"><span class='ocrx_word' id='word_1_177' title='bbox 231 2660 456 2711; x_wconf 84' lang='lat' dir='ltr'><strong>nostra.</strong></span> <span class='ocrx_word' id='word_1_178' title='bbox 489 2651 547 2707; x_wconf 90' lang='lat' dir='ltr'><strong>Si</strong></span> <span class='ocrx_word' id='word_1_179' title='bbox 571 2650 719 2707; x_wconf 89' lang='lat' dir='ltr'><strong>enim</strong></span> <span class='ocrx_word' id='word_1_180' title='bbox 751 2658 808 2706; x_wconf 91' lang='lat' dir='ltr'><strong>et</strong></span> <span class='ocrx_word' id='word_1_181' title='bbox 835 2649 971 2706; x_wconf 91' lang='lat' dir='ltr'><strong>illud</strong></span> <span class='ocrx_word' id='word_1_182' title='bbox 1010 2649 1258 2722; x_wconf 83' lang='lat' dir='ltr'><strong>Apostoli</strong></span> <span class='ocrx_word' id='word_1_183' title='bbox 1289 2647 1670 2717; x_wconf 87' lang='lat' dir='ltr'><strong>recordemur,</strong></span> <span class='ocrx_word' id='word_1_184' title='bbox 1723 2665 1865 2720; x_wconf 88' lang='lat' dir='ltr'><strong>quo-</strong></span> 
     </span>
    </p>
   </div>
   <div class='ocr_carea' id='block_1_29' title="bbox 228 2743 1867 2816">
    <p class='ocr_par' dir='ltr' id='par_1_29' title="bbox 228 2743 1867 2816">
     <span class='ocr_line' id='line_1_29' title="bbox 228 2743 1867 2816; baseline -0.001 -14"><span class='ocrx_word' id='word_1_185' title='bbox 228 2743 389 2804; x_wconf 88' lang='lat' dir='ltr'><strong>niam</strong></span> <span class='ocrx_word' id='word_1_186' title='bbox 429 2743 578 2816; x_wconf 85' lang='lat' dir='ltr'><strong>quid</strong></span> <span class='ocrx_word' id='word_1_187' title='bbox 599 2758 808 2800; x_wconf 86' lang='lat' dir='ltr'><strong>oremus</strong></span> <span class='ocrx_word' id='word_1_188' title='bbox 849 2743 1140 2800; x_wconf 84' lang='lat' dir='ltr'><strong>secundum</strong></span> <span class='ocrx_word' id='word_1_189' title='bbox 1168 2743 1314 2816; x_wconf 90' lang='lat' dir='ltr'><strong>quod</strong></span> <span class='ocrx_word' id='word_1_190' title='bbox 1345 2746 1577 2814; x_wconf 84' lang='lat' dir='ltr'><strong>oportet,</strong></span> <span class='ocrx_word' id='word_1_191' title='bbox 1608 2745 1867 2800; x_wconf 74' lang='lat' dir='ltr'><strong>nescimus</strong></span> 
     </span>
    </p>
   </div>
   <div class='ocr_carea' id='block_1_30' title="bbox 234 2835 1866 2910">
    <p class='ocr_par' dir='ltr' id='par_1_30' title="bbox 234 2835 1866 2910">
     <span class='ocr_line' id='line_1_30' title="bbox 234 2835 1866 2910; baseline -0.003 -13"><span class='ocrx_word' id='word_1_192' title='bbox 234 2835 432 2910; x_wconf 84' lang='lat' dir='ltr'><strong>(Rom.</strong></span> <span class='ocrx_word' id='word_1_193' title='bbox 478 2841 657 2906; x_wconf 75' lang='lat' dir='ltr'><strong>vni),</strong></span> <span class='ocrx_word' id='word_1_194' title='bbox 707 2836 1057 2910; x_wconf 88' lang='lat' dir='ltr'><strong>intelligimus</strong></span> <span class='ocrx_word' id='word_1_195' title='bbox 1099 2851 1516 2908; x_wconf 90' lang='lat' dir='ltr'><strong>nonnumquam</strong></span> <span class='ocrx_word' id='word_1_196' title='bbox 1556 2835 1724 2892; x_wconf 87' lang='lat' dir='ltr'><strong>saluti</strong></span> <span class='ocrx_word' id='word_1_197' title='bbox 1759 2852 1866 2892; x_wconf 94' lang='lat' dir='ltr'><strong>no-</strong></span> 
     </span>
    </p>
   </div>
   <div class='ocr_carea' id='block_1_31' title="bbox 227 2927 1868 3002">
    <p class='ocr_par' dir='ltr' id='par_1_31' title="bbox 227 2927 1868 3002">
     <span class='ocr_line' id='line_1_31' title="bbox 227 2927 1868 3002; baseline -0.001 -14"><span class='ocrx_word' id='word_1_198' title='bbox 227 2937 368 2990; x_wconf 76' lang='lat' dir='ltr'><strong>strae</strong></span> <span class='ocrx_word' id='word_1_199' title='bbox 389 2929 679 2988; x_wconf 84' lang='lat' dir='ltr'><strong>contraria</strong></span> <span class='ocrx_word' id='word_1_200' title='bbox 714 2929 1008 3002; x_wconf 90' lang='lat' dir='ltr'><strong>postulare,</strong></span> <span class='ocrx_word' id='word_1_201' title='bbox 1037 2935 1096 2986; x_wconf 88' lang='lat' dir='ltr'><strong>et</strong></span> <span class='ocrx_word' id='word_1_202' title='bbox 1119 2927 1572 2986; x_wconf 87' lang='lat' dir='ltr'><strong>commodissime</strong></span> <span class='ocrx_word' id='word_1_203' title='bbox 1599 2929 1759 2986; x_wconf 91' lang='lat' dir='ltr'><strong>nobis</strong></span> <span class='ocrx_word' id='word_1_204' title='bbox 1795 2929 1868 2986; x_wconf 88' lang='lat' dir='ltr'><strong>ab</strong></span> 
     </span>
    </p>
   </div>
   <div class='ocr_carea' id='block_1_32' title="bbox 229 3021 1869 3097">
    <p class='ocr_par' dir='ltr' id='par_1_32' title="bbox 229 3021 1869 3097">
     <span class='ocr_line' id='line_1_32' title="bbox 229 3021 1869 3097; baseline -0.001 -17"><span class='ocrx_word' id='word_1_205' title='bbox 229 3035 300 3080; x_wconf 86' lang='lat' dir='ltr'><strong>eo</strong></span> <span class='ocrx_word' id='word_1_206' title='bbox 332 3023 435 3097; x_wconf 89' lang='lat' dir='ltr'><strong>qui</strong></span> <span class='ocrx_word' id='word_1_207' title='bbox 469 3021 740 3079; x_wconf 86' lang='lat' dir='ltr'><strong>utilitates</strong></span> <span class='ocrx_word' id='word_1_208' title='bbox 767 3029 978 3078; x_wconf 88' lang='lat' dir='ltr'><strong>nostras</strong></span> <span class='ocrx_word' id='word_1_209' title='bbox 1021 3021 1222 3078; x_wconf 88' lang='lat' dir='ltr'><strong>rectius</strong></span> <span class='ocrx_word' id='word_1_210' title='bbox 1247 3036 1414 3093; x_wconf 87' lang='lat' dir='ltr'><strong>quam</strong></span> <span class='ocrx_word' id='word_1_211' title='bbox 1440 3038 1545 3078; x_wconf 91' lang='lat' dir='ltr'><strong>nos</strong></span> <span class='ocrx_word' id='word_1_212' title='bbox 1599 3038 1664 3078; x_wconf 90' lang='lat' dir='ltr'><strong>ac</strong></span> <span class='ocrx_word' id='word_1_213' title='bbox 1708 3037 1869 3078; x_wconf 89' lang='lat' dir='ltr'><strong>vera-</strong></span> 
     </span>
    </p>
   </div>
   <div class='ocr_carea' id='block_1_33' title="bbox 224 3113 1868 3188">
    <p class='ocr_par' dir='ltr' id='par_1_33' title="bbox 224 3113 1868 3188">
     <span class='ocr_line' id='line_1_33' title="bbox 224 3113 1868 3188; baseline -0.002 -14"><span class='ocrx_word' id='word_1_214' title='bbox 224 3115 355 3175; x_wconf 88' lang='lat' dir='ltr'><strong>cius</strong></span> <span class='ocrx_word' id='word_1_215' title='bbox 391 3117 682 3184; x_wconf 85' lang='lat' dir='ltr'><strong>intuetur,</strong></span> <span class='ocrx_word' id='word_1_216' title='bbox 725 3129 786 3170; x_wconf 90' lang='lat' dir='ltr'><strong>ea</strong></span> <span class='ocrx_word' id='word_1_217' title='bbox 811 3129 935 3186; x_wconf 67' lang='lat' dir='ltr'><strong>quae</strong></span> <span class='ocrx_word' id='word_1_218' title='bbox 970 3113 1244 3186; x_wconf 89' lang='lat' dir='ltr'><strong>poscimus</strong></span> <span class='ocrx_word' id='word_1_219' title='bbox 1283 3114 1558 3188; x_wconf 86' lang='lat' dir='ltr'><strong>denegari.</strong></span> <span class='ocrx_word' id='word_1_220' title='bbox 1599 3115 1760 3186; x_wconf 85' lang='lat' dir='ltr'><strong>Quod</strong></span> <span class='ocrx_word' id='word_1_221' title='bbox 1795 3115 1868 3172; x_wconf 89' lang='lat' dir='ltr'><strong>illi</strong></span> 
     </span>
    </p>
   </div>
   <div class='ocr_carea' id='block_1_34' title="bbox 1965 486 3564 572">
    <p class='ocr_par' dir='ltr' id='par_1_34' title="bbox 1965 486 3564 572">
     <span class='ocr_line' id='line_1_34' title="bbox 1965 486 3564 572; baseline 0.009 -30"><span class='ocrx_word' id='word_1_222' title='bbox 1965 486 2194 556; x_wconf 84' lang='lat' dir='ltr'><strong>luntate,</strong></span> <span class='ocrx_word' id='word_1_223' title='bbox 2223 488 2413 546; x_wconf 88' lang='lat' dir='ltr'><strong>dicens</strong></span> <span class='ocrx_word' id='word_1_224' title='bbox 2437 511 2450 546; x_wconf 96' lang='lat'><strong>:</strong></span> <span class='ocrx_word' id='word_1_225' title='bbox 2485 493 2712 563; x_wconf 80' lang='lat' dir='ltr'><strong>Propter</strong></span> <span class='ocrx_word' id='word_1_226' title='bbox 2734 496 2878 564; x_wconf 81' lang='lat' dir='ltr'><strong>quod</strong></span> <span class='ocrx_word' id='word_1_227' title='bbox 2899 500 2981 552; x_wconf 87' lang='lat' dir='ltr'><strong>ter</strong></span> <span class='ocrx_word' id='word_1_228' title='bbox 3027 501 3314 554; x_wconf 88' lang='lat' dir='ltr'><strong>Dominum</strong></span> <span class='ocrx_word' id='word_1_229' title='bbox 3360 507 3564 572; x_wconf 73' lang='lat' dir='ltr'><strong>rogaui,</strong></span> 
     </span>
    </p>
   </div>
   <div class='ocr_carea' id='block_1_35' title="bbox 1964 580 3566 664">
    <p class='ocr_par' dir='ltr' id='par_1_35' title="bbox 1964 580 3566 664">
     <span class='ocr_line' id='line_1_35' title="bbox 1964 580 3566 664; baseline 0.011 -30"><span class='ocrx_word' id='word_1_230' title='bbox 1964 583 2027 634; x_wconf 90' lang='lat' dir='ltr'><strong>ut</strong></span> <span class='ocrx_word' id='word_1_231' title='bbox 2051 580 2342 639; x_wconf 71' lang='lat' dir='ltr'><strong>discederet</strong></span> <span class='ocrx_word' id='word_1_232' title='bbox 2368 599 2404 638; x_wconf 89' lang='lat' dir='ltr'><strong>a</strong></span> <span class='ocrx_word' id='word_1_233' title='bbox 2439 599 2544 648; x_wconf 87' lang='lat' dir='ltr'><strong>me,</strong></span> <span class='ocrx_word' id='word_1_234' title='bbox 2573 590 2627 640; x_wconf 89' lang='lat' dir='ltr'><strong>et</strong></span> <span class='ocrx_word' id='word_1_235' title='bbox 2650 586 2798 642; x_wconf 67' lang='lat' dir='ltr'><strong>dixit</strong></span> <span class='ocrx_word' id='word_1_236' title='bbox 2825 589 2964 644; x_wconf 87' lang='lat' dir='ltr'><strong>mihi</strong></span> <span class='ocrx_word' id='word_1_237' title='bbox 2988 607 3005 644; x_wconf 91' lang='lat'><strong>:</strong></span> <span class='ocrx_word' id='word_1_238' title='bbox 3030 591 3360 661; x_wconf 81' lang='lat' dir='ltr'><strong>Sufﬁcittibi</strong></span> <span class='ocrx_word' id='word_1_239' title='bbox 3382 597 3566 664; x_wconf 88' lang='lat' dir='ltr'><strong>gratia</strong></span> 
     </span>
    </p>
   </div>
   <div class='ocr_carea' id='block_1_36' title="bbox 1965 679 3564 761">
    <p class='ocr_par' dir='ltr' id='par_1_36' title="bbox 1965 679 3564 761">
     <span class='ocr_line' id='line_1_36' title="bbox 1965 679 3564 761; baseline 0.011 -32"><span class='ocrx_word' id='word_1_240' title='bbox 1965 689 2085 730; x_wconf 89' lang='lat' dir='ltr'><strong>mea</strong></span> <span class='ocrx_word' id='word_1_241' title='bbox 2104 691 2266 744; x_wconf 71' lang='lat' dir='ltr'><strong>:nam</strong></span> <span class='ocrx_word' id='word_1_242' title='bbox 2282 679 2459 734; x_wconf 78' lang='lat' dir='ltr'><strong>virtus</strong></span> <span class='ocrx_word' id='word_1_243' title='bbox 2478 680 2540 734; x_wconf 88' lang='lat' dir='ltr'><strong>in</strong></span> <span class='ocrx_word' id='word_1_244' title='bbox 2558 681 2880 750; x_wconf 74' lang='lat' dir='ltr'><strong>inﬁmitate</strong></span> <span class='ocrx_word' id='word_1_245' title='bbox 2891 686 3175 754; x_wconf 79' lang='lat' dir='ltr'><strong>perﬁcitur</strong></span> <span class='ocrx_word' id='word_1_246' title='bbox 3195 691 3213 754; x_wconf 93' lang='lat'><strong>(</strong></span> <span class='ocrx_word' id='word_1_247' title='bbox 3231 689 3252 740; x_wconf 84' lang='grc' dir='ltr'><strong>Ι</strong></span> <span class='ocrx_word' id='word_1_248' title='bbox 3277 687 3396 744; x_wconf 86' lang='lat' dir='ltr'><strong>Cor.</strong></span> <span class='ocrx_word' id='word_1_249' title='bbox 3421 703 3508 745; x_wconf 80' lang='lat' dir='ltr'><strong>xu</strong></span> <span class='ocrx_word' id='word_1_250' title='bbox 3524 687 3564 761; x_wconf 93' lang='lat'><strong>).</strong></span> 
     </span>
    </p>
   </div>
   <div class='ocr_carea' id='block_1_37' title="bbox 1969 766 3570 853">
    <p class='ocr_par' dir='ltr' id='par_1_37' title="bbox 1969 766 3570 853">
     <span class='ocr_line' id='line_1_37' title="bbox 1969 766 3570 853; baseline 0.009 -28"><span class='ocrx_word' id='word_1_251' title='bbox 1969 767 2147 838; x_wconf 87' lang='lat' dir='ltr'><strong>Quem</strong></span> <span class='ocrx_word' id='word_1_252' title='bbox 2173 766 2399 828; x_wconf 85' lang='lat' dir='ltr'><strong>sensum</strong></span> <span class='ocrx_word' id='word_1_253' title='bbox 2428 773 2596 830; x_wconf 86' lang='lat' dir='ltr'><strong>etiam</strong></span> <span class='ocrx_word' id='word_1_254' title='bbox 2633 775 2662 811; x_wconf 71' lang='grc' dir='ltr'>δ</span> <span class='ocrx_word' id='word_1_255' title='bbox 2704 777 2978 834; x_wconf 87' lang='lat' dir='ltr'><strong>Dominus</strong></span> <span class='ocrx_word' id='word_1_256' title='bbox 3017 794 3182 836; x_wconf 84' lang='lat' dir='ltr'><strong>orans</strong></span> <span class='ocrx_word' id='word_1_257' title='bbox 3224 795 3291 836; x_wconf 83' lang='lat' dir='ltr'><strong>ex</strong></span> <span class='ocrx_word' id='word_1_258' title='bbox 3337 797 3570 853; x_wconf 84' lang='lat' dir='ltr'><strong>persona</strong></span> 
     </span>
    </p>
   </div>
   <div class='ocr_carea' id='block_1_38' title="bbox 1967 862 3572 946">
    <p class='ocr_par' dir='ltr' id='par_1_38' title="bbox 1967 862 3572 946">
     <span class='ocr_line' id='line_1_38' title="bbox 1967 862 3572 946; baseline 0.009 -26"><span class='ocrx_word' id='word_1_259' title='bbox 1967 862 2212 922; x_wconf 86' lang='lat' dir='ltr'><strong>hominis</strong></span> <span class='ocrx_word' id='word_1_260' title='bbox 2257 868 2551 942; x_wconf 87' lang='lat' dir='ltr'><strong>assumpti,</strong></span> <span class='ocrx_word' id='word_1_261' title='bbox 2593 877 2655 926; x_wconf 89' lang='lat' dir='ltr'><strong>ut</strong></span> <span class='ocrx_word' id='word_1_262' title='bbox 2697 867 2934 928; x_wconf 81' lang='lat' dir='ltr'><strong>formam</strong></span> <span class='ocrx_word' id='word_1_263' title='bbox 2974 889 3193 946; x_wconf 87' lang='lat' dir='ltr'><strong>quoque</strong></span> <span class='ocrx_word' id='word_1_264' title='bbox 3239 876 3426 932; x_wconf 89' lang='lat' dir='ltr'><strong>orandi</strong></span> <span class='ocrx_word' id='word_1_265' title='bbox 3467 893 3572 934; x_wconf 85' lang='lat' dir='ltr'><strong>no-</strong></span> 
     </span>
    </p>
   </div>
   <div class='ocr_carea' id='block_1_39' title="bbox 1966 955 3572 1040">
    <p class='ocr_par' dir='ltr' id='par_1_39' title="bbox 1966 955 3572 1040">
     <span class='ocr_line' id='line_1_39' title="bbox 1966 955 3572 1040; baseline 0.011 -28"><span class='ocrx_word' id='word_1_266' title='bbox 1966 955 2074 1028; x_wconf 92' lang='lat' dir='ltr'><strong>bis,</strong></span> <span class='ocrx_word' id='word_1_267' title='bbox 2113 959 2578 1030; x_wconf 88' lang='lat' dir='ltr'><strong>quemadmodum</strong></span> <span class='ocrx_word' id='word_1_268' title='bbox 2615 971 2670 1018; x_wconf 91' lang='lat' dir='ltr'><strong>et</strong></span> <span class='ocrx_word' id='word_1_269' title='bbox 2703 972 2922 1035; x_wconf 74' lang='lat' dir='ltr'><strong>caetera,</strong></span> <span class='ocrx_word' id='word_1_270' title='bbox 2955 982 3058 1024; x_wconf 93' lang='lat' dir='ltr'><strong>suo</strong></span> <span class='ocrx_word' id='word_1_271' title='bbox 3097 969 3364 1040; x_wconf 66' lang='lat' dir='ltr'><strong>praeberet</strong></span> <span class='ocrx_word' id='word_1_272' title='bbox 3390 986 3572 1029; x_wconf 87' lang='lat' dir='ltr'><strong>exem-</strong></span> 
     </span>
    </p>
   </div>
   <div class='ocr_carea' id='block_1_40' title="bbox 1969 1047 3574 1133">
    <p class='ocr_par' dir='ltr' id='par_1_40' title="bbox 1969 1047 3574 1133">
     <span class='ocr_line' id='line_1_40' title="bbox 1969 1047 3574 1133; baseline 0.011 -30"><span class='ocrx_word' id='word_1_273' title='bbox 1969 1047 2082 1121; x_wconf 83' lang='lat' dir='ltr'><strong>plo,</strong></span> <span class='ocrx_word' id='word_1_274' title='bbox 2131 1049 2211 1106; x_wconf 88' lang='lat' dir='ltr'><strong>ita</strong></span> <span class='ocrx_word' id='word_1_275' title='bbox 2252 1066 2380 1106; x_wconf 89' lang='lat' dir='ltr'><strong>cum</strong></span> <span class='ocrx_word' id='word_1_276' title='bbox 2409 1058 2590 1108; x_wconf 87' lang='lat' dir='ltr'><strong>oraret</strong></span> <span class='ocrx_word' id='word_1_277' title='bbox 2624 1057 2893 1126; x_wconf 86' lang='lat' dir='ltr'><strong>expressit</strong></span> <span class='ocrx_word' id='word_1_278' title='bbox 2937 1076 2951 1114; x_wconf 89' lang='lat'><strong>:</strong></span> <span class='ocrx_word' id='word_1_279' title='bbox 2993 1062 3174 1124; x_wconf 90' lang='lat' dir='ltr'><strong>Pater,</strong></span> <span class='ocrx_word' id='word_1_280' title='bbox 3225 1064 3276 1117; x_wconf 91' lang='lat' dir='ltr'><strong>si</strong></span> <span class='ocrx_word' id='word_1_281' title='bbox 3317 1065 3574 1133; x_wconf 71' lang='lat' dir='ltr'><strong>possibile</strong></span> 
     </span>
    </p>
   </div>
   <div class='ocr_carea' id='block_1_41' title="bbox 1969 1146 3576 1216">
    <p class='ocr_par' dir='ltr' id='par_1_41' title="bbox 1969 1146 3576 1216">
     <span class='ocr_line' id='line_1_41' title="bbox 1969 1146 3576 1216; baseline 0.011 -18"><span class='ocrx_word' id='word_1_282' title='bbox 1969 1146 2066 1211; x_wconf 81' lang='lat' dir='ltr'><strong>est,</strong></span> <span class='ocrx_word' id='word_1_283' title='bbox 2097 1147 2345 1200; x_wconf 81' lang='lat' dir='ltr'><strong>transeat</strong></span> <span class='ocrx_word' id='word_1_284' title='bbox 2392 1161 2428 1200; x_wconf 88' lang='lat' dir='ltr'><strong>a</strong></span> <span class='ocrx_word' id='word_1_285' title='bbox 2461 1163 2548 1202; x_wconf 90' lang='lat' dir='ltr'><strong>me</strong></span> <span class='ocrx_word' id='word_1_286' title='bbox 2573 1149 2718 1204; x_wconf 54' lang='lat' dir='ltr'><strong>calice</strong></span> <span class='ocrx_word' id='word_1_287' title='bbox 2741 1151 2876 1204; x_wconf 86' lang='lat' dir='ltr'><strong>iste:</strong></span> <span class='ocrx_word' id='word_1_288' title='bbox 2905 1159 3269 1210; x_wconf 82' lang='lat' dir='ltr'><strong>verumtamen</strong></span> <span class='ocrx_word' id='word_1_289' title='bbox 3304 1173 3413 1212; x_wconf 89' lang='lat' dir='ltr'><strong>non</strong></span> <span class='ocrx_word' id='word_1_290' title='bbox 3434 1162 3576 1216; x_wconf 86' lang='lat' dir='ltr'><strong>sicut</strong></span> 
     </span>
    </p>
   </div>
   <div class='ocr_carea' id='block_1_42' title="bbox 1970 1237 3574 1322">
    <p class='ocr_par' dir='ltr' id='par_1_42' title="bbox 1970 1237 3574 1322">
     <span class='ocr_line' id='line_1_42' title="bbox 1970 1237 3574 1322; baseline 0.012 -33"><span class='ocrx_word' id='word_1_291' title='bbox 1970 1250 2064 1304; x_wconf 90' lang='lat' dir='ltr'><strong>ego</strong></span> <span class='ocrx_word' id='word_1_292' title='bbox 2088 1237 2224 1305; x_wconf 78' lang='lat' dir='ltr'><strong>volo,</strong></span> <span class='ocrx_word' id='word_1_293' title='bbox 2259 1237 2354 1292; x_wconf 87' lang='lat' dir='ltr'><strong>sed</strong></span> <span class='ocrx_word' id='word_1_294' title='bbox 2391 1241 2529 1294; x_wconf 86' lang='lat' dir='ltr'><strong>sicut</strong></span> <span class='ocrx_word' id='word_1_295' title='bbox 2555 1246 2618 1296; x_wconf 88' lang='lat' dir='ltr'><strong>tu</strong></span> <span class='ocrx_word' id='word_1_296' title='bbox 2657 1240 2883 1312; x_wconf 80' lang='lat' dir='ltr'><strong>(Matth.</strong></span> <span class='ocrx_word' id='word_1_297' title='bbox 2920 1245 3128 1316; x_wconf 74' lang='lat' dir='ltr'><strong>xxvi),</strong></span> <span class='ocrx_word' id='word_1_298' title='bbox 3165 1249 3190 1279; x_wconf 82' lang='lat'><strong>°</strong></span> <span class='ocrx_word' id='word_1_299' title='bbox 3220 1263 3348 1303; x_wconf 90' lang='lat' dir='ltr'><strong>cum</strong></span> <span class='ocrx_word' id='word_1_300' title='bbox 3382 1251 3574 1322; x_wconf 86' lang='lat' dir='ltr'><strong>utique</strong></span> 
     </span>
    </p>
   </div>
   <div class='ocr_carea' id='block_1_43' title="bbox 1969 1327 3571 1408">
    <p class='ocr_par' dir='ltr' id='par_1_43' title="bbox 1969 1327 3571 1408">
     <span class='ocr_line' id='line_1_43' title="bbox 1969 1327 3571 1408; baseline 0.01 -24"><span class='ocrx_word' id='word_1_301' title='bbox 1969 1327 2088 1400; x_wconf 85' lang='lat' dir='ltr'><strong>ejus</strong></span> <span class='ocrx_word' id='word_1_302' title='bbox 2131 1345 2168 1386; x_wconf 88' lang='lat' dir='ltr'><strong>a</strong></span> <span class='ocrx_word' id='word_1_303' title='bbox 2215 1331 2392 1388; x_wconf 89' lang='lat' dir='ltr'><strong>Patris</strong></span> <span class='ocrx_word' id='word_1_304' title='bbox 2443 1331 2719 1388; x_wconf 85' lang='lat' dir='ltr'><strong>voluntate</strong></span> <span class='ocrx_word' id='word_1_305' title='bbox 2757 1349 2872 1391; x_wconf 89' lang='lat' dir='ltr'><strong>non</strong></span> <span class='ocrx_word' id='word_1_306' title='bbox 2919 1335 3250 1408; x_wconf 86' lang='lat' dir='ltr'><strong>discreparet</strong></span> <span class='ocrx_word' id='word_1_307' title='bbox 3299 1342 3571 1400; x_wconf 87' lang='lat' dir='ltr'><strong>voluntas.</strong></span> 
     </span>
    </p>
   </div>
   <div class='ocr_carea' id='block_1_44' title="bbox 1978 1424 3576 1509">
    <p class='ocr_par' dir='ltr' id='par_1_44' title="bbox 1978 1424 3576 1509">
     <span class='ocr_line' id='line_1_44' title="bbox 1978 1424 3576 1509; baseline 0.009 -30"><span class='ocrx_word' id='word_1_308' title='bbox 1978 1424 2209 1480; x_wconf 83' lang='lat' dir='ltr'><strong>Venerat</strong></span> <span class='ocrx_word' id='word_1_309' title='bbox 2223 1427 2365 1480; x_wconf 87' lang='lat' dir='ltr'><strong>enim</strong></span> <span class='ocrx_word' id='word_1_310' title='bbox 2382 1427 2594 1482; x_wconf 80' lang='lat' dir='ltr'><strong>saluare</strong></span> <span class='ocrx_word' id='word_1_311' title='bbox 2607 1429 2752 1497; x_wconf 87' lang='lat' dir='ltr'><strong>quod</strong></span> <span class='ocrx_word' id='word_1_312' title='bbox 2763 1431 3006 1499; x_wconf 79' lang='lat' dir='ltr'><strong>perierat</strong></span> <span class='ocrx_word' id='word_1_313' title='bbox 3025 1431 3230 1502; x_wconf 83' lang='lat' dir='ltr'><strong>(Matth</strong></span> <span class='ocrx_word' id='word_1_314' title='bbox 3249 1473 3262 1486; x_wconf 92' lang='lat'><strong>.</strong></span> <span class='ocrx_word' id='word_1_315' title='bbox 3283 1449 3390 1490; x_wconf 74' lang='lat' dir='ltr'><strong>xv:</strong></span> <span class='ocrx_word' id='word_1_316' title='bbox 3401 1435 3498 1509; x_wconf 82' lang='lat' dir='ltr'><strong>II),</strong></span> <span class='ocrx_word' id='word_1_317' title='bbox 3523 1442 3576 1493; x_wconf 88' lang='lat' dir='ltr'><strong>et</strong></span> 
     </span>
    </p>
   </div>
   <div class='ocr_carea' id='block_1_45' title="bbox 1973 1513 3572 1595">
    <p class='ocr_par' dir='ltr' id='par_1_45' title="bbox 1973 1513 3572 1595">
     <span class='ocr_line' id='line_1_45' title="bbox 1973 1513 3572 1595; baseline 0.01 -26"><span class='ocrx_word' id='word_1_318' title='bbox 1973 1513 2108 1571; x_wconf 87' lang='lat' dir='ltr'><strong>dare</strong></span> <span class='ocrx_word' id='word_1_319' title='bbox 2133 1519 2380 1572; x_wconf 87' lang='lat' dir='ltr'><strong>animam</strong></span> <span class='ocrx_word' id='word_1_320' title='bbox 2405 1533 2560 1573; x_wconf 88' lang='lat' dir='ltr'><strong>suam</strong></span> <span class='ocrx_word' id='word_1_321' title='bbox 2574 1519 2988 1590; x_wconf 81' lang='lat' dir='ltr'><strong>redemptionem</strong></span> <span class='ocrx_word' id='word_1_322' title='bbox 3003 1539 3106 1594; x_wconf 90' lang='lat' dir='ltr'><strong>pro</strong></span> <span class='ocrx_word' id='word_1_323' title='bbox 3142 1527 3327 1582; x_wconf 88' lang='lat' dir='ltr'><strong>multis</strong></span> <span class='ocrx_word' id='word_1_324' title='bbox 3343 1530 3572 1595; x_wconf 82' lang='lat' dir='ltr'><strong>(Matth.</strong></span> 
     </span>
    </p>
   </div>
   <div class='ocr_carea' id='block_1_46' title="bbox 1967 1611 3571 1683">
    <p class='ocr_par' dir='ltr' id='par_1_46' title="bbox 1967 1611 3571 1683">
     <span class='ocr_line' id='line_1_46' title="bbox 1967 1611 3571 1683; baseline 0.008 -17"><span class='ocrx_word' id='word_1_325' title='bbox 1967 1613 2112 1679; x_wconf 80' lang='lat' dir='ltr'><strong>xx),</strong></span> <span class='ocrx_word' id='word_1_326' title='bbox 2138 1611 2206 1669; x_wconf 90' lang='lat' dir='ltr'><strong>de</strong></span> <span class='ocrx_word' id='word_1_327' title='bbox 2235 1627 2342 1683; x_wconf 87' lang='lat' dir='ltr'><strong>qua</strong></span> <span class='ocrx_word' id='word_1_328' title='bbox 2372 1611 2488 1683; x_wconf 87' lang='lat' dir='ltr'><strong>ipse</strong></span> <span class='ocrx_word' id='word_1_329' title='bbox 2511 1611 2683 1670; x_wconf 88' lang='lat' dir='ltr'><strong>dicit:</strong></span> <span class='ocrx_word' id='word_1_330' title='bbox 2729 1617 2892 1673; x_wconf 87' lang='lat' dir='ltr'><strong>Nemo</strong></span> <span class='ocrx_word' id='word_1_331' title='bbox 2929 1619 3069 1672; x_wconf 86' lang='lat' dir='ltr'><strong>tollit</strong></span> <span class='ocrx_word' id='word_1_332' title='bbox 3111 1621 3351 1676; x_wconf 88' lang='lat' dir='ltr'><strong>animam</strong></span> <span class='ocrx_word' id='word_1_333' title='bbox 3396 1637 3571 1679; x_wconf 85' lang='lat' dir='ltr'><strong>meam</strong></span> 
     </span>
    </p>
   </div>
   <div class='ocr_carea' id='block_1_47' title="bbox 1968 1705 3572 1778">
    <p class='ocr_par' dir='ltr' id='par_1_47' title="bbox 1968 1705 3572 1778">
     <span class='ocr_line' id='line_1_47' title="bbox 1968 1705 3572 1778; baseline 0.007 -19"><span class='ocrx_word' id='word_1_334' title='bbox 1968 1719 2005 1758; x_wconf 89' lang='lat' dir='ltr'><strong>a</strong></span> <span class='ocrx_word' id='word_1_335' title='bbox 2029 1719 2134 1769; x_wconf 88' lang='lat' dir='ltr'><strong>me,</strong></span> <span class='ocrx_word' id='word_1_336' title='bbox 2161 1705 2256 1760; x_wconf 86' lang='lat' dir='ltr'><strong>sed</strong></span> <span class='ocrx_word' id='word_1_337' title='bbox 2277 1721 2372 1774; x_wconf 88' lang='lat' dir='ltr'><strong>ego</strong></span> <span class='ocrx_word' id='word_1_338' title='bbox 2385 1721 2526 1776; x_wconf 88' lang='lat' dir='ltr'><strong>pono</strong></span> <span class='ocrx_word' id='word_1_339' title='bbox 2551 1721 2670 1760; x_wconf 89' lang='lat' dir='ltr'><strong>eam</strong></span> <span class='ocrx_word' id='word_1_340' title='bbox 2694 1724 2729 1762; x_wconf 89' lang='lat' dir='ltr'><strong>a</strong></span> <span class='ocrx_word' id='word_1_341' title='bbox 2767 1710 2990 1778; x_wconf 87' lang='lat' dir='ltr'><strong>mcipso.</strong></span> <span class='ocrx_word' id='word_1_342' title='bbox 3041 1713 3362 1766; x_wconf 88' lang='lat' dir='ltr'><strong>Potestatem</strong></span> <span class='ocrx_word' id='word_1_343' title='bbox 3405 1716 3572 1772; x_wconf 84' lang='lat' dir='ltr'><strong>habeo</strong></span> 
     </span>
    </p>
   </div>
   <div class='ocr_carea' id='block_1_48' title="bbox 1893 1799 3576 1870">
    <p class='ocr_par' dir='ltr' id='par_1_48' title="bbox 1893 1799 3576 1870">
     <span class='ocr_line' id='line_1_48' title="bbox 1893 1799 3576 1870; baseline 0.009 -19"><span class='ocrx_word' id='word_1_344' title='bbox 1893 1801 1944 1866; x_wconf 87' lang='grc' dir='ltr'>Β</span> <span class='ocrx_word' id='word_1_345' title='bbox 1967 1799 2208 1870; x_wconf 89' lang='lat' dir='ltr'><strong>ponendi</strong></span> <span class='ocrx_word' id='word_1_346' title='bbox 2223 1813 2362 1862; x_wconf 86' lang='lat' dir='ltr'><strong>eam,</strong></span> <span class='ocrx_word' id='word_1_347' title='bbox 2379 1803 2431 1854; x_wconf 89' lang='lat' dir='ltr'><strong>et</strong></span> <span class='ocrx_word' id='word_1_348' title='bbox 2453 1804 2775 1870; x_wconf 84' lang='lat' dir='ltr'><strong>potestatem</strong></span> <span class='ocrx_word' id='word_1_349' title='bbox 2790 1801 2956 1857; x_wconf 84' lang='lat' dir='ltr'><strong>habeo</strong></span> <span class='ocrx_word' id='word_1_350' title='bbox 2969 1804 3166 1859; x_wconf 81' lang='lat' dir='ltr'><strong>iterum</strong></span> <span class='ocrx_word' id='word_1_351' title='bbox 3188 1808 3440 1863; x_wconf 83' lang='lat' dir='ltr'><strong>sumendi</strong></span> <span class='ocrx_word' id='word_1_352' title='bbox 3458 1826 3576 1868; x_wconf 88' lang='lat' dir='ltr'><strong>eam</strong></span> 
     </span>
    </p>
   </div>
   <div class='ocr_carea' id='block_1_49' title="bbox 1978 1889 3578 1967">
    <p class='ocr_par' dir='ltr' id='par_1_49' title="bbox 1978 1889 3578 1967">
     <span class='ocr_line' id='line_1_49' title="bbox 1978 1889 3578 1967; baseline 0.008 -19"><span class='ocrx_word' id='word_1_353' title='bbox 1978 1889 2166 1964; x_wconf 86' lang='lat' dir='ltr'><strong>(Joan.</strong></span> <span class='ocrx_word' id='word_1_354' title='bbox 2193 1907 2228 1948; x_wconf 67' lang='grc' dir='ltr'><strong>κ</strong></span> <span class='ocrx_word' id='word_1_355' title='bbox 2247 1891 2290 1964; x_wconf 91' lang='grc'><strong>).</strong></span> <span class='ocrx_word' id='word_1_356' title='bbox 2321 1895 2400 1948; x_wconf 80' lang='lat' dir='ltr'><strong>Ex</strong></span> <span class='ocrx_word' id='word_1_357' title='bbox 2429 1892 2583 1964; x_wconf 89' lang='lat' dir='ltr'><strong>cujus</strong></span> <span class='ocrx_word' id='word_1_358' title='bbox 2607 1909 2841 1966; x_wconf 87' lang='lat' dir='ltr'><strong>persona</strong></span> <span class='ocrx_word' id='word_1_359' title='bbox 2861 1912 3024 1967; x_wconf 89' lang='lat' dir='ltr'><strong>super</strong></span> <span class='ocrx_word' id='word_1_360' title='bbox 3051 1898 3256 1955; x_wconf 86' lang='lat' dir='ltr'><strong>unitate</strong></span> <span class='ocrx_word' id='word_1_361' title='bbox 3287 1903 3578 1962; x_wconf 85' lang='lat' dir='ltr'><strong>voluntatis</strong></span> 
     </span>
    </p>
   </div>
   <div class='ocr_carea' id='block_1_50' title="bbox 1971 1987 3573 2066">
    <p class='ocr_par' dir='ltr' id='par_1_50' title="bbox 1971 1987 3573 2066">
     <span class='ocr_line' id='line_1_50' title="bbox 1971 1987 3573 2066; baseline 0.007 -24"><span class='ocrx_word' id='word_1_362' title='bbox 1971 2000 2086 2043; x_wconf 82' lang='lat' dir='ltr'><strong>suae</strong></span> <span class='ocrx_word' id='word_1_363' title='bbox 2112 1999 2280 2058; x_wconf 83' lang='lat' dir='ltr'><strong>quam</strong></span> <span class='ocrx_word' id='word_1_364' title='bbox 2307 2001 2436 2042; x_wconf 90' lang='lat' dir='ltr'><strong>cum</strong></span> <span class='ocrx_word' id='word_1_365' title='bbox 2457 1991 2616 2044; x_wconf 88' lang='lat' dir='ltr'><strong>Patre</strong></span> <span class='ocrx_word' id='word_1_366' title='bbox 2632 1987 2840 2062; x_wconf 87' lang='lat' dir='ltr'><strong>jugiter</strong></span> <span class='ocrx_word' id='word_1_367' title='bbox 2861 1989 3188 2061; x_wconf 86' lang='lat' dir='ltr'><strong>possidebat,</strong></span> <span class='ocrx_word' id='word_1_368' title='bbox 3227 2009 3326 2066; x_wconf 88' lang='lat' dir='ltr'><strong>per</strong></span> <span class='ocrx_word' id='word_1_369' title='bbox 3349 1996 3573 2054; x_wconf 87' lang='lat' dir='ltr'><strong>beatum</strong></span> 
     </span>
    </p>
   </div>
   <div class='ocr_carea' id='block_1_51' title="bbox 1973 2081 3574 2153">
    <p class='ocr_par' dir='ltr' id='par_1_51' title="bbox 1973 2081 3574 2153">
     <span class='ocr_line' id='line_1_51' title="bbox 1973 2081 3574 2153; baseline 0.007 -15"><span class='ocrx_word' id='word_1_370' title='bbox 1973 2095 2189 2153; x_wconf 89' lang='lat' dir='ltr'><strong>quoque</strong></span> <span class='ocrx_word' id='word_1_371' title='bbox 2210 2081 2376 2138; x_wconf 86' lang='lat' dir='ltr'><strong>David</strong></span> <span class='ocrx_word' id='word_1_372' title='bbox 2395 2081 2451 2136; x_wconf 91' lang='lat' dir='ltr'><strong>in</strong></span> <span class='ocrx_word' id='word_1_373' title='bbox 2467 2082 2686 2138; x_wconf 86' lang='lat' dir='ltr'><strong>Psalmo</strong></span> <span class='ocrx_word' id='word_1_374' title='bbox 2708 2084 2986 2142; x_wconf 89' lang='lat' dir='ltr'><strong>tricesimo</strong></span> <span class='ocrx_word' id='word_1_375' title='bbox 3015 2102 3165 2144; x_wconf 92' lang='lat' dir='ltr'><strong>nono</strong></span> <span class='ocrx_word' id='word_1_376' title='bbox 3189 2087 3263 2144; x_wconf 89' lang='lat' dir='ltr'><strong>ita</strong></span> <span class='ocrx_word' id='word_1_377' title='bbox 3285 2099 3536 2150; x_wconf 85' lang='lat' dir='ltr'><strong>cantatur</strong></span> <span class='ocrx_word' id='word_1_378' title='bbox 3558 2109 3574 2151; x_wconf 91' lang='lat'><strong>:</strong></span> 
     </span>
    </p>
   </div>
   <div class='ocr_carea' id='block_1_52' title="bbox 1979 2175 3576 2246">
    <p class='ocr_par' dir='ltr' id='par_1_52' title="bbox 1979 2175 3576 2246">
     <span class='ocr_line' id='line_1_52' title="bbox 1979 2175 3576 2246; baseline 0.008 -14"><span class='ocrx_word' id='word_1_379' title='bbox 1979 2178 2050 2232; x_wconf 89' lang='lat' dir='ltr'><strong>Ut</strong></span> <span class='ocrx_word' id='word_1_380' title='bbox 2075 2177 2308 2244; x_wconf 86' lang='lat' dir='ltr'><strong>facerem</strong></span> <span class='ocrx_word' id='word_1_381' title='bbox 2331 2175 2656 2233; x_wconf 77' lang='lat' dir='ltr'><strong>uoluntatem</strong></span> <span class='ocrx_word' id='word_1_382' title='bbox 2685 2181 2855 2242; x_wconf 82' lang='lat' dir='ltr'><strong>tuam,</strong></span> <span class='ocrx_word' id='word_1_383' title='bbox 2881 2183 3024 2236; x_wconf 86' lang='lat' dir='ltr'><strong>Deus</strong></span> <span class='ocrx_word' id='word_1_384' title='bbox 3046 2197 3212 2246; x_wconf 87' lang='lat' dir='ltr'><strong>meus,</strong></span> <span class='ocrx_word' id='word_1_385' title='bbox 3234 2186 3400 2241; x_wconf 84' lang='lat' dir='ltr'><strong>volui.</strong></span> <span class='ocrx_word' id='word_1_386' title='bbox 3431 2189 3576 2244; x_wconf 86' lang='lat' dir='ltr'><strong>Nam</strong></span> 
     </span>
    </p>
   </div>
   <div class='ocr_carea' id='block_1_53' title="bbox 1975 2269 3580 2343">
    <p class='ocr_par' dir='ltr' id='par_1_53' title="bbox 1975 2269 3580 2343">
     <span class='ocr_line' id='line_1_53' title="bbox 1975 2269 3580 2343; baseline 0.007 -17"><span class='ocrx_word' id='word_1_387' title='bbox 1975 2277 2032 2326; x_wconf 90' lang='lat' dir='ltr'><strong>et</strong></span> <span class='ocrx_word' id='word_1_388' title='bbox 2059 2269 2137 2328; x_wconf 86' lang='lat' dir='ltr'><strong>sic</strong></span> <span class='ocrx_word' id='word_1_389' title='bbox 2159 2269 2228 2326; x_wconf 90' lang='lat' dir='ltr'><strong>de</strong></span> <span class='ocrx_word' id='word_1_390' title='bbox 2266 2273 2430 2328; x_wconf 87' lang='lat' dir='ltr'><strong>Patre</strong></span> <span class='ocrx_word' id='word_1_391' title='bbox 2449 2271 2684 2343; x_wconf 87' lang='lat' dir='ltr'><strong>legimus</strong></span> <span class='ocrx_word' id='word_1_392' title='bbox 2714 2292 2728 2327; x_wconf 91' lang='lat'><strong>:</strong></span> <span class='ocrx_word' id='word_1_393' title='bbox 2755 2275 2846 2330; x_wconf 85' lang='lat' dir='ltr'><strong>Sic</strong></span> <span class='ocrx_word' id='word_1_394' title='bbox 2871 2276 3013 2330; x_wconf 88' lang='lat' dir='ltr'><strong>enim</strong></span> <span class='ocrx_word' id='word_1_395' title='bbox 3039 2279 3179 2332; x_wconf 87' lang='lat' dir='ltr'><strong>Deus</strong></span> <span class='ocrx_word' id='word_1_396' title='bbox 3207 2277 3409 2335; x_wconf 65' lang='lat' dir='ltr'><strong>dilexit</strong></span> <span class='ocrx_word' id='word_1_397' title='bbox 3423 2295 3580 2338; x_wconf 82' lang='lat' dir='ltr'><strong>mun-</strong></span> 
     </span>
    </p>
   </div>
   <div class='ocr_carea' id='block_1_54' title="bbox 1973 2363 3574 2448">
    <p class='ocr_par' dir='ltr' id='par_1_54' title="bbox 1973 2363 3574 2448">
     <span class='ocr_line' id='line_1_54' title="bbox 1973 2363 3574 2448; baseline 0.009 -30"><span class='ocrx_word' id='word_1_398' title='bbox 1973 2363 2126 2428; x_wconf 88' lang='lat' dir='ltr'><strong>dum,</strong></span> <span class='ocrx_word' id='word_1_399' title='bbox 2157 2368 2222 2420; x_wconf 89' lang='lat' dir='ltr'><strong>ut</strong></span> <span class='ocrx_word' id='word_1_400' title='bbox 2242 2367 2584 2434; x_wconf 82' lang='lat' dir='ltr'><strong>unigenitum</strong></span> <span class='ocrx_word' id='word_1_401' title='bbox 2616 2367 2817 2423; x_wconf 85' lang='lat' dir='ltr'><strong>Filium</strong></span> <span class='ocrx_word' id='word_1_402' title='bbox 2855 2383 3013 2424; x_wconf 88' lang='lat' dir='ltr'><strong>suum</strong></span> <span class='ocrx_word' id='word_1_403' title='bbox 3037 2370 3193 2427; x_wconf 84' lang='lat' dir='ltr'><strong>daret</strong></span> <span class='ocrx_word' id='word_1_404' title='bbox 3239 2372 3414 2442; x_wconf 85' lang='lat' dir='ltr'><strong>(Joan.</strong></span> <span class='ocrx_word' id='word_1_405' title='bbox 3442 2375 3574 2448; x_wconf 84' lang='lat' dir='ltr'><strong>III).</strong></span> 
     </span>
    </p>
   </div>
   <div class='ocr_carea' id='block_1_55' title="bbox 1974 2457 3578 2533">
    <p class='ocr_par' dir='ltr' id='par_1_55' title="bbox 1974 2457 3578 2533">
     <span class='ocr_line' id='line_1_55' title="bbox 1974 2457 3578 2533; baseline 0.008 -19"><span class='ocrx_word' id='word_1_406' title='bbox 1974 2458 2045 2514; x_wconf 88' lang='lat' dir='ltr'><strong>Et</strong></span> <span class='ocrx_word' id='word_1_407' title='bbox 2067 2457 2134 2515; x_wconf 88' lang='lat' dir='ltr'><strong>de</strong></span> <span class='ocrx_word' id='word_1_408' title='bbox 2159 2457 2295 2515; x_wconf 90' lang='lat' dir='ltr'><strong>Filio</strong></span> <span class='ocrx_word' id='word_1_409' title='bbox 2333 2457 2690 2518; x_wconf 89' lang='lat' dir='ltr'><strong>nihilominus</strong></span> <span class='ocrx_word' id='word_1_410' title='bbox 2717 2461 3044 2533; x_wconf 87' lang='lat' dir='ltr'><strong>invenimus,</strong></span> <span class='ocrx_word' id='word_1_411' title='bbox 3077 2466 3184 2532; x_wconf 83' lang='lat' dir='ltr'><strong>Qui</strong></span> <span class='ocrx_word' id='word_1_412' title='bbox 3213 2467 3363 2524; x_wconf 82' lang='lat' dir='ltr'><strong>dedit</strong></span> <span class='ocrx_word' id='word_1_413' title='bbox 3385 2475 3578 2526; x_wconf 89' lang='lat' dir='ltr'><strong>semet-</strong></span> 
     </span>
    </p>
   </div>
   <div class='ocr_carea' id='block_1_56' title="bbox 1971 2553 3580 2631">
    <p class='ocr_par' dir='ltr' id='par_1_56' title="bbox 1971 2553 3580 2631">
     <span class='ocr_line' id='line_1_56' title="bbox 1971 2553 3580 2631; baseline 0.009 -25"><span class='ocrx_word' id='word_1_414' title='bbox 1971 2553 2152 2622; x_wconf 88' lang='lat' dir='ltr'><strong>ipsum</strong></span> <span class='ocrx_word' id='word_1_415' title='bbox 2183 2568 2286 2622; x_wconf 88' lang='lat' dir='ltr'><strong>pro</strong></span> <span class='ocrx_word' id='word_1_416' title='bbox 2319 2555 2552 2622; x_wconf 79' lang='lat' dir='ltr'><strong>peccatis</strong></span> <span class='ocrx_word' id='word_1_417' title='bbox 2592 2557 2786 2609; x_wconf 85' lang='lat' dir='ltr'><strong>nostris</strong></span> <span class='ocrx_word' id='word_1_418' title='bbox 2828 2554 3038 2626; x_wconf 86' lang='lat' dir='ltr'><strong>(Galat.</strong></span> <span class='ocrx_word' id='word_1_419' title='bbox 3067 2559 3161 2629; x_wconf 84' lang='lat' dir='ltr'><strong>Il).</strong></span> <span class='ocrx_word' id='word_1_420' title='bbox 3201 2561 3270 2615; x_wconf 87' lang='lat' dir='ltr'><strong>Et</strong></span> <span class='ocrx_word' id='word_1_421' title='bbox 3311 2562 3580 2631; x_wconf 85' lang='lat' dir='ltr'><strong>quemad-</strong></span> 
     </span>
    </p>
   </div>
   <div class='ocr_carea' id='block_1_57' title="bbox 1971 2643 3580 2721">
    <p class='ocr_par' dir='ltr' id='par_1_57' title="bbox 1971 2643 3580 2721">
     <span class='ocr_line' id='line_1_57' title="bbox 1971 2643 3580 2721; baseline 0.007 -21"><span class='ocrx_word' id='word_1_422' title='bbox 1971 2644 2210 2701; x_wconf 91' lang='lat' dir='ltr'><strong>modum</strong></span> <span class='ocrx_word' id='word_1_423' title='bbox 2239 2644 2307 2700; x_wconf 88' lang='lat' dir='ltr'><strong>de</strong></span> <span class='ocrx_word' id='word_1_424' title='bbox 2335 2645 2430 2700; x_wconf 92' lang='lat' dir='ltr'><strong>illo</strong></span> <span class='ocrx_word' id='word_1_425' title='bbox 2453 2643 2692 2702; x_wconf 87' lang='lat' dir='ltr'><strong>refertur</strong></span> <span class='ocrx_word' id='word_1_426' title='bbox 2717 2665 2732 2702; x_wconf 89' lang='lat'><strong>:</strong></span> <span class='ocrx_word' id='word_1_427' title='bbox 2762 2649 2868 2715; x_wconf 84' lang='lat' dir='ltr'><strong>Qui</strong></span> <span class='ocrx_word' id='word_1_428' title='bbox 2889 2651 3050 2704; x_wconf 90' lang='lat' dir='ltr'><strong>etiam</strong></span> <span class='ocrx_word' id='word_1_429' title='bbox 3078 2656 3300 2721; x_wconf 85' lang='lat' dir='ltr'><strong>proprio</strong></span> <span class='ocrx_word' id='word_1_430' title='bbox 3325 2656 3464 2708; x_wconf 84' lang='lat' dir='ltr'><strong>Filio</strong></span> <span class='ocrx_word' id='word_1_431' title='bbox 3484 2671 3580 2712; x_wconf 87' lang='lat' dir='ltr'><strong>suo</strong></span> 
     </span>
    </p>
   </div>
   <div class='ocr_carea' id='block_1_58' title="bbox 1973 2739 3580 2820">
    <p class='ocr_par' dir='ltr' id='par_1_58' title="bbox 1973 2739 3580 2820">
     <span class='ocr_line' id='line_1_58' title="bbox 1973 2739 3580 2820; baseline 0.006 -27"><span class='ocrx_word' id='word_1_432' title='bbox 1973 2753 2080 2794; x_wconf 86' lang='lat' dir='ltr'><strong>non</strong></span> <span class='ocrx_word' id='word_1_433' title='bbox 2125 2740 2384 2809; x_wconf 83' lang='lat' dir='ltr'><strong>pepercit,</strong></span> <span class='ocrx_word' id='word_1_434' title='bbox 2421 2739 2517 2795; x_wconf 87' lang='lat' dir='ltr'><strong>sed</strong></span> <span class='ocrx_word' id='word_1_435' title='bbox 2537 2817 2540 2820; x_wconf 8' lang='grc' dir='ltr'><strong><em>ἢ</em></strong></span> <span class='ocrx_word' id='word_1_436' title='bbox 2549 2755 2654 2810; x_wconf 90' lang='lat' dir='ltr'><strong>pro</strong></span> <span class='ocrx_word' id='word_1_437' title='bbox 2699 2741 2851 2797; x_wconf 88' lang='lat' dir='ltr'><strong>nobis</strong></span> <span class='ocrx_word' id='word_1_438' title='bbox 2890 2743 3133 2797; x_wconf 88' lang='lat' dir='ltr'><strong>omnibus</strong></span> <span class='ocrx_word' id='word_1_439' title='bbox 3183 2746 3416 2800; x_wconf 82' lang='lat' dir='ltr'><strong>tradidit</strong></span> <span class='ocrx_word' id='word_1_440' title='bbox 3459 2763 3580 2804; x_wconf 87' lang='lat' dir='ltr'><strong>eum</strong></span> 
     </span>
    </p>
   </div>
   <div class='ocr_carea' id='block_1_59' title="bbox 1990 2831 3582 2910">
    <p class='ocr_par' dir='ltr' id='par_1_59' title="bbox 1990 2831 3582 2910">
     <span class='ocr_line' id='line_1_59' title="bbox 1990 2831 3582 2910; baseline 0.004 -20"><span class='ocrx_word' id='word_1_441' title='bbox 1990 2833 2164 2906; x_wconf 82' lang='lat' dir='ltr'><strong>(Rom.</strong></span> <span class='ocrx_word' id='word_1_442' title='bbox 2186 2837 2334 2902; x_wconf 86' lang='lat' dir='ltr'><strong>vm)</strong></span> <span class='ocrx_word' id='word_1_443' title='bbox 2369 2851 2382 2888; x_wconf 92' lang='lat'><strong>:</strong></span> <span class='ocrx_word' id='word_1_444' title='bbox 2415 2833 2490 2890; x_wconf 85' lang='lat' dir='ltr'><strong>ita</strong></span> <span class='ocrx_word' id='word_1_445' title='bbox 2527 2831 2595 2888; x_wconf 91' lang='lat' dir='ltr'><strong>de</strong></span> <span class='ocrx_word' id='word_1_446' title='bbox 2631 2832 2740 2890; x_wconf 89' lang='lat' dir='ltr'><strong>isto</strong></span> <span class='ocrx_word' id='word_1_447' title='bbox 2766 2843 3040 2904; x_wconf 86' lang='lat' dir='ltr'><strong>narratur,</strong></span> <span class='ocrx_word' id='word_1_448' title='bbox 3089 2835 3308 2894; x_wconf 86' lang='lat' dir='ltr'><strong>Oblatus</strong></span> <span class='ocrx_word' id='word_1_449' title='bbox 3349 2843 3426 2894; x_wconf 86' lang='lat' dir='ltr'><strong>est</strong></span> <span class='ocrx_word' id='word_1_450' title='bbox 3449 2842 3582 2910; x_wconf 85' lang='lat' dir='ltr'><strong>quia</strong></span> 
     </span>
    </p>
   </div>
   <div class='ocr_carea' id='block_1_60' title="bbox 1975 2925 3584 3000">
    <p class='ocr_par' dir='ltr' id='par_1_60' title="bbox 1975 2925 3584 3000">
     <span class='ocr_line' id='line_1_60' title="bbox 1975 2925 3584 3000; baseline 0.006 -18"><span class='ocrx_word' id='word_1_451' title='bbox 1975 2929 2091 3000; x_wconf 85' lang='lat' dir='ltr'><strong>ipse</strong></span> <span class='ocrx_word' id='word_1_452' title='bbox 2115 2927 2286 2982; x_wconf 80' lang='lat' dir='ltr'><strong>voluit</strong></span> <span class='ocrx_word' id='word_1_453' title='bbox 2307 2925 2501 2996; x_wconf 71' lang='lat' dir='ltr'><strong>(Isaia:</strong></span> <span class='ocrx_word' id='word_1_454' title='bbox 2528 2930 2686 2991; x_wconf 85' lang='lat' dir='ltr'><strong>Lm).</strong></span> <span class='ocrx_word' id='word_1_455' title='bbox 2727 2928 2794 2980; x_wconf 84' lang='lat' dir='ltr'><strong>Et</strong></span> <span class='ocrx_word' id='word_1_456' title='bbox 2819 2925 2896 2982; x_wconf 88' lang='lat' dir='ltr'><strong>ita</strong></span> <span class='ocrx_word' id='word_1_457' title='bbox 2916 2929 3091 2984; x_wconf 88' lang='lat' dir='ltr'><strong>Patris</strong></span> <span class='ocrx_word' id='word_1_458' title='bbox 3115 2938 3170 2984; x_wconf 90' lang='lat' dir='ltr'><strong>et</strong></span> <span class='ocrx_word' id='word_1_459' title='bbox 3187 2929 3311 2986; x_wconf 88' lang='lat' dir='ltr'><strong>Filii</strong></span> <span class='ocrx_word' id='word_1_460' title='bbox 3334 2932 3584 2992; x_wconf 84' lang='lat' dir='ltr'><strong>voluntas</strong></span> 
     </span>
    </p>
   </div>
   <div class='ocr_carea' id='block_1_61' title="bbox 1977 3004 3584 3096">
    <p class='ocr_par' dir='ltr' id='par_1_61' title="bbox 1977 3004 3584 3096">
     <span class='ocr_line' id='line_1_61' title="bbox 1977 3004 3584 3096; baseline 0.004 -20"><span class='ocrx_word' id='word_1_461' title='bbox 1977 3035 2090 3076; x_wconf 87' lang='lat' dir='ltr'><strong>una</strong></span> <span class='ocrx_word' id='word_1_462' title='bbox 2117 3035 2216 3092; x_wconf 90' lang='lat' dir='ltr'><strong>per</strong></span> <span class='ocrx_word' id='word_1_463' title='bbox 2235 3018 2418 3078; x_wconf 88' lang='lat' dir='ltr'><strong>omnia</strong></span> <span class='ocrx_word' id='word_1_464' title='bbox 2455 3017 2786 3090; x_wconf 88' lang='lat' dir='ltr'><strong>designatur,</strong></span> <span class='ocrx_word' id='word_1_465' title='bbox 2825 3027 2886 3076; x_wconf 88' lang='lat' dir='ltr'><strong>ut</strong></span> <span class='ocrx_word' id='word_1_466' title='bbox 2907 3021 3074 3076; x_wconf 84' lang='lat' dir='ltr'><strong>etiam</strong></span> <span class='ocrx_word' id='word_1_467' title='bbox 3130 3021 3186 3078; x_wconf 92' lang='lat' dir='ltr'><strong>in</strong></span> <span class='ocrx_word' id='word_1_468' title='bbox 3238 3004 3356 3096; x_wconf 82' lang='lat' dir='ltr'><strong>ipso</strong></span> <span class='ocrx_word' id='word_1_469' title='bbox 3403 3041 3584 3084; x_wconf 88' lang='lat' dir='ltr'><strong>resur-</strong></span> 
     </span>
    </p>
   </div>
   <div class='ocr_carea' id='block_1_62' title="bbox 1978 3115 3582 3190">
    <p class='ocr_par' dir='ltr' id='par_1_62' title="bbox 1978 3115 3582 3190">
     <span class='ocr_line' id='line_1_62' title="bbox 1978 3115 3582 3190; baseline 0.004 -17"><span class='ocrx_word' id='word_1_470' title='bbox 1978 3115 2242 3173; x_wconf 89' lang='lat' dir='ltr'><strong>rectionis</strong></span> <span class='ocrx_word' id='word_1_471' title='bbox 2256 3115 2564 3171; x_wconf 75' lang='lat' dir='ltr'><strong>Dominica:</strong></span> <span class='ocrx_word' id='word_1_472' title='bbox 2590 3121 2934 3172; x_wconf 87' lang='lat' dir='ltr'><strong>sacramento</strong></span> <span class='ocrx_word' id='word_1_473' title='bbox 2953 3119 3197 3190; x_wconf 87' lang='lat' dir='ltr'><strong>operatio</strong></span> <span class='ocrx_word' id='word_1_474' title='bbox 3224 3135 3335 3175; x_wconf 92' lang='lat' dir='ltr'><strong>non</strong></span> <span class='ocrx_word' id='word_1_475' title='bbox 3361 3120 3582 3180; x_wconf 90' lang='lat' dir='ltr'><strong>dissona</strong></span> 
     </span>
    </p>
   </div>
   <div class='ocr_carea' id='block_1_63' title="bbox 225 3207 3583 3287">
    <p class='ocr_par' dir='ltr' id='par_1_63' title="bbox 225 3207 3583 3287">
     <span class='ocr_line' id='line_1_63' title="bbox 225 3207 3583 3287; baseline 0.001 -19"><span class='ocrx_word' id='word_1_476' title='bbox 225 3226 478 3285; x_wconf 87' lang='lat' dir='ltr'><strong>quoque</strong></span> <span class='ocrx_word' id='word_1_477' title='bbox 508 3208 780 3280; x_wconf 86' lang='lat' dir='ltr'><strong>magistro</strong></span> <span class='ocrx_word' id='word_1_478' title='bbox 803 3209 1051 3280; x_wconf 88' lang='lat' dir='ltr'><strong>gentium</strong></span> <span class='ocrx_word' id='word_1_479' title='bbox 1075 3207 1340 3266; x_wconf 85' lang='lat' dir='ltr'><strong>accidisse</strong></span> <span class='ocrx_word' id='word_1_480' title='bbox 1369 3224 1480 3264; x_wconf 91' lang='lat' dir='ltr'><strong>non</strong></span> <span class='ocrx_word' id='word_1_481' title='bbox 1508 3209 1738 3266; x_wconf 88' lang='lat' dir='ltr'><strong>dubium</strong></span> <span class='ocrx_word' id='word_1_482' title='bbox 1762 3221 1866 3280; x_wconf 84' lang='lat' dir='ltr'><strong>est,</strong></span> <span class='ocrx_word' id='word_1_483' title='bbox 1903 3218 1950 3282; x_wconf 74' lang='grc' dir='ltr'><strong>ς,</strong></span> <span class='ocrx_word' id='word_1_484' title='bbox 1977 3210 2146 3268; x_wconf 86' lang='lat' dir='ltr'><strong>fuisse</strong></span> <span class='ocrx_word' id='word_1_485' title='bbox 2173 3209 2449 3266; x_wconf 88' lang='lat' dir='ltr'><strong>doceatur.</strong></span> <span class='ocrx_word' id='word_1_486' title='bbox 2474 3210 2617 3264; x_wconf 80' lang='lat' dir='ltr'><strong>Nam</strong></span> <span class='ocrx_word' id='word_1_487' title='bbox 2652 3209 2794 3265; x_wconf 90' lang='lat' dir='ltr'><strong>sicut</strong></span> <span class='ocrx_word' id='word_1_488' title='bbox 2839 3210 3295 3268; x_wconf 79' lang='lat' dir='ltr'><strong>resurrectionem</strong></span> <span class='ocrx_word' id='word_1_489' title='bbox 3338 3213 3583 3287; x_wconf 89' lang='lat' dir='ltr'><strong>corporis</strong></span> 
     </span>
    </p>
   </div>
   <div class='ocr_carea' id='block_1_64' title="bbox 219 3299 1878 3376">
    <p class='ocr_par' dir='ltr' id='par_1_64' title="bbox 219 3299 1878 3376">
     <span class='ocr_line' id='line_1_64' title="bbox 219 3299 1878 3376; baseline 0.001 -14"><span class='ocrx_word' id='word_1_490' title='bbox 219 3318 372 3362; x_wconf 89' lang='lat' dir='ltr'><strong>cum</strong></span> <span class='ocrx_word' id='word_1_491' title='bbox 409 3309 614 3360; x_wconf 86' lang='lat' dir='ltr'><strong>oraret</strong></span> <span class='ocrx_word' id='word_1_492' title='bbox 641 3299 840 3358; x_wconf 87' lang='lat' dir='ltr'><strong>auferri</strong></span> <span class='ocrx_word' id='word_1_493' title='bbox 863 3317 895 3359; x_wconf 88' lang='lat' dir='ltr'><strong>a</strong></span> <span class='ocrx_word' id='word_1_494' title='bbox 921 3317 984 3361; x_wconf 87' lang='lat' dir='ltr'><strong>se</strong></span> <span class='ocrx_word' id='word_1_495' title='bbox 1009 3302 1266 3375; x_wconf 86' lang='lat' dir='ltr'><strong>angelum</strong></span> <span class='ocrx_word' id='word_1_496' title='bbox 1287 3304 1504 3360; x_wconf 74' lang='lat' dir='ltr'><strong>Satante</strong></span> <span class='ocrx_word' id='word_1_497' title='bbox 1541 3303 1632 3376; x_wconf 90' lang='lat' dir='ltr'><strong>qui</strong></span> <span class='ocrx_word' id='word_1_498' title='bbox 1674 3303 1878 3364; x_wconf 89' lang='lat' dir='ltr'><strong>utiliter</strong></span> 
     </span>
    </p>
   </div>
   <div class='ocr_carea' id='block_1_65' title="bbox 1985 3301 3584 3380">
    <p class='ocr_par' dir='ltr' id='par_1_65' title="bbox 1985 3301 3584 3380">
     <span class='ocr_line' id='line_1_65' title="bbox 1985 3301 3584 3380; baseline 0.003 -18"><span class='ocrx_word' id='word_1_499' title='bbox 1985 3305 2100 3379; x_wconf 86' lang='lat' dir='ltr'><strong>ejus</strong></span> <span class='ocrx_word' id='word_1_500' title='bbox 2150 3305 2367 3360; x_wconf 85' lang='lat' dir='ltr'><strong>Patrem</strong></span> <span class='ocrx_word' id='word_1_501' title='bbox 2414 3307 2698 3373; x_wconf 86' lang='lat' dir='ltr'><strong>operatum</strong></span> <span class='ocrx_word' id='word_1_502' title='bbox 2751 3301 2942 3360; x_wconf 85' lang='lat' dir='ltr'><strong>beatus</strong></span> <span class='ocrx_word' id='word_1_503' title='bbox 2991 3306 3287 3376; x_wconf 77' lang='lat' dir='ltr'><strong>Apostolus</strong></span> <span class='ocrx_word' id='word_1_504' title='bbox 3327 3309 3584 3380; x_wconf 73' lang='lat' dir='ltr'><strong>praedicat</strong></span> 
     </span>
    </p>
   </div>
   <div class='ocr_carea' id='block_1_66' title="bbox 1373 3435 2490 3500">
    <p class='ocr_par' dir='ltr' id='par_1_66' title="bbox 1373 3435 2490 3500">
     <span class='ocr_line' id='line_1_66' title="bbox 1373 3435 2490 3500; baseline -0.002 -7"><span class='ocrx_word' id='word_1_505' title='bbox 1373 3439 1629 3494; x_wconf 79' lang='lat' dir='ltr'><strong>ALARDI</strong></span> <span class='ocrx_word' id='word_1_506' title='bbox 1667 3441 1891 3498; x_wconf 65' lang='lat' dir='ltr'><strong>GAZIEI</strong></span> <span class='ocrx_word' id='word_1_507' title='bbox 1929 3435 2490 3500; x_wconf 79' lang='lat' dir='ltr'><strong>COMMENTARIUS.</strong></span> 
     </span>
    </p>
   </div>
   <div class='ocr_carea' id='block_1_67' title="bbox 303 3561 1874 3637">
    <p class='ocr_par' dir='ltr' id='par_1_67' title="bbox 303 3561 1874 3637">
     <span class='ocr_line' id='line_1_67' title="bbox 303 3561 1874 3637; baseline 0.001 -17"><span class='ocrx_word' id='word_1_508' title='bbox 303 3574 333 3602; x_wconf 75' lang='grc' dir='ltr'><strong>ι</strong></span> <span class='ocrx_word' id='word_1_509' title='bbox 358 3561 582 3637; x_wconf 80' lang='lat' dir='ltr'><strong>Egredi</strong></span> <span class='ocrx_word' id='word_1_510' title='bbox 611 3561 814 3620; x_wconf 80' lang='lat' dir='ltr'><strong>dicitur</strong></span> <span class='ocrx_word' id='word_1_511' title='bbox 839 3563 1064 3637; x_wconf 84' lang='lat' dir='ltr'><strong>angelus</strong></span> <span class='ocrx_word' id='word_1_512' title='bbox 1095 3579 1125 3618; x_wconf 91' lang='lat' dir='ltr'><strong>a</strong></span> <span class='ocrx_word' id='word_1_513' title='bbox 1151 3562 1290 3637; x_wconf 83' lang='lat' dir='ltr'><strong>facie</strong></span> <span class='ocrx_word' id='word_1_514' title='bbox 1315 3563 1440 3630; x_wconf 89' lang='lat' dir='ltr'><strong>Dei,</strong></span> <span class='ocrx_word' id='word_1_515' title='bbox 1479 3579 1590 3619; x_wconf 86' lang='lat' dir='ltr'><strong>non</strong></span> <span class='ocrx_word' id='word_1_516' title='bbox 1627 3563 1772 3637; x_wconf 91' lang='lat' dir='ltr'><strong>quod</strong></span> <span class='ocrx_word' id='word_1_517' title='bbox 1797 3565 1874 3637; x_wconf 82' lang='lat' dir='ltr'><strong>ab</strong></span> 
     </span>
    </p>
   </div>
   <div class='ocr_carea' id='block_1_68' title="bbox 222 3633 1874 3710">
    <p class='ocr_par' dir='ltr' id='par_1_68' title="bbox 222 3633 1874 3710">
     <span class='ocr_line' id='line_1_68' title="bbox 222 3633 1874 3710; baseline 0 -18"><span class='ocrx_word' id='word_1_518' title='bbox 222 3635 356 3710; x_wconf 82' lang='lat' dir='ltr'><strong>ejus</strong></span> <span class='ocrx_word' id='word_1_519' title='bbox 376 3633 609 3710; x_wconf 57' lang='lat' dir='ltr'><strong>notitia</strong></span> <span class='ocrx_word' id='word_1_520' title='bbox 633 3645 688 3691; x_wconf 90' lang='lat' dir='ltr'><strong>et</strong></span> <span class='ocrx_word' id='word_1_521' title='bbox 708 3633 974 3710; x_wconf 77' lang='lat' dir='ltr'><strong>potentia,</strong></span> <span class='ocrx_word' id='word_1_522' title='bbox 1015 3633 1392 3710; x_wconf 62' lang='lat' dir='ltr'><strong>prasentiave,</strong></span> <span class='ocrx_word' id='word_1_523' title='bbox 1420 3633 1708 3710; x_wconf 77' lang='lat' dir='ltr'><strong>perquam</strong></span> <span class='ocrx_word' id='word_1_524' title='bbox 1757 3635 1874 3710; x_wconf 85' lang='lat' dir='ltr'><strong>ubi—</strong></span> 
     </span>
    </p>
   </div>
   <div class='ocr_carea' id='block_1_69' title="bbox 221 3705 1874 3780">
    <p class='ocr_par' dir='ltr' id='par_1_69' title="bbox 221 3705 1874 3780">
     <span class='ocr_line' id='line_1_69' title="bbox 221 3705 1874 3780; baseline 0 -16"><span class='ocrx_word' id='word_1_525' title='bbox 221 3705 342 3780; x_wconf 67' lang='lat' dir='ltr'><strong>q&#39;ue</strong></span> <span class='ocrx_word' id='word_1_526' title='bbox 379 3715 530 3780; x_wconf 89' lang='lat' dir='ltr'><strong>est,_</strong></span> <span class='ocrx_word' id='word_1_527' title='bbox 557 3705 817 3780; x_wconf 83' lang='lat' dir='ltr'><strong>discedat,</strong></span> <span class='ocrx_word' id='word_1_528' title='bbox 873 3715 969 3762; x_wconf 88' lang='lat' dir='ltr'><strong>aut</strong></span> <span class='ocrx_word' id='word_1_529' title='bbox 1007 3705 1126 3778; x_wconf 85' lang='lat' dir='ltr'><strong>ejus</strong></span> <span class='ocrx_word' id='word_1_530' title='bbox 1160 3705 1434 3780; x_wconf 40' lang='lat' dir='ltr'><strong>beatifica’</strong></span> <span class='ocrx_word' id='word_1_531' title='bbox 1459 3707 1663 3780; x_wconf 86' lang='lat' dir='ltr'><strong>visione</strong></span> <span class='ocrx_word' id='word_1_532' title='bbox 1700 3708 1874 3780; x_wconf 88' lang='lat' dir='ltr'><strong>prive-</strong></span> 
     </span>
    </p>
   </div>
   <div class='ocr_carea' id='block_1_70' title="bbox 219 3776 1876 3902">
    <p class='ocr_par' dir='ltr' id='par_1_70' title="bbox 219 3776 1876 3902">
     <span class='ocr_line' id='line_1_70' title="bbox 219 3776 1876 3902; baseline 0.001 -67"><span class='ocrx_word' id='word_1_533' title='bbox 219 3776 355 3860; x_wconf 70' lang='lat' dir='ltr'><strong>tur;</strong></span> <span class='ocrx_word' id='word_1_534' title='bbox 419 3776 544 3858; x_wconf 42' lang='lat' dir='ltr'><strong>sed.</strong></span> <span class='ocrx_word' id='word_1_535' title='bbox 583 3778 724 3848; x_wconf 89' lang='lat' dir='ltr'><strong>quia,</strong></span> <span class='ocrx_word' id='word_1_536' title='bbox 777 3786 990 3850; x_wconf 89' lang='lat' dir='ltr'><strong>peracta</strong></span> <span class='ocrx_word' id='word_1_537' title='bbox 1025 3776 1124 3850; x_wconf 82' lang='lat' dir='ltr'><strong>pro</strong></span> <span class='ocrx_word' id='word_1_538' title='bbox 1165 3777 1326 3860; x_wconf 77' lang='lat' dir='ltr'><strong>nobis</strong></span> <span class='ocrx_word' id='word_1_539' title='bbox 1378 3776 1772 3902; x_wconf 59' lang='lat' dir='ltr'><strong>supplicatione</strong></span> <span class='ocrx_word' id='word_1_540' title='bbox 1817 3788 1876 3862; x_wconf 76' lang='lat' dir='ltr'><strong>et</strong></span> 
     </span>
     <span class='ocr_line' id='line_1_71' title="bbox 219 3848 1875 3902; baseline 0 0"><span class='ocrx_word' id='word_1_541' title='bbox 219 3855 653 3902; x_wconf 75' lang='lat' dir='ltr'><strong>mtercessrone</strong></span> <span class='ocrx_word' id='word_1_542' title='bbox 699 3848 844 3902; x_wconf 88' lang='lat' dir='ltr'><strong>anud</strong></span> <span class='ocrx_word' id='word_1_543' title='bbox 910 3852 1112 3902; x_wconf 89' lang='lat' dir='ltr'><strong>Deum.</strong></span> <span class='ocrx_word' id='word_1_544' title='bbox 1167 3848 1350 3902; x_wconf 80' lang='lat' dir='ltr'><strong>divina</strong></span> <span class='ocrx_word' id='word_1_545' title='bbox 1403 3865 1478 3902; x_wconf 90' lang='lat' dir='ltr'><strong>no</strong></span> <span class='ocrx_word' id='word_1_546' title='bbox 1518 3866 1564 3902; x_wconf 83' lang='lat' dir='ltr'><strong>IS</strong></span> <span class='ocrx_word' id='word_1_547' title='bbox 1613 3850 1875 3902; x_wconf 78' lang='lat' dir='ltr'><strong>beneﬁcia</strong></span> 
     </span>
    </p>
   </div>
   <div class='ocr_carea' id='block_1_71' title="bbox 219 3848 1875 3918">
    <p class='ocr_par' dir='ltr' id='par_1_71' title="bbox 219 3848 1875 3918">
     <span class='ocr_line' id='line_1_72' title="bbox 219 3848 1875 3918; baseline 0.001 -13"><span class='ocrx_word' id='word_1_548' title='bbox 219 3848 653 3906; x_wconf 84' lang='lat' dir='ltr'><strong>intercessione</strong></span> <span class='ocrx_word' id='word_1_549' title='bbox 699 3848 844 3918; x_wconf 82' lang='lat' dir='ltr'><strong>apud</strong></span> <span class='ocrx_word' id='word_1_550' title='bbox 910 3848 1127 3918; x_wconf 81' lang='lat' dir='ltr'><strong>Deum,</strong></span> <span class='ocrx_word' id='word_1_551' title='bbox 1167 3848 1350 3904; x_wconf 89' lang='lat' dir='ltr'><strong>divina</strong></span> <span class='ocrx_word' id='word_1_552' title='bbox 1376 3848 1564 3918; x_wconf 6' lang='lat' dir='ltr'><strong>(nobis</strong></span> <span class='ocrx_word' id='word_1_553' title='bbox 1613 3850 1875 3906; x_wconf 77' lang='lat' dir='ltr'><strong>beneﬁcia</strong></span> 
     </span>
    </p>
   </div>
   <div class='ocr_carea' id='block_1_72' title="bbox 213 3917 1878 3985">
    <p class='ocr_par' dir='ltr' id='par_1_72' title="bbox 213 3917 1878 3985">
     <span class='ocr_line' id='line_1_73' title="bbox 213 3917 1878 3985; baseline -0.001 -7"><span class='ocrx_word' id='word_1_554' title='bbox 213 3919 548 3978; x_wconf 78' lang='lat' dir='ltr'><strong>delaturos</strong></span> <span class='ocrx_word' id='word_1_555' title='bbox 569 3918 649 3972; x_wconf 87' lang='lat' dir='ltr'><strong>vel</strong></span> <span class='ocrx_word' id='word_1_556' title='bbox 685 3917 1034 3972; x_wconf 86' lang='lat' dir='ltr'><strong>nuntiaturus</strong></span> <span class='ocrx_word' id='word_1_557' title='bbox 1067 3917 1136 3971; x_wconf 87' lang='lat' dir='ltr'><strong>ad</strong></span> <span class='ocrx_word' id='word_1_558' title='bbox 1185 3933 1288 3971; x_wconf 91' lang='lat' dir='ltr'><strong>nos</strong></span> <span class='ocrx_word' id='word_1_559' title='bbox 1324 3917 1563 3972; x_wconf 87' lang='lat' dir='ltr'><strong>advenit.</strong></span> <span class='ocrx_word' id='word_1_560' title='bbox 1606 3921 1769 3985; x_wconf 79' lang='lat' dir='ltr'><strong>Nam,</strong></span> <span class='ocrx_word' id='word_1_561' title='bbox 1813 3928 1878 3976; x_wconf 85' lang='lat' dir='ltr'><strong>ut</strong></span> 
     </span>
    </p>
   </div>
   <div class='ocr_carea' id='block_1_73' title="bbox 213 3985 1879 4060">
    <p class='ocr_par' dir='ltr' id='par_1_73' title="bbox 213 3985 1879 4060">
     <span class='ocr_line' id='line_1_74' title="bbox 213 3985 1879 4060; baseline -0.004 -11"><span class='ocrx_word' id='word_1_562' title='bbox 213 3991 308 4049; x_wconf 87' lang='lat' dir='ltr'><strong>ait</strong></span> <span class='ocrx_word' id='word_1_563' title='bbox 337 3989 697 4060; x_wconf 78' lang='lat' dir='ltr'><strong>Apostolus,</strong></span> <span class='ocrx_word' id='word_1_564' title='bbox 723 3989 914 4060; x_wconf 81' lang='lat' dir='ltr'><strong>Omnes</strong></span> <span class='ocrx_word' id='word_1_565' title='bbox 935 3991 1062 4060; x_wconf 86' lang='lat' dir='ltr'><strong>sunt</strong></span> <span class='ocrx_word' id='word_1_566' title='bbox 1083 3985 1802 4060; x_wconf 73' lang='lat' dir='ltr'><strong>administratorii_spiritus</strong></span> <span class='ocrx_word' id='word_1_567' title='bbox 1821 3992 1879 4045; x_wconf 83' lang='lat' dir='ltr'><strong>in</strong></span> 
     </span>
    </p>
   </div>
   <div class='ocr_carea' id='block_1_74' title="bbox 211 4055 1878 4124">
    <p class='ocr_par' dir='ltr' id='par_1_74' title="bbox 211 4055 1878 4124">
     <span class='ocr_line' id='line_1_75' title="bbox 211 4055 1878 4124; baseline -0.004 -7"><span class='ocrx_word' id='word_1_568' title='bbox 211 4055 636 4120; x_wconf 61' lang='lat' dir='ltr'><strong>ministerium</strong></span> <span class='ocrx_word' id='word_1_569' title='bbox 671 4059 844 4117; x_wconf 86' lang='lat' dir='ltr'><strong>missi,</strong></span> <span class='ocrx_word' id='word_1_570' title='bbox 885 4059 1104 4124; x_wconf 81' lang='lat' dir='ltr'><strong>propter</strong></span> <span class='ocrx_word' id='word_1_571' title='bbox 1125 4069 1211 4109; x_wconf 87' lang='lat' dir='ltr'><strong>eos</strong></span> <span class='ocrx_word' id='word_1_572' title='bbox 1245 4057 1344 4124; x_wconf 82' lang='lat' dir='ltr'><strong>qui</strong></span> <span class='ocrx_word' id='word_1_573' title='bbox 1389 4055 1752 4111; x_wconf 69' lang='lat' dir='ltr'><strong>harreditatem</strong></span> <span class='ocrx_word' id='word_1_574' title='bbox 1785 4074 1878 4112; x_wconf 85' lang='lat' dir='ltr'><strong>ca-</strong></span> 
     </span>
    </p>
   </div>
   <div class='ocr_carea' id='block_1_75' title="bbox 205 4125 1878 4204">
    <p class='ocr_par' dir='ltr' id='par_1_75' title="bbox 205 4125 1878 4204">
     <span class='ocr_line' id='line_1_76' title="bbox 205 4125 1878 4204; baseline -0.001 -20"><span class='ocrx_word' id='word_1_575' title='bbox 205 4125 825 4204; x_wconf 38' lang='lat' dir='ltr'><strong>piunt‘sftlutisujleb.</strong></span> <span class='ocrx_word' id='word_1_576' title='bbox 857 4125 936 4204; x_wconf 89' lang='lat' dir='ltr'><strong>I_).</strong></span> <span class='ocrx_word' id='word_1_577' title='bbox 986 4125 1170 4204; x_wconf 77' lang='lat' dir='ltr'><strong>Neque</strong></span> <span class='ocrx_word' id='word_1_578' title='bbox 1213 4129 1412 4204; x_wconf 82' lang='lat' dir='ltr'><strong>tamen,</strong></span> <span class='ocrx_word' id='word_1_579' title='bbox 1439 4125 1524 4204; x_wconf 65' lang='lat' dir='ltr'><strong>ait</strong></span> <span class='ocrx_word' id='word_1_580' title='bbox 1558 4129 1620 4204; x_wconf 69' lang='grc' dir='ltr'><strong>β.</strong></span> <span class='ocrx_word' id='word_1_581' title='bbox 1662 4129 1878 4204; x_wconf 77' lang='lat' dir='ltr'><strong>Grego-</strong></span> 
     </span>
    </p>
   </div>
   <div class='ocr_carea' id='block_1_76' title="bbox 213 4195 1882 4268">
    <p class='ocr_par' dir='ltr' id='par_1_76' title="bbox 213 4195 1882 4268">
     <span class='ocr_line' id='line_1_77' title="bbox 213 4195 1882 4268; baseline -0.032 30"><span class='ocrx_word' id='word_1_582' title='bbox 213 4195 362 4258; x_wconf 60' lang='lat' dir='ltr'><strong>Hus</strong></span> <span class='ocrx_word' id='word_1_583' title='bbox 399 4195 675 4268; x_wconf 33' lang='lat' dir='ltr'><strong>(Lahm</strong></span> <span class='ocrx_word' id='word_1_584' title='bbox 705 4195 902 4252; x_wconf 58' lang='lat' dir='ltr'><strong>Mam:</strong></span> <span class='ocrx_word' id='word_1_585' title='bbox 953 4211 1073 4266; x_wconf 77' lang='grc' dir='ltr'><strong>οαΡ·</strong></span> <span class='ocrx_word' id='word_1_586' title='bbox 1107 4200 1208 4264; x_wconf 78' lang='lat'><strong>3),</strong></span> <span class='ocrx_word' id='word_1_587' title='bbox 1249 4198 1324 4251; x_wconf 84' lang='lat' dir='ltr'><strong>sic</strong></span> <span class='ocrx_word' id='word_1_588' title='bbox 1371 4213 1409 4250; x_wconf 88' lang='lat' dir='ltr'><strong>a</strong></span> <span class='ocrx_word' id='word_1_589' title='bbox 1461 4197 1650 4252; x_wconf 82' lang='lat' dir='ltr'><strong>divina</strong></span> <span class='ocrx_word' id='word_1_590' title='bbox 1681 4195 1882 4255; x_wconf 67' lang='lat' dir='ltr'><strong>visibm</strong></span> 
     </span>
    </p>
   </div>
   <div class='ocr_carea' id='block_1_77' title="bbox 205 4268 1882 4344">
    <p class='ocr_par' dir='ltr' id='par_1_77' title="bbox 205 4268 1882 4344">
     <span class='ocr_line' id='line_1_78' title="bbox 205 4268 1882 4344; baseline -0.003 -15"><span class='ocrx_word' id='word_1_591' title='bbox 205 4273 404 4344; x_wconf 77' lang='lat' dir='ltr'><strong>foras</strong></span> <span class='ocrx_word' id='word_1_592' title='bbox 437 4271 675 4344; x_wconf 72' lang='lat' dir='ltr'><strong>eweunt,</strong></span> <span class='ocrx_word' id='word_1_593' title='bbox 705 4270 1021 4344; x_wconf 27' lang='lat' dir='ltr'><strong>utﬂinternce</strong></span> <span class='ocrx_word' id='word_1_594' title='bbox 1032 4268 1510 4344; x_wconf 81' lang='lat' dir='ltr'><strong>contemplationis</strong></span> <span class='ocrx_word' id='word_1_595' title='bbox 1531 4270 1748 4338; x_wconf 81' lang='lat' dir='ltr'><strong>gaudiis</strong></span> <span class='ocrx_word' id='word_1_596' title='bbox 1767 4273 1882 4341; x_wconf 86' lang='lat' dir='ltr'><strong>pri-</strong></span> 
     </span>
    </p>
   </div>
   <div class='ocr_carea' id='block_1_78' title="bbox 205 4339 1879 4410">
    <p class='ocr_par' dir='ltr' id='par_1_78' title="bbox 205 4339 1879 4410">
     <span class='ocr_line' id='line_1_79' title="bbox 205 4339 1879 4410; baseline -0.002 -8"><span class='ocrx_word' id='word_1_597' title='bbox 205 4339 446 4402; x_wconf 62' lang='lat' dir='ltr'><strong>uentur</strong></span> <span class='ocrx_word' id='word_1_598' title='bbox 464 4357 488 4406; x_wconf 87' lang='lat'><strong><em>;</em></strong></span> <span class='ocrx_word' id='word_1_599' title='bbox 522 4339 659 4410; x_wconf 86' lang='lat' dir='ltr'><strong>quia</strong></span> <span class='ocrx_word' id='word_1_600' title='bbox 681 4341 734 4392; x_wconf 87' lang='lat' dir='ltr'><strong>si</strong></span> <span class='ocrx_word' id='word_1_601' title='bbox 755 4341 1064 4396; x_wconf 84' lang='lat' dir='ltr'><strong>Conditoris</strong></span> <span class='ocrx_word' id='word_1_602' title='bbox 1089 4345 1359 4410; x_wconf 81' lang='lat' dir='ltr'><strong>aspectum</strong></span> <span class='ocrx_word' id='word_1_603' title='bbox 1389 4347 1638 4396; x_wconf 68' lang='lat' dir='ltr'><strong>exeuntes</strong></span> <span class='ocrx_word' id='word_1_604' title='bbox 1664 4339 1879 4398; x_wconf 74' lang='lat' dir='ltr'><strong>amitte-</strong></span> 
     </span>
    </p>
   </div>
   <div class='ocr_carea' id='block_1_79' title="bbox 210 4409 1880 4480">
    <p class='ocr_par' dir='ltr' id='par_1_79' title="bbox 210 4409 1880 4480">
     <span class='ocr_line' id='line_1_80' title="bbox 210 4409 1880 4480; baseline -0.003 -7"><span class='ocrx_word' id='word_1_605' title='bbox 210 4418 385 4480; x_wconf 82' lang='lat' dir='ltr'><strong>rent,</strong></span> <span class='ocrx_word' id='word_1_606' title='bbox 411 4425 531 4466; x_wconf 82' lang='lat' dir='ltr'><strong>nec</strong></span> <span class='ocrx_word' id='word_1_607' title='bbox 553 4409 788 4478; x_wconf 87' lang='lat' dir='ltr'><strong>jacentes</strong></span> <span class='ocrx_word' id='word_1_608' title='bbox 811 4413 1009 4479; x_wconf 82' lang='lat' dir='ltr'><strong>erigere</strong></span> <span class='ocrx_word' id='word_1_609' title='bbox 1046 4409 1163 4466; x_wconf 74' lang='lat' dir='ltr'><strong>nec</strong></span> <span class='ocrx_word' id='word_1_610' title='bbox 1177 4412 1546 4480; x_wconf 84' lang='lat' dir='ltr'><strong>ignorantibus</strong></span> <span class='ocrx_word' id='word_1_611' title='bbox 1571 4428 1699 4467; x_wconf 80' lang='lat' dir='ltr'><strong>uera</strong></span> <span class='ocrx_word' id='word_1_612' title='bbox 1735 4429 1880 4468; x_wconf 88' lang='lat' dir='ltr'><strong>nun-</strong></span> 
     </span>
    </p>
   </div>
   <div class='ocr_carea' id='block_1_80' title="bbox 209 4482 1884 4556">
    <p class='ocr_par' dir='ltr' id='par_1_80' title="bbox 209 4482 1884 4556">
     <span class='ocr_line' id='line_1_81' title="bbox 209 4482 1884 4556; baseline 0.001 -19"><span class='ocrx_word' id='word_1_613' title='bbox 209 4489 374 4544; x_wconf 69' lang='lat' dir='ltr'><strong>tiare</strong></span> <span class='ocrx_word' id='word_1_614' title='bbox 399 4485 688 4556; x_wconf 84' lang='lat' dir='ltr'><strong>possent;</strong></span> <span class='ocrx_word' id='word_1_615' title='bbox 710 4483 1023 4556; x_wconf 80' lang='lat' dir='ltr'><strong>fontemque</strong></span> <span class='ocrx_word' id='word_1_616' title='bbox 1048 4482 1202 4548; x_wconf 88' lang='lat' dir='ltr'><strong>lucis,</strong></span> <span class='ocrx_word' id='word_1_617' title='bbox 1232 4498 1388 4552; x_wconf 88' lang='lat' dir='ltr'><strong>quem</strong></span> <span class='ocrx_word' id='word_1_618' title='bbox 1419 4483 1746 4552; x_wconf 85' lang='lat' dir='ltr'><strong>egredientes</strong></span> <span class='ocrx_word' id='word_1_619' title='bbox 1771 4487 1884 4555; x_wconf 84' lang='lat' dir='ltr'><strong>ipsi</strong></span> 
     </span>
    </p>
   </div>
   <div class='ocr_carea' id='block_1_81' title="bbox 205 4554 1880 4682">
    <p class='ocr_par' dir='ltr' id='par_1_81' title="bbox 205 4554 1880 4682">
     <span class='ocr_line' id='line_1_82' title="bbox 205 4554 1880 4682; baseline -0.001 -69"><span class='ocrx_word' id='word_1_620' title='bbox 205 4557 576 4630; x_wconf 76' lang='lat' dir='ltr'><strong>perderent,</strong></span> <span class='ocrx_word' id='word_1_621' title='bbox 590 4554 740 4606; x_wconf 70' lang='lat' dir='ltr'><strong>etscis</strong></span> <span class='ocrx_word' id='word_1_622' title='bbox 757 4554 1066 4608; x_wconf 82' lang='lat' dir='ltr'><strong>nullatenus</strong></span> <span class='ocrx_word' id='word_1_623' title='bbox 1089 4556 1466 4623; x_wconf 84' lang='lat' dir='ltr'><strong>propinarent.</strong></span> <span class='ocrx_word' id='word_1_624' title='bbox 1491 4557 1554 4609; x_wconf 90' lang='lat' dir='ltr'><strong>In</strong></span> <span class='ocrx_word' id='word_1_625' title='bbox 1581 4556 1674 4611; x_wconf 90' lang='lat' dir='ltr'><strong>hoc</strong></span> <span class='ocrx_word' id='word_1_626' title='bbox 1690 4559 1880 4682; x_wconf 47' lang='lat' dir='ltr'><strong>itaque</strong></span> 
     </span>
     <span class='ocr_line' id='line_1_83' title="bbox 213 4625 1880 4682; baseline 0.001 0"><span class='ocrx_word' id='word_1_627' title='bbox 213 4634 304 4682; x_wconf 84' lang='lat' dir='ltr'><strong>est</strong></span> <span class='ocrx_word' id='word_1_628' title='bbox 331 4631 585 4682; x_wconf 77' lang='lat' dir='ltr'><strong>natura</strong></span> <span class='ocrx_word' id='word_1_629' title='bbox 611 4625 858 4682; x_wconf 77' lang='lat' dir='ltr'><strong>angelica</strong></span> <span class='ocrx_word' id='word_1_630' title='bbox 878 4640 914 4678; x_wconf 89' lang='lat' dir='ltr'><strong>a</strong></span> <span class='ocrx_word' id='word_1_631' title='bbox 947 4629 1154 4678; x_wconf 75' lang='lat' dir='ltr'><strong>natura:</strong></span> <span class='ocrx_word' id='word_1_632' title='bbox 1194 4629 1388 4678; x_wconf 76' lang='lat' dir='ltr'><strong>nostrae</strong></span> <span class='ocrx_word' id='word_1_633' title='bbox 1437 4625 1738 4682; x_wconf 85' lang='lat' dir='ltr'><strong>conditione</strong></span> <span class='ocrx_word' id='word_1_634' title='bbox 1815 4629 1880 4682; x_wconf 86' lang='lat' dir='ltr'><strong>is-</strong></span> 
     </span>
    </p>
   </div>
   <div class='ocr_carea' id='block_1_82' title="bbox 213 4625 1882 4693">
    <p class='ocr_par' dir='ltr' id='par_1_82' title="bbox 213 4625 1882 4693">
     <span class='ocr_line' id='line_1_84' title="bbox 213 4625 1882 4693; baseline -0.002 -7"><span class='ocrx_word' id='word_1_635' title='bbox 213 4625 304 4686; x_wconf 62' lang='lat' dir='ltr'><strong>Est</strong></span> <span class='ocrx_word' id='word_1_636' title='bbox 331 4631 585 4684; x_wconf 77' lang='lat' dir='ltr'><strong>natura</strong></span> <span class='ocrx_word' id='word_1_637' title='bbox 611 4625 858 4693; x_wconf 88' lang='lat' dir='ltr'><strong>angelica</strong></span> <span class='ocrx_word' id='word_1_638' title='bbox 878 4640 914 4678; x_wconf 89' lang='lat' dir='ltr'><strong>a</strong></span> <span class='ocrx_word' id='word_1_639' title='bbox 947 4629 1154 4678; x_wconf 75' lang='lat' dir='ltr'><strong>natura:</strong></span> <span class='ocrx_word' id='word_1_640' title='bbox 1194 4629 1388 4678; x_wconf 76' lang='lat' dir='ltr'><strong>nostrae</strong></span> <span class='ocrx_word' id='word_1_641' title='bbox 1437 4625 1738 4682; x_wconf 85' lang='lat' dir='ltr'><strong>conditione</strong></span> <span class='ocrx_word' id='word_1_642' title='bbox 1776 4625 1882 4683; x_wconf 82' lang='lat' dir='ltr'><strong>dis-</strong></span> 
     </span>
    </p>
   </div>
   <div class='ocr_carea' id='block_1_83' title="bbox 215 4695 1879 4766">
    <p class='ocr_par' dir='ltr' id='par_1_83' title="bbox 215 4695 1879 4766">
     <span class='ocr_line' id='line_1_85' title="bbox 215 4695 1879 4766; baseline -0.001 -12"><span class='ocrx_word' id='word_1_643' title='bbox 215 4703 440 4763; x_wconf 79' lang='lat' dir='ltr'><strong>tincta,</strong></span> <span class='ocrx_word' id='word_1_644' title='bbox 485 4695 650 4766; x_wconf 82' lang='lat' dir='ltr'><strong>quod</strong></span> <span class='ocrx_word' id='word_1_645' title='bbox 675 4711 771 4750; x_wconf 88' lang='lat' dir='ltr'><strong>nos</strong></span> <span class='ocrx_word' id='word_1_646' title='bbox 794 4699 846 4750; x_wconf 88' lang='lat' dir='ltr'><strong>et</strong></span> <span class='ocrx_word' id='word_1_647' title='bbox 872 4695 978 4750; x_wconf 92' lang='lat' dir='ltr'><strong>loco</strong></span> <span class='ocrx_word' id='word_1_648' title='bbox 1005 4695 1505 4758; x_wconf 67' lang='lat' dir='ltr'><strong>circumscribimur,</strong></span> <span class='ocrx_word' id='word_1_649' title='bbox 1536 4701 1588 4750; x_wconf 86' lang='lat' dir='ltr'><strong>et</strong></span> <span class='ocrx_word' id='word_1_650' title='bbox 1627 4700 1879 4753; x_wconf 84' lang='lat' dir='ltr'><strong>caecitatis</strong></span> 
     </span>
    </p>
   </div>
   <div class='ocr_carea' id='block_1_84' title="bbox 215 4767 1878 4842">
    <p class='ocr_par' dir='ltr' id='par_1_84' title="bbox 215 4767 1878 4842">
     <span class='ocr_line' id='line_1_86' title="bbox 215 4767 1878 4842; baseline -0.002 -15"><span class='ocrx_word' id='word_1_651' title='bbox 215 4769 594 4842; x_wconf 74' lang='lat' dir='ltr'><strong>ignorantia</strong></span> <span class='ocrx_word' id='word_1_652' title='bbox 618 4771 976 4842; x_wconf 80' lang='lat' dir='ltr'><strong>coarctamur,</strong></span> <span class='ocrx_word' id='word_1_653' title='bbox 999 4767 1308 4842; x_wconf 68' lang='lat' dir='ltr'><strong>angelorum</strong></span> <span class='ocrx_word' id='word_1_654' title='bbox 1349 4780 1474 4819; x_wconf 78' lang='lat' dir='ltr'><strong>vero</strong></span> <span class='ocrx_word' id='word_1_655' title='bbox 1505 4769 1735 4842; x_wconf 86' lang='lat' dir='ltr'><strong>spiritus</strong></span> <span class='ocrx_word' id='word_1_656' title='bbox 1771 4770 1878 4842; x_wconf 91' lang='lat' dir='ltr'><strong>loco</strong></span> 
     </span>
    </p>
   </div>
   <div class='ocr_carea' id='block_1_85' title="bbox 217 4837 1880 4914">
    <p class='ocr_par' dir='ltr' id='par_1_85' title="bbox 217 4837 1880 4914">
     <span class='ocr_line' id='line_1_87' title="bbox 217 4837 1880 4914; baseline -0.002 -18"><span class='ocrx_word' id='word_1_657' title='bbox 217 4837 478 4914; x_wconf 70' lang='lat' dir='ltr'><strong>quidem</strong></span> <span class='ocrx_word' id='word_1_658' title='bbox 509 4840 921 4914; x_wconf 77' lang='lat' dir='ltr'><strong>circumscripti</strong></span> <span class='ocrx_word' id='word_1_659' title='bbox 941 4837 1222 4914; x_wconf 74' lang='lat' dir='ltr'><strong>sunt,_sed</strong></span> <span class='ocrx_word' id='word_1_660' title='bbox 1241 4841 1422 4914; x_wconf 70' lang='lat' dir='ltr'><strong>tamen</strong></span> <span class='ocrx_word' id='word_1_661' title='bbox 1447 4852 1624 4914; x_wconf 64' lang='lat' dir='ltr'><strong>eorum</strong></span> <span class='ocrx_word' id='word_1_662' title='bbox 1658 4841 1880 4914; x_wconf 80' lang='lat' dir='ltr'><strong>scientia</strong></span> 
     </span>
    </p>
   </div>
   <div class='ocr_carea' id='block_1_86' title="bbox 215 4907 1884 4984">
    <p class='ocr_par' dir='ltr' id='par_1_86' title="bbox 215 4907 1884 4984">
     <span class='ocr_line' id='line_1_88' title="bbox 215 4907 1884 4984; baseline -0.002 -19"><span class='ocrx_word' id='word_1_663' title='bbox 215 4907 599 4984; x_wconf 74' lang='lat' dir='ltr'><strong>iungesuper</strong></span> <span class='ocrx_word' id='word_1_664' title='bbox 608 4907 1582 4984; x_wconf 44' lang='lat' dir='ltr'><strong>nosincomparabiliterdilataturlt</strong></span> <span class='ocrx_word' id='word_1_665' title='bbox 1590 4911 1884 4984; x_wconf 80' lang='lat' dir='ltr'><strong>mittuntur</strong></span> 
     </span>
    </p>
   </div>
   <div class='ocr_carea' id='block_1_87' title="bbox 216 4977 1885 5055">
    <p class='ocr_par' dir='ltr' id='par_1_87' title="bbox 216 4977 1885 5055">
     <span class='ocr_line' id='line_1_89' title="bbox 216 4977 1885 5055; baseline -0.004 -14"><span class='ocrx_word' id='word_1_666' title='bbox 216 4977 444 5055; x_wconf 66' lang='lat' dir='ltr'><strong>igitur,</strong></span> <span class='ocrx_word' id='word_1_667' title='bbox 475 4977 566 5038; x_wconf 69' lang='grc' dir='ltr'><em>ἐἰ</em></span> <span class='ocrx_word' id='word_1_668' title='bbox 595 4982 863 5034; x_wconf 86' lang='lat' dir='ltr'><strong>assistunt</strong></span> <span class='ocrx_word' id='word_1_669' title='bbox 882 4977 1062 5055; x_wconf 44' lang='lat' dir='ltr'><strong>{quia</strong></span> <span class='ocrx_word' id='word_1_670' title='bbox 1075 4995 1178 5055; x_wconf 75' lang='lat' dir='ltr'><strong>per</strong></span> <span class='ocrx_word' id='word_1_671' title='bbox 1192 4980 1318 5055; x_wconf 84' lang='lat' dir='ltr'><strong>_hoc,</strong></span> <span class='ocrx_word' id='word_1_672' title='bbox 1337 4977 1480 5048; x_wconf 89' lang='lat' dir='ltr'><strong>quod</strong></span> <span class='ocrx_word' id='word_1_673' title='bbox 1497 4981 1885 5050; x_wconf 68' lang='lat' dir='ltr'><strong>circumscripti</strong></span> 
     </span>
    </p>
   </div>
   <div class='ocr_carea' id='block_1_88' title="bbox 216 5050 1882 5126">
    <p class='ocr_par' dir='ltr' id='par_1_88' title="bbox 216 5050 1882 5126">
     <span class='ocr_line' id='line_1_90' title="bbox 216 5050 1882 5126; baseline -0.006 -11"><span class='ocrx_word' id='word_1_674' title='bbox 216 5050 384 5126; x_wconf 71' lang='lat' dir='ltr'><strong>sunt,</strong></span> <span class='ocrx_word' id='word_1_675' title='bbox 423 5057 680 5117; x_wconf 69' lang='lat' dir='ltr'><strong>exeunt;</strong></span> <span class='ocrx_word' id='word_1_676' title='bbox 707 5055 756 5105; x_wconf 91' lang='lat' dir='ltr'><strong>et</strong></span> <span class='ocrx_word' id='word_1_677' title='bbox 774 5066 875 5120; x_wconf 87' lang='lat' dir='ltr'><strong>per</strong></span> <span class='ocrx_word' id='word_1_678' title='bbox 899 5051 994 5126; x_wconf 75' lang='lat' dir='ltr'><strong>hoc</strong></span> <span class='ocrx_word' id='word_1_679' title='bbox 1010 5050 1154 5126; x_wconf 67' lang='lat' dir='ltr'><strong>quod</strong></span> <span class='ocrx_word' id='word_1_680' title='bbox 1179 5052 1327 5126; x_wconf 77' lang='lat' dir='ltr'><strong>intus</strong></span> <span class='ocrx_word' id='word_1_681' title='bbox 1353 5065 1576 5126; x_wconf 86' lang='lat' dir='ltr'><strong>quoque_</strong></span> <span class='ocrx_word' id='word_1_682' title='bbox 1597 5056 1882 5126; x_wconf 77' lang='lat' dir='ltr'><strong>praesentes</strong></span> 
     </span>
    </p>
   </div>
   <div class='ocr_carea' id='block_1_89' title="bbox 217 5121 1884 5193">
    <p class='ocr_par' dir='ltr' id='par_1_89' title="bbox 217 5121 1884 5193">
     <span class='ocr_line' id='line_1_91' title="bbox 217 5121 1884 5193; baseline -0.006 -8"><span class='ocrx_word' id='word_1_683' title='bbox 217 5121 384 5193; x_wconf 67' lang='lat' dir='ltr'><strong>sunt,</strong></span> <span class='ocrx_word' id='word_1_684' title='bbox 413 5138 746 5193; x_wconf 78' lang='lat' dir='ltr'><strong>numquam</strong></span> <span class='ocrx_word' id='word_1_685' title='bbox 775 5121 1048 5193; x_wconf 78' lang='lat' dir='ltr'><strong>recedunt.</strong></span> <span class='ocrx_word' id='word_1_686' title='bbox 1073 5123 1144 5177; x_wconf 87' lang='lat' dir='ltr'><strong>Et</strong></span> <span class='ocrx_word' id='word_1_687' title='bbox 1169 5122 1368 5188; x_wconf 82' lang='lat' dir='ltr'><strong>faciem</strong></span> <span class='ocrx_word' id='word_1_688' title='bbox 1391 5136 1516 5189; x_wconf 87' lang='lat' dir='ltr'><strong>ergo</strong></span> <span class='ocrx_word' id='word_1_689' title='bbox 1539 5123 1719 5176; x_wconf 85' lang='lat' dir='ltr'><strong>Patris</strong></span> <span class='ocrx_word' id='word_1_690' title='bbox 1743 5137 1884 5176; x_wconf 85' lang='lat' dir='ltr'><strong>sern-</strong></span> 
     </span>
    </p>
   </div>
   <div class='ocr_carea' id='block_1_90' title="bbox 213 5191 1882 5270">
    <p class='ocr_par' dir='ltr' id='par_1_90' title="bbox 213 5191 1882 5270">
     <span class='ocr_line' id='line_1_92' title="bbox 213 5191 1882 5270; baseline -0.01 -11"><span class='ocrx_word' id='word_1_691' title='bbox 213 5215 328 5270; x_wconf 81' lang='lat' dir='ltr'><strong>per</strong></span> <span class='ocrx_word' id='word_1_692' title='bbox 353 5191 612 5270; x_wconf 57' lang='lat' dir='ltr'><strong>uident]</strong></span> <span class='ocrx_word' id='word_1_693' title='bbox 637 5195 834 5270; x_wconf 79' lang='lat' dir='ltr'><strong>Matth.</strong></span> <span class='ocrx_word' id='word_1_694' title='bbox 853 5207 1024 5270; x_wconf 76' lang='lat' dir='ltr'><strong>_xvtu</strong></span> <span class='ocrx_word' id='word_1_695' title='bbox 1041 5191 1058 5264; x_wconf 97' lang='lat'>)</span> <span class='ocrx_word' id='word_1_696' title='bbox 1077 5232 1092 5258; x_wconf 92' lang='lat'><strong>,</strong></span> <span class='ocrx_word' id='word_1_697' title='bbox 1125 5197 1176 5247; x_wconf 85' lang='lat' dir='ltr'><strong>et</strong></span> <span class='ocrx_word' id='word_1_698' title='bbox 1203 5197 1382 5270; x_wconf 77' lang='lat' dir='ltr'><strong>tamen</strong></span> <span class='ocrx_word' id='word_1_699' title='bbox 1401 5193 1476 5248; x_wconf 86' lang='lat' dir='ltr'><strong>ad</strong></span> <span class='ocrx_word' id='word_1_700' title='bbox 1499 5209 1595 5247; x_wconf 86' lang='lat' dir='ltr'><strong>nos</strong></span> <span class='ocrx_word' id='word_1_701' title='bbox 1626 5195 1882 5270; x_wconf 77' lang='lat' dir='ltr'><strong>ueniunt;</strong></span> 
     </span>
    </p>
   </div>
   <div class='ocr_carea' id='block_1_91' title="bbox 219 5265 1886 5342">
    <p class='ocr_par' dir='ltr' id='par_1_91' title="bbox 219 5265 1886 5342">
     <span class='ocr_line' id='line_1_93' title="bbox 219 5265 1886 5342; baseline -0.007 -13"><span class='ocrx_word' id='word_1_702' title='bbox 219 5265 370 5342; x_wconf 73' lang='lat' dir='ltr'><strong>quia</strong></span> <span class='ocrx_word' id='word_1_703' title='bbox 401 5277 466 5327; x_wconf 83' lang='lat' dir='ltr'><strong>et</strong></span> <span class='ocrx_word' id='word_1_704' title='bbox 489 5267 586 5324; x_wconf 86' lang='lat' dir='ltr'><strong>ad</strong></span> <span class='ocrx_word' id='word_1_705' title='bbox 606 5280 702 5320; x_wconf 89' lang='lat' dir='ltr'><strong>nos</strong></span> <span class='ocrx_word' id='word_1_706' title='bbox 711 5265 970 5342; x_wconf 86' lang='lat' dir='ltr'><strong>_spiritali</strong></span> <span class='ocrx_word' id='word_1_707' title='bbox 993 5266 1289 5342; x_wconf 63' lang='lat' dir='ltr'><strong>praisentia</strong></span> <span class='ocrx_word' id='word_1_708' title='bbox 1311 5267 1462 5342; x_wconf 81' lang='lat' dir='ltr'><strong>foras</strong></span> <span class='ocrx_word' id='word_1_709' title='bbox 1485 5269 1703 5328; x_wconf 67' lang='lat' dir='ltr'><strong>exeunt,</strong></span> <span class='ocrx_word' id='word_1_710' title='bbox 1727 5269 1780 5319; x_wconf 90' lang='lat' dir='ltr'><strong>et</strong></span> <span class='ocrx_word' id='word_1_711' title='bbox 1803 5269 1886 5342; x_wconf 92' lang='lat' dir='ltr'><strong>_ta-</strong></span> 
     </span>
    </p>
   </div>
   <div class='ocr_carea' id='block_1_92' title="bbox 219 5337 1884 5407">
    <p class='ocr_par' dir='ltr' id='par_1_92' title="bbox 219 5337 1884 5407">
     <span class='ocr_line' id='line_1_94' title="bbox 219 5337 1884 5407; baseline -0.007 -6"><span class='ocrx_word' id='word_1_712' title='bbox 219 5337 356 5400; x_wconf 73' lang='lat' dir='ltr'><strong>men</strong></span> <span class='ocrx_word' id='word_1_713' title='bbox 380 5343 484 5398; x_wconf 82' lang='lat' dir='ltr'><strong>ibi</strong></span> <span class='ocrx_word' id='word_1_714' title='bbox 507 5355 578 5394; x_wconf 85' lang='lat' dir='ltr'><strong>se</strong></span> <span class='ocrx_word' id='word_1_715' title='bbox 608 5337 754 5391; x_wconf 86' lang='lat' dir='ltr'><strong>unde</strong></span> <span class='ocrx_word' id='word_1_716' title='bbox 774 5341 1095 5392; x_wconf 84' lang='lat' dir='ltr'><strong>recesserant</strong></span> <span class='ocrx_word' id='word_1_717' title='bbox 1119 5351 1220 5406; x_wconf 87' lang='lat' dir='ltr'><strong>per</strong></span> <span class='ocrx_word' id='word_1_718' title='bbox 1265 5337 1533 5391; x_wconf 79' lang='lat' dir='ltr'><strong>internum</strong></span> <span class='ocrx_word' id='word_1_719' title='bbox 1557 5337 1884 5407; x_wconf 82' lang='lat' dir='ltr'><strong>contempla-</strong></span> 
     </span>
    </p>
   </div>
   <div class='ocr_carea' id='block_1_93' title="bbox 223 5407 1888 5479">
    <p class='ocr_par' dir='ltr' id='par_1_93' title="bbox 223 5407 1888 5479">
     <span class='ocr_line' id='line_1_95' title="bbox 223 5407 1888 5479; baseline -0.001 -16"><span class='ocrx_word' id='word_1_720' title='bbox 223 5417 444 5470; x_wconf 68' lang='lat' dir='ltr'><strong>tionem</strong></span> <span class='ocrx_word' id='word_1_721' title='bbox 473 5413 740 5468; x_wconf 77' lang='lat' dir='ltr'><strong>seruant.</strong></span> <span class='ocrx_word' id='word_1_722' title='bbox 779 5407 864 5462; x_wconf 90' lang='lat' dir='ltr'><strong>Sic</strong></span> <span class='ocrx_word' id='word_1_723' title='bbox 905 5407 1225 5479; x_wconf 77' lang='lat' dir='ltr'><strong>Gregorius.</strong></span> <span class='ocrx_word' id='word_1_724' title='bbox 1258 5409 1428 5479; x_wconf 85' lang='lat' dir='ltr'><strong>Porro</strong></span> <span class='ocrx_word' id='word_1_725' title='bbox 1451 5407 1680 5479; x_wconf 90' lang='lat' dir='ltr'><strong>qualiter</strong></span> <span class='ocrx_word' id='word_1_726' title='bbox 1715 5409 1888 5462; x_wconf 88' lang='lat' dir='ltr'><strong>bonus</strong></span> 
     </span>
    </p>
   </div>
   <div class='ocr_carea' id='block_1_94' title="bbox 223 5477 1889 5555">
    <p class='ocr_par' dir='ltr' id='par_1_94' title="bbox 223 5477 1889 5555">
     <span class='ocr_line' id='line_1_96' title="bbox 223 5477 1889 5555; baseline -0.006 -12"><span class='ocrx_word' id='word_1_727' title='bbox 223 5489 484 5555; x_wconf 73' lang='lat' dir='ltr'><strong>angelus</strong></span> <span class='ocrx_word' id='word_1_728' title='bbox 541 5479 795 5555; x_wconf 80' lang='lat' dir='ltr'><strong>divinum</strong></span> <span class='ocrx_word' id='word_1_729' title='bbox 851 5477 920 5555; x_wconf 80' lang='lat' dir='ltr'><strong>ad</strong></span> <span class='ocrx_word' id='word_1_730' title='bbox 967 5477 1784 5555; x_wconf 61' lang='lat' dir='ltr'><strong>nosbeneﬁcium&#39;delaturus,</strong></span> <span class='ocrx_word' id='word_1_731' title='bbox 1827 5487 1889 5534; x_wconf 91' lang='lat' dir='ltr'><strong>ut</strong></span> 
     </span>
    </p>
   </div>
   <div class='ocr_carea' id='block_1_95' title="bbox 225 5549 1888 5617">
    <p class='ocr_par' dir='ltr' id='par_1_95' title="bbox 225 5549 1888 5617">
     <span class='ocr_line' id='line_1_97' title="bbox 225 5549 1888 5617; baseline -0.004 -6"><span class='ocrx_word' id='word_1_732' title='bbox 225 5549 338 5612; x_wconf 44' lang='lat' dir='ltr'><strong>hic.</strong></span> <span class='ocrx_word' id='word_1_733' title='bbox 371 5556 647 5613; x_wconf 85' lang='lat' dir='ltr'><strong>habetur</strong></span> <span class='ocrx_word' id='word_1_734' title='bbox 671 5593 688 5617; x_wconf 90' lang='lat'><strong>,</strong></span> <span class='ocrx_word' id='word_1_735' title='bbox 737 5549 1009 5605; x_wconf 87' lang='lat' dir='ltr'><strong>interdum</strong></span> <span class='ocrx_word' id='word_1_736' title='bbox 1046 5549 1264 5606; x_wconf 89' lang='lat' dir='ltr'><strong>diabolo</strong></span> <span class='ocrx_word' id='word_1_737' title='bbox 1317 5550 1600 5606; x_wconf 86' lang='lat' dir='ltr'><strong>resistente</strong></span> <span class='ocrx_word' id='word_1_738' title='bbox 1645 5563 1888 5605; x_wconf 89' lang='lat' dir='ltr'><strong>remore-</strong></span> 
     </span>
    </p>
   </div>
   <div class='ocr_carea' id='block_1_96' title="bbox 225 5620 1888 5697">
    <p class='ocr_par' dir='ltr' id='par_1_96' title="bbox 225 5620 1888 5697">
     <span class='ocr_line' id='line_1_98' title="bbox 225 5620 1888 5697; baseline -0.005 -14"><span class='ocrx_word' id='word_1_739' title='bbox 225 5633 350 5697; x_wconf 84' lang='lat' dir='ltr'><strong>tur,</strong></span> <span class='ocrx_word' id='word_1_740' title='bbox 381 5628 520 5685; x_wconf 81' lang='lat' dir='ltr'><strong>sive</strong></span> <span class='ocrx_word' id='word_1_741' title='bbox 576 5620 909 5697; x_wconf 78' lang='lat' dir='ltr'><strong>retardetur,</strong></span> <span class='ocrx_word' id='word_1_742' title='bbox 955 5637 1082 5676; x_wconf 90' lang='lat' dir='ltr'><strong>cum</strong></span> <span class='ocrx_word' id='word_1_743' title='bbox 1127 5629 1339 5697; x_wconf 82' lang='lat' dir='ltr'><strong>constet</strong></span> <span class='ocrx_word' id='word_1_744' title='bbox 1379 5622 1674 5676; x_wconf 86' lang='lat' dir='ltr'><strong>minimum</strong></span> <span class='ocrx_word' id='word_1_745' title='bbox 1725 5635 1888 5697; x_wconf 83' lang='lat' dir='ltr'><strong>ange-</strong></span> 
     </span>
    </p>
   </div>
   <div class='ocr_carea' id='block_1_97' title="bbox 224 5693 1890 5765">
    <p class='ocr_par' dir='ltr' id='par_1_97' title="bbox 224 5693 1890 5765">
     <span class='ocr_line' id='line_1_99' title="bbox 224 5693 1890 5765; baseline -0.006 -8"><span class='ocrx_word' id='word_1_746' title='bbox 224 5693 354 5756; x_wconf 75' lang='lat' dir='ltr'><strong>lum</strong></span> <span class='ocrx_word' id='word_1_747' title='bbox 393 5699 644 5754; x_wconf 87' lang='lat' dir='ltr'><strong>bonum</strong></span> <span class='ocrx_word' id='word_1_748' title='bbox 672 5693 1177 5765; x_wconf 6' lang='lat' dir='ltr'><strong>potentioremgesse</strong></span> <span class='ocrx_word' id='word_1_749' title='bbox 1206 5694 1371 5748; x_wconf 88' lang='lat' dir='ltr'><strong>etiam</strong></span> <span class='ocrx_word' id='word_1_750' title='bbox 1403 5709 1660 5765; x_wconf 88' lang='lat' dir='ltr'><strong>supremo</strong></span> <span class='ocrx_word' id='word_1_751' title='bbox 1698 5693 1890 5765; x_wconf 78' lang='lat' dir='ltr'><strong>angelo</strong></span> 
     </span>
    </p>
   </div>
   <div class='ocr_carea' id='block_1_98' title="bbox 224 5763 1888 5840">
    <p class='ocr_par' dir='ltr' id='par_1_98' title="bbox 224 5763 1888 5840">
     <span class='ocr_line' id='line_1_100' title="bbox 224 5763 1888 5840; baseline -0.001 -20"><span class='ocrx_word' id='word_1_752' title='bbox 224 5771 419 5834; x_wconf 76' lang='lat' dir='ltr'><strong>malo,</strong></span> <span class='ocrx_word' id='word_1_753' title='bbox 447 5766 630 5840; x_wconf 84' lang='lat' dir='ltr'><strong>qui_a_,</strong></span> <span class='ocrx_word' id='word_1_754' title='bbox 656 5763 714 5818; x_wconf 80' lang='lat' dir='ltr'><strong>ut</strong></span> <span class='ocrx_word' id='word_1_755' title='bbox 735 5765 896 5820; x_wconf 87' lang='lat' dir='ltr'><strong>docet</strong></span> <span class='ocrx_word' id='word_1_756' title='bbox 915 5764 972 5840; x_wconf 86' lang='lat' dir='ltr'><strong>_S.</strong></span> <span class='ocrx_word' id='word_1_757' title='bbox 988 5763 1229 5820; x_wconf 89' lang='lat' dir='ltr'><strong>Thomas</strong></span> <span class='ocrx_word' id='word_1_758' title='bbox 1249 5771 1311 5832; x_wconf 82' lang='lat'><strong>(1</strong></span> <span class='ocrx_word' id='word_1_759' title='bbox 1339 5781 1420 5840; x_wconf 69' lang='lat' dir='ltr'><strong>p.,</strong></span> <span class='ocrx_word' id='word_1_760' title='bbox 1443 5763 1496 5836; x_wconf 63' lang='grc' dir='ltr'><strong>(ι’.</strong></span> <span class='ocrx_word' id='word_1_761' title='bbox 1529 5770 1654 5840; x_wconf 69' lang='grc' dir='ltr'><strong>ως),</strong></span> <span class='ocrx_word' id='word_1_762' title='bbox 1673 5763 1789 5820; x_wconf 82' lang='lat' dir='ltr'><strong>art.</strong></span> <span class='ocrx_word' id='word_1_763' title='bbox 1804 5763 1888 5840; x_wconf 86' lang='lat'><strong>4_),</strong></span> 
     </span>
    </p>
   </div>
   <div class='ocr_carea' id='block_1_99' title="bbox 225 5833 1892 5911">
    <p class='ocr_par' dir='ltr' id='par_1_99' title="bbox 225 5833 1892 5911">
     <span class='ocr_line' id='line_1_101' title="bbox 225 5833 1892 5911; baseline -0.004 -12"><span class='ocrx_word' id='word_1_764' title='bbox 225 5840 294 5899; x_wconf 88' lang='lat' dir='ltr'><strong>in</strong></span> <span class='ocrx_word' id='word_1_765' title='bbox 369 5833 642 5911; x_wconf 67' lang='lat' dir='ltr'><strong>Angelis</strong></span> <span class='ocrx_word' id='word_1_766' title='bbox 681 5833 1060 5908; x_wconf 70' lang='lat' dir='ltr'><strong>praeponderat</strong></span> <span class='ocrx_word' id='word_1_767' title='bbox 1109 5843 1164 5892; x_wconf 87' lang='lat' dir='ltr'><strong>et</strong></span> <span class='ocrx_word' id='word_1_768' title='bbox 1201 5833 1471 5908; x_wconf 59' lang='lat' dir='ltr'><strong>praevaletw</strong></span> <span class='ocrx_word' id='word_1_769' title='bbox 1505 5837 1643 5892; x_wconf 88' lang='lat' dir='ltr'><strong>ordo</strong></span> <span class='ocrx_word' id='word_1_770' title='bbox 1703 5833 1892 5908; x_wconf 64' lang='lat' dir='ltr'><strong>gratia:</strong></span> 
     </span>
    </p>
   </div>
   <div class='ocr_carea' id='block_1_100' title="bbox 1987 3561 3584 3634">
    <p class='ocr_par' dir='ltr' id='par_1_100' title="bbox 1987 3561 3584 3634">
     <span class='ocr_line' id='line_1_102' title="bbox 1987 3561 3584 3634; baseline 0.002 -12"><span class='ocrx_word' id='word_1_771' title='bbox 1987 3563 2160 3621; x_wconf 87' lang='lat' dir='ltr'><strong>ordini</strong></span> <span class='ocrx_word' id='word_1_772' title='bbox 2189 3571 2432 3628; x_wconf 65' lang='lat' dir='ltr'><strong>naturai;</strong></span> <span class='ocrx_word' id='word_1_773' title='bbox 2475 3561 2713 3617; x_wconf 76' lang='lat' dir='ltr'><strong>breviter</strong></span> <span class='ocrx_word' id='word_1_774' title='bbox 2753 3561 2982 3634; x_wconf 85' lang='lat' dir='ltr'><strong>explicat</strong></span> <span class='ocrx_word' id='word_1_775' title='bbox 3007 3565 3283 3634; x_wconf 82' lang='lat' dir='ltr'><strong>Rupertus</strong></span> <span class='ocrx_word' id='word_1_776' title='bbox 3331 3567 3414 3622; x_wconf 88' lang='lat' dir='ltr'><strong>his</strong></span> <span class='ocrx_word' id='word_1_777' title='bbox 3471 3584 3584 3626; x_wconf 90' lang='lat' dir='ltr'><strong>ver-</strong></span> 
     </span>
    </p>
   </div>
   <div class='ocr_carea' id='block_1_101' title="bbox 1985 3633 3583 3706">
    <p class='ocr_par' dir='ltr' id='par_1_101' title="bbox 1985 3633 3583 3706">
     <span class='ocr_line' id='line_1_103' title="bbox 1985 3633 3583 3706; baseline 0.002 -13"><span class='ocrx_word' id='word_1_778' title='bbox 1985 3636 2070 3692; x_wconf 88' lang='lat' dir='ltr'><strong>bis</strong></span> <span class='ocrx_word' id='word_1_779' title='bbox 2097 3635 2242 3702; x_wconf 88' lang='lat' dir='ltr'><strong>(Lib.</strong></span> <span class='ocrx_word' id='word_1_780' title='bbox 2272 3647 2336 3689; x_wconf 78' lang='lat' dir='ltr'><strong>ix</strong></span> <span class='ocrx_word' id='word_1_781' title='bbox 2361 3634 2428 3688; x_wconf 88' lang='lat' dir='ltr'><strong>de</strong></span> <span class='ocrx_word' id='word_1_782' title='bbox 2456 3635 2674 3706; x_wconf 83' lang='lat' dir='ltr'><strong>Victor:</strong></span> <span class='ocrx_word' id='word_1_783' title='bbox 2704 3633 2872 3706; x_wconf 68' lang='lat' dir='ltr'><strong>Verbi</strong></span> <span class='ocrx_word' id='word_1_784' title='bbox 2887 3650 3005 3706; x_wconf 87' lang='lat' dir='ltr'><strong>cap.</strong></span> <span class='ocrx_word' id='word_1_785' title='bbox 3030 3633 3127 3706; x_wconf 28' lang='lat'><strong>6)’:</strong></span> <span class='ocrx_word' id='word_1_786' title='bbox 3156 3637 3304 3693; x_wconf 86' lang='lat' dir='ltr'><strong>Unde</strong></span> <span class='ocrx_word' id='word_1_787' title='bbox 3327 3641 3583 3696; x_wconf 81' lang='lat' dir='ltr'><strong>maloan-</strong></span> 
     </span>
    </p>
   </div>
   <div class='ocr_carea' id='block_1_102' title="bbox 1985 3705 3584 3780">
    <p class='ocr_par' dir='ltr' id='par_1_102' title="bbox 1985 3705 3584 3780">
     <span class='ocr_line' id='line_1_104' title="bbox 1985 3705 3584 3780; baseline 0.003 -17"><span class='ocrx_word' id='word_1_788' title='bbox 1985 3710 2100 3778; x_wconf 87' lang='lat' dir='ltr'><strong>gelo</strong></span> <span class='ocrx_word' id='word_1_789' title='bbox 2137 3711 2316 3780; x_wconf 74' lang='lat' dir='ltr'><strong>virtus</strong></span> <span class='ocrx_word' id='word_1_790' title='bbox 2334 3705 2627 3780; x_wconf 79' lang='lat' dir='ltr'><strong>pugnandi</strong></span> <span class='ocrx_word' id='word_1_791' title='bbox 2643 3705 2900 3780; x_wconf 81' lang='lat' dir='ltr'><strong>adversus</strong></span> <span class='ocrx_word' id='word_1_792' title='bbox 2929 3705 3118 3780; x_wconf 83' lang='lat' dir='ltr'><strong>bonum</strong></span> <span class='ocrx_word' id='word_1_793' title='bbox 3135 3710 3405 3778; x_wconf 49' lang='lat' dir='ltr'><strong>angelum,</strong></span> <span class='ocrx_word' id='word_1_794' title='bbox 3429 3715 3584 3780; x_wconf 84' lang='lat' dir='ltr'><strong>eique</strong></span> 
     </span>
    </p>
   </div>
   <div class='ocr_carea' id='block_1_103' title="bbox 1981 3777 3588 3846">
    <p class='ocr_par' dir='ltr' id='par_1_103' title="bbox 1981 3777 3588 3846">
     <span class='ocr_line' id='line_1_105' title="bbox 1981 3777 3588 3846; baseline 0.001 -11"><span class='ocrx_word' id='word_1_795' title='bbox 1981 3777 2309 3835; x_wconf 80' lang='lat' dir='ltr'><strong>resistendi?</strong></span> <span class='ocrx_word' id='word_1_796' title='bbox 2331 3780 2418 3832; x_wconf 81' lang='lat' dir='ltr'><strong>Ea:</strong></span> <span class='ocrx_word' id='word_1_797' title='bbox 2442 3777 2716 3830; x_wconf 86' lang='lat' dir='ltr'><strong>hominum</strong></span> <span class='ocrx_word' id='word_1_798' title='bbox 2735 3779 2819 3831; x_wconf 81' lang='lat' dir='ltr'><strong>vel</strong></span> <span class='ocrx_word' id='word_1_799' title='bbox 2849 3778 3168 3846; x_wconf 86' lang='lat' dir='ltr'><strong>populorum</strong></span> <span class='ocrx_word' id='word_1_800' title='bbox 3191 3783 3446 3846; x_wconf 84' lang='lat' dir='ltr'><strong>peccatis.</strong></span> <span class='ocrx_word' id='word_1_801' title='bbox 3484 3777 3588 3837; x_wconf 78' lang='lat' dir='ltr'><strong>Ubi</strong></span> 
     </span>
    </p>
   </div>
   <div class='ocr_carea' id='block_1_104' title="bbox 1983 3848 3580 3920">
    <p class='ocr_par' dir='ltr' id='par_1_104' title="bbox 1983 3848 3580 3920">
     <span class='ocr_line' id='line_1_106' title="bbox 1983 3848 3580 3920; baseline -0.001 -14"><span class='ocrx_word' id='word_1_802' title='bbox 1983 3853 2045 3919; x_wconf 76' lang='lat' dir='ltr'><strong>ﬁt</strong></span> <span class='ocrx_word' id='word_1_803' title='bbox 2067 3853 2175 3906; x_wconf 82' lang='lat' dir='ltr'><strong>ista</strong></span> <span class='ocrx_word' id='word_1_804' title='bbox 2194 3864 2385 3920; x_wconf 86' lang='lat' dir='ltr'><strong>pugna</strong></span> <span class='ocrx_word' id='word_1_805' title='bbox 2407 3851 2547 3902; x_wconf 86' lang='lat' dir='ltr'><strong>inter</strong></span> <span class='ocrx_word' id='word_1_806' title='bbox 2575 3848 2731 3920; x_wconf 80' lang='lat' dir='ltr'><strong>bonos</strong></span> <span class='ocrx_word' id='word_1_807' title='bbox 2750 3851 2802 3920; x_wconf 87' lang='lat' dir='ltr'><strong>et</strong></span> <span class='ocrx_word' id='word_1_808' title='bbox 2840 3849 3010 3901; x_wconf 89' lang='lat' dir='ltr'><strong>malos</strong></span> <span class='ocrx_word' id='word_1_809' title='bbox 3039 3849 3290 3916; x_wconf 81' lang='lat' dir='ltr'><strong>angelos?</strong></span> <span class='ocrx_word' id='word_1_810' title='bbox 3311 3853 3374 3903; x_wconf 91' lang='lat' dir='ltr'><strong>In</strong></span> <span class='ocrx_word' id='word_1_811' title='bbox 3394 3865 3580 3920; x_wconf 88' lang='lat' dir='ltr'><strong>campo</strong></span> 
     </span>
    </p>
   </div>
   <div class='ocr_carea' id='block_1_105' title="bbox 1975 3917 3586 3989">
    <p class='ocr_par' dir='ltr' id='par_1_105' title="bbox 1975 3917 3586 3989">
     <span class='ocr_line' id='line_1_107' title="bbox 1975 3917 3586 3989; baseline -0.001 -13"><span class='ocrx_word' id='word_1_812' title='bbox 1975 3917 2229 3989; x_wconf 68' lang='lat' dir='ltr'><strong>justitizé,</strong></span> <span class='ocrx_word' id='word_1_813' title='bbox 2261 3917 2320 3972; x_wconf 87' lang='lat' dir='ltr'><strong>in</strong></span> <span class='ocrx_word' id='word_1_814' title='bbox 2338 3920 2582 3986; x_wconf 85' lang='lat' dir='ltr'><strong>conﬂictu</strong></span> <span class='ocrx_word' id='word_1_815' title='bbox 2589 3917 2809 3988; x_wconf 86' lang='lat' dir='ltr'><strong>judicii,</strong></span> <span class='ocrx_word' id='word_1_816' title='bbox 2833 3920 2946 3987; x_wconf 88' lang='lat' dir='ltr'><strong>ipso</strong></span> <span class='ocrx_word' id='word_1_817' title='bbox 2986 3923 3278 3988; x_wconf 87' lang='lat' dir='ltr'><strong>spectatore</strong></span> <span class='ocrx_word' id='word_1_818' title='bbox 3314 3935 3377 3973; x_wconf 86' lang='lat' dir='ltr'><strong>ac</strong></span> <span class='ocrx_word' id='word_1_819' title='bbox 3396 3917 3586 3988; x_wconf 80' lang='lat' dir='ltr'><strong>judice</strong></span> 
     </span>
    </p>
   </div>
   <div class='ocr_carea' id='block_1_106' title="bbox 1985 3989 3586 4059">
    <p class='ocr_par' dir='ltr' id='par_1_106' title="bbox 1985 3989 3586 4059">
     <span class='ocr_line' id='line_1_108' title="bbox 1985 3989 3586 4059; baseline 0.001 -16"><span class='ocrx_word' id='word_1_820' title='bbox 1985 3993 2106 4044; x_wconf 90' lang='lat' dir='ltr'><strong>Deo.</strong></span> <span class='ocrx_word' id='word_1_821' title='bbox 2130 3992 2235 4046; x_wconf 89' lang='lat' dir='ltr'><strong>Sed</strong></span> <span class='ocrx_word' id='word_1_822' title='bbox 2254 3989 2516 4058; x_wconf 87' lang='lat' dir='ltr'><strong>quomodo</strong></span> <span class='ocrx_word' id='word_1_823' title='bbox 2541 3989 2664 4042; x_wconf 84' lang='lat' dir='ltr'><strong>boni</strong></span> <span class='ocrx_word' id='word_1_824' title='bbox 2686 3993 2738 4042; x_wconf 89' lang='lat' dir='ltr'><strong>et</strong></span> <span class='ocrx_word' id='word_1_825' title='bbox 2771 3990 2908 4043; x_wconf 87' lang='lat' dir='ltr'><strong>mali</strong></span> <span class='ocrx_word' id='word_1_826' title='bbox 2939 3991 3124 4057; x_wconf 85' lang='lat' dir='ltr'><strong>angeli</strong></span> <span class='ocrx_word' id='word_1_827' title='bbox 3156 3995 3410 4059; x_wconf 85' lang='lat' dir='ltr'><strong>pugnant</strong></span> <span class='ocrx_word' id='word_1_828' title='bbox 3443 3993 3586 4044; x_wconf 86' lang='lat' dir='ltr'><strong>inter</strong></span> 
     </span>
    </p>
   </div>
   <div class='ocr_carea' id='block_1_107' title="bbox 1987 4059 3586 4128">
    <p class='ocr_par' dir='ltr' id='par_1_107' title="bbox 1987 4059 3586 4128">
     <span class='ocr_line' id='line_1_109' title="bbox 1987 4059 3586 4128; baseline 0 -14"><span class='ocrx_word' id='word_1_829' title='bbox 1987 4062 2077 4114; x_wconf 82' lang='lat' dir='ltr'><strong>se?</strong></span> <span class='ocrx_word' id='word_1_830' title='bbox 2096 4061 2274 4114; x_wconf 89' lang='lat' dir='ltr'><strong>Malus</strong></span> <span class='ocrx_word' id='word_1_831' title='bbox 2293 4065 2510 4128; x_wconf 88' lang='lat' dir='ltr'><strong>pugnat</strong></span> <span class='ocrx_word' id='word_1_832' title='bbox 2546 4059 2863 4120; x_wconf 86' lang='lat' dir='ltr'><strong>accusando,</strong></span> <span class='ocrx_word' id='word_1_833' title='bbox 2908 4059 3072 4112; x_wconf 88' lang='lat' dir='ltr'><strong>bonus</strong></span> <span class='ocrx_word' id='word_1_834' title='bbox 3115 4061 3464 4126; x_wconf 83' lang='lat' dir='ltr'><strong>defendendo.</strong></span> <span class='ocrx_word' id='word_1_835' title='bbox 3522 4063 3586 4118; x_wconf 89' lang='lat' dir='ltr'><strong>In</strong></span> 
     </span>
    </p>
   </div>
   <div class='ocr_carea' id='block_1_108' title="bbox 1989 4129 3586 4200">
    <p class='ocr_par' dir='ltr' id='par_1_108' title="bbox 1989 4129 3586 4200">
     <span class='ocr_line' id='line_1_110' title="bbox 1989 4129 3586 4200; baseline 0.003 -17"><span class='ocrx_word' id='word_1_836' title='bbox 1989 4134 2252 4198; x_wconf 87' lang='lat' dir='ltr'><strong>quantum</strong></span> <span class='ocrx_word' id='word_1_837' title='bbox 2279 4134 2354 4182; x_wconf 89' lang='lat' dir='ltr'><strong>est</strong></span> <span class='ocrx_word' id='word_1_838' title='bbox 2375 4143 2580 4200; x_wconf 85' lang='lat' dir='ltr'><strong>magna</strong></span> <span class='ocrx_word' id='word_1_839' title='bbox 2607 4133 2659 4200; x_wconf 86' lang='lat' dir='ltr'><strong>et</strong></span> <span class='ocrx_word' id='word_1_840' title='bbox 2684 4143 2812 4200; x_wconf 77' lang='lat' dir='ltr'><strong>uera</strong></span> <span class='ocrx_word' id='word_1_841' title='bbox 2838 4131 3100 4200; x_wconf 78' lang='lat' dir='ltr'><strong>accusatio</strong></span> <span class='ocrx_word' id='word_1_842' title='bbox 3127 4129 3264 4200; x_wconf 84' lang='lat' dir='ltr'><strong>mali</strong></span> <span class='ocrx_word' id='word_1_843' title='bbox 3293 4132 3495 4200; x_wconf 85' lang='lat' dir='ltr'><strong>angeli,</strong></span> <span class='ocrx_word' id='word_1_844' title='bbox 3527 4133 3586 4188; x_wconf 84' lang='lat' dir='ltr'><strong>in</strong></span> 
     </span>
    </p>
   </div>
   <div class='ocr_carea' id='block_1_109' title="bbox 1989 4197 3408 4264">
    <p class='ocr_par' dir='ltr' id='par_1_109' title="bbox 1989 4197 3408 4264">
     <span class='ocr_line' id='line_1_111' title="bbox 1989 4197 3408 4264; baseline 0.001 -10"><span class='ocrx_word' id='word_1_845' title='bbox 1989 4197 2200 4254; x_wconf 77' lang='lat' dir='ltr'><strong>tantum</strong></span> <span class='ocrx_word' id='word_1_846' title='bbox 2227 4201 2308 4252; x_wconf 89' lang='lat' dir='ltr'><strong>est</strong></span> <span class='ocrx_word' id='word_1_847' title='bbox 2329 4198 2490 4252; x_wconf 88' lang='lat' dir='ltr'><strong>tarda</strong></span> <span class='ocrx_word' id='word_1_848' title='bbox 2521 4203 2572 4252; x_wconf 82' lang='lat' dir='ltr'><strong>et</strong></span> <span class='ocrx_word' id='word_1_849' title='bbox 2596 4197 2841 4251; x_wconf 80' lang='lat' dir='ltr'><strong>invalida</strong></span> <span class='ocrx_word' id='word_1_850' title='bbox 2862 4198 3102 4264; x_wconf 83' lang='lat' dir='ltr'><strong>defensio</strong></span> <span class='ocrx_word' id='word_1_851' title='bbox 3129 4199 3271 4262; x_wconf 83' lang='lat' dir='ltr'><strong>boni,</strong></span> <span class='ocrx_word' id='word_1_852' title='bbox 3303 4197 3408 4256; x_wconf 82' lang='lat' dir='ltr'><strong>etc.</strong></span> 
     </span>
    </p>
   </div>
   <div class='ocr_carea' id='block_1_110' title="bbox 2055 4267 3586 4336">
    <p class='ocr_par' dir='ltr' id='par_1_110' title="bbox 2055 4267 3586 4336">
     <span class='ocr_line' id='line_1_112' title="bbox 2055 4267 3586 4336; baseline 0.005 -12"><span class='ocrx_word' id='word_1_853' title='bbox 2055 4271 2084 4306; x_wconf 73' lang='grc' dir='ltr'>δ</span> <span class='ocrx_word' id='word_1_854' title='bbox 2125 4269 2185 4324; x_wconf 89' lang='lat' dir='ltr'><strong>ld</strong></span> <span class='ocrx_word' id='word_1_855' title='bbox 2214 4275 2319 4336; x_wconf 85' lang='lat' dir='ltr'><strong>est,</strong></span> <span class='ocrx_word' id='word_1_856' title='bbox 2369 4269 2668 4322; x_wconf 88' lang='lat' dir='ltr'><strong>secundum</strong></span> <span class='ocrx_word' id='word_1_857' title='bbox 2707 4267 2999 4323; x_wconf 87' lang='lat' dir='ltr'><strong>humanam</strong></span> <span class='ocrx_word' id='word_1_858' title='bbox 3041 4277 3290 4326; x_wconf 86' lang='lat' dir='ltr'><strong>naturam</strong></span> <span class='ocrx_word' id='word_1_859' title='bbox 3333 4288 3364 4326; x_wconf 86' lang='lat' dir='ltr'><strong>a</strong></span> <span class='ocrx_word' id='word_1_860' title='bbox 3406 4289 3465 4330; x_wconf 88' lang='lat' dir='ltr'><strong>se</strong></span> <span class='ocrx_word' id='word_1_861' title='bbox 3501 4288 3586 4332; x_wconf 87' lang='lat' dir='ltr'><strong>as-</strong></span> 
     </span>
    </p>
   </div>
   <div class='ocr_carea' id='block_1_111' title="bbox 1987 4337 3586 4412">
    <p class='ocr_par' dir='ltr' id='par_1_111' title="bbox 1987 4337 3586 4412">
     <span class='ocr_line' id='line_1_113' title="bbox 1987 4337 3586 4412; baseline 0.004 -16"><span class='ocrx_word' id='word_1_862' title='bbox 1987 4349 2285 4412; x_wconf 87' lang='lat' dir='ltr'><strong>sumptam,</strong></span> <span class='ocrx_word' id='word_1_863' title='bbox 2343 4348 2398 4412; x_wconf 83' lang='lat' dir='ltr'><strong>et</strong></span> <span class='ocrx_word' id='word_1_864' title='bbox 2443 4353 2566 4412; x_wconf 86' lang='lat' dir='ltr'><strong>eam</strong></span> <span class='ocrx_word' id='word_1_865' title='bbox 2630 4337 2837 4394; x_wconf 87' lang='lat' dir='ltr'><strong>orando</strong></span> <span class='ocrx_word' id='word_1_866' title='bbox 2901 4352 3316 4411; x_wconf 62' lang='lat' dir='ltr'><strong>repraesentans.</strong></span> <span class='ocrx_word' id='word_1_867' title='bbox 3370 4347 3586 4402; x_wconf 82' lang='lat' dir='ltr'><strong>(.hristo</strong></span> 
     </span>
    </p>
   </div>
   <div class='ocr_carea' id='block_1_112' title="bbox 1988 4409 3590 4478">
    <p class='ocr_par' dir='ltr' id='par_1_112' title="bbox 1988 4409 3590 4478">
     <span class='ocr_line' id='line_1_114' title="bbox 1988 4409 3590 4478; baseline 0.005 -12"><span class='ocrx_word' id='word_1_868' title='bbox 1988 4409 2134 4467; x_wconf 85' lang='lat' dir='ltr'><strong>enim</strong></span> <span class='ocrx_word' id='word_1_869' title='bbox 2156 4419 2215 4466; x_wconf 89' lang='lat' dir='ltr'><strong>ut</strong></span> <span class='ocrx_word' id='word_1_870' title='bbox 2243 4409 2478 4476; x_wconf 89' lang='lat' dir='ltr'><strong>homini,</strong></span> <span class='ocrx_word' id='word_1_871' title='bbox 2510 4425 2618 4464; x_wconf 89' lang='lat' dir='ltr'><strong>non</strong></span> <span class='ocrx_word' id='word_1_872' title='bbox 2642 4418 2703 4464; x_wconf 89' lang='lat' dir='ltr'><strong>ut</strong></span> <span class='ocrx_word' id='word_1_873' title='bbox 2726 4413 2862 4476; x_wconf 90' lang='lat' dir='ltr'><strong>Deo,</strong></span> <span class='ocrx_word' id='word_1_874' title='bbox 2895 4409 3050 4466; x_wconf 78' lang='lat' dir='ltr'><strong>orare</strong></span> <span class='ocrx_word' id='word_1_875' title='bbox 3066 4415 3338 4478; x_wconf 83' lang='lat' dir='ltr'><strong>convenit,</strong></span> <span class='ocrx_word' id='word_1_876' title='bbox 3364 4432 3490 4472; x_wconf 89' lang='lat' dir='ltr'><strong>cum</strong></span> <span class='ocrx_word' id='word_1_877' title='bbox 3517 4415 3590 4474; x_wconf 88' lang='lat' dir='ltr'><strong>sit</strong></span> 
     </span>
    </p>
   </div>
   <div class='ocr_carea' id='block_1_113' title="bbox 1988 4481 3586 4557">
    <p class='ocr_par' dir='ltr' id='par_1_113' title="bbox 1988 4481 3586 4557">
     <span class='ocr_line' id='line_1_115' title="bbox 1988 4481 3586 4557; baseline 0.005 -19"><span class='ocrx_word' id='word_1_878' title='bbox 1988 4483 2134 4539; x_wconf 89' lang='lat' dir='ltr'><strong>Patri</strong></span> <span class='ocrx_word' id='word_1_879' title='bbox 2167 4482 2388 4557; x_wconf 66' lang='lat' dir='ltr'><strong>aequalis</strong></span> <span class='ocrx_word' id='word_1_880' title='bbox 2429 4481 2729 4557; x_wconf 82' lang='lat' dir='ltr'><strong>secundum</strong></span> <span class='ocrx_word' id='word_1_881' title='bbox 2767 4481 3127 4557; x_wconf 75' lang='lat' dir='ltr'><strong>divinitatem.</strong></span> <span class='ocrx_word' id='word_1_882' title='bbox 3177 4487 3364 4557; x_wconf 85' lang='lat' dir='ltr'><strong>Neque</strong></span> <span class='ocrx_word' id='word_1_883' title='bbox 3401 4490 3478 4544; x_wconf 91' lang='lat' dir='ltr'><strong>sic</strong></span> <span class='ocrx_word' id='word_1_884' title='bbox 3519 4504 3586 4546; x_wconf 81' lang='lat' dir='ltr'><strong>ex</strong></span> 
     </span>
    </p>
   </div>
   <div class='ocr_carea' id='block_1_114' title="bbox 1990 4552 3586 4630">
    <p class='ocr_par' dir='ltr' id='par_1_114' title="bbox 1990 4552 3586 4630">
     <span class='ocr_line' id='line_1_116' title="bbox 1990 4552 3586 4630; baseline 0.004 -21"><span class='ocrx_word' id='word_1_885' title='bbox 1990 4552 2480 4630; x_wconf 73' lang='lat' dir='ltr'><strong>personahominis</strong></span> <span class='ocrx_word' id='word_1_886' title='bbox 2529 4552 3294 4630; x_wconf 49' lang='lat' dir='ltr'><strong>assumpti_orassediciturf</strong></span> <span class='ocrx_word' id='word_1_887' title='bbox 3319 4560 3473 4630; x_wconf 86' lang='lat' dir='ltr'><strong>quasi</strong></span> <span class='ocrx_word' id='word_1_888' title='bbox 3529 4560 3586 4616; x_wconf 90' lang='lat' dir='ltr'><strong>in</strong></span> 
     </span>
    </p>
   </div>
   <div class='ocr_carea' id='block_1_115' title="bbox 1985 4625 3584 4696">
    <p class='ocr_par' dir='ltr' id='par_1_115' title="bbox 1985 4625 3584 4696">
     <span class='ocr_line' id='line_1_117' title="bbox 1985 4625 3584 4696; baseline 0 -14"><span class='ocrx_word' id='word_1_889' title='bbox 1985 4626 2202 4682; x_wconf 87' lang='lat' dir='ltr'><strong>Christo</strong></span> <span class='ocrx_word' id='word_1_890' title='bbox 2229 4625 2330 4680; x_wconf 90' lang='lat' dir='ltr'><strong>alia</strong></span> <span class='ocrx_word' id='word_1_891' title='bbox 2358 4626 2426 4681; x_wconf 89' lang='lat' dir='ltr'><strong>sit</strong></span> <span class='ocrx_word' id='word_1_892' title='bbox 2448 4640 2674 4696; x_wconf 87' lang='lat' dir='ltr'><strong>persona</strong></span> <span class='ocrx_word' id='word_1_893' title='bbox 2704 4625 2890 4696; x_wconf 81' lang='lat' dir='ltr'><strong>Verbi,</strong></span> <span class='ocrx_word' id='word_1_894' title='bbox 2912 4625 3011 4680; x_wconf 90' lang='lat' dir='ltr'><strong>alia</strong></span> <span class='ocrx_word' id='word_1_895' title='bbox 3037 4627 3270 4682; x_wconf 88' lang='lat' dir='ltr'><strong>hominis</strong></span> <span class='ocrx_word' id='word_1_896' title='bbox 3297 4625 3584 4696; x_wconf 78' lang='lat' dir='ltr'><strong>assumpti,</strong></span> 
     </span>
    </p>
   </div>
   <div class='ocr_carea' id='block_1_116' title="bbox 1986 4695 3588 4768">
    <p class='ocr_par' dir='ltr' id='par_1_116' title="bbox 1986 4695 3588 4768">
     <span class='ocr_line' id='line_1_118' title="bbox 1986 4695 3588 4768; baseline 0 -15"><span class='ocrx_word' id='word_1_897' title='bbox 1986 4705 2048 4753; x_wconf 88' lang='lat' dir='ltr'><strong>ut</strong></span> <span class='ocrx_word' id='word_1_898' title='bbox 2067 4697 2251 4754; x_wconf 89' lang='lat' dir='ltr'><strong>docuit</strong></span> <span class='ocrx_word' id='word_1_899' title='bbox 2275 4695 2479 4768; x_wconf 84' lang='lat' dir='ltr'><strong>impius</strong></span> <span class='ocrx_word' id='word_1_900' title='bbox 2507 4695 2864 4768; x_wconf 63' lang='lat' dir='ltr'><strong>hmresiarcha</strong></span> <span class='ocrx_word' id='word_1_901' title='bbox 2906 4699 3218 4768; x_wconf 81' lang='lat' dir='ltr'><strong>Nestorius;</strong></span> <span class='ocrx_word' id='word_1_902' title='bbox 3240 4699 3351 4768; x_wconf 76' lang='lat' dir='ltr'><strong>sed</strong></span> <span class='ocrx_word' id='word_1_903' title='bbox 3389 4695 3588 4768; x_wconf 73' lang='lat' dir='ltr'><strong>dicitur</strong></span> 
     </span>
    </p>
   </div>
   <div class='ocr_carea' id='block_1_117' title="bbox 1985 4765 3589 4836">
    <p class='ocr_par' dir='ltr' id='par_1_117' title="bbox 1985 4765 3589 4836">
     <span class='ocr_line' id='line_1_119' title="bbox 1985 4765 3589 4836; baseline -0.001 -12"><span class='ocrx_word' id='word_1_904' title='bbox 1985 4784 2148 4824; x_wconf 87' lang='lat' dir='ltr'><strong>orans</strong></span> <span class='ocrx_word' id='word_1_905' title='bbox 2189 4783 2256 4824; x_wconf 85' lang='lat' dir='ltr'><strong>ex</strong></span> <span class='ocrx_word' id='word_1_906' title='bbox 2299 4765 2526 4836; x_wconf 76' lang='lat' dir='ltr'><strong>persona</strong></span> <span class='ocrx_word' id='word_1_907' title='bbox 2573 4767 2809 4821; x_wconf 89' lang='lat' dir='ltr'><strong>hominis</strong></span> <span class='ocrx_word' id='word_1_908' title='bbox 2853 4767 3134 4836; x_wconf 82' lang='lat' dir='ltr'><strong>assumpti,</strong></span> <span class='ocrx_word' id='word_1_909' title='bbox 3201 4765 3272 4818; x_wconf 91' lang='lat' dir='ltr'><strong>ob</strong></span> <span class='ocrx_word' id='word_1_910' title='bbox 3323 4767 3589 4836; x_wconf 83' lang='lat' dir='ltr'><strong>rationem</strong></span> 
     </span>
    </p>
   </div>
   <div class='ocr_carea' id='block_1_118' title="bbox 1988 4834 3588 4906">
    <p class='ocr_par' dir='ltr' id='par_1_118' title="bbox 1988 4834 3588 4906">
     <span class='ocr_line' id='line_1_120' title="bbox 1988 4834 3588 4906; baseline -0.001 -12"><span class='ocrx_word' id='word_1_911' title='bbox 1988 4839 2157 4894; x_wconf 90' lang='lat' dir='ltr'><strong>modo</strong></span> <span class='ocrx_word' id='word_1_912' title='bbox 2181 4834 2402 4899; x_wconf 77' lang='lat' dir='ltr'><strong>dictam,</strong></span> <span class='ocrx_word' id='word_1_913' title='bbox 2433 4838 2559 4906; x_wconf 86' lang='lat' dir='ltr'><strong>quia</strong></span> <span class='ocrx_word' id='word_1_914' title='bbox 2583 4852 2692 4891; x_wconf 90' lang='lat' dir='ltr'><strong>non</strong></span> <span class='ocrx_word' id='word_1_915' title='bbox 2717 4844 2778 4889; x_wconf 88' lang='lat' dir='ltr'><strong>ut</strong></span> <span class='ocrx_word' id='word_1_916' title='bbox 2805 4839 2974 4906; x_wconf 81' lang='lat' dir='ltr'><strong>Deus,</strong></span> <span class='ocrx_word' id='word_1_917' title='bbox 2999 4834 3095 4906; x_wconf 82' lang='lat' dir='ltr'><strong>sed</strong></span> <span class='ocrx_word' id='word_1_918' title='bbox 3127 4843 3393 4906; x_wconf 81' lang='lat' dir='ltr'><strong>quatenus</strong></span> <span class='ocrx_word' id='word_1_919' title='bbox 3421 4835 3588 4894; x_wconf 75' lang='lat' dir='ltr'><strong>homo</strong></span> 
     </span>
    </p>
   </div>
   <div class='ocr_carea' id='block_1_119' title="bbox 1992 4902 3586 4976">
    <p class='ocr_par' dir='ltr' id='par_1_119' title="bbox 1992 4902 3586 4976">
     <span class='ocr_line' id='line_1_121' title="bbox 1992 4902 3586 4976; baseline 0.001 -13"><span class='ocrx_word' id='word_1_920' title='bbox 1992 4908 2204 4974; x_wconf 85' lang='lat' dir='ltr'><strong>orabat,</strong></span> <span class='ocrx_word' id='word_1_921' title='bbox 2231 4915 2286 4960; x_wconf 89' lang='lat' dir='ltr'><strong>et</strong></span> <span class='ocrx_word' id='word_1_922' title='bbox 2311 4902 2635 4965; x_wconf 52' lang='lat' dir='ltr'><strong>nunc‘orat;</strong></span> <span class='ocrx_word' id='word_1_923' title='bbox 2669 4902 3156 4976; x_wconf 79' lang='lat' dir='ltr'><strong>quemadmodum</strong></span> <span class='ocrx_word' id='word_1_924' title='bbox 3175 4905 3252 4960; x_wconf 87' lang='lat' dir='ltr'><strong>ait</strong></span> <span class='ocrx_word' id='word_1_925' title='bbox 3294 4909 3586 4976; x_wconf 86' lang='lat' dir='ltr'><strong>Apostolus</strong></span> 
     </span>
    </p>
   </div>
   <div class='ocr_carea' id='block_1_120' title="bbox 1989 4975 3586 5048">
    <p class='ocr_par' dir='ltr' id='par_1_120' title="bbox 1989 4975 3586 5048">
     <span class='ocr_line' id='line_1_122' title="bbox 1989 4975 3586 5048; baseline 0.001 -14"><span class='ocrx_word' id='word_1_926' title='bbox 1989 4979 2058 5034; x_wconf 90' lang='lat' dir='ltr'><strong>ad</strong></span> <span class='ocrx_word' id='word_1_927' title='bbox 2088 4979 2356 5048; x_wconf 66' lang='lat' dir='ltr'><strong>Hebraeos</strong></span> <span class='ocrx_word' id='word_1_928' title='bbox 2384 4991 2478 5048; x_wconf 79' lang='lat' dir='ltr'><strong>vn</strong></span> <span class='ocrx_word' id='word_1_929' title='bbox 2509 4995 2522 5029; x_wconf 69' lang='grc' dir='ltr'><strong><em>ι</em></strong></span> <span class='ocrx_word' id='word_1_930' title='bbox 2555 4977 2774 5048; x_wconf 80' lang='lat' dir='ltr'><strong>Semper</strong></span> <span class='ocrx_word' id='word_1_931' title='bbox 2813 4975 2993 5029; x_wconf 77' lang='lat' dir='ltr'><strong>vivens</strong></span> <span class='ocrx_word' id='word_1_932' title='bbox 3027 4976 3101 5030; x_wconf 89' lang='lat' dir='ltr'><strong>ad</strong></span> <span class='ocrx_word' id='word_1_933' title='bbox 3131 4975 3586 5048; x_wconf 82' lang='lat' dir='ltr'><strong>interpellandum</strong></span> 
     </span>
    </p>
   </div>
   <div class='ocr_carea' id='block_1_121' title="bbox 1982 5045 3585 5121">
    <p class='ocr_par' dir='ltr' id='par_1_121' title="bbox 1982 5045 3585 5121">
     <span class='ocr_line' id='line_1_123' title="bbox 1982 5045 3585 5121; baseline 0.002 -17"><span class='ocrx_word' id='word_1_934' title='bbox 1982 5065 2088 5121; x_wconf 87' lang='lat' dir='ltr'><strong>pro</strong></span> <span class='ocrx_word' id='word_1_935' title='bbox 2111 5047 2280 5121; x_wconf 81' lang='lat' dir='ltr'><strong>nobis.</strong></span> <span class='ocrx_word' id='word_1_936' title='bbox 2314 5045 2330 5117; x_wconf 96' lang='lat'><strong>(</strong></span> <span class='ocrx_word' id='word_1_937' title='bbox 2354 5047 2492 5121; x_wconf 59' lang='lat' dir='ltr'><strong>Vide</strong></span> <span class='ocrx_word' id='word_1_938' title='bbox 2519 5047 2557 5101; x_wconf 94' lang='lat' dir='ltr'><strong>S</strong></span> <span class='ocrx_word' id='word_1_939' title='bbox 2579 5046 2736 5121; x_wconf 65' lang='grc' dir='ltr'><strong>⁸Τζιο.</strong></span> <span class='ocrx_word' id='word_1_940' title='bbox 2765 5049 2886 5121; x_wconf 55' lang='grc' dir='ltr'><strong>2τ2,</strong></span> <span class='ocrx_word' id='word_1_941' title='bbox 2911 5063 2966 5115; x_wconf 89' lang='lat' dir='ltr'><strong>q.</strong></span> <span class='ocrx_word' id='word_1_942' title='bbox 2997 5052 3087 5109; x_wconf 76' lang='lat'><strong>83,</strong></span> <span class='ocrx_word' id='word_1_943' title='bbox 3110 5055 3214 5121; x_wconf 82' lang='lat' dir='ltr'><strong>art.</strong></span> <span class='ocrx_word' id='word_1_944' title='bbox 3259 5045 3344 5118; x_wconf 75' lang='lat' dir='ltr'><strong>to,</strong></span> <span class='ocrx_word' id='word_1_945' title='bbox 3369 5057 3418 5106; x_wconf 91' lang='lat' dir='ltr'><strong>et</strong></span> <span class='ocrx_word' id='word_1_946' title='bbox 3453 5055 3585 5108; x_wconf 91' lang='lat' dir='ltr'><strong>Leo-</strong></span> 
     </span>
    </p>
   </div>
   <div class='ocr_carea' id='block_1_122' title="bbox 1988 5116 3164 5190">
    <p class='ocr_par' dir='ltr' id='par_1_122' title="bbox 1988 5116 3164 5190">
     <span class='ocr_line' id='line_1_124' title="bbox 1988 5116 3164 5190; baseline -0.003 -15"><span class='ocrx_word' id='word_1_947' title='bbox 1988 5116 2152 5175; x_wconf 78' lang='lat' dir='ltr'><strong>nard.</strong></span> <span class='ocrx_word' id='word_1_948' title='bbox 2170 5121 2326 5190; x_wconf 13' lang='lat' dir='ltr'><strong>,Less.</strong></span> <span class='ocrx_word' id='word_1_949' title='bbox 2354 5118 2446 5171; x_wconf 84' lang='lat' dir='ltr'><strong>lib.</strong></span> <span class='ocrx_word' id='word_1_950' title='bbox 2473 5131 2528 5190; x_wconf 16' lang='lat' dir='ltr'><strong>Au</strong></span> <span class='ocrx_word' id='word_1_951' title='bbox 2556 5116 2624 5170; x_wconf 85' lang='lat' dir='ltr'><strong>de</strong></span> <span class='ocrx_word' id='word_1_952' title='bbox 2639 5119 3011 5190; x_wconf 78' lang='lat' dir='ltr'><strong>Justthia,cap.</strong></span> <span class='ocrx_word' id='word_1_953' title='bbox 3037 5125 3122 5174; x_wconf 87' lang='lat'><strong>37.</strong></span> <span class='ocrx_word' id='word_1_954' title='bbox 3147 5118 3164 5190; x_wconf 94' lang='lat'>)</span> 
     </span>
    </p>
   </div>
   <div class='ocr_carea' id='block_1_123' title="bbox 2063 5187 3588 5262">
    <p class='ocr_par' dir='ltr' id='par_1_123' title="bbox 2063 5187 3588 5262">
     <span class='ocr_line' id='line_1_125' title="bbox 2063 5187 3588 5262; baseline 0.003 -17"><span class='ocrx_word' id='word_1_955' title='bbox 2063 5200 2087 5262; x_wconf 58' lang='grc' dir='ltr'><strong>εξ</strong></span> <span class='ocrx_word' id='word_1_956' title='bbox 2123 5189 2214 5262; x_wconf 89' lang='lat' dir='ltr'><strong>Sic</strong></span> <span class='ocrx_word' id='word_1_957' title='bbox 2242 5190 2280 5243; x_wconf 91' lang='lat' dir='ltr'><strong>S</strong></span> <span class='ocrx_word' id='word_1_958' title='bbox 2332 5188 2542 5262; x_wconf 71' lang='lat' dir='ltr'><strong>Agatho</strong></span> <span class='ocrx_word' id='word_1_959' title='bbox 2567 5187 2810 5257; x_wconf 79' lang='lat' dir='ltr'><strong>pontifex</strong></span> <span class='ocrx_word' id='word_1_960' title='bbox 2837 5188 2893 5262; x_wconf 84' lang='lat' dir='ltr'><strong>in</strong></span> <span class='ocrx_word' id='word_1_961' title='bbox 2919 5187 2976 5243; x_wconf 72' lang='lat' dir='ltr'><strong>vi</strong></span> <span class='ocrx_word' id='word_1_962' title='bbox 2999 5187 3210 5262; x_wconf 86' lang='lat' dir='ltr'><strong>synodo</strong></span> <span class='ocrx_word' id='word_1_963' title='bbox 3256 5191 3588 5251; x_wconf 76' lang='lat' dir='ltr'><strong>metimenica</strong></span> 
     </span>
    </p>
   </div>
   <div class='ocr_carea' id='block_1_124' title="bbox 1991 5261 3587 5321">
    <p class='ocr_par' dir='ltr' id='par_1_124' title="bbox 1991 5261 3587 5321">
     <span class='ocr_line' id='line_1_126' title="bbox 1991 5261 3587 5321; baseline 0.003 -3"><span class='ocrx_word' id='word_1_964' title='bbox 1991 5261 2233 5318; x_wconf 82' lang='lat' dir='ltr'><strong>deﬁnivit</strong></span> <span class='ocrx_word' id='word_1_965' title='bbox 2260 5279 2273 5316; x_wconf 87' lang='lat'><strong>:</strong></span> <span class='ocrx_word' id='word_1_966' title='bbox 2300 5261 2660 5316; x_wconf 66' lang='lat' dir='ltr'><strong>Praedicamus</strong></span> <span class='ocrx_word' id='word_1_967' title='bbox 2717 5262 2774 5314; x_wconf 87' lang='lat' dir='ltr'><strong>in</strong></span> <span class='ocrx_word' id='word_1_968' title='bbox 2820 5261 3037 5316; x_wconf 82' lang='lat' dir='ltr'><strong>Christo</strong></span> <span class='ocrx_word' id='word_1_969' title='bbox 3092 5262 3229 5318; x_wconf 85' lang='lat' dir='ltr'><strong>duas</strong></span> <span class='ocrx_word' id='word_1_970' title='bbox 3285 5265 3587 5321; x_wconf 72' lang='lat' dir='ltr'><strong>uolunta/es</strong></span> 
     </span>
    </p>
   </div>
   <div class='ocr_carea' id='block_1_125' title="bbox 1996 5333 3589 5406">
    <p class='ocr_par' dir='ltr' id='par_1_125' title="bbox 1996 5333 3589 5406">
     <span class='ocr_line' id='line_1_127' title="bbox 1996 5333 3589 5406; baseline 0.003 -18"><span class='ocrx_word' id='word_1_971' title='bbox 1996 5333 2271 5406; x_wconf 74' lang='lat' dir='ltr'><strong>(diuinam</strong></span> <span class='ocrx_word' id='word_1_972' title='bbox 2283 5334 2476 5388; x_wconf 83' lang='lat' dir='ltr'><strong>scilicet</strong></span> <span class='ocrx_word' id='word_1_973' title='bbox 2495 5338 2546 5388; x_wconf 89' lang='lat' dir='ltr'><strong>et</strong></span> <span class='ocrx_word' id='word_1_974' title='bbox 2572 5333 2891 5406; x_wconf 81' lang='lat' dir='ltr'><strong>humanam)</strong></span> <span class='ocrx_word' id='word_1_975' title='bbox 2929 5348 3036 5406; x_wconf 82' lang='lat' dir='ltr'><strong>non</strong></span> <span class='ocrx_word' id='word_1_976' title='bbox 3063 5338 3384 5402; x_wconf 85' lang='lat' dir='ltr'><strong>contrarias,</strong></span> <span class='ocrx_word' id='word_1_977' title='bbox 3416 5337 3589 5405; x_wconf 71' lang='lat' dir='ltr'><strong>jua-ta</strong></span> 
     </span>
    </p>
   </div>
   <div class='ocr_carea' id='block_1_126' title="bbox 1993 5404 3588 5476">
    <p class='ocr_par' dir='ltr' id='par_1_126' title="bbox 1993 5404 3588 5476">
     <span class='ocr_line' id='line_1_128' title="bbox 1993 5404 3588 5476; baseline 0.001 -15"><span class='ocrx_word' id='word_1_978' title='bbox 1993 5404 2134 5476; x_wconf 85' lang='lat' dir='ltr'><strong>quod</strong></span> <span class='ocrx_word' id='word_1_979' title='bbox 2161 5407 2322 5475; x_wconf 83' lang='lat' dir='ltr'><strong>impii</strong></span> <span class='ocrx_word' id='word_1_980' title='bbox 2343 5410 2592 5459; x_wconf 85' lang='lat' dir='ltr'><strong>asse-runt</strong></span> <span class='ocrx_word' id='word_1_981' title='bbox 2619 5405 2872 5465; x_wconf 78' lang='lat' dir='ltr'><strong>hceretici,</strong></span> <span class='ocrx_word' id='word_1_982' title='bbox 2900 5404 2995 5476; x_wconf 2' lang='lat' dir='ltr'><strong>sed,</strong></span> <span class='ocrx_word' id='word_1_983' title='bbox 3019 5412 3314 5474; x_wconf 84' lang='lat' dir='ltr'><strong>sequentem</strong></span> <span class='ocrx_word' id='word_1_984' title='bbox 3336 5404 3448 5476; x_wconf 82' lang='lat' dir='ltr'><strong>ejus</strong></span> <span class='ocrx_word' id='word_1_985' title='bbox 3489 5409 3588 5463; x_wconf 89' lang='lat' dir='ltr'><strong>hu-</strong></span> 
     </span>
    </p>
   </div>
   <div class='ocr_carea' id='block_1_127' title="bbox 1992 5475 3592 5547">
    <p class='ocr_par' dir='ltr' id='par_1_127' title="bbox 1992 5475 3592 5547">
     <span class='ocr_line' id='line_1_129' title="bbox 1992 5475 3592 5547; baseline 0.002 -15"><span class='ocrx_word' id='word_1_986' title='bbox 1992 5493 2210 5532; x_wconf 86' lang='lat' dir='ltr'><strong>manam</strong></span> <span class='ocrx_word' id='word_1_987' title='bbox 2248 5478 2594 5538; x_wconf 82' lang='lat' dir='ltr'><strong>voluntatem,</strong></span> <span class='ocrx_word' id='word_1_988' title='bbox 2647 5479 2696 5530; x_wconf 90' lang='lat' dir='ltr'><strong>et</strong></span> <span class='ocrx_word' id='word_1_989' title='bbox 2746 5489 2850 5528; x_wconf 90' lang='lat' dir='ltr'><strong>non</strong></span> <span class='ocrx_word' id='word_1_990' title='bbox 2886 5475 3236 5538; x_wconf 86' lang='lat' dir='ltr'><strong>resistentem,</strong></span> <span class='ocrx_word' id='word_1_991' title='bbox 3284 5475 3377 5532; x_wconf 86' lang='lat' dir='ltr'><strong>sed</strong></span> <span class='ocrx_word' id='word_1_992' title='bbox 3413 5481 3592 5547; x_wconf 85' lang='lat' dir='ltr'><strong>potius</strong></span> 
     </span>
    </p>
   </div>
   <div class='ocr_carea' id='block_1_128' title="bbox 1995 5547 3587 5628">
    <p class='ocr_par' dir='ltr' id='par_1_128' title="bbox 1995 5547 3587 5628">
     <span class='ocr_line' id='line_1_130' title="bbox 1995 5547 3587 5628; baseline 0.003 -26"><span class='ocrx_word' id='word_1_993' title='bbox 1995 5549 2286 5628; x_wconf 67' lang='lat' dir='ltr'><strong>subjectum</strong></span> <span class='ocrx_word' id='word_1_994' title='bbox 2331 5549 2529 5628; x_wconf 67' lang='lat' dir='ltr'><strong>divina</strong></span> <span class='ocrx_word' id='word_1_995' title='bbox 2547 5547 2680 5628; x_wconf 37' lang='lat' dir='ltr'><strong>.ejus</strong></span> <span class='ocrx_word' id='word_1_996' title='bbox 2718 5549 2883 5628; x_wconf 72' lang='lat' dir='ltr'><strong>atque</strong></span> <span class='ocrx_word' id='word_1_997' title='bbox 2901 5623 2912 5628; x_wconf 82' lang='lat'><em>_</em></span> <span class='ocrx_word' id='word_1_998' title='bbox 2927 5549 3276 5628; x_wconf 71' lang='lat' dir='ltr'><strong>omnipotenti</strong></span> <span class='ocrx_word' id='word_1_999' title='bbox 3303 5548 3587 5628; x_wconf 74' lang='lat' dir='ltr'><strong>voluntati.</strong></span> 
     </span>
    </p>
   </div>
   <div class='ocr_carea' id='block_1_129' title="bbox 1996 5618 3597 5691">
    <p class='ocr_par' dir='ltr' id='par_1_129' title="bbox 1996 5618 3597 5691">
     <span class='ocr_line' id='line_1_131' title="bbox 1996 5618 3597 5691; baseline 0.002 -15"><span class='ocrx_word' id='word_1_1000' title='bbox 1996 5622 2082 5678; x_wconf 81' lang='lat' dir='ltr'><strong>Sic</strong></span> <span class='ocrx_word' id='word_1_1001' title='bbox 2111 5619 2207 5674; x_wconf 88' lang='lat' dir='ltr'><strong>ibi.</strong></span> <span class='ocrx_word' id='word_1_1002' title='bbox 2242 5619 2515 5691; x_wconf 62' lang='lat' dir='ltr'><strong>Porrtide</strong></span> <span class='ocrx_word' id='word_1_1003' title='bbox 2547 5620 2646 5672; x_wconf 86' lang='lat' dir='ltr'><strong>hac</strong></span> <span class='ocrx_word' id='word_1_1004' title='bbox 2676 5618 3018 5691; x_wconf 78' lang='lat' dir='ltr'><strong>voluntatum</strong></span> <span class='ocrx_word' id='word_1_1005' title='bbox 3064 5618 3114 5691; x_wconf 86' lang='lat' dir='ltr'><strong>in</strong></span> <span class='ocrx_word' id='word_1_1006' title='bbox 3141 5620 3356 5674; x_wconf 84' lang='lat' dir='ltr'><strong>Christo</strong></span> <span class='ocrx_word' id='word_1_1007' title='bbox 3395 5622 3597 5691; x_wconf 82' lang='lat' dir='ltr'><strong>plenis-</strong></span> 
     </span>
    </p>
   </div>
   <div class='ocr_carea' id='block_1_130' title="bbox 1993 5688 3596 5763">
    <p class='ocr_par' dir='ltr' id='par_1_130' title="bbox 1993 5688 3596 5763">
     <span class='ocr_line' id='line_1_132' title="bbox 1993 5688 3596 5763; baseline -0.001 -16"><span class='ocrx_word' id='word_1_1008' title='bbox 1993 5692 2135 5748; x_wconf 87' lang='lat' dir='ltr'><strong>sima</strong></span> <span class='ocrx_word' id='word_1_1009' title='bbox 2178 5690 2490 5763; x_wconf 83' lang='lat' dir='ltr'><strong>concordia_</strong></span> <span class='ocrx_word' id='word_1_1010' title='bbox 2525 5688 2843 5763; x_wconf 78' lang='lat' dir='ltr'><strong>consulendi</strong></span> <span class='ocrx_word' id='word_1_1011' title='bbox 2903 5698 3030 5744; x_wconf 88' lang='lat' dir='ltr'><strong>sunt</strong></span> <span class='ocrx_word' id='word_1_1012' title='bbox 3076 5688 3411 5763; x_wconf 71' lang='lat' dir='ltr'><strong>interpretes</strong></span> <span class='ocrx_word' id='word_1_1013' title='bbox 3455 5693 3596 5746; x_wconf 88' lang='lat' dir='ltr'><strong>illius</strong></span> 
     </span>
    </p>
   </div>
   <div class='ocr_carea' id='block_1_131' title="bbox 1998 5761 3596 5833">
    <p class='ocr_par' dir='ltr' id='par_1_131' title="bbox 1998 5761 3596 5833">
     <span class='ocr_line' id='line_1_133' title="bbox 1998 5761 3596 5833; baseline -0.002 -14"><span class='ocrx_word' id='word_1_1014' title='bbox 1998 5763 2302 5825; x_wconf 76' lang='lat' dir='ltr'><strong>sententiae,</strong></span> <span class='ocrx_word' id='word_1_1015' title='bbox 2335 5777 2458 5833; x_wconf 62' lang='lat' dir='ltr'><strong>qua</strong></span> <span class='ocrx_word' id='word_1_1016' title='bbox 2479 5761 2570 5816; x_wconf 87' lang='lat' dir='ltr'><strong>hic</strong></span> <span class='ocrx_word' id='word_1_1017' title='bbox 2597 5761 2796 5816; x_wconf 87' lang='lat' dir='ltr'><strong>citatur</strong></span> <span class='ocrx_word' id='word_1_1018' title='bbox 2837 5761 3229 5833; x_wconf 17' lang='lat' dir='ltr'><strong>exultlatthaeo,‘</strong></span> <span class='ocrx_word' id='word_1_1019' title='bbox 3249 5773 3302 5818; x_wconf 89' lang='lat' dir='ltr'><strong>et</strong></span> <span class='ocrx_word' id='word_1_1020' title='bbox 3347 5763 3596 5818; x_wconf 86' lang='lat' dir='ltr'><strong>doctores</strong></span> 
     </span>
    </p>
   </div>
   <div class='ocr_carea' id='block_1_132' title="bbox 1999 5831 3362 5906">
    <p class='ocr_par' dir='ltr' id='par_1_132' title="bbox 1999 5831 3362 5906">
     <span class='ocr_line' id='line_1_134' title="bbox 1999 5831 3362 5906; baseline -0.004 -16"><span class='ocrx_word' id='word_1_1021' title='bbox 1999 5851 2162 5906; x_wconf 86' lang='lat' dir='ltr'><strong>super</strong></span> <span class='ocrx_word' id='word_1_1022' title='bbox 2189 5831 2510 5906; x_wconf 71' lang='lat' dir='ltr'><strong>Magistrum</strong></span> <span class='ocrx_word' id='word_1_1023' title='bbox 2538 5833 2608 5890; x_wconf 89' lang='lat' dir='ltr'><strong>ad</strong></span> <span class='ocrx_word' id='word_1_1024' title='bbox 2626 5833 2756 5890; x_wconf 85' lang='lat' dir='ltr'><strong>dist.</strong></span> <span class='ocrx_word' id='word_1_1025' title='bbox 2789 5839 2849 5889; x_wconf 85' lang='lat' dir='ltr'><strong>l7</strong></span> <span class='ocrx_word' id='word_1_1026' title='bbox 2887 5831 2980 5890; x_wconf 86' lang='lat' dir='ltr'><strong>lib.</strong></span> <span class='ocrx_word' id='word_1_1027' title='bbox 3015 5848 3090 5890; x_wconf 79' lang='lat' dir='ltr'><strong>tu</strong></span> <span class='ocrx_word' id='word_1_1028' title='bbox 3116 5836 3362 5890; x_wconf 89' lang='lat' dir='ltr'><strong>Sentent.</strong></span> 
     </span>
    </p>
   </div>
   <div class='ocr_carea' id='block_1_133' title="bbox 1911 4876 1963 4938">
    <p class='ocr_par' dir='ltr' id='par_1_133' title="bbox 1911 4876 1963 4938">
     <span class='ocr_line' id='line_1_135' title="bbox 1911 4876 1963 4938; baseline 0 0"><span class='ocrx_word' id='word_1_1029' title='bbox 1911 4876 1963 4938; x_wconf 92' lang='lat' dir='ltr'><strong>D</strong></span> 
     </span>
    </p>
   </div>
  </div>
