4034 6212
265 257 368 316 817

1342 249 1714 321 ,ροιωιτιο
1752 266 1818 320 x.
1855 295 1928 308 —
1965 265 2056 320 ns
2091 263 2469 323 ORATIONE.

3471 269 3578 331 818

263 383 573 458 diligentius
601 384 1002 442 observandum
1038 393 1138 455 est,
1177 393 1240 443 ut
1262 388 1523 445 intrantes
1551 389 1605 445 in
1633 388 1863 446 cubicu-
1890 392 1946 456 Α
1974 404 2080 462 que
2108 397 2190 446 est
2216 389 2540 446 sacriﬁcium
2583 405 2793 458 verum,
2835 389 2964 463 quia
2990 392 3316 460 sacriﬁcium
3343 399 3449 452 Deo
3467 398 3580 467 spi-

265 477 383 536 lum
426 486 674 537 nostrum
703 479 892 537 clauso
943 479 1085 537 ostio
1137 488 1328 538 nostro
1377 496 1601 538 oremus
1645 483 1866 539 Patrem

265 581 514 630 nostrum
541 575 756 640 (Matth.
809 575 918 642 vr),
973 572 1122 647 quod
1171 589 1204 630 a
1231 574 1391 632 nobis
1425 575 1501 632 ita
1527 575 1864 648 implebitur.

266 667 413 724 Intra
438 676 696 726 nostrum
711 667 1027 726 cubiculum
1067 667 1458 741 supplicamus,
1486 685 1615 726 cum
1645 667 1715 726 ab
1739 685 1870 726 om—

263 761 422 820 nium
449 764 846 838 cogitationum
895 763 1004 821 sive
1045 763 1483 823 sollicitudinum
1509 765 1741 839 strepitu
1770 782 1866 823 cor

263 864 518 914 nostrum
545 858 762 930 penitus
801 866 1140 928 amoventes,
1189 867 1400 918 secreto
1429 859 1668 933 quodam
1696 859 1863 918 modo

265 963 330 1006 ac
384 949 718 1008 familiariter
765 967 954 1025 preces
979 959 1192 1010 nostras
1224 953 1467 1012 Domino
1531 953 1854 1011 referamus.

265 1043 464 1103 Clauso
535 1061 760 1104 oramus
806 1047 980 1116 ostio,
1024 1063 1153 1106 cum
1203 1047 1406 1106 strictis
1451 1047 1608 1106 labiis
1658 1048 1864 1106 nostris

265 1137 530 1212 omnique
553 1138 766 1197 silentio
791 1139 1178 1214 supplicamus,
1209 1157 1324 1199 non
1353 1155 1574 1211 vocum,
1609 1140 1708 1198 sed
1734 1157 1864 1198 cor-

262 1229 420 1290 dium
476 1235 790 1291 scrutatori.
841 1236 906 1292 In
959 1234 1283 1294 abscondito
1353 1251 1596 1306 oramus,
1644 1236 1864 1311 quando

249 1319 433 1385 corde
459 1335 696 1399 tantum,
739 1337 796 1386 et
815 1328 1024 1388 intenta
1077 1340 1261 1388 mente
1306 1330 1596 1404 petitiones
1641 1339 1863 1388 nostras

259 1418 363 1476 soli
395 1421 686 1493 pendimus
712 1425 850 1492 Deo,
890 1422 964 1480 ita
1004 1433 1066 1481 ut
1097 1440 1170 1481 ne
1215 1425 1348 1496 ipsae
1374 1423 1595 1496 quidem
1618 1423 1864 1483 adversa

259 1512 474 1570 valeant
499 1523 794 1588 potestates
819 1531 992 1591 genus
1020 1524 1222 1574 nostra
1245 1515 1520 1590 petitionis
1547 1532 1860 1591 agnoscere.

1975 485 2120 540 ritus
2145 485 2536 540 contribulatth
2567 483 2730 556 (Psal.
2765 477 2844 557 ι).
2895 486 3034 541 Hac
3067 486 3317 543 salutaris
3348 487 3574 556 oblatio,

1976 577 2078 632 ista
2105 585 2234 634 sunt
2275 591 2411 650 pura
2442 577 2728 646 libamina,
2784 577 2930 636 istud
2977 582 3302 651 sacriﬁcium
3337 582 3580 652 justitia:

1975 671 2186 740 (Ibid.),
2207 670 2351 728 istud
2367 675 2694 744 sacriﬁcium
2719 675 2896 730 laudis
2912 676 3078 741 (Psal.
3111 678 3298 744 nix),
3313 675 3431 732 hac
3451 682 3579 732 sunt

1969 779 2116 824 verae
2134 781 2200 823 ac
2238 766 2465 841 pingues
2523 766 2738 837 hostiae,
2781 767 2890 824 ista
2937 776 3066 825 sunt
3125 771 3580 827 holocaustomata

1968 861 2266 918 medullata
2305 863 2471 930 (Psal.
2515 867 2677 932 va),
2704 879 2827 935 quae
2891 864 3145 921 contritis
3193 871 3246 920 et
3274 863 3577 922 humiliatis

1969 955 2225 1015 cordibus
2265 956 2607 1026 offeruntur;
2647 973 2878 1030 quaeque
2914 958 3016 1016 hac
3048 975 3155 1032 qua
3193 959 3436 1016 diximus
3489 959 3576 1017 di-

1967 1049 2192 1123 sciplina
2247 1059 2302 1106 et
2345 1050 2645 1108 intentione
2681 1051 2902 1123 spiritus
2958 1052 3291 1120 exhibentes,
3357 1053 3568 1110 efﬁcaci

1970 1142 2272 1215 poterimus
2327 1142 2524 1200 virtute
2569 1151 2824 1200 cantare:
2879 1147 3162 1215 Dirigatur
3214 1149 3389 1202 oratio
3447 1163 3567 1203 mea

1969 1238 2105 1292 sicut
2143 1237 2418 1293 incensum
2455 1240 2515 1292 in
2553 1242 2834 1308 conspectu
2865 1241 2979 1302 tuo,
3035 1239 3255 1294 elevatio
3310 1255 3572 1296 manuum

1965 1345 2206 1386 mearum
2245 1333 2570 1413 sacri/icium
2627 1333 2988 1402 vespertinum
3038 1333 3204 1402 (Psal.
3227 1334 3376 1400 exn).
3416 1331 3576 1410 Quod

1969 1423 2135 1480 etiam
2161 1439 2264 1480 nos
2292 1431 2596 1497 opportuna
2623 1431 2944 1480 commonet
2961 1424 3249 1482 devotione
3272 1426 3577 1497 persolvere

1968 1515 2121 1575 hom
2148 1518 2318 1592 ipsius
2343 1533 2408 1575 ac
2433 1518 2609 1576 noctis
2630 1517 2894 1576 adventus
2921 1537 2935 1574 :
2957 1518 3024 1577 de
3049 1535 3158 1592 quo
3186 1519 3411 1592 quidem
3443 1520 3575 1578 licet

265 1609 494 1680 Propter
509 1609 656 1682 quod
679 1626 810 1668 cum
838 1627 1062 1669 summo
1090 1619 1174 1670 est
1191 1611 1463 1669 orandum
1488 1611 1727 1682 silentio,
1747 1627 1861 1670 non
1971 1627 2070 1684 pro
2107 1611 2384 1669 tenuitatis
2402 1620 2608 1670 nostra;
2640 1628 2897 1669 mensura
2916 1612 3089 1670 multa
3115 1613 3321 1686 prolata
3347 1614 3577 1671 videan-

263 1701 442 1760 solum
467 1717 537 1760 ne
571 1703 768 1763 fratres
797 1713 1041 1764 astantes
1091 1706 1300 1763 nostris
1339 1707 1582 1764 susurris
1611 1707 1693 1762 vel
1743 1707 1864 1763 cla-
1969 1713 2078 1777 tur,
2109 1706 2317 1781 diuque
2347 1707 2422 1764 sit
2459 1714 2734 1780 protracta
2782 1707 3024 1777 collatio,
3081 1719 3182 1781 pro
3235 1707 3576 1766 sublimitate

263 1797 510 1856 moribus
535 1815 851 1870 avocemus,
895 1808 952 1858 et
978 1801 1248 1858 orantium
1296 1800 1546 1858 sensibus
1575 1799 1866 1874 obstrepa-
1893 1812 1942 1874 Β
1971 1805 2151 1855 tamen
2187 1816 2250 1856 ac
2273 1798 2600 1856 difﬁcultate
2625 1800 2867 1858 materiae
2891 1801 3080 1873 paucis
3113 1798 3416 1857 admodum
3449 1815 3572 1856 cre-
3621 1847 3630 1868 ,

262 1903 423 1962 mus;
465 1891 559 1950 sed
589 1903 652 1951 ut
699 1894 848 1968 ipsos
895 1909 1114 1968 quoque
1166 1893 1417 1952 inimicos
1463 1902 1705 1964 nostros,
1761 1895 1855 1966 qui

261 1986 547 2044 orantibus
569 1989 730 2046 nobis
777 1990 1018 2046 maxime
1051 1989 1400 2055 insidiantur,
1435 1989 1602 2046 lateat
1655 1996 1862 2046 nostra;

261 2081 547 2153 petitionis
572 2081 825 2137 intentio.
855 2083 939 2138 Ita
975 2083 1121 2138 enim
1151 2091 1486 2155 praeceptum
1519 2081 1655 2140 illud
1675 2083 1867 2155 imple-

265 2171 494 2230 bimus:
526 2181 552 2209 ⁸
593 2175 680 2230 Ab
712 2191 774 2230 ea
821 2191 944 2246 quae
993 2175 1194 2231 dormit
1232 2179 1292 2232 in
1332 2178 1459 2232 sinu
1492 2181 1607 2240 tuo,
1659 2177 1868 2232 custodi

269 2267 508 2323 claustra
529 2270 638 2323 oris
667 2270 753 2324 tui
779 2270 990 2333 (Miclue
1019 2269 1158 2340 vn).

785 2403 1027 2462 CAPUT
1065 2405 1340 2461 XXXVI.

476 2520 555 2575 De
579 2519 822 2574 utilitate
853 2521 1027 2576 brevis
1060 2525 1113 2577 et
1153 2523 1331 2576 tacitae
1359 2519 1648 2576 orationis.

335 2640 426 2700 0b
447 2643 598 2715 quod
625 2645 653 2680 ι’
673 2643 1002 2726 frequenter
1059 2644 1300 2719 quidem,
1357 2643 1454 2702 sed
1513 2644 1753 2701 breviter
1785 2653 1869 2702 est

263 2735 556 2806 orandum,
583 2752 652 2794 ne
703 2736 1124 2795 immerentibus
1159 2738 1342 2808 nobis,
1399 2737 1637 2794 inserere
1665 2737 1868 2811 aliquid

262 2837 452 2888 nostro
481 2829 634 2888 cordi
665 2829 953 2889 insidiator
979 2831 1150 2906 possit
1189 2831 1466 2888 inimicus.
1509 2831 1663 2888 Istud
1703 2847 1864 2887 nam-

1968 1891 2153 1950 dimus
2175 1891 2532 1965 disputatum.
2559 1894 2660 1950 His
2683 1894 2884 1951 sanctis
2907 1893 3259 1951 sermonibus
3287 1893 3573 1966 stupefacti

1973 1986 2153 2060 potius
2179 2002 2343 2059 quam
2381 1987 2596 2060 repleti,
2625 1987 2647 2012 ‘
2697 1988 2998 2060 vespertina
3036 1989 3225 2061 synaxi
3276 1987 3573 2056 celebrata,

1971 2094 2167 2152 sopore
2194 2080 2478 2153 paululum
2513 2081 2759 2137 membra
2801 2075 3464 2154 laxavimus,.primoque
3487 2081 3572 2139 di-

1973 2173 2158 2231 luculo
2185 2175 2455 2246 supplices
2484 2175 2553 2232 de
2597 2175 2844 2250 pleniore
2873 2183 3106 2234 tractatu
3149 2176 3348 2234 iterum
3387 2191 3573 2233 rever-

1973 2266 2109 2334 suri,
2159 2267 2231 2324 ad
2277 2277 2465 2326 nostra
2507 2267 2883 2338 discessimus,
2913 2277 3028 2326 tam
3075 2269 3143 2326 de
3169 2277 3572 2344 praeceptorum

1979 2359 2352 2433 acquisitione,
2396 2379 2562 2436 quam
2589 2363 2658 2421 de
2686 2364 3088 2438 promissorum
3127 2364 3414 2421 securitate
3439 2379 3573 2438 gau-

1977 2452 2190 2511 dentes.
2245 2456 2631 2514 Excellentiam
2663 2457 2935 2530 siquidem
2969 2458 3235 2514 orationis
3269 2457 3428 2514 nobis
3447 2465 3572 2514 tan-

1976 2548 2267 2607 tummodo
2296 2559 2790 2622 praemonstratam,
2818 2551 3071 2609 ordinem
3100 2565 3232 2608 vero
3268 2559 3434 2622 atque
3459 2550 3571 2607 vir-

1976 2647 2173 2712 tutem,
2201 2659 2308 2716 qua
2345 2645 2510 2700 etiam
2551 2646 2888 2717 perpetuitas
2940 2644 3076 2718 ejus,
3109 2644 3192 2700 vel
3244 2642 3570 2715 acquirenda

1978 2745 2080 2806 est,
2138 2739 2218 2793 vel
2262 2738 2518 2803 tenenda,
2559 2739 2797 2796 necdum
2847 2755 2952 2796 nos
2989 2739 3197 2811 integre
3269 2739 3570 2810 percepisse

1979 2831 2086 2888 illis
2114 2831 2571 2904 disputationibus
2599 2848 2961 2891 senseramus.

1351 2955 1607 3012 ALARDI
1644 2955 1866 3012 GAZEI
1905 2954 2466 3013 COMMENTARIUS.

253 3066 320 3118 ut
340 3065 394 3118 si
402 3065 544 3131 forte
567 3063 758 3133 aliqui,
775 3067 972 3134 praeter
981 3064 1144 3119 horas
1162 3067 1498 3126 constitutas,
1520 3067 1570 3119 si
1585 3067 1659 3120 eis
1677 3069 1852 3131 vacat,

249 3148 408 3190 orare
428 3135 704 3205 voluerim,
755 3149 864 3188 non
891 3137 968 3205 eis
995 3137 1110 3190 sint
1129 3135 1544 3205 impedimento.
1589 3136 1698 3192 Ubi
1733 3135 1856 3190 vide

1962 3065 2118 3120 modo
2140 3066 2510 3132 movebantur,
2542 3071 2594 3122 et
2626 3081 2734 3122 υοω
2757 3068 2972 3136 penitus
3007 3082 3113 3121 non
3131 3066 3474 3121 audiebatur.
3507 3075 3512 3080 ‘

2035 3139 2060 3168 ³
2081 3139 2158 3193 Ne
2168 3139 2416 3208 iunioris
2443 3138 2587 3208 quod
2608 3135 2836 3196 Samson
2861 3153 2896 3192 a
2915 3138 3096 3194 Dalila
3123 3152 3315 3208 passus
3358 3141 3456 3201 est,
3481 3135 3562 3194 ait

250 3203 1256 3280 pmbertiCommentarium.S.item
1289 3205 1614 3261 Benedictus
1641 3219 1761 3280 cap.
1783 3211 1853 3280 52
1963 3204 2073 3280 div.
2107 3203 2500 3280 Hieronymus,

247 3277 515 3349 Regulae:
579 3277 808 3346 Expleta
843 3291 1000 3346 opere
1029 3279 1149 3338 Dei,
1175 3290 1352 3332 omnes
1385 3289 1590 3349 summa
1637 3277 1848 3349 silentio
1880 3280 1925 3344 C
2024 3278 2052 3349 ιτ
2081 3280 2257 3349 Locus
2291 3277 2574 3349 notandus
2614 3277 2671 3349 in
2723 3278 3268 3334 commendationem
3309 3277 3562 3334 brevium

250 3347 467 3433 egeant,
577 3352 782 3433 agatur
805 3349 1102 3433 reverentia
1131 3351 1254 3411 Deo,
1271 3351 1348 3431 out
1377 3348 1558 3433 frater
1579 3347 1849 3433 qui‘forte
1955 3355 2011 3402 et
2029 3347 2484 3433 jaculatoriarum
2534 3347 2880 3433 orationum,
2904 3349 2972 3404 de
2997 3349 3195 3433 quibus
3239 3350 3408 3431 etiam
3433 3349 3565 3431 alias

248 3420 353 3476 “In.

535 3421 732 3474 iariter
753 3419 876 3491 uult
906 3432 1091 3481 orare,
1117 3435 1222 3491 non
1258 3417 1590 3491 impediatur
1622 3419 1847 3472 alterius
1955 3417 2172 3491 egimus
2196 3419 2336 3486 (Lib.
2363 3432 2412 3473 η
2439 3419 2682 3473 Institut.
2715 3433 2762 3491 c.
2797 3424 2885 3486 10)
2913 3438 2927 3474 :
2975 3417 3177 3491 quibus
3204 3420 3364 3491 quasi
3413 3417 3566 3491 scin-

251 3487 616 3562 improbitate.
661 3489 767 3546 Sed
803 3492 855 3562 et
890 3491 942 3543 si
973 3491 1114 3557 forte
1156 3490 1293 3544 alter
1322 3487 1439 3544 uult
1472 3489 1579 3562 sibi
1599 3491 1847 3544 secretius
1953 3487 2208 3562 tilliscor
2243 3497 2497 3562 nostrum
2544 3487 2876 3562 accenditur,
2911 3497 2965 3544 et
2991 3487 3169 3561 'quasi
3220 3487 3565 3562 quibusdam

249 3561 433 3624 orare,
459 3562 775 3632 simpliciter
801 3561 974 3614 intret
989 3565 1043 3615 et
1063 3565 1200 3624 oret,
1226 3576 1334 3616 non
1359 3562 1418 3615 in
1447 3561 1677 3632 clamosa
1703 3574 1842 3623 voce,

252 3632 428 3704 sediin
449 3630 720 3703 lacrimis,
735 3635 786 3687 et
817 3632 1304 3704 intentionecordis,
1327 3639 1432 3688 etc.
1466 3630 1712 3704 Denique
1735 3633 1856 3704 Cre-

249 3703 429 3760 sarius
451 3719 481 3760 a
521 3702 942 3759 Turrecremato
975 3703 1173 3760 citatus
1207 3721 1222 3758 :
1258 3705 1403 3760 Ante
1431 3702 1637 3766 omnia,
1682 3702 1857 3774 inquit

249 3775 456 3845 (Tract.
483 3777 584 3830 118
609 3777 664 3829 in
691 3774 994 3846 Regulam),
1019 3777 1222 3844 ﬂatres
1247 3777 1372 3838 mei,
1394 3775 1860 3846 quotiesiorationi

251 3848 634 3910 incumbimus,
647 3861 766 3901 cum
777 3845 992 3900 silentio
1009 3851 1061 3900 et
1070 3849 1246 3914 quiete
1267 3847 1574 3914 supplicare
1585 3845 1854 3898 debemus:

338 3921 382 3972 ia
409 3921 732 3988 quicumque
752 3916 980 3988 voluerit
1005 3930 1125 3988 cum
1137 3915 1253 3988 alta
1268 3928 1389 3988 uoce
1408 3915 1668 3988 clama-re,
1690 3916 1856 3966 omni-

409 3933 732 3988 quicumque
752 3933 980 3970 vomeres
1005 3933 1125 3969 cum
1137 3933 1253 3967 alta
1268 3933 1389 3966 uoce
1409 3933 1668 3975 Clama-re,
1690 3933 1856 3966 omm-

249 3933 535 4060 majuarta
582 4003 638 4043 se
664 3985 934 4060 stantibus
961 3983 1222 4060 orationis
1266 3984 1507 4060 fructum
1521 3983 1749 4060 uidetur
1762 3997 1860 4060 au-

249 4051 416 4129 ferre.
435 4061 670 4128 Rugitus
691 4059 923 4129 tantum,
945 4057 997 4129 et
1014 4053 1272 4129 susIn'r-ia,
1291 4052 1384 4129 pel
1410 4051 1862 4129 gemitunuginn.

253 4122 367 4188 tur.
389 4122 546 4187 Nam'
557 4128 732 4181 oratio
763 4128 944 4179 nostra
969 4123 1097 4177 talis
1120 4136 1230 4177 esse
1268 4123 1442 4185 debet,
1491 4122 1672 4192 qualis
1691 4123 1864 4189 fuisse

259 4204 464 4273 legitur
491 4201 667 4273 Anna
693 4196 886 4273 matris
914 4195 1057 4248 beati
1070 4194 1351 4273 samuelis.
1497 4195 1640 4273 enim
1662 4193 1736 4273 de
1766 4193 1863 4247 illa

254 4265 522 4340 εᾱιίρταπι
549 4271 646 4334 est,
681 4268 812 4336 quia
847 4267 974 4335 ﬂens
998 4265 1208 4328 orabat,
1229 4269 1282 4320 et
1319 4265 1470 4320 labia
1493 4265 1610 4334 ejus
1620 4267 1865 4318 tantum-

1959 3559 2156 3642 jaculis
2178 3573 2275 3615 cor
2305 3559 2410 3642 Dei
2444 3558 2763 3642 configitur:
2783 3558 3120 3642 Dequarum
3149 3558 3254 3642 usti
3279 3560 3564 3642 monachis

1963 3623 2454 3704 illis_frequentato
2501 3637 2556 3687 et
2594 3623 2842 3686 familiari
2867 3623 2940 3688 ita
2983 3632 3092 3688 div.
3131 3632 3464 3704 Augustinus
3496 3631 3567 3688 ad

1964 3702 2216 3758 Probam'
2253 3705 2449 3773 (Epist.
2493 3706 2610 3768 I22)
2641 3721 2653 3756 :
2698 3705 2969 3760 Dicuntur
2987 3706 3190 3773 fratres
3225 3702 3286 3758 in
3332 3707 3566 3774 Μαυρεο

1963 3775 2198 3829 crebrius
2235 3775 2454 3846 quidem
2491 3775 2686 3829 habere
2715 3777 2998 3846 orationes,
3025 3776 3116 3830 sed
3137 3791 3225 3829 eas
3255 3780 3434 3829 tamen
3456 3777 3564 3846 bre-

2242 3843 2304 3900 'et
2329 3847 2531 3915 raptim
2567 3845 2956 3914 quodammodo
2983 3845 3273 3914 ejaculatas
3309 3863 3326 3898 :
3358 3848 3433 3902 Ne
3467 3843 3564 3898 illa

1963 3917 2258 3984 vigilanter
2279 3921 2472 3980 erecta,
2499 3931 2621 3986 quce
2635 3917 3128 3986 orantiplurimum
3149 3917 3450 3970 necessaria
3463 3919 3561 3976 est,

1963 3999 2061 4052 per
2065 3987 2434 4054 productiores
2446 4002 2624 4041 moras
2636 3992 2910 4042 evanescat
2925 3991 3086 4056 atque
3112 3987 3379 4041 hebetetur
3389 3987 3568 4039 inten-

1969 4056 2062 4108 tio.
2093 4057 2171 4108 Ac
2204 4071 2301 4111 per
2320 4057 2413 4110 hoc
2431 4059 2594 4110 etiam
2620 4059 2731 4111 insi
2753 4059 2886 4111 satis
2914 4059 3199 4111 ostendunt
3225 4057 3364 4111 hanc
3388 4057 3568 4110 inten-

1993 4071 2062 4108 ιο.
2093 4071 2171 4108 AC
2204 4071 2301 4112 per
2320 4071 2413 4110 hoc
2431 4071 2594 4110 cnam
2620 4071 2728 4112 ωδε
2753 4071 2886 4111 satis
2914 4071 3199 4112 ostendunt
3225 4071 3364 4111 nanc
3388 4071 3568 4110 inten-

1969 4071 2062 4108 tio.
2093 4071 2171 4108 Ac
2201 4071 2301 4124 per
2320 4071 2413 4110 noc
2431 4071 2594 4110 etiam
2620 4071 2728 4126 ipsi
2753 4071 2886 4111 satis
2914 4071 3199 4112 ostendunt
3225 4071 3364 4111 nanc
3388 4071 3567 4110 inten-

1969 4125 2182 4190 tionem,
2212 4127 2351 4178 sicut
2386 4131 2609 4196 nonest
2643 4127 2998 4190 extendendo,
3033 4130 3086 4182 si
3105 4127 3408 4196 perdurare
3459 4141 3567 4180 non

1967 4199 2178 4269 potest;
2209 4197 2288 4248 ita
2315 4197 2365 4248 si
2381 4195 2779 4269 perdurauerg't,
2801 4211 2909 4269 non
2933 4200 3033 4252 cito
3057 4195 3166 4252 esse
3193 4197 3562 4269 rumpendam.

2041 4269 2064 4298 ο
2089 4265 2148 4320 1d
2181 4271 2284 4329 est,
2322 4264 2626 4336 veSpertino
2663 4264 2868 4336 ofﬁcio,
2899 4283 2995 4324 seu
3037 4269 3282 4324 oratione
3313 4264 3563 4341 'peracta.

1141 4497 1650 4600 COLLA
1665 4496 1923 4597 T10
2011 4499 2390 4600 ΒΕΘ]
2385 4499 2523 4599 Μ
2519 4506 2641 4602 Α
2651 4584 2680 4622 ,

1309 4678 1468 4752 Quae
1499 4678 1600 4741 est
1629 4673 1927 4740 secunda
1961 4674 2230 4743 abbatis
2267 4681 2446 4745 [saec
2469 4730 2486 4762 ,

1684 4815 1764 4866 DE
1803 4815 2150 4868 ORATIONE.

763 5057 1004 5114 CAPUT
1031 5054 1355 5110 PRIMUM.

339 5155 490 5209 Inter
511 5150 631 5208 haec
651 5150 1102 5207 anachoretarum
1140 5147 1386 5203 instituta
1423 5143 1700 5214 sublimia,
1728 5159 1850 5216 qua:

263 5249 566 5318 utcumque
599 5245 842 5304 donante
873 5245 1015 5312 Deo,
1043 5242 1170 5298 licet
1195 5237 1686 5313 imperitopdigesta
1723 5247 1856 5294 sunt

1889 5058 1940 5119 1)
1969 5051 2129 5124 stylo,
2181 5049 2445 5122 quiddam
2504 5065 2608 5108 nos
2667 5050 2990 5110 interserere
3050 5061 3210 5126 atque
3260 5062 3570 5122 contexere,

1967 5141 2120 5217 quod
2149 5143 2296 5200 velut
2333 5153 2358 5180 ⁸
2385 5143 2610 5216 pulchro
2654 5147 2868 5218 corpori
2899 5163 3113 5205 naevum
3157 5145 3451 5219 quemdam
3483 5145 3568 5200 νίσ-

1963 5237 2158 5294 deatur
2186 5252 2482 5310 apponere,
2509 5241 2840 5298 narrationis
2867 5242 3041 5314 ipsius
3067 5240 3203 5298 ordo
3247 5239 3526 5312 compellit
3551 5258 3568 5295 :

1354 5364 1610 5420 ALARDI
1649 5362 1875 5419 GAZzEI
1913 5360 2476 5422 COMMENTARIUS.

348 5486 374 5514 ι
394 5479 616 5544 Naevus,
659 5479 821 5533 Festo
845 5483 1086 5548 auctore,
1115 5481 1195 5530 est
1209 5472 1433 5548 insigne
1455 5472 1865 5548 _corporis,aut

267 5551 482 5606 macula
511 5550 714 5605 nativa.
735 5548 921 5606 Cicero
949 5546 1018 5603 de
1041 5547 1161 5602 Nat.
1193 5543 1425 5602 deorum
1455 5543 1604 5599 libII
1631 5561 1645 5597 :
1683 5544 1760 5598 At
1785 5547 1865 5598 est

473 5623 721 5688 imus;
753 5620 840 5674 illi
860 5624 1036 5674 tamen
1069 5618 1164 5673 hoc
1188 5618 1368 5688 lumen
1399 5615 1701 5688 uidebatur.
1745 5614 1863 5688 Me-

267 5684 560 5767 tapborice
577 5684 942 5767 sumitur_pr_o
976 5687 1165 5761 quovis
1189 5687 1338 5743 vitio.
1382 5685 1500 5741 Div.
1536 5684 1864 5767 Ambrosius

270 5757 370 5820 lib.
403 5781 417 5819 ι
453 5757 1017 5835 Oiﬂc.cap._décimo
1055 5767 1269 5835 octavo,
1296 5759 1745 5835 napitserrmjs,
1775 5757 1864 5835 Si-

269 5835 474 5892 donius
505 5829 749 5908 Apollin.
782 5832 874 5890 lib.
911 5845 960 5889 tt
1003 5830 1161 5903 epist.
1191 5835 1264 5886 5:
1319 5829 1552 5886 Violattr
1580 5829 1863 5898 religionis

1967 5486 2172 5546 navus.
2226 5471 2500 5546 Ausonius
2537 5471 2590 5527 in
2621 5471 2834 5546 epistol.
2867 5479 2898 5528 7
2923 5473 3050 5546 idyl.
3085 5491 3098 5528 ε
3146 5474 3568 5546 Νωυοεῃοεινοε

1969 5547 2022 5597 et
2045 5544 2316 5598 cicatrices
2365 5558 2626 5600 amamus.
2656 5542 2905 5599 Paulinus
2953 5542 3216 5612 A'usonio,
3269 5542 3424 5616 epist.
3465 5547 3498 5598 2
3557 5562 3571 5598 :

1970 5615 2087 5686 Non
2104 5629 2362 5684 umquam
2389 5618 2542 5670 tenui
2567 5617 2757 5671 saltem
2791 5621 2887 5671 tua
2906 5617 3089 5686 gratia
3109 5631 3256 5671 metro
3274 5615 3580 5670 cammacu-

1970 5685 2240 5760 latamihi
2255 5691 2353 5742 est.
2381 5686 2676 5744 Cassianus
2704 5688 2882 5760 collat.
2911 5685 3138 5760 septima
3157 5703 3278 5760 cap.
3299 5692 3366 5742 25
3383 5705 3408 5760 ἶε
3433 5687 3566 5760 Cum

1967 5757 2035 5832 in
2052 5757 2257 5832 illisue
2267 5761 2638 5832 tenuissimum
2655 5759 2874 5832 quidem
2891 5756 3101 5832 meum
3115 5764 3210 5815 aut
3225 5756 3505 5832 maculam‘
3505 5756 3570 5808 in

1971 5828 2065 5882 illo
2073 5828 2106 5897 j
2113 5829 2282 5884 udicii
2295 5830 2382 5884 die
2401 5825 2910 5901 patiaturinvenire
2933 5831 3120 5888 diuina
3142 5830 3438 5888 clementia.
3465 5825 3577 5879 De-
