4048 6208
454 263 560 320 819

461 400 798 461 quamquam
826 400 945 442 non
966 382 1210 441 dubitem
1240 396 1305 439 ex
1328 382 1436 439 hoc
1465 381 1580 454 ipso
1609 396 1722 438 non
1767 381 2056 438 minimam
2087 385 2139 449 Α

461 481 879 538 instructionem
900 495 1063 551 super
1085 478 1474 550 omnipotentis
1502 476 1751 548 Dei,quae
1774 478 1830 534 in
1856 476 2057 534 Genesi

466 572 666 647 legitur
712 574 915 644 (Genes.
945 588 966 628 ι
1005 578 1055 629 et
1103 573 1206 641 ιι),
1235 570 1492 643 imagine,
1513 569 1816 642 quibusque
1848 569 2061 641 simpli-

464 667 704 725 cioribus
725 665 1133 730 conferendam,
1157 664 1460 738 praesertim
1473 680 1599 721 cum
1618 665 1755 721 tanti
1779 662 2058 736 dogmatis

466 776 629 816 causa
655 768 915 827 vertatur,
941 768 1002 815 ut
1021 758 1291 831 ignoratio
1316 758 1432 830 ejus
1452 758 1567 814 sine
1589 756 1795 829 ingenti
1823 755 2064 828 blasphe-

466 853 574 909 mia
606 860 663 909 et
693 852 976 910 catholicae
997 852 1122 909 ﬁdei
1148 852 1500 921 detrimento,
1528 846 1647 907 esse
1669 860 1695 886 ⁸
1720 866 1832 905 non
1872 848 2062 922 possit.

1536 256 1816 314 JOANNIS
1851 256 2153 314 CASSIANI
2189 251 2681 313 COLLATIONES.

3668 248 3775 305 820

2792 375 3040 432 CAPUT
3078 377 3154 430 ll.

2239 569 2313 623 De
2336 563 2718 621 consuetudine
2737 561 3042 618 celebrandi
3056 560 3338 616 Paschatis
3362 560 3422 612 in
3443 560 3699 628 Egypto.

2245 755 2430 810 bintra
2470 752 2685 826 Aigypti
2722 753 3003 826 regionem
3050 760 3070 787 ε
3111 764 3236 805 mos
3280 748 3385 804 iste
3406 746 3630 820 antiqua
3656 757 3770 807 tra-

2177 847 2384 907 ditione
2426 856 2693 917 servatur,
2764 854 2829 903 ut
2878 853 3096 919 peracto
3143 831 3173 876 δ
3212 841 3659 915 Epiphaniorum
3695 843 3779 902 die

1556 1010 1813 1066 ALARDI
1853 1010 2075 1066 ΟΑΖᾹΞΙ
2113 1007 2676 1065 COMMENTARIUS.

469 1136 636 1208 nique
666 1145 720 1192 et
748 1137 908 1207 vulgo
930 1136 1037 1193 dici
1072 1137 1231 1203 solet,
1262 1136 1471 1191 nullum
1496 1143 1609 1190 tam
1639 1135 1927 1208 pulchrum
1958 1149 2075 1190 esse

473 1206 691 1288 corpus,
736 1218 798 1263 ut
832 1206 987 1288 naevo
1016 1215 1225 1288 careat,
1252 1210 1423 1261 Porro
1457 1222 1674 1288 naevum
1702 1206 1930 1286 pulchro
1952 1221 2075 1261 cor-

473 1277 592 1350 pori
629 1293 900 1345 apponere
928 1277 1065 1331 dixit
1110 1285 1319 1345 auctor,
1350 1293 1470 1347 pro,
1520 1277 1904 1350 digressionem
1936 1291 2073 1348 quo-

476 1348 774 1420 dammodo
801 1357 1130 1415 cxtraneam,
1162 1356 1216 1403 et
1243 1365 1273 1403 a
1319 1348 1598 1420 proposito
1630 1348 1889 1417 alienam,
1920 1362 2071 1403 eam-

477 1434 585 1492 que
602 1418 939 1492 subtristem
969 1427 1025 1474 et
1051 1420 1318 1492 ingratam
1348 1418 1687 1492 interset'ere,

546 1500 571 1525 α
596 1491 711 1562 Hic
739 1506 926 1562 rursus
955 1487 1153 1545 omissa
1199 1489 1305 1545 fuit
1344 1490 1399 1545 in
1429 1490 1591 1562 priori
1630 1488 1864 1562 editione
1892 1487 2083 1562 vocula

476 1576 603 1623 non,
630 1560 784 1632 cujus
809 1559 1021 1615 defectu
1047 1562 1313 1616 sententia
1351 1558 1623 1616 contraria
1663 1570 1716 1615 et
1740 1558 1873 1615 falsa
1899 1559 2076 1615 reddi-

478 1640 590 1697 tur,
618 1640 676 1685 ut
712 1647 807 1701 per
837 1647 894 1686 se
918 1639 1080 1701 patet.

549 1702 575 1737 ιι
614 1700 999 1776 Parapbrastes
1050 1700 1268 1757 rudiore
1310 1703 1452 1776 style
1478 1713 1532 1759 et
1555 1701 1804 1774 syntaxi:
1834 1705 1946 1758 Mos
1975 1703 2077 1756 iste

478 1775 538 1827 in
562 1775 773 1841 regione
789 1775 1013 1843 Egypti
1029 1779 1278 1829 servatur
1298 1775 1372 1830 ea:
1389 1777 1725 1830 institutione
1744 1776 1990 1842 antiqua,
2014 1777 2078 1827 ut

472 1850 690 1915 peracto
713 1845 1145 1916 Epiphaniorum
1171 1846 1277 1911 die,
1300 1862 1453 1916 quem
1472 1845 1764 1902 sacerdotes
1788 1845 1939 1898 illius
1956 1859 2080 1914 pro-

480 1917 668 2007 pinciae
684 1915 871 1969 dicunt
878 1931 995 2007 Esse
1008 1917 1148 1971 diem
1177 1915 1430 2007 baptismi
1461 1916 1799 2007 Christinvel
1818 1917 2080 2007 nativitu-
2106 1945 2152 2007 Β
2185 1922 2242 1996 et
2267 1917 2314 1994 Τ

2181 1142 2242 1190 ut
2269 1133 2389 1206 ejus
2438 1132 2580 1206 sedis
2630 1132 2918 1206 episcopus
2964 1128 3263 1206 paschales,
3304 1145 3437 1200 quas
3488 1130 3783 1206 vocabant,

2184 1201 2398 1261 litteras
2426 1203 2603 1271 daret,
2645 1201 2857 1274 quibus,
2884 1201 3048 1257 Rom.
3080 1201 3418 1274 pontificem
3443 1201 3691 1273 primum
3718 1202 3786 1261 de

2185 1276 2271 1332 die
2296 1274 2569 1332 Paschatis
2592 1270 2860 1346 sequenti
2874 1287 3053 1346 “anno
3081 1270 3094 1272 “
3108 1270 3789 1346 celebrandi__'_commone-

2186 1342 2712 1417 faceret,‘quamditi
2749 1343 2999 1400 videlicet
3025 1342 3275 1399 catholici
3328 1342 3505 1417 initia
3545 1344 3786 1417 Ecclesia

2187 1412 3135 1488 sederuntepiscopislnterceptum
3176 1428 3303 1488 vero
3332 1412 3438 1488 fuit
3469 1413 3787 1488 _hujusmodi

2190 1487 2458 1556 ofﬁcium,
2499 1483 2628 1543 cum
2660 1483 2850 1559 'eidem
2876 1483 3150 1559 Ecclesiae
3179 1483 3558 1559 haeresiarchai
3596 1487 3788 1559 praesi-

2181 1560 2309 1616 dere
2338 1555 2630 1633 erupissent
2653 1556 2921 1633 episcopi,
2947 1557 3093 1629 quod
3130 1555 3385 1633 catholici
3416 1555 3616 1612 eorum
3637 1558 3790 1633 litte-

2181 1646 2272 1687 ras
2299 1627 2766 1707 non'reciperent.
2797 1627 2926 1707 _Sed
2962 1627 3273 1707 pergamus
3318 1627 3566 1707 in_tex_tu
3608 1629 3789 1703 expli-

2182 1700 2378 1771 cando,
2412 1699 2773 1757 unde’cretera
2797 1699 2906 1771 huc
2928 1699 3228 1770 spectantia
3249 1699 3426 1771 magis
3456 1699 3787 1771 elucescént.

2257 1759 2286 1804 δ
2311 1759 2609 1843 Epiphania
2640 1771 2841 1828 dicitur
2864 1759 3053 1826 feniin.
3082 1759 3508 1843 genusing‘ulari‘
3527 1787 3787 1843 numero,

2186 1851 2241 1899 et
2270 1840 2565 1968 Ephipania
2587 1850 2731 1899 neut.
2759 1857 2881 1916 gen.
2906 1840 3138 1898 numero
3175 1840 3376 1913 plurali,
3408 1850 3469 1897 ut
3496 1841 3603 1911 hic,
3632 1840 3787 1899 sicut

2186 1922 2242 1968 et
2267 1917 2314 1968 Τ
2355 1913 2620 1968 eonbania
2652 1922 2881 1968 utroaue
2916 1928 3113 1968 uenere
3134 1920 3189 1968 et
3209 1926 3449 1968 numero.
3479 1921 3535 1968 et
3583 1914 3787 1968 eodem

2355 1913 2620 1984 eo'phania
2652 1913 2881 1985 utroque
2916 1928 3113 1985 genere
3134 1920 3189 1968 et
3209 1921 3535 1985 numer-met
3576 1914 3792 1985 eodem

481 1986 554 2041 tis
578 1987 691 2057 ejus
708 1987 999 2041 secundum
1053 1982 1283 2054 carnem,
1313 1989 1456 2044 unde
1479 1994 1530 2044 et
1558 1989 1625 2041 de
1647 1982 1879 2055 utraque
1896 2002 1953 2040 re
1978 1987 2077 2039 illa
2106 1982 2152 2007 ”
2185 1982 2513 2057 signiﬁca—tu.
2573 1982 2811 2057 Dicitur“
2841 1982 2991 2039 enim
3036 1982 3253 2057 festum
3274 1982 3788 2057 Theophaniorum,

481 2071 647 2112 unam
671 2063 883 2112 tantum
905 2060 1119 2125 faciunt
1142 2061 1547 2122 solemnitatem,
1562 2074 1668 2112 non
1682 2058 1842 2125 duas,
1861 2059 1998 2111 sicut
2015 2059 2077 2125 ﬁt

484 2129 546 2182 in
591 2130 884 2184 Occidentis
911 2131 1183 2199 partibus.
1233 2130 1338 2185 Sed
1392 2131 1533 2185 male
1570 2127 1851 2200 subjungit
1882 2145 1895 2181 :
1933 2131 2079 2183 Tunc

487 2202 673 2269 itaque
694 2202 991 2254 mittuntur
1017 2201 1270 2270 epistola,
1297 2210 1431 2272 etc.;
1472 2199 1623 2272 quasi
1672 2199 1884 2254 diversa
1934 2206 2081 2255 esset

485 2272 761 2343 periodus,
780 2286 956 2343 quam
987 2285 1154 2327 nemo
1192 2287 1301 2326 non
1325 2271 1471 2327 videt
1491 2271 1610 2325 esse
1636 2285 1828 2343 unam,
1866 2278 1924 2343 _et
1943 2285 2079 2340 pen-

485 2339 613 2399 dere
639 2339 820 2397 abillis
831 2342 1008 2398 verbis
1033 2356 1046 2393 :
1076 2345 1186 2400 Mos
1200 2345 1300 2398 iste
1320 2348 1587 2405 servatur,
1603 2350 1730 2403 ete.,
1745 2339 2002 2396 nimirum
2019 2346 2081 2396 ut

488 2412 780 2468 mittantur
814 2412 1081 2485 epistolae,
1118 2421 1219 2469 etc.
1255 2416 1443 2485 Neque
1469 2412 1602 2467 mihi
1634 2413 1805 2484 placet
1824 2410 2080 2485 quodsuo

487 2486 668 2556 perius
703 2500 803 2556 pro
832 2482 1119 2556 traditione
1170 2482 1569 2556 institutionem
1622 2482 1879 2552 posuerit.
1935 2484 2076 2556 Nam

490 2552 588 2611 etsi
628 2552 845 2611 traditio
887 2556 1008 2610 vim
1039 2555 1392 2612 institutionis
1440 2556 1655 2621 habeat,
1689 2562 1879 2610 tamen
1911 2552 2079 2609 tradi-

489 2625 658 2699 tionis
692 2626 1021 2699 Avocabulum
1042 2698 1045 2699 ν
1063 2627 1246 2699 potius
1273 2626 1615 2699 retinendum
1652 2626 1864 2699 videtur
1892 2624 2083 2699 adver-

488 2712 583 2770 sus
613 2696 772 2770 hujus
814 2694 1081 2770 temporis
1109 2699 1387 2764 sectarios,
1427 2697 1520 2770 qui
1559 2695 1879 2753 traditiones
1918 2694 2087 2751 eccle-

492 2769 732 2825 siasticas
788 2769 977 2825 audire
1021 2770 1294 2837 nesciunt,
1336 2769 1531 2841 easque
1564 2769 1781 2840 penitus
1827 2774 2088 2841 respuunt

489 2848 588 2967 aut
614 2842 968 2964 sghsanuant.
999 2841 1138 2899 Vide
1158 2841 1427 2899 decimam
1443 2838 1652 2896 nonam
1676 2838 2087 2895 annotationem

539 2926 640 2967 uvc
683 2928 733 2964 ιι.

539 2926 733 2966 υνοηιι.

683 2929 693 2963 l
721 2952 733 2964 .

754 2980 865 3039 iste
892 2996 920 3034 a
946 2997 1149 3062 magnp
1196 2981 1422 3061 Nicaeae
1467 2981 1698 3062 concilio
1732 2979 1976 3062 initium.
1995 2976 2093 3062 ha:

492 3049 633 3103 buit.
696 3050 835 3103 Cum
886 3048 1130 3105 enimibi
1179 3050 1517 3106 sanctissime
1573 3053 1852 3108 decretum
1899 3048 2093 3104 fuisset

494 3116 695 3192 festum
728 3119 1152 3192 Paschatisuno
1183 3120 1486 3192 eodemque
1521 3123 1627 3188 die,
1654 3136 1826 3191 eoque
1860 3119 2095 3192 domini-

497 3203 586 3261 co,
611 3186 680 3261 ab
710 3187 970 3261 omnibus
992 3189 1246 3247 ﬁdelibus
1265 3186 1647 3247 celebrandum
1677 3186 1817 3257 esse,
1862 3190 2094 3261 quaestio

497 3257 695 3332 deinde
720 3259 913 3332 agitari
942 3262 1108 3332 cmpit
1144 3262 1211 3318 de
1251 3264 1458 3320 ratione
1494 3263 1602 3320 diei
1633 3257 1904 3317 l’aschatis
1945 3262 2095 3317 inve-

2184 2054 2323 2112 siéut
2354 2055 2801 2128 Epiphaniorum,
2841 2062 2957 2111 tam
2991 2070 3027 2128 a
3070 2054 3287 2111 Latinis
3324 2054 3488 2128 quam
3516 2070 3550 2110 a
3578 2055 3789 2113 Graecis

2182 2127 2412 2192 (Isidor.
2435 2129 2528 2182 lib.
2557 2143 2578 2182 ι
2604 2128 2669 2182 de
2699 2128 2855 2197 Ofﬁc.
2882 2127 3077 2183 Eccles.
3099 2142 3219 2197 cap.
3252 2128 3343 2189 26,
3363 2127 3554 2181 Athin.
3580 2143 3699 2198 cap.
3734 2133 3787 2192 5,

2187 2199 2437 2255 Amalar.
2463 2199 2557 2253 lib.
2591 2214 2658 2254 1v
2690 2214 2735 2253 c.
2776 2202 2869 2264 44,
2900 2198 3109 2253 Raban.
3144 2198 3241 2252 lib.
3273 2209 3321 2252 ιι
3352 2213 3469 2267 cap.
3513 2203 3604 2262 32,
3632 2201 3791 2256 Nice-

2183 2271 2358 2340 phor:
2378 2270 2471 2323 lib.
2495 2285 2571 2325 xv
2591 2286 2635 2324 c.
2661 2271 2750 2336 28,
2770 2269 2916 2340 VBud.
2933 2270 3002 2340 in
3046 2267 3299 2340 epistol.).
3348 2270 3447 2323 Est
3471 2277 3655 2340 autem
3680 2269 3794 2327 dies

2189 2338 2513 2396 inanilestati
2581 2339 2781 2396 Christi
2831 2339 2966 2406 nati,
3020 2354 3128 2410 quo
3152 2338 3406 2410 primum
3454 2338 3793 2403 manifestasi

2187 2411 2351 2482 coepit
2380 2410 2652 2482 gentibus,
2692 2426 2819 2467 cum
2857 2408 3591 2482 eum_magiadoraverunt:
3627 2410 3788 2482 ideor

2183 2479 2288 2563 qui
2312 2479 2791 2563 επιξράνειαεβρες,
2835 2479 3225 2563 manifestatio,
3273 2482 3357 2536 vel
3396 2481 3704 2563 θεοῖᾴνειαῖ.
3731 2481 3788 2563 id

2190 2550 2292 2620 est,
2312 2550 2411 2607 Dei
2441 2551 2827 2619 manifestatio,
2846 2567 2943 2608 seu
2970 2550 3249 2623 exhibitio,
3269 2550 3637 2623 nuncupatur;
3670 2553 3795 2609 licet

2192 2624 2485 2696 Gregorius
2526 2623 2901 2696 Nazianzenus
2937 2622 3349 2696 Theophaniam
3385 2624 3622 2696 appellet
3646 2623 3793 2681 diem

2193 2692 2372 2766 (Ordt.
2404 2695 2497 2764 38)
2542 2711 2652 2766 quo
2690 2694 2956 2750 Dominus
2998 2692 3156 2750 Iesus
3200 2692 3574 2766 Christus—est
3608 2704 3786 2752 natus.

2196 2768 2277 2838 De
2311 2765 2403 2821 die
2438 2764 2621 2838 autem
2666 2766 3007 2838 Epiphaniae,
3047 2766 3162 2821 sive
3190 2764 3650 2838 Epiphaniorum,
3685 2766 3792 2824 duo

2195 2836 2483 2907 singularia
2507 2836 2592 2892 hic
2615 2835 2898 2893 notantur.
2922 2836 3168 2892 Pn'mum
3189 2835 3360 2907 (quad
3385 2838 3551 2892 etiam
3580 2838 3795 2894 notavit

2197 2907 2483 2990 paronius)
2523 2908 2665 2979 apud
2699 2909 2995 2990 _rEgyptios
3037 2908 3294 2990 natalem
3334 2907 3527 2990 Christi
3554 2908 3790 2990 ejusque

2197 2977 2532 3049 baptismum
2558 2977 2669 3034 non
2699 2977 2911 3047 bifaria,
2943 2986 3006 3049 ut
3037 2977 3129 3034 hic
3170 2977 3388 3047 dicitur,
3422 2978 3474 3035 id
3517 2977 3621 3048 est,
3655 2977 3790 3036 duo-

2199 3048 2304 3103 bus
2348 3049 2616 3105 distinctis
2651 3050 2861 3117 diebus,
2897 3057 2960 3105 ut
2983 3048 3045 3104 ﬁt
3067 3049 3121 3105 in
3164 3050 3408 3105 Ecclesia
3446 3051 3702 3107 Romana
3744 3057 3795 3106 et

2201 3120 2556 3192 Occidentali,
2586 3121 2683 3178 sed
2719 3136 2842 3192 uno,
2860 3118 3165 3192 eodemque
3186 3120 3274 3177 die
3298 3124 3489 3188 (sexto
3536 3122 3795 3178 nimirum

2201 3191 2464 3263 Januarii,
2495 3207 2604 3263 quo
2634 3192 2721 3249 die
2768 3191 3108 3263 celebramus
3148 3207 3251 3247 nos
3282 3192 3645 3263 Epiphaniam
3679 3195 3794 3249 Do-

2203 3261 2355 3335 mini,
2389 3278 2485 3319 seu
2513 3261 2719 3319 festum
2752 3262 2943 3319 Trium
2988 3265 3231 3335 Regum)
3262 3261 3525 3319 celebrari
3563 3279 3793 3321 consue-

497 3328 703 3407 n_i_eudi,
746 3328 805 3387 ut
842 3330 889 3407 is
927 3328 1111 3407 certus
1154 3343 1430 3407 statusque
1469 3334 1723 3407 omnibus
1751 3342 1936 3399 esset;
1963 3348 2089 3389 cum
2124 3338 2169 3402 C
2204 3328 2365 3400 visse’;
2392 3343 2703 3407 utconstat
2728 3334 2892 3390 etiam
2918 3350 2980 3389 ex
3008 3328 3228 3389 homﬂia
3265 3336 3328 3407 Β.
3364 3335 3593 3391 Joannis
3620 3335 3798 3407 Chry-

496 3401 703 3484 alioqui
756 3403 1059 3484 periculum
1097 3401 1402 3484 immineret
1424 3422 1495 3484 ἐξ
1524 3406 1734 3462 diversa
1781 3415 2093 3484 temporum
2143 3401 2155 3402 ί
2201 3406 2435 3484 sostomi
2462 3406 2515 3461 in
2544 3422 2661 3484 cap.
2690 3421 2755 3484 _u
2801 3406 3392 3484 Eucaz_(_1_‘omo_li),et
3429 3423 3491 3484 es
3521 3401 3799 3484 prooemip

498 3475 900 3545 supputatione,
946 3490 1069 3545 qua:
1098 3493 1127 3532 a
1170 3477 1395 3532 diversis
1420 3478 1668 3545 iniretur,
1696 3485 1758 3532 ut
1804 3475 1934 3532 licet
1972 3475 2094 3531 ﬁde-

497 3542 583 3614 les
607 3542 812 3600 omnes
838 3546 924 3600 die
951 3542 1231 3603 dominico
1271 3547 1477 3604 Pascha
1524 3542 1879 3614 celebrarent,
1912 3555 2095 3602 tamen

498 3613 730 3668 diversis
770 3615 823 3669 id
860 3614 1055 3671 facturi
1093 3626 1273 3672 essent
1312 3617 1505 3671 diebus
1552 3613 1872 3671 dominicis.
1895 3619 2097 3682 Quam-

498 3685 696 3756 obrem,
727 3683 801 3737 ait
830 3686 1094 3740 Baronius
1116 3690 1286 3751 (Tom.
1312 3688 1387 3739 IlI
1406 3687 1610 3741 Annal.
1642 3692 1750 3740 art.
1789 3688 1936 3756 325),
1958 3687 2100 3755 quod

501 3754 745 3826 omnibus
773 3759 1040 3811 constaret
1068 3773 1137 3811 ea-
1159 3758 1537 3825 antiquissimo
1565 3761 1798 3826 tempore
1825 3754 2099 3826 Egyptws

501 3825 639 3880 hanc
641 3828 973 3895 peculiarem
983 3829 1095 3882 sibi
1109 3829 1410 3882 vindicasse
1423 3825 1721 3890 scientiam,
1741 3832 1805 3881 ut
1817 3831 1953 3882 anni
1970 3833 2100 3882 tem-

492 3912 634 3968 pora
646 3914 843 3953 necnon
867 3900 994 3954 solis
1007 3904 1058 3954 et
1086 3901 1228 3953 Iunce
1247 3914 1461 3955 cursum
1484 3901 1916 3968 pervestigarent
1936 3917 1953 3965 ;
1974 3900 2101 3969 pla-

500 3971 613 4023 cuit
630 3976 826 4024 sanctae
835 3971 1035 4040 synodo
1052 3973 1109 4024 in
1124 3972 1500 4027 Alexandrum
1516 3972 1759 4027 Ecclesiae
1768 3972 2100 4027 Alexandri-

499 4055 582 4094 nte
601 4043 908 4111 episcopum
922 4043 1056 4097 hanc
1083 4058 1270 4097 curam
1297 4042 1568 4113 conjicere,
1597 4045 1714 4112 qui,
1729 4043 1993 4097 adhibitis
2014 4058 2100 4097 se-

499 4126 619 4165 cum
646 4114 776 4166 viris
796 4114 1106 4169 calculandi
1116 4116 1478 4183 peritissimis,
1497 4115 1759 4170 creditum
1782 4115 1889 4169 sibi
1906 4128 2101 4169 munus

502 4183 793 4253 diligenter
818 4187 1066 4240 eesolvit.
1110 4186 1213 4241 Sed
1240 4190 1291 4240 et
1326 4201 1681 4241 successorum
1708 4186 2102 4242 Alexandrinae

500 4255 747 4310 Ecclesiae
771 4259 1136 4326 episc0porum
1154 4260 1208 4312 S.
1242 4258 1480 4326 synodus
1497 4258 1666 4311 voluit
1692 4272 1801 4311 esse
1826 4257 1886 4310 id
1905 4272 2098 4310 mune-

502 4327 582 4397 ris
602 4332 653 4380 et
683 4329 871 4393 ofﬁcii,
896 4333 958 4380 ut
981 4343 1084 4395 quo
1096 4330 1435 4395 potissimum
1462 4329 1549 4383 die
1560 4330 1791 4397 singulis
1813 4329 1969 4381 annis
1980 4327 2099 4381 cele-

506 4396 771 4468 brandum
798 4399 1002 4450 Pascha
1050 4400 1213 4463 foret,
1261 4402 1515 4454 Romanae
1560 4401 1803 4453 Ecclesiae
1840 4400 2097 4468 episcopis

497 4467 739 4538 prirnum
754 4468 1135 4538 signiﬁcarent,
1158 4470 1394 4535 aquibus
1411 4469 1630 4538 reliquae
1654 4485 1829 4523 omnes
1852 4467 2096 4525 Ecclesiae

504 4537 751 4589 certiores
784 4537 1151 4590 redderentur.
1180 4540 1316 4592 Hinc
1328 4540 1386 4594 8.
1418 4537 1532 4593 Leo
1545 4541 1756 4607 primus
1768 4539 1842 4593 ad
1867 4542 2099 4596 Martia—

502 4621 635 4661 num
662 4608 908 4675 imperat.
939 4608 1175 4662 scribens
1213 4608 1405 4678 (Epist.
1435 4608 1524 4677 64)
1555 4627 1567 4663 :
1598 4610 1869 4673 Paschale,
1896 4613 2095 4679 inquit,

503 4679 724 4746 festum,
752 4695 854 4748 quo
899 4680 1301 4735 Sacramentum
1349 4680 1540 4734 salutis
1567 4681 1810 4735 humanae
1863 4683 2098 4738 matrima

501 4753 817 4819 continetur,
854 4753 1096 4822 quamvis
1124 4753 1181 4805 in
1194 4753 1373 4821 primo
1393 4767 1598 4821 semper
1631 4767 1806 4807 mense
1832 4753 2093 4807 celebran-

502 4822 632 4894 dum
655 4825 762 4888 sit;
788 4826 869 4876 ita
886 4829 1064 4894 tame]:
1083 4831 1159 4878 est
1173 4824 1378 4878 lunaris
1394 4839 1586 4878 cursus
1612 4824 1908 4879 conditione
1928 4830 2096 4879 muta-

500 4893 624 4965 bile,
652 4897 713 4945 ut
747 4896 1062 4964 plerumque
1096 4898 1457 4950 sacratissimi
1490 4895 1602 4950 diei
1619 4896 1879 4965 ambigua
1911 4901 2096 4952 currat

497 4963 697 5038 electio,
722 4968 787 5038 et_
810 4979 877 5017 ea:
915 4963 1009 5038 hoc
1039 4968 1146 5038 ﬁat
1170 4967 1503 5037 plerumque,
1541 4968 1685 5038 quod
1703 4963 1808 5023 non
1856 4969 1994 5032 licet,
2031 4974 2094 5024 ut

494 5048 600 5088 non
626 5034 787 5088 simul
805 5037 985 5108 omnis
1031 5034 1265 5108 Ecclesia
1303 5034 1445 5108 quod
1486 5034 1592 5094 non
1638 5042 1751 5095 nisi
1779 5056 1950 5095 unum
1984 5055 2093 5096 esse

492 5109 730 5175 oporteat
764 5105 1016 5179 observet.
1068 5105 1330 5163 Studueré
1394 5112 1576 5179 itaque
1604 5113 1697 5168 SS.
1734 5114 1917 5167 Patres
1942 5127 2095 5167 occa-

490 5179 694 5233 sionem
709 5177 870 5247 hujus
889 5179 1088 5232 erroris
1107 5179 1342 5247 auferre,
1374 5177 1577 5236 omnem
1602 5183 1744 5236 hanc
1763 5199 1949 5236 curam
1971 5184 2095 5237 Ale-

490 5250 768 5322 xandrino
799 5251 1039 5318 episcopo
1067 5248 1366 5318 delegantes
1397 5270 1415 5306 :
1447 5256 1702 5322 quoniam
1728 5253 1877 5321 apud
1921 5256 2092 5319 [Egy-

481 5323 631 5388 ptios
647 5320 810 5388 hujus
818 5321 1214 5388 supputationis
1227 5320 1531 5393 antiquitus
1545 5324 1749 5378 tradita
1762 5320 1813 5377 es
1821 5337 1875 5376 se
1889 5323 2092 5393 videba-

489 5394 582 5444 tur
601 5393 824 5461 peritia,
838 5406 940 5461 per
958 5407 1120 5461 quam
1139 5396 1237 5462 qui
1248 5392 1405 5449 annis
1428 5395 1657 5461 singulis
1684 5393 1799 5445 dies
1812 5392 2089 5461 praedictae

486 5463 840 5535 solemnitatis
866 5465 1115 5527 eveniret,
1137 5466 1254 5519 sedi
1296 5466 1596 5535 apostolicae
1633 5464 1985 5527 indicaretur,
2036 5470 2088 5521 et

488 5532 648 5601 hujus
675 5537 865 5603 scripti
896 5536 970 5590 ad
998 5532 1407 5606 longinquiores
1433 5536 1692 5592 Ecclesias
1718 5536 1976 5591 indicium
1996 5552 2086 5605 ge-

485 5606 743 5678 neraliter
764 5613 1118 5678 percurreret.
1155 5610 1285 5665 Haec
1323 5612 1379 5665 8.
1424 5610 1558 5663 Leo.
1616 5607 1874 5678 Ejusdem
1919 5609 2087 5665 moris

484 5673 733 5750 meminit
772 5675 941 5750 etiam
1001 5680 1296 5750 concilium
1330 5673 1673 5750 Arelatense'
1695 5677 1935 5750 primum
1963 5694 2080 5750 cap.

486 5747 972 5819 l,etlnuocentius
999 5749 1044 5814 l,
1090 5754 1250 5819 epist.
1296 5756 1344 5814 ι.
1385 5749 1453 5804 ad
1485 5747 1785 5805 Aurelium.
1833 5747 2082 5807 Perseve-

485 5818 625 5873 ravit
655 5824 843 5872 autem
882 5833 1001 5874 mos
1047 5818 1145 5876 iste
1181 5820 1272 5876 diu
1306 5821 1360 5876 in
1412 5820 1648 5879 Ecclesia
1696 5820 2082 5887 Alexandrina,

2202 3476 2480 3548 paschalis
2514 3475 2757 3547 epiStolm
2801 3475 3087 3548 Theophili
3129 3476 3366 3548 episcopi
3423 3475 3799 3547 Aleiandrini,

2204 3546 2348 3621 unde
2378 3546 2790 3621 verisimileAest
2837 3546 3474 3621 Cassianum'_accepisse
3520 3549 3669 3621 quod
3713 3546 3803 3606 hic

2206 3616 2397 3688 refert,
2421 3618 2588 3688 Cujus
2624 3618 2789 3673 etiam
2816 3618 3225 3675 consuetudinis
3252 3616 3505 3676 meminit
3536 3616 3806 3678 'lsidorus

2206 3688 2297 3763 l_ib.
2323 3704 2343 3743 ι
2368 3687 2436 3763 de
2455 3687 2678 3763 Ofﬁciis
2706 3688 3098 3763 Ecclesiasticis
3118 3691 3268 3760 (Cap.
3300 3693 3405 3763 16),
3433 3690 3568 3763 dum
3592 3692 3707 3763 agit
3722 3691 3814 3763 _de

2205 3758 2705 3832 festo_Epiphania:.
2735 3762 2811 3832 In
2824 3776 2930 3832 qua
2956 3760 3140 3817 itidem
3165 3758 3417 3817 sententia
3441 3759 3611 3816 fuisse
3628 3758 3809 3819 'vide-

2205 3837 2298 3883 tur
2336 3830 2391 3883 S.
2426 3830 2752 3901 Epiphanius
2800 3830 2996 3889 hieresi
3040 3838 3102 3888 51
3156 3832 3388 3888 scribens
3428 3839 3621 3887 natum
3668 3846 3814 3891 esse

2203 3902 2505 3975 Dominum
2535 3902 2821 3975 undecima
2847 3904 2951 3975 _die
2985 3903 3190 3960 mensis
3223 3903 3345 3959 Tuli
3382 3904 3492 3973 (qui
3521 3901 3668 3975 apud
3690 3918 3813 3963 nos

2203 3980 2286 4052 est
2310 3971 2423 4052 dies
2455 3973 2805 4052 Epiphaniae),
2845 3973 3182 4052 baptizatum
3216 3971 3401 4052 autem
3422 3971 3812 4052 antepartum

2204 4043 2327 4117 idus
2358 4043 2699 4117 Novembris.
2736 4043 2946 4101 Verum
2974 4046 3112 4102 hanc
3150 4047 3461 4117 opinionem
3500 4044 3699 4101 refellit
3743 4048 3803 4103 S.

2205 4114 2577 4189 Hieronymus
2585 4116 2644 4189 _in
2665 4116 3075 4189 commentario
3105 4114 3270 4185 super
3292 4118 3628 4173 Ezechielem
3656 4118 3803 4189 (Lib.

2210 4200 2230 4239 ι
2252 4202 2367 4255 cap.
2408 4186 2478 4257 1),
2503 4195 2557 4241 et
2585 4186 2824 4261 hacipsa
2846 4186 2937 4243 die
2962 4188 3296 4261 baptizatum
3329 4186 3670 4261 Dominum,
3686 4204 3810 4245 non

2205 4264 2393 4331 autem
2431 4256 2631 4331 natum,
2651 4256 2894 4314 afﬁrmat
2920 4279 2932 4314 :
2959 4256 3129 4331 Apud
3157 4262 3475 4323 On'entales,
3500 4260 3678 4331 inquit
3695 4276 3809 4331 po-

2198 4328 2375 4401 pulos,
2397 4335 2519 4401 post
2535 4330 2884 4384 collectionem
2905 4328 3150 4401 frugum,
3174 4337 3224 4386 et
3242 4334 3555 4399 toreularia,
3575 4328 3808 4401 quando

2203 4398 2420 4473 decimae
2434 4400 2811 4466 deferebantur
2831 4404 2892 4456 in
2920 4398 3193 4472 templum,
3214 4404 3435 4459 October
3462 4398 3806 4473 eratprimus

2203 4471 2417 4543 mensis,
2448 4473 2839 4543 etiAJanuarius
2867 4471 3115 4543 quartus.
3149 4474 3405 4540 Quintam
3448 4471 3631 4528 autem
3657 4474 3805 4528 diem

2210 4542 2406 4594 mensis
2433 4541 2689 4611 adjungit
2716 4541 3023 4614 (propheta)
3042 4547 3106 4599 ui
3124 4547 3390 4614 signiﬁcet
3421 4546 3712 4615 baptisma,
3739 4546 3805 4598 in

2206 4625 2311 4680 quo
2331 4616 2510 4681 aperti
2523 4619 2648 4669 sunt
2662 4615 2868 4670 Christo
2890 4617 3025 4679 cazli,
3041 4620 3093 4670 et
3110 4618 3541 4686 Epiphaniomm
3563 4616 3677 4670 dies
3686 4615 3811 4670 huc-

2125 4704 2174 4767 ι)
2204 4696 2372 4765 usque
2391 4686 2702 4770 venerabilis
2724 4691 2800 4769 est
2823 4702 2987 4770 ;pon,
3019 4686 3328 4770 ut‘quidam
3354 4692 3572 4770 putant,
3599 4687 3808 4770 natalis

2203 4755 2261 4806 in
2287 4770 2463 4829 carne,
2496 4760 2620 4811 tunc
2649 4760 2791 4811 enim
2814 4755 3158 4813 absconditus
3185 4764 3281 4822 est,
3315 4755 3374 4813 et
3393 4775 3497 4813 non
3521 4760 3806 4829 apparuit,

2204 4826 2345 4894 quod
2367 4828 2488 4881 huic
2535 4832 2761 4898 tempori
2784 4832 3025 4897 congruit
3062 4830 3283 4899 quando
3319 4831 3519 4884 dictum
3551 4826 3636 4884 est
3662 4848 3680 4882 :
3709 4832 3811 4885 Hi3:

2202 4901 2279 4951 est
2302 4899 2638 4972 Filiusmeus
2657 4899 2899 4963 dilectus,
2926 4902 2987 4972 in
2997 4916 3098 4970 quo
3110 4902 3248 4955 mihi
3265 4902 3565 4972 complacui
3583 4901 3806 4972 (Matth.

2203 4972 2312 5039 tu).
2337 4971 2416 5024 Ita
2445 4970 2824 5039 Hieronymus.
2875 4971 2971 5027 Cui
3001 4972 3284 5027 sententiae
3327 4970 3598 5028 inhaerens
3643 4970 3809 5025 Occi-

2200 5037 2435 5114 dentalis
2466 5037 2702 5114 Ecclesia
2729 5111 2742 5114 _
2759 5057 2863 5096 una
2892 5041 3191 5114 eademque
3218 5043 3325 5109 die,
3363 5059 3530 5114 quam
3555 5039 3803 5114 Epipha-

2202 5110 2349 5165 niam
2383 5112 2633 5186 appellat,
2680 5111 2971 5186 adventum
3021 5110 3337 5186 magorum,
3368 5110 3565 5170 Christi
3605 5110 3811 5186 bapti-

2200 5195 2409 5249 smum,
2437 5191 2493 5237 et
2519 5185 2757 5254 primum
2790 5184 2923 5240 illud
2956 5183 3164 5254 insigne
3205 5185 3531 5240 miraculum
3586 5183 3806 5251 recolit,

2199 5267 2324 5307 cum
2354 5269 2555 5324 aquam
2585 5255 2835 5311 Christus
2857 5256 3089 5311 mutavit
3115 5257 3168 5311 in
3193 5257 3402 5311 vinum.
3427 5256 3529 5312 Sed
3571 5262 3626 5310 et
3649 5255 3811 5311 Grai-

2199 5338 2389 5379 corum
2416 5326 2594 5380 caeteri
2624 5326 2833 5382 Latinae
2883 5327 3139 5384 Ecclesiae
3166 5329 3561 5384 consentientes
3608 5324 3814 5381 distin-

2198 5408 2362 5475 guere
2403 5405 2607 5475 norunt
2646 5399 2885 5453 natalem
2927 5398 3074 5475 diem
3126 5400 3345 5475 D_om_i_ni
3372 5415 3408 5475 ha
3455 5396 3814 5475 solemnitate

2202 5465 2538 5541 Epiphaniae,
2582 5476 2645 5523 ut
2677 5477 2823 5539 patet
2851 5485 2921 5525 ex
2955 5470 3221 5541 Gregorio
3256 5471 3508 5526 Nazianz.
3542 5469 3725 5541 (Orat.
3749 5471 3812 5523 in

2197 5536 2398 5610 Christi
2418 5536 2743 5610 Nativitate)
2768 5548 2823 5596 et
2843 5540 2960 5597 aliis
2984 5536 3193 5598 Grézcis
3220 5543 3491 5598 Patribus.
3539 5536 3804 5597 Alterum

2195 5609 2346 5685 quod
2370 5610 2457 5685 hic
2487 5609 2753 5685 traditur,
2771 5612 2874 5685 hoc
2903 5621 3007 5685 est,
3038 5614 3214 5670 moris
3238 5612 3403 5671 fuisse
3428 5613 3529 5668 hac
3555 5612 3675 5685 ipsa
3716 5611 3811 5669 die

2195 5681 2521 5767 Epiphaniae
2543 5697 2636 5738 seu
2664 5682 3093 5767 Epiphanio-rum
3111 5686 3349 5767 epistola
3387 5681 3592 5767 scripta
3614 5686 3684 5767 ξδ-
3695 5698 3810 5767 pa-

2192 5751 2426 5828 triarcha
2458 5751 2832 5828 Alexandrino
2858 5755 3088 5828 initium
3104 5751 3558 5828 Quadragesim'ze
3577 5765 3634 5828 et
3650 5751 3809 5828 diem

2196 5822 2400 5879 Pascha
2425 5839 2521 5895 per
2545 5825 2846 5892 universas,
2877 5842 2992 5884 non
3014 5822 3197 5886 solum
3228 5822 3468 5902 .IEgS'pti,
3497 5827 3595 5887 s'ed
3624 5826 3797 5883 totius
