4048 6208
390 302 492 360 823

1467 298 1748 356 JOANNlS
1783 284 2085 355 dASSlANl
2122 294 2617 355 COLLATIONES.

3590 298 3705 354 82}

391 424 605 499 Egypti
634 424 982 481 monasteriis
1004 424 1448 498 praeminebant,
1486 424 1560 481 ita
1596 435 1679 481 est
1716 424 1835 481 hac
1863 422 1984 495 epi-
2010 426 2065 489 Α
2090 430 2226 492 tem,
2256 438 2601 503 nequaquam
2643 440 2814 498 usque
2845 424 2910 482 ad
2942 425 3105 481 ﬁnem
3130 423 3342 481 deviare
3364 423 3640 481 Dominus
3662 438 3696 480 a

390 520 533 577 stola
563 518 818 587 refutata,
843 524 903 575 ut
925 527 1120 592 prater
1152 518 1407 574 abbatem
1436 520 1461 551 ⁸
1490 518 1857 591 Paphnutium
1881 534 1985 575 no-

388 621 520 672 stra
547 612 979 687 congregationis
1006 611 1383 684 presbyterum
1402 652 1416 679 ,
1446 612 1629 669 nullus
1662 628 1781 669 eam
1816 620 1985 669 cate-

387 724 581 767 rorum
609 706 1050 778 presbyterorum
1084 704 1177 778 qui
1211 703 1267 761 in
1294 704 1487 763 eadem
1525 721 1707 763 eremo
1744 705 1863 763 aliis
1891 705 1988 763 tri-

382 801 488 858 bus
530 798 783 856 Ecclesiis
839 797 1239 871 prasidebant,
1290 814 1392 856 nec
1430 799 1531 873 legi
1584 798 1834 872 quidem,
1887 806 1984 855 aut

382 893 595 954 recitari
619 894 678 949 in
696 893 805 950 suis
833 894 1189 951 conventibus
1212 908 1437 967 prorsus
1464 894 1839 952 admitterent.

995 989 1236 1046 CAPUT
1271 990 1370 1044 IlI.

380 1080 643 1153 Serapion
675 1084 735 1137 in
781 1082 1460 1153 Anthropomorphitarum
1483 1083 1727 1139 liceresim
1770 1082 1977 1153 lapsus.

453 1178 602 1234 Inter
627 1176 727 1233 hos
745 1191 874 1250 ergo
894 1177 983 1248 qui
1010 1176 1117 1233 hoc
1134 1176 1519 1233 detinebantur
1536 1192 1740 1246 errore,
1762 1175 1869 1232 fuit
1886 1191 1984 1231 an-

381 1269 699 1344 tiquissima
725 1264 752 1303 ¹³
790 1269 1141 1328 districtionis
1179 1278 1341 1341 atque
1372 1271 1428 1326 in
1456 1270 1654 1326 actuali
1696 1268 1978 1342 disciplina

382 1382 480 1441 per
520 1366 706 1423 omnia
736 1375 1170 1435 consummatus,
1200 1365 1419 1421 nomine
1448 1374 1469 1401 °
1509 1364 1789 1438 Serapion,
1820 1365 1980 1437 cujus

382 1460 847 1534 imperitiasuper
873 1459 1119 1533 pradicti
1166 1458 1437 1532 dogmatis
1466 1459 1721 1530 opinione
1759 1466 1974 1525 tantum

380 1556 775 1632 prajudicabat
801 1557 1011 1611 cunctis
1041 1569 1223 1610 veram
1252 1551 1565 1610 tenentibus
1586 1551 1781 1623 ﬁdem,
1806 1567 1983 1625 quan-

382 1658 502 1709 tum
541 1651 654 1722 ipse
692 1650 774 1707 vel
817 1650 945 1707 vita
986 1649 1180 1705 merito
1229 1647 1314 1704 vel
1355 1646 1673 1719 antiquitate
1720 1646 1982 1719 temporis

382 1761 580 1804 omnes
606 1745 722 1802 fere
757 1730 1068 1802 monachos
1112 1742 1375 1800 anteibat.
1421 1742 1667 1813 Cumque
1696 1740 1781 1797 hic
1810 1740 1980 1798 sancti

2091 520 2311 576 tramite
2365 527 2526 576 recta
2576 519 2699 578 ﬁdei
2743 520 3096 593 permisisset,
3142 526 3198 576 et
3248 534 3349 591 pro
3393 518 3696 591 gratiarum

2092 612 2307 669 actione
2353 622 2642 686 surgentes
2671 628 2856 685 preces
2904 612 3144 669 Domino
3167 611 3372 686 pariter
3422 609 3595 668 funde
3606 621 3709 667 re-

2092 722 2236 771 mus,
2263 706 2338 763 ita
2362 715 2446 764 est
2472 707 2529 763 in
2568 706 2816 764 oratione
2863 721 3025 763 senex
3071 713 3256 762 mente
3286 703 3585 770 confusus,
3626 719 3699 762 eo

2092 800 2242 876 quod
2282 805 2305 834 °
2330 801 2479 859 illam
2518 800 3215 876 Anthropomorphitarum
3240 798 3538 885 imaginem
3561 799 3703 857 Dei-

2091 896 2241 965 tatis,
2274 912 2440 970 quam
2479 911 2782 969 proponere
2811 896 2910 953 sibi
2938 896 2994 952 in
3022 883 3274 952 oratione
3310 883 3695 962 consueverat,

2091 989 2299 1048 aboleri
2328 990 2397 1047 de
2424 1006 2524 1047 suo
2557 990 2721 1047 corde
2755 990 3009 1059 sentiret,
3036 997 3097 1047 ut
3126 989 3184 1045 in
3209 988 3577 1045 amarissimos
3597 987 3704 1045 ﬁe-

2091 1091 2179 1141 tus
2216 1085 2546 1158 crebrosque
2585 1084 2857 1157 singultus
2903 1089 3129 1157 repente
3178 1098 3538 1155 prorumpens
3556 1125 3572 1152 ,
3624 1081 3684 1138 in

2089 1187 2401 1251 terramque
2425 1185 2747 1251 prostratus,
2783 1193 2911 1234 cum
2942 1176 3144 1250 ejulatu
3179 1173 3508 1232 validissimo
3548 1190 3691 1248 pro-

2090 1273 2374 1341 clamaret,
2422 1275 2544 1330 Heu
2572 1288 2667 1330 me
2707 1273 2995 1329 miserum!
3030 1270 3271 1327 tulerunt
3306 1286 3339 1325 a
3380 1284 3468 1325 me
3506 1270 3700 1325 Deum

2090 1383 2301 1437 meum,
2332 1376 2389 1425 et
2415 1383 2580 1441 quem
2605 1367 2753 1424 hunc
2782 1374 2997 1423 teneam
3025 1380 3136 1421 non
3178 1362 3375 1427 habeo,
3403 1363 3486 1420 vel
3516 1377 3687 1436 quem

2089 1460 2314 1520 adorem
2360 1470 2457 1519 aut
2494 1462 2837 1534 interpellem
2867 1459 2985 1533 jam
3030 1457 3237 1515 nescio.
3282 1458 3464 1530 Super
3505 1472 3613 1529 qua
3639 1471 3706 1514 re

2089 1556 2244 1613 valde
2283 1555 2551 1629 permoti,
2584 1571 2687 1612 nec
2710 1571 2821 1611 non
2868 1554 3031 1611 etiam
3061 1551 3347 1626 praterita
3376 1551 3685 1608 collationis

2089 1648 2287 1706 virtute
2309 1648 2489 1706 adhuc
2534 1650 2591 1705 in
2626 1648 2833 1704 nostris
2865 1644 3121 1704 cordibus
3152 1645 3458 1712 insidente,
3488 1645 3562 1701 ad
3586 1644 3691 1701 ab-

2090 1742 2275 1800 batem
2303 1746 2455 1800 Isaac
2483 1740 2805 1809 redivimus,
2838 1755 3002 1814 quem
3025 1739 3279 1797 cominus
3301 1739 3567 1796 intuentes
3597 1737 3693 1794 his

382 1839 678 1914 presbyteri
706 1840 999 1912 Paphnutii
1029 1837 1227 1894 multis
1260 1835 1734 1894 adhortationibus
1761 1834 1830 1892 ad
1865 1843 1979 1891 tra-
2014 1847 2062 1910 Β
2093 1834 2436 1892 sermonibus
2478 1833 2659 1892 adorsi
2689 1848 2901 1890 sumus.

382 1934 574 1991 mitem
616 1943 780 1991 recta
808 1933 932 1991 ﬁdei
962 1947 1076 1989 non
1103 1939 1285 2004 posset
1321 1930 1546 2001 adduci,
1588 1946 1653 1987 eo
1689 1928 1837 2001 quod
1879 1945 1982 1985 no-

382 2027 520 2084 vella
545 2028 593 2083 ei
622 2029 741 2085 hac
773 2026 1052 2101 persuasio
1082 2041 1181 2082 nec
1202 2024 1271 2081 ab
1300 2023 1662 2080 anterioribus
1696 2021 1983 2095 aliquando

384 2128 665 2193 comperta
711 2121 793 2175 vel
845 2120 1041 2175 tradita
1101 2117 1395 2187 videretur,
1439 2117 1632 2174 accidit
1658 2126 1719 2173 ut
1754 2117 1981 2190 quidam

381 2213 646 2272 diaconus
686 2210 924 2268 summa
973 2210 1212 2268 scientia
1250 2213 1334 2269 vir
1366 2216 1592 2268 nomine
1619 2199 1645 2243 ά
1688 2210 1983 2281 Photinus,

383 2302 658 2362 desiderio
682 2303 894 2360 videndi
922 2302 1118 2360 fratres
1150 2305 1241 2377 qui
1266 2305 1320 2360 in
1358 2319 1543 2360 eremo
1591 2304 1782 2361 eadem
1824 2319 1981 2361 com-

383 2398 696 2463 manebant,
725 2398 792 2455 de
819 2397 1182 2472 Cappadocia
1207 2398 1451 2472 partibus
1478 2398 1774 2456 adveniret.
1805 2399 1982 2469 Quem

384 2493 577 2551 beatus
618 2491 955 2566 Paphnutius
994 2508 1211 2550 summa
1249 2494 1614 2565 gratulatione
1650 2494 1980 2565 suscipiens,

384 2587 453 2646 ad
482 2587 954 2646 conﬁrmationem
984 2587 1107 2645 ﬁdei
1132 2603 1254 2662 qua
1282 2571 1463 2645 fuerat
1489 2588 1731 2662 praedicti
1758 2586 1984 2660 pontiﬁ-

386 2682 465 2740 cis
492 2681 683 2739 litteris
720 2681 1135 2755 comprehensa,
1164 2680 1470 2755 producens
1499 2682 1552 2739 in
1583 2681 1850 2752 medium,
1886 2697 1982 2739 σου

383 2793 503 2835 ram
552 2778 762 2836 cunctis
814 2777 1079 2835 fratribus
1131 2778 1458 2847 sciscitatur,
1515 2777 1982 2851 quemadmodum

382 2872 514 2931 illud
547 2872 692 2946 quod
720 2873 777 2929 in
815 2873 1014 2930 Genesi
1054 2872 1273 2941 dicitur,
1302 2876 1584 2929 Faciamus
1612 2874 1876 2928 hominem
1907 2872 1984 2926 ad

381 2970 669 3039 imaginem
695 2971 749 3023 et
774 2966 1187 3024 similitudinem
1210 2970 1448 3021 nostram
1468 2965 1672 3036 (Gates.
1699 2967 1767 3031 ι),
1799 2960 1985 3019 catho-

384 3060 501 3119 lica
524 3063 690 3118 totius
721 3060 958 3117 Orientis
981 3060 1469 3129 interpretarentur
1499 3057 1775 3113 Ecclesia.
1812 3057 1986 3113 Cum-

384 3168 490 3228 que
516 3156 605 3211 ille
644 3171 759 3211 non
796 3150 1098 3208 secundum
1122 3150 1387 3205 humilem
1411 3150 1602 3206 littera
1625 3164 1822 3206 sonum
1841 3190 1857 3216 ,
1887 3151 1982 3208 sed

2697 1940 2935 1996 CAPUT
2973 1938 3070 1993 ιγ.

2163 2040 2239 2094 De
2255 2035 2435 2092 reditu
2453 2035 2527 2090 ad
2545 2035 2791 2090 abbatem
2810 2036 2984 2101 Isaac,
3005 2038 3057 2090 et
3075 2034 3397 2090 discussione
3415 2031 3626 2089 erroris

2337 2141 2347 2148 -
2417 2122 2574 2178 quem
2608 2120 2768 2161 senem
2788 2106 3087 2177 praedictus
3109 2106 3363 2160 incurrit.

2168 2199 2318 2257 Licet
2358 2216 2461 2257 nos
2487 2199 2605 2273 ejus
2639 2199 2716 2257 rei
2749 2215 2873 2273 qua
2897 2215 3071 2274 nuper
3098 2198 3292 2256 oborta
3334 2206 3421 2255 est
3449 2198 3692 2265 novitas,

2092 2302 2149 2351 et
2191 2296 2477 2367 praterita
2519 2295 2856 2352 collationis?
2876 2310 3000 2368 qua
3029 2310 3196 2368 super
3243 2294 3509 2351 orationis
3536 2301 3685 2351 statu

2093 2390 2297 2463 digesta
2326 2399 2428 2459 est,
2468 2389 2797 2447 desiderium
2840 2405 3121 2447 recurrere
3142 2390 3212 2448 ad
3243 2395 3398 2445 tuam
3430 2387 3672 2444 beatitu-

2093 2484 2275 2542 dinem
2314 2484 2635 2558 postpositis
2677 2484 2932 2542 omnibus
2957 2484 3234 2554 invitaret,
3265 2482 3459 2556 adjecit
3489 2490 3684 2539 tamen

2090 2579 2290 2652 aliquid
2317 2578 2443 2635 huic
2477 2578 2754 2652 cupiditati
2793 2580 2960 2636 etiam
2986 2579 3196 2636 abbatis
3220 2577 3532 2649 Serapionis
3570 2584 3687 2633 tam

2092 2670 2264 2745 gravis
2283 2687 2456 2744 error,
2478 2671 2937 2744 nequissimorum
2967 2671 3055 2744 (ut
3076 2670 3438 2742 arbitramur)
3468 2667 3691 2725 damo-

2091 2780 2224 2821 num
2254 2764 2545 2823 calliditate
2573 2773 2895 2838 conceptus.
2942 2768 3070 2822 Non
3117 2764 3266 2821 enim
3308 2779 3474 2837 prava
3501 2762 3693 2834 despeo

2091 2857 2302 2914 ratione
2325 2858 2630 2931 dejicimur,
2654 2858 3059 2916 considerantes
3085 2873 3215 2914 eum
3244 2857 3453 2915 labores
3479 2863 3687 2920 tantos,

2091 2965 2230 3025 quos
2256 2967 2354 3024 per
2388 2952 2773 3026 quinquaginta
2810 2967 2983 3008 annos
3009 2953 3065 3007 in
3089 2951 3193 3008 hac
3219 2965 3406 3007 eremo
3442 2946 3697 3005 laudabi-

2092 3046 2214 3103 liter
2236 3045 2440 3120 exegit,
2471 3046 2792 3120 ignorantia
2821 3045 2986 3120 hujus
3029 3045 3158 3103 vitio
3186 3061 3299 3102 non
3336 3044 3517 3121 solum
3547 3042 3705 3117 peni-

2091 3148 2181 3197 tus
2206 3140 2528 3213 perdidisse,
2561 3140 2655 3197 sed
2680 3142 2844 3197 etiam
2872 3148 3149 3213 perpetua
3175 3140 3371 3196 mortis
3398 3138 3701 3196 incurrisse

384 3251 696 3324 spiritaliter
736 3244 1030 3319 imaginem
1066 3245 1161 3300 Dei
1206 3259 1269 3301 ac
1304 3243 1718 3301 similitudinem
1748 3242 1887 3300 tradi
1914 3243 1983 3300 ab
2019 3260 2064 3325 ο
2092 3233 2409 3291 discrimen.
2456 3235 2619 3292 Unde
2657 3251 2808 3308 ergO,
2862 3236 2943 3291 vel
2987 3251 3085 3291 cur
3123 3236 3175 3292 ei
3221 3234 3309 3290 hic
3348 3242 3464 3291 tam
3509 3234 3694 3308 gravis

385 3344 650 3402 universis
683 3340 1053 3398 Ecclesiarum
1085 3338 1416 3412 principibus
1436 3339 1774 3411 explanaret,
1820 3337 1978 3411 idque

2093 3343 2247 3386 error
2288 3329 2597 3402 irrepserit,
2650 3330 2893 3401 primum
2935 3329 3309 3386 desideramus
3351 3342 3695 3400 agnoscere;

386 3438 606 3508 copioso
634 3450 889 3493 sermone
930 3451 994 3491 ac
1020 3433 1270 3507 plurimis
1310 3432 1707 3506 Scripturarum
1738 3432 1985 3489 testimo-
2091 3419 2288 3479 deinde
2327 3436 2647 3495 quaesumus
2687 3422 2901 3479 edoceri
2942 3421 3408 3495 quemadmodum
3433 3421 3500 3477 ad
3532 3419 3691 3475 illam

384 3529 494 3584 niis
539 3529 887 3600 approbaret,
930 3544 1029 3584 nec
1063 3543 1222 3599 posse
1262 3527 1317 3582 in
1354 3526 1503 3582 illam
1550 3526 1878 3583 immensam
1929 3535 1985 3583 et
2091 3517 2352 3573 orationis
2394 3519 2743 3590 qualitatem,
2770 3517 2838 3573 de
2865 3532 2970 3589 qua
2996 3516 3207 3589 pridem
3239 3532 3349 3572 non
3380 3517 3560 3572 solum
3586 3528 3695 3571 00-

387 3620 994 3690 incomprehensihilem
1046 3630 1210 3691 atque
1248 3620 1573 3676 invisibilem
1635 3622 1977 3692 majestatem
2092 3610 2267 3683 piose,
2313 3611 2406 3667 sed
2463 3612 2629 3668 etiam
2682 3611 2967 3684 magniﬁce
3010 3610 3335 3683 disputasti.
3392 3610 3686 3682 Perveni"!

385 3711 589 3785 aliquid
616 3712 929 3784 hujusmodi
978 3711 1173 3767 cadere
1199 3711 1346 3783 quod
1368 3711 1608 3768 humana
1638 3712 1986 3785 compositio-
2092 3705 2387 3777 possimus.
2427 3707 2489 3760 tn
2518 3705 2625 3761 hoc
2651 3705 2798 3762 enim
2827 3704 3056 3777 profecit
3079 3707 3139 3762 in
3167 3705 3318 3761 nobis
3344 3703 3694 3761 admirabilis

384 3822 456 3865 ne
489 3808 661 3863 valeat
699 3822 762 3863 ac
803 3803 1157 3862 similitudine
1193 3805 1587 3874 circumscribi,
1617 3806 1816 3879 quippe
1859 3821 1982 3878 quae
2089 3798 2176 3854 illa
2205 3799 2449 3870 collatio,
2478 3806 2540 3855 ut
2562 3807 2844 3872 stuporem
2871 3798 3245 3856 tantummodo
3285 3797 3484 3853 mentis
3512 3797 3686 3852 incu-

385 3900 704 3973 incorporea
753 3908 808 3955 et
849 3899 1209 3972 incomposita
1257 3899 1595 3971 simplexque
1640 3907 1835 3955 natura
1880 3898 1980 3968 sit,

384 4010 615 4068 quaque
638 3996 781 4051 sicut
815 3994 987 4052 oculis
1025 3992 1378 4066 deprehendi,
1409 3993 1483 4050 ita
1511 4001 1694 4049 mente
1722 4009 1834 4049 non
1881 4009 1980 4049 va-

386 4088 493 4148 leat
518 4090 816 4159 aestimari;
847 4088 1071 4146 tandem
1111 4103 1297 4157 senex,
1325 4088 1513 4145 multis
1548 4104 1611 4144 ac
1639 4087 1979 4145 validissimis

383 4181 680 4241 doctissimi
714 4184 813 4241 viri
844 4182 1234 4241 assertionibus
1257 4191 1460 4251 motus,
1488 4182 1555 4239 ad
1600 4182 1764 4241 ﬁdem
1795 4184 1981 4241 catho-

382 4276 501 4334 lica
531 4262 837 4334 traditionis
884 4285 1151 4333 attractus
1197 4285 1300 4333 est.
1354 4278 1600 4350 Cumque
1645 4292 1809 4349 super
1877 4278 1982 4337 hoc

382 4372 501 4446 ejus
538 4388 760 4429 assensu
802 4371 1017 4428 inﬁnita
1054 4372 1137 4427 vel
1187 4372 1441 4428 abbatem
1486 4373 1854 4445 Paphnutium
1896 4376 1980 4433 vel

384 4481 489 4523 nos
520 4480 715 4520 omnes
756 4465 948 4520 latitia
981 4465 1317 4536 replevisset,
1365 4465 1517 4538 quod
1560 4467 1765 4524 scilicet
1802 4468 1975 4527 virum

382 4550 551 4613 tanfa
583 4556 919 4629 antiquitatis
957 4556 1234 4628 tantisque
1282 4558 1570 4614 virtutibus
1617 4575 1978 4617 consumma-

2090 3900 2250 3963 teret,
2279 3909 2391 3949 non
2418 3893 2888 3965 quemadmodum
2922 3910 3048 3952 eam
3092 3893 3341 3968 perﬁcere
3372 3889 3453 3947 vel
3477 3905 3690 3964 appreo

2090 3986 2328 4044 hendere
2356 3987 2680 4053 valeremus,
2709 3988 3042 4046 ostenderet.

2727 4093 2966 4149 CAPUT
2993 4093 3061 4147 V.

2087 4186 2373 4254 Responsio
2396 4185 2461 4241 de
2489 4186 2695 4256 origine
2721 4187 2973 4242 hareseos
2996 4189 3241 4258 superius
3268 4186 3680 4257 comprehensa.

2160 4284 2309 4338 Isaac
2338 4300 2351 4335 :
2382 4284 2505 4338 Non
2547 4290 2630 4339 est
2670 4282 2984 4340 mirandum
3021 4284 3307 4340 hominem
3345 4279 3695 4353 simplicissi-

2092 4388 2270 4443 mum,
2301 4383 2355 4431 et
2397 4373 2465 4430 de
2494 4374 2799 4432 substantia
2845 4392 2910 4434 ac
2944 4385 3138 4434 natura
3184 4376 3486 4433 divinitatis
3519 4388 3695 4430 num-

2067 4481 2254 4537 .quam
2281 4468 2494 4539 penitus
2532 4468 2830 4539 eruditum,
2861 4469 3176 4527 rusticitatis
3205 4469 3339 4527 vitio
3375 4477 3429 4525 et
3454 4480 3701 4526 consue-

2092 4559 2279 4615 tudine
2309 4559 2512 4616 erroris
2550 4562 2756 4635 antiqui
2810 4564 2979 4635 usque
3014 4579 3160 4621 nunc
3194 4563 3449 4631 detineri,
3484 4563 3566 4618 vel
3601 4560 3701 4618 de-

384 4658 524 4721 tum,
556 4649 823 4724 imperitia
853 4649 967 4707 sola
994 4657 1047 4705 et
1075 4650 1420 4722 simplicitate
1458 4652 1778 4708 rusticitatis
1806 4669 1982 4711 erran-
2013 4644 2064 4706 D
2092 4652 2196 4726 cipi
2215 4654 2469 4727 potuisse,
2495 4663 2570 4726 et,
2593 4664 2652 4713 ut
2670 4656 2741 4712 ita
2762 4657 2939 4714 dicam
2957 4658 3157 4728 verius,
3176 4658 3236 4714 in
3253 4672 3442 4715 errore
3462 4657 3703 4731 pristino

3706 4730 3735 4743 ο

1481 4807 1737 4863 ALARDI
1773 4808 1998 4866 ΟΑΖᾹΞΙ
2034 4808 2593 4866 COMMENTARIUS.
2638 4835 2645 4842 ι

452 4958 489 5026 ξ
524 4952 605 5003 De
647 4948 923 5026 quoalias
963 4963 1107 5020 sape
1148 4949 1395 5026 et__varia
1432 4951 1716 5026 occasione
1757 4953 1969 5026 egimus

383 5020 517 5093 (Lib.
566 5035 604 5074 v
644 5022 825 5075 Instit.
869 5036 997 5091 cap.
1030 5026 1118 5084 40,
1151 5022 1327 5077 collat.
1372 5026 1405 5076 4
1438 5036 1556 5093 cap.
1605 5023 1752 5094 t),et
1778 5020 1970 5081 r'ursus

383 5090 650 5147 agendum
679 5091 860 5147 collat.
894 5098 956 5147 18
982 5107 1099 5147 can.
1137 5098 1228 5146 t5.

378 5098 650 5165 agendum
679 5098 860 5156 collat,
894 5098 956 5147 18
982 5107 1099 5163 cap.
1137 5098 1228 5146 t5.

454 5157 481 5196 δ
502 5163 559 5219 ld
585 5172 688 5229 est,
715 5162 1043 5219 austeritatis
1072 5163 1150 5218 vel
1184 5162 1544 5221 abstinentia.

454 5245 475 5271 ο
508 5239 642 5291 Tres
668 5235 830 5308 hujus
866 5235 1102 5308 nominis
1135 5234 1645 5308 anachoretasalibi
1683 5235 1976 5308 designavi-

380 5320 526 5374 mus,
557 5322 587 5362 e
616 5305 812 5376 quibus
848 5306 1040 5361 tertius
1078 5306 1410 5376 Arsenoites,
1436 5305 1521 5360 cui
1546 5306 1728 5375 quinta
1759 5305 1974 5376 collatio

376 5377 446 5433 ab
493 5374 734 5456 Auctore
782 5376 1044 5456 tribuitur
1081 5374 1158 5456 de_
1204 5384 1329 5456 octo
1382 5374 1761 5456 principalibus
1807 5375 1974 5444 vitiis;

452 5464 538 5504 em
563 5447 784 5521 quidem
814 5447 985 5521 etiam
1015 5446 1265 5521 hoc‘loco
1293 5445 1566 5521 designari
1591 5445 1722 5521 mihi
1749 5460 1975 5517 persua-

414 5535 507 5586 eo,
560 5516 687 5576 cum
732 5519 939 5576 nullam
1003 5516 1708 5574 distinctioncm'indicarit
1756 5516 1978 5575 Auctor

373 5603 479 5662 qua
513 5589 758 5662 intelligi
814 5588 985 5661 possit
1023 5588 1190 5662 alium
1220 5604 1337 5645 esse
1383 5587 1450 5644 ab
1478 5603 1542 5643 eo
1572 5586 1661 5662 qui
1701 5587 1962 5662 hactenus

371 5659 688 5715 nominatus
702 5659 758 5715 et
771 5659 837 5715 ei
855 5660 1282 5729 praecedentibus
1296 5668 1481 5725 notus,
1503 5659 1594 5714 sed
1615 5659 1793 5729 potius
1819 5676 1965 5716 eum-

370 5729 496 5804 dem
508 5745 631 5804 esse
645 5745 709 5804 ex
726 5729 1006 5804 attributis
1022 5730 1068 5785 ei
1090 5730 1261 5804 titulis
1277 5730 1643 5804 colligendum
1660 5731 1959 5802 reliquerit.

438 5802 465 5839 α
490 5802 623 5871 Quis
671 5802 772 5856 iste
810 5800 1102 5864 Photinus,
1148 5800 1433 5856 incertum'
1465 5801 1659 5857 habeo.
1706 5800 1789 5857 At
1816 5811 1963 5860 certe

366 5888 479 5931 non
508 5870 597 5931 ille
635 5870 1027 5940 haresiarcha,
1071 5872 1139 5926 de
1175 5886 1286 5942 quo
1322 5871 1430 5929 div.
1483 5873 1851 5947 Hieronymus
1906 5874 1961 5930 iu

2081 4952 2365 5028 Catalogo,
2395 4962 2452 5028 et
2478 4955 2728 5010 Socrates
2757 4954 2845 5011 lib.
2876 4971 2917 5010 ιι
2958 4971 3076 5028 cap.
3110 4962 3176 5023 3;
3227 4971 3327 5028 nec
3351 4957 3443 5013 ille
3472 4971 3699 5013 rursum

2080 5024 2346 5099 Photinus
2367 5026 2650 5097 episcopus
2670 5034 2725 5082 et
2747 5036 2959 5099 martyr
2985 5024 3157 5083 multo
3179 5027 3475 5099 antiquior,
3499 5036 3689 5099 utpote

2080 5096 2267 5171 irenai
2301 5096 2615 5171 praeessem
2653 5101 2730 5152 De
2772 5096 3056 5169 quo‘idem
3102 5096 3480 5171 Hieronymus
3518 5096 3687 5171 epist.

2081 5170 2170 5242 84_,
2205 5166 2532 5242 liuSeh._lib._
2564 5183 2597 5220 v
2638 5184 2757 5242 cap.
2787 5166 2826 5225 ἲ
2870 5178 2926 5242 et
2959 5176 3010 5226 3.
3053 5169 3216 5242 Apud
3255 5166 3526 5225 Joannem
3552 5166 3698 5242 ‘Mo-

2083 5236 2299 5311 sebum,
2342 5238 2445 5311 vel,
2490 5239 2533 5294 si
2563 5236 2753 5304 mavis,
2786 5236 3177 5311 Sophronium,
3209 5242 3262 5297 in
3303 5243 3470 5297 Prato
3499 5239 3695 5311 Spirit.

2086 5307 2246 5433 gap:
2280 5308 2412 5379 127)
2462 5318 2798 5365 memoratur
2840 5307 3103 5368 Photinus
3151 5307 3347 5377 abbas,
3396 5307 3707 5385 episcopus

2130 5377 2267 5432 han.
2319 5383 2391 5433 At
2432 5389 2617 5433 noster
2654 5382 2743 5433 hic
2773 5381 3033 5433 Photinus
3073 5399 3183 5433 non
3226 5383 3544 5433 enisconns.
3574 5382 3683 5433 sed

2127 5377 2267 5459 hari.
2319 5377 2406 5459 At;
2432 5389 2617 5436 noster
2654 5382 2743 5438 hic
2772 5381 3042 5459 Photinus
3073 5399 3185 5439 non
3226 5377 3544 5459 episcopus,
3574 5377 3683 5439 sed

2084 5448 2346 5532 diaconus
2375 5449 2658 5532 dumtaxat
2681 5454 2963 5532 asseritur,
2995 5454 3074 5509 vir
3098 5464 3242 5511 certe
3259 5448 3592 5532 catholicus,
3624 5463 3693 5511 et

2085 5520 2143 5597 in
2172 5520 2422 5597 doctrina
2453 5520 2577 5578 ﬁdei
2617 5525 2831 5597 egregie
2858 5520 3132 5595 verSatus,
3185 5535 3240 5582 et
3275 5526 3403 5584 inde
3444 5524 3697 5582 fortasse

2071 5589 2139 5647 ad
2152 5592 2533 5666 episcopatum
2561 5589 2871 5666 pro'vec'tus.

2143 5665 2167 5694 °
2207 5663 2497 5740 CiacOnius
2549 5663 2603 5720 et
2643 5666 2729 5740 alii
2775 5669 3003 5740 legunt:
3043 5670 3201 5726 Illam
3241 5667 3682 5739 ἀνθρωπόμορφον

2071 5734 2361 5812 imaginem
2390 5737 2651 5812 deitatis;
2698 5734 3145 5812 ἆνΘρῶπόμορφον,
3186 5740 3239 5812 id
3276 5734 3386 5808 est,
3430 5734 3689 5812 speciem

2069 5803 2366 5861 humanam
2404 5804 2760 5876 referentem,
2793 5803 2892 5868 seu
2921 5803 3159 5868 humana
3203 5803 3384 5869 forma
3410 5803 3699 5878 efﬁctam,

2070 5884 2131 5931 ut
2152 5891 2314 5949 supra
2340 5878 2674 5949 expositum.
