4048 6208
287 345 386 404 825

1389 313 1729 396 COLLArio
1766 335 1829 392 Χ.
1871 365 1942 376 -
1978 337 2067 393 ne
2103 336 2482 396 ORATIONE.

3487 353 3589 409 826

286 467 600 542 perdurare,
626 467 714 542 qui
733 481 845 524 non
861 465 1089 535 recenti,
1117 465 1260 522 sicut
1300 465 1520 538 putatis,
1547 463 1869 520 daemonum
1899 463 1954 527 A
1979 461 2049 518 tis
2086 465 2290 520 nostris
2331 473 2386 520 et
2410 463 2650 522 humana
2680 464 3002 539 ﬁguratione
3029 469 3392 542 compositam
3421 475 3587 546 perti-

287 562 564 633 illusione,
605 559 702 620 sed
724 562 1068 636 ignoratione
1087 560 1327 634 pristinae
1343 555 1659 634 gentilitatis
1696 556 1868 613 infer-

1983 555 2102 612 naci
2129 557 2489 629 perversitate
2528 559 2854 630 contendit;
2896 565 3062 634 quam
3107 570 3294 621 tamen
3312 605 3328 634 ,
3375 566 3420 622 si
3467 565 3588 638 quis

284 663 390 726 tur,
443 657 578 714 dum
597 659 623 690 ³
662 655 962 714 secundum
995 653 1442 712 consuetudinem
1482 651 1687 710 erroris
1724 651 1876 708 illius
1976 645 2154 706 fuerit
2189 649 2477 708 catholicis
2518 649 2864 726 dogmatibus
2889 655 3178 714 institutus
3195 660 3242 730 ,ξ
3255 667 3316 715 ut
3333 660 3588 732 gentilem

287 766 395 826 quo
425 751 709 810 daemones
732 750 1016 808 hominum
1051 749 1223 822 ﬁgura
1274 747 1609 820 compositos
1656 743 1872 802 excole-

280 845 432 916 bant,
464 862 611 903 nunc
641 859 856 918 quoque
879 845 1028 902 illam
1067 841 1675 916 incomprehensibilem
1705 847 1870 912 atque

285 937 619 996 ineffabilem
659 937 770 994 veri
811 937 1056 995 numinis
1103 937 1443 1010 maiestatem
1481 936 1584 992 sub
1627 934 1872 990 circum-

279 1032 570 1106 scriptione
609 1031 837 1106 alicujus
876 1031 1126 1104 imaginis
1169 1031 1443 1089 mstimant
1491 1027 1866 1095 adorandam;

280 1126 408 1185 nihil
431 1143 490 1184 se
511 1127 750 1184 retinere
775 1127 858 1185 vel
877 1126 1079 1184 habere
1113 1123 1416 1194 credentes,
1439 1123 1484 1181 si
1531 1121 1868 1196 propositam

277 1236 391 1279 non
415 1221 706 1279 habuerint
729 1221 1022 1294 imaginem
1044 1219 1359 1293 quamdam,
1385 1233 1552 1290 quam
1574 1217 1630 1272 in
1661 1212 1872 1288 suppli-

278 1313 490 1371 catione
509 1313 672 1388 positi
691 1313 894 1387 jugiter
917 1311 1282 1386 interpellent,
1309 1325 1540 1384 eamque
1569 1307 1870 1366 circumfe-

273 1417 402 1466 rant
423 1417 638 1478 mente,
661 1425 724 1466 ac
757 1423 870 1482 prae
899 1407 1071 1465 oculis
1105 1413 1324 1464 teneant
1349 1419 1566 1476 semper
1609 1400 1863 1461 afﬁxam.

274 1501 448 1576 Super
501 1519 738 1577 quorum
785 1502 894 1560 hoc
957 1516 1144 1560 errore
1209 1505 1582 1572 competenter
1617 1495 1874 1570 dirigitur

271 1595 360 1653 illa
388 1597 656 1653 sententia
681 1616 693 1652 :
718 1601 789 1654 Et
807 1599 1152 1653 mutaverunt
1175 1597 1405 1667 gloriam
1437 1591 1872 1662 incormptibilis

275 1681 412 1748 Dei”
428 1691 490 1745 in
518 1691 929 1746 similitudinem
958 1691 1216 1760 imaginis
1253 1688 1480 1745 hominis
1502 1685 1874 1756 corruptibilis

285 1781 450 1855 (Rom.
474 1787 542 1853 1).
589 1783 856 1840 Jeremias
890 1797 1112 1857 quoque
1153 1802 1168 1839 :
1197 1782 1456 1854 Populus,
1486 1779 1684 1852 inquit,
1725 1793 1875 1834 meus

1979 740 2370 814 blasphemiam
2397 743 2785 815 detestabitur,
2825 757 2880 804 et
2933 750 3006 806 ita
3041 749 3110 807 ad
3145 751 3293 808 illam
3317 755 3584 812 orationis

1981 837 2334 908 purissimam
2367 841 2648 912 perveniet
2682 843 3024 914 qualitatem,
3069 860 3192 917 quae
3245 862 3356 904 non
3407 849 3586 906 solum

1978 929 2186 987 nullam
2213 931 2513 990 divinitatis
2547 933 2814 1008 efﬁgiem,
2846 953 2948 994 nec
2973 937 3301 996 lineamenta
3329 956 3587 1014 corporea

1980 1024 2170 1097 (quod
2197 1024 2354 1082 dictu
2405 1041 2628 1099 quoque
2655 1027 2813 1086 nefas
2839 1032 2963 1099 est)
2991 1030 3045 1086 in
3067 1045 3165 1087 sua
3193 1033 3585 1106 supplicatione

1977 1117 2248 1185 miscebit,
2299 1119 2398 1176 sed
2427 1135 2531 1176 nec
2575 1121 2747 1177 ullam
2783 1122 3008 1195 quidem
3055 1124 3109 1180 in
3151 1141 3210 1182 se
3263 1129 3586 1186 memoriam

1977 1211 2111 1268 dicti
2127 1211 2418 1284 cujusdam
2447 1213 2538 1270 vel
2586 1213 2713 1271 facti
2755 1217 2992 1288 speciem
3019 1233 3114 1274 seu
3135 1219 3374 1278 formam
3401 1223 3584 1294 cujus-

1978 1305 2110 1364 libet
2127 1306 2460 1364 eharacteris
2489 1307 2764 1364 admittet.

2595 1447 2842 1505 CAPUT
2885 1451 2980 1504 Vl.

1981 1561 2186 1630 Quibus
2210 1578 2300 1634 ea:
2346 1565 2524 1620 causis
2566 1567 2864 1634 unicuique
2915 1571 3158 1622 nostrum
3199 1575 3298 1625 aut
3359 1571 3579 1630 humilis

2161 1633 2404 1690 Christus
2424 1636 2589 1703 .Jesus
2615 1641 2714 1691 aut
2736 1633 3063 1706 gloriﬁcatus
3081 1645 3364 1709 appareat.

2052 1771 2367 1828 Secundum
2398 1787 2716 1830 mensuram
2743 1789 2983 1848 namque
3009 1777 3258 1850 puritatis
3279 1794 3413 1845 suae,
3442 1783 3582 1839 sicut

286 1881 526 1935 mutavit
569 1876 800 1948 gloriam
823 1893 980 1934 suam
1001 1878 1064 1933 in
1111 1876 1316 1933 idolum
1367 1875 1576 1948 (Ierem.
1611 1887 1660 1930 II
1681 1877 1722 1940 ).
1771 1870 1871 1942 Qui

1987 1864 2267 1938 superiore
2290 1865 2578 1922 collatione
2601 1866 2858 1940 praefatus
2877 1884 3001 1926 sum
3031 1870 3244 1937 (Collat.
3294 1879 3328 1930 9
3354 1891 3470 1948 cap.
3503 1881 3580 1947 8),

279 1983 431 2027 error
474 1971 598 2027 licet
636 1970 842 2042 origine
891 1969 996 2026 hac
1039 1985 1148 2042 qua
1199 1967 1438 2025 diximus
1506 1964 1878 2040 quorumdam

278 2062 528 2120 sensibus
563 2061 631 2118 sit
675 2061 920 2129 inolitus,
949 2059 1312 2116 nihilominus
1338 2065 1523 2115 tamen
1556 2057 1612 2113 in
1659 2057 1878 2114 illorum

277 2169 500 2228 quoque
549 2154 748 2211 animis
798 2152 890 2226 qui
921 2167 1228 2224 numquam
1273 2149 1457 2223 gentili
1497 2149 1880 2222 superstitione

277 2245 474 2319 polluti
503 2253 656 2316 sunt,
684 2246 786 2304 sub
812 2245 996 2303 colore
1017 2244 1312 2302 testimonii
1325 2242 1488 2316 hujus
1509 2257 1618 2315 quo
1645 2241 1872 2299 dicitur:

273 2344 559 2400 Faciamus
571 2343 832 2400 hominem
845 2343 921 2400 ad
938 2344 1302 2414 imaginemwet
1317 2340 1731 2398 similitudinem
1753 2353 1876 2395 nos-

275 2437 426 2492 tram
465 2436 674 2509 (Genes.
702 2440 775 2506 ι),
821 2435 1092 2510 imperitia
1149 2451 1245 2494 seu
1271 2433 1576 2490 rusticitate
1619 2429 1874 2500 faciente,

272 2535 588 2585 contractus
615 2538 715 2597 est,
766 2529 840 2586 ita
869 2537 933 2586 ut
973 2529 1137 2586 etiam
1161 2531 1188 2563 °
1237 2526 1482 2598 hmresis,
1514 2539 1636 2598 quae
1675 2523 1878 2582 dicitur

277 2619 996 2696 Anthropomorphitarum,
1039 2621 1145 2680 sub
1193 2621 1478 2680 occasione
1542 2617 1877 2677 detestandae

274 2711 440 2786 hujus
500 2716 960 2788 interpretationis
1013 2716 1300 2774 emerserit
1323 2758 1340 2784 ,
1377 2727 1500 2786 quae
1548 2711 1875 2770 immensam

273 2807 420 2866 illam
439 2825 504 2866 ac
531 2809 839 2884 simplicem
862 2809 1160 2868 divinitatis
1190 2807 1550 2869 substantiam
1575 2806 1877 2863 lineamen-

1987 1973 2330 2031 unaquzeque
2377 1975 2536 2016 mens
2573 1961 2629 2016 in
2677 1963 2928 2021 oratione
2969 1979 3066 2022 sua
3112 1967 3198 2023 vel
3237 1967 3462 2042 erigitur
3499 1971 3582 2028 vel

1987 2049 2293 2122 formatur;
2331 2062 2550 2110 tantum
2579 2055 2787 2113 scilicet
2809 2072 2842 2113 a
2865 2065 3203 2117 terrenarum
3231 2077 3295 2119 ac
3335 2065 3586 2122 materia-

1986 2143 2123 2201 lium
2187 2159 2374 2202 rerum
2438 2149 2900 2222 contemplatione
2957 2151 3259 2223 discedens,
3313 2164 3579 2229 quantum

1986 2253 2109 2296 eam
2128 2246 2298 2297 status
2316 2255 2436 2298 sua:
2483 2243 2792 2314 provexerit
2820 2245 3089 2317 puritatis,
3121 2247 3413 2321 feceritque
3438 2240 3466 2284 ἀ
3485 2253 3578 2308 Je-

1984 2347 2110 2389 sum
2156 2333 2238 2390 vel
2279 2333 2542 2393 humilem
2563 2335 2765 2408 adhuc,
2799 2339 2878 2396 vel
2929 2355 3189 2398 carneum
3211 2382 3226 2405 ,
3265 2343 3345 2400 vel
3375 2342 3582 2416 gloriﬁ-

1981 2433 2166 2485 catum
2197 2428 2255 2484 in
2280 2429 2580 2502 majestatis
2613 2445 2729 2490 sua:
2769 2432 2937 2506 gloria
2978 2435 3307 2504 venientem,
3343 2438 3568 2496 internis

1983 2520 2268 2580 obtutibus
2295 2525 2496 2582 animm
2523 2525 2810 2598 pervideri.
2850 2531 2974 2584 Non
3002 2529 3146 2585 enim
3183 2538 3442 2604 poterunt
3487 2534 3580 2589 Je-
3689 2525 3702 2538 ’

1979 2630 2106 2672 sum
2133 2618 2334 2674 intueri
2361 2619 2668 2676 venientem
2693 2620 2746 2676 in
2762 2635 2932 2694 regno
2959 2637 3082 2691 suo,
3110 2623 3233 2696 quia
3263 2623 3440 2681 adhuc
3469 2625 3574 2683 sub

1983 2707 2082 2765 illa
2121 2710 2534 2782 quodammodo
2583 2712 2808 2770 Iudaica
2833 2713 3151 2772 infirmitate
3194 2716 3416 2785 detenti,
3461 2733 3574 2775 non

1983 2814 2195 2878 queunt
2239 2805 2418 2863 dicere
2472 2821 2601 2864 cum
2650 2808 2919 2881 Apostolo
2945 2829 2960 2867 :
2988 2814 3060 2868 Et
3109 2814 3163 2868 si
3191 2815 3528 2884 cognouimus
3552 2823 3575 2854 ο

1365 2945 1621 3002 ALARDI
1659 2943 1886 3000 ϐΑΖιλΕΙ
1923 2941 2484 3001 COMMENTARIUS.

343 3071 479 3142 {Ut
505 3070 605 3135 illi,
627 3069 695 3142 de
728 3085 964 3142 quorum
995 3085 1233 3142 numero
1273 3085 1334 3126 se
1386 3083 1504 3142 esse
1554 3067 1738 3142 finxit
1767 3067 1878 3136 ille,

272 3139 366 3212 qui
391 3141 447 3198 S.
487 3140 731 3198 Antonio
745 3138 816 3196 ’iu
845 3157 1030 3198 eremo
1067 3142 1170 3198 sub
1207 3138 1386 3196 forma
1422 3139 1740 3212 homunculi
1762 3155 1884 3212 _ap-

269 3209 475 3339 gruit,
517 3219 572 3268 et
618 3213 868 3284 quisnam
940 3220 1086 3268 esset
1136 3210 1487 3283 interroganti
1541 3209 1827 3281 respondit
1866 3219 1890 3265 :‘

330 3285 522 3339 ortalis
549 3299 640 3339 eoo
677 3299 816 3339 sum.
838 3288 889 3339 et
911 3299 1052 3338 unus
1082 3299 1150 3338 em
1175 3283 1366 3338 accolis
1391 3281 1558 3338 eremi
1580 3295 1710 3339 auos
1727 3283 1876 3336 vario

1988 3069 2394 3154 concluderetur
2825 3088 2944 3154 Iesse
2963 3075 3192 3154 similem
3219 3079 3344 3154 Deo,
3383 3077 3582 3154 nec_ad

1990 3145 2435 3228 ejusimaginemi
2455 3148 2508 3228 et
2543 3145 2952 3228 similitudinem
2973 3147 3200 3228 factum.
3233 3148 3582 3228 Efenim_Za-

1993 3211 2211 3287 charias
2233 3227 2354 3282 cap.
2377 3227 2444 3287 Iv_
2463 3214 2714 3270 describit
2739 3218 2906 3270 Deum
2945 3211 3144 3287 septem
3169 3216 3342 3272 oculos
3371 3217 3580 3273 haben-

330 3284 522 3340 brtalis
549 3281 649 3353 ego
677 3299 816 3348 sum,
838 3288 889 3340 et
911 3299 1052 3338 unus
1082 3299 1150 3338 em
1175 3281 1368 3338 accolis
1391 3281 1558 3338 eremi
1580 3295 1710 3354 quos
1727 3283 1876 3354 vario
1905 3286 1952 3350 ί]
1989 3286 2115 3346 tem,
2141 3299 2260 3338 cum
2283 3281 2380 3338 nos
2407 3285 2540 3340 duos
2569 3290 2778 3340 tantum
2805 3281 3096 3342 habeamus
3120 3307 3137 3354 ;
3163 3291 3214 3342 et
3241 3288 3454 3343 Psalmo
3487 3305 3583 3345 no-

269 3353 460 3410 delusa
483 3352 662 3411 errare
681 3355 960 3426 gentilitas
983 3357 1216 3418 Faunos,
1235 3355 1566 3424 Satyrosque
1587 3357 1638 3408 et
1655 3352 1877 3408 Incubos

272 3439 463 3497 uocans
484 3427 611 3482 colit
636 3429 730 3497 (D.
757 3428 982 3482 Hieron.
1007 3427 1079 3497 in
1103 3428 1234 3497 Vita
1259 3425 1468 3497 Pauli).

347 3496 374 3533 δ
396 3493 661 3570 Erasmus
685 3497 741 3553 in
774 3496 1218 3570 annotagionibus
1257 3495 1382 3570 legit
1419 3493 1742 3570 inrablativo
1767 3535 1781 3562 ,
1817 3497 1878 3550 in

272 3567 649 3640 similitudine,
675 3583 740 3624 eo
770 3568 920 3640 quod
960 3567 1153 3625 Grmce
1185 3565 1449 3640 habeatur
1478 3565 1528 3620 ἐν
1570 3566 1873 3637 ὁμοιώματι.

275 3638 424 3712 Quod
445 3642 523 3694 ita
551 3641 753 3696 dictum
779 3638 877 3704 est,
895 3639 1090 3712 inquit,
1111 3655 1272 3710 quasi
1285 3639 1518 3706 dicatur,
1539 3654 1640 3709 per
1655 3641 1874 3712 assimi-

274 3709 529 3766 lationem
549 3713 828 3782 imaginis,
854 3715 918 3766 ut
935 3709 1244 3768 sensus’sit:
1273 3714 1621 3768 Mutaverunt
1653 3711 1881 3781 gloriam

271 3782 374 3838 Dei
394 3783 681 3852 ﬁgurando
709 3785 820 3838 sibi
833 3785 1117 3853 imagines,
1133 3783 1326 3853 quibus
1349 3783 1620 3853 putabant
1645 3799 1884 3842 severum

268 3855 458 3924 Deum,
497 3857 596 3924 qui
637 3857 976 3924 incorporeus
1001 3859 1100 3917 est,
1135 3855 1466 3924 exprimere.
1524 3855 1677 3908 Tales
1696 3915 1708 3920 ,γ
1724 3863 1881 3914 erant

265 3923 540 3994 adversus.
563 3939 695 3993 quos
725 3925 972 3996 disputat
1012 3923 1214 3996 Paulus
1245 3924 1435 3996 Actor.
1467 3936 1609 3996 xv",
1657 3934 1878 3996 arrepta

263 3991 539 4051 occasione
572 3991 642 4047 ea:
694 3991 1045 4060 inscriptione
1088 3991 1306 4060 altaris,
1347 3992 1532 4056 Ignoto
1587 3995 1730 4060 Deo;
1777 3991 1883 4050 ubi

255 4068 389 4136 post
409 4063 706 4136 multa,_sic
743 4059 1198 4136 tandeminfert:
1227 4059 1408 4136 Genus
1427 4074 1547 4127 ergo
1573 4059 1879 4136 sumsimus

262 4129 389 4192 Dei,
419 4145 526 4183 non
547 4129 794 4184 debemus
817 4132 1124 4184 existimare
1146 4143 1298 4190 auro,
1321 4133 1370 4182 et
1387 4134 1635 4197 argento,
1666 4139 1765 4188 aut
1791 4136 1874 4190 la-

255 4201 397 4274 pidi
416 4200 862 4274 sculptureeartis
891 4201 1291 4274 etcogitationis
1307 4199 1604 4274 hominum,
1633 4203 1877 4262 divinum

259 4268 380 4330 csse
419 4268 612 4346 simile.
675 4271 762 4328 Sic
815 4271 948 4346 ipse.
1002 4268 1107 4344 Qui
1154 4271 1374 4342 quidem
1427 4268 1874 4346 commentarius,

255 4341 520 4417 quamvis
546 4341 724 4419 bonus
751 4361 804 4419 ;_
825 4341 952 4414 Quia
1008 4341 1192 4398 tamen
1229 4357 1336 4419 non
1367 4341 1562 4414 optimi
1595 4341 1872 4419 auctoris,

253 4411 376 4473 non
402 4411 873 4486 magnifaciendus
921 4422 1026 4484 est,
1049 4411 1534 4486 praesertimbum
1581 4415 1758 4474 Graeci
1784 4411 1867 4475 in:

253 4483 568 4562 terprete's,
614 4483 1062 4562 Chrysostomus,
1080 4483 1454 4541 OEcumenius
1477 4486 1873 4562 ,_Th_et_)phyla-

257 4555 406 4621 ctus,
447 4555 639 4611 eodem
680 4555 849 4629 modo
885 4556 1323 4629 interpretentur
1368 4571 1479 4627 quo
1503 4555 1705 4628 Latini,
1749 4555 1862 4618 non

255 4629 577 4702 ignorantes
608 4625 1064 4702 praepositionem
1093 4625 1144 4678 ἐν
1171 4625 1478 4702 frequenter
1500 4625 1742 4702 usurpari
1764 4649 1863 4702 pro

255 4675 1113 4774 itifér'sga;u:szta"ie;iasi
1130 4675 1469 4770 tamen;
1501 4675 1862 4774 ἴιὶᾝὸἓίἰιὲἱξ
1894 4675 1946 4738 D

255 4779 324 4828 ut
361 4768 468 4826 hic.

334 4848 359 4877 ε
393 4840 577 4912 Hujus
611 4837 836 4897 haeresis
879 4843 1456 4912 primum__au_ctorem
1500 4837 1704 4912 faciunt
1751 4845 1862 4900 Au-

255 4912 444 4994 dmum
454 4909 780 4994 guemdam,
808 4909 973 4994 aﬁquo
987 4909 1274 4994 Audi-ani,
1301 4924 1422 4994 seu"
1444 4911 1668 4967 Vadiani
1685 4953 1702 4982 ,
1725 4912 1860 4994 dicti

253 4990 416 5040 sunt.
453 4979 541 5040 Sic
597 4983 744 5038 enim
783 4979 948 5038 refert
986 4979 1328 5054 Nieephorus
1369 4979 1461 5036 lib.
1490 4996 1558 5038 χι
1587 4979 1704 5054 cap;
1745 4989 1809 5042 l4
1841 5004 1855 5040 :

252 5057 348 5113 Ea
374 5058 531 5109 (etate
548 5055 788 5112 Andreus
807 5069 1016 5124 quoque
1040 5053 1284 5124 quidam,
1315 5055 1368 5108 et
1387 5068 1574 5122 genere
1599 5053 1860 5125 et’lingua

251 5126 456 5196 Syrus,
501 5126 614 5194 fuit
649 5141 906 5180 novorum
955 5125 1285 5196 dogmatumr
1320 5126 1584 5180 inventor.
1613 5127 1861 5182 Primum

250 5195 498 5266 namque
525 5213 642 5252 cum
677 5211 970 5268 perperam
989 5195 1504 5268 illudintellea'isset
1530 5215 1547 5250 :
1576 5199 1860 5254 Faciamus

248 5269 527 5326 hominem
539 5269 614 5322 ad
624 5267 911 5338 imaginem
927 5271 979 5323 et
999 5267 1410 5323 similitudinem
1419 5272 1674 5332 nostram,
1696 5273 1862 5325 Deum

251 5341 500 5412 humana
527 5355 651 5412 resse
687 5342 864 5408 forma
899 5342 1156 5410 opinatus
1183 5343 1280 5402 est,
1305 5339 1650 5409 eamdemque
1681 5355 1862 5412 corpo-

247 5411 402 5466 ralia
441 5411 636 5466 habere
677 5412 913 5466 membra
953 5412 1312 5474 existimavit,
1357 5425 1524 5466 sacra:
1565 5411 1861 5482 Scriptura?

250 5484 578 5538 sadmtiam
608 5497 714 5536 non
745 5485 876 5538 satis
901 5487 1188 5546 assecutus,
1233 5497 1354 5552 qua
1395 5483 1572 5537 divini
1614 5485 1862 5540 Numinis

387 5554 504 5609 ibus
516 5555 874 5610 humanarum
888 5556 1136 5624 partium
1158 5553 1412 5608 vocabula
1426 5553 1697 5608 attribuit.
1729 5555 1862 5611 Haec

247 5623 371 5696 ille.
434 5623 1042 5696 PorroiTheodoretus,
1117 5632 1308 5696 quaest.
1369 5629 1438 5678 20
1477 5623 1549 5696 in_
1577 5625 1860 5694 Genesim,

245 5692 577 5766 hujusmodi
616 5695 904 5752 haereticos
947 5692 1050 5750 hoc
1093 5692 1413 5768 argumento
1457 5693 1730 5768 redarguit
1765 5692 1862 5754 :Si

396 5769 540 5822 terea
573 5769 923 5823 emistimatur
949 5771 1088 5824 Deus
1101 5768 1294 5822 habere
1329 5781 1538 5836 corpus,
1568 5768 1726 5837 quale
1763 5769 1862 5822 ha-

377 5838 548 5901 homo,
579 5840 709 5908 quia
727 5839 1008 5910 Scriptura
1031 5837 1290 5910 describit
1317 5853 1437 5892 eum
1466 5842 1740 5908 tamquam
1766 5841 1856 5892 in-

241 5911 522 5965 structum
538 5916 588 5965 et
602 5909 900 5980 prceditum
917 5909 1163 5965 membris
1178 5909 1435 6003 humanis
1447 5927 1465 5978 ;
1476 5910 1644 5964 simili
1653 5912 1860 5966 ratione

1986 3356 2259 3422 nagesimo
2277 3355 2704 3428 induciturDeus
2723 3358 2920 3412 habens
2933 3373 3138 3428 pennas
3151 3363 3202 3412 et
3224 3359 3364 3422 alas,
3383 3361 3582 3428 quibus

1984 3438 2084 3498 nos
2094 3439 2356 3498 caremus;
2379 3429 2429 3480 et
2455 3427 2627 3481 multa
2653 3427 2764 3482 alia
2778 3443 2879 3498 per
2906 3427 3273 3498 metaphoram
3305 3427 3410 3484 Deo
3419 3433 3582 3484 attri-
3688 3442 3694 3447 '

1990 3495 2110 3550 buit
2122 3495 2436 3570 Scriptura,
2451 3512 2575 3566 qua:
2597 3499 2652 3552 si
2669 3495 2891 3568 proprie
2909 3503 2960 3554 et
2982 3495 3061 3554 ad
3082 3500 3360 3554 veritatem
3405 3503 3586 3570 exige-

1985 3571 2205 3642 rentur,
2216 3567 2644 3642 Deumfacerent
2661 3567 2919 3642 enormem
2929 3573 3092 3642 atque
3115 3567 3516 3634 monstrosum;
3526 3575 3580 3628 et

1987 3639 2140 3709 longe
2167 3639 2590 3714 dissimillimum
2615 3639 2864 3714 hominis.
2895 3639 3016 3700 Non
3041 3645 3216 3712 igitur
3259 3645 3442 3714 imago
3477 3645 3578 3700 Dei

1986 3710 2280 3784 quwrmda
2301 3714 2380 3784 est
2408 3711 2466 3764 in
2476 3710 2705 3768 hominis
2723 3727 2956 3782 corpore,
2969 3710 3147 3770 sed'in
3169 3710 3489 3784 animo,qu
3513 3719 3578 3772 ut

1984 3783 2149 3846 Deus,
2179 3785 2258 3838 sic
2287 3783 2398 3852 ipse
2427 3784 2690 3855 rationis,
2713 3785 2924 3838 consilii
2972 3790 3024 3840 et
3049 3787 3330 3855 sapientia
3370 3783 3576 3854 compos

1983 3861 2035 3912 et
2063 3871 2240 3926 capas:
2267 3851 2364 3926 est.
2392 3851 2522 3926 Vide
2549 3853 2883 3909 Abulensem
2918 3859 2973 3908 et
3013 3851 3288 3910 Pacarium
3317 3854 3376 3908 in
3401 3851 3573 3910 Coin-

1985 3923 2141 3982 menf
2171 3925 2249 3980 in.
2285 3923 2562 3979 Genesim.
3024 3971 3030 3976 .

2050 3996 2225 4050 d'l‘ria
2273 4009 2473 4065 genera
2526 3993 2813 4051 hominum
2854 3994 3149 4051 videntium
3200 3997 3412 4060 Jesum,
3464 3991 3580 4049 sive

1980 4065 2248 4136 triplicem
2287 4064 2523 4119 modum
2573 4081 2682 4136 quo
2707 4069 2790 4136 (ut
2829 4066 2989 4136 habet
3010 4066 3212 4136 titulus
3247 4065 3387 4135 cap.)
3417 4067 3582 4136 Jesus

1983 4133 2300 4208 hominibus
2325 4141 2575 4208 apparet,
2589 4133 2866 4208 subtiliter
2897 4135 3178 4208 distinguit
3220 4143 3276 4190 et
3301 4133 3580 4190 maraliter

1980 4203 2414 4277 interpretatur?
2435 4203 2672 4277 Quidam
2714 4203 3089 4277 enimvident'
3108 4208 3298 4277 Jesum
3345 4213 3578 4277 tantum-

1979 4274 2148 4346 modo
2171 4282 2233 4346 ut
2255 4288 2534 4340 carneum,
2566 4274 2682 4346 sive
2701 4274 2994 4341 carnalem,
3019 4283 3084 4332 ut
3111 4275 3353 4332 carnales
3373 4275 3572 4346 Judaei,

1980 4347 2072 4420 qui
2100 4344 2378 4420 Christum
2411 4360 2518 4420 non
2547 4345 2651 4420 nisi
2681 4361 2940 4402 carneum
2983 4355 3038 4404 et
3058 4363 3255 4420 purum
3296 4344 3573 4404 hominem

1976 4417 2374 4491 agnoscebant;
2403 4417 2482 4472 vel
2526 4417 2617 4490 qui
2665 4419 2842 4491 Deum
2871 4425 2931 4473 ut
2977 4417 3234 4477 corneum
3255 4461 3270 4484 ,
3293 4429 3351 4476 et
3379 4435 3575 4491 corpo-

1976 4488 3249 4564 reumimaginantur,utanthropomorphitae,
3279 4491 3346 4548 de
3377 4488 3574 4564 quibus

1975 4577 2160 4634 supra;
2188 4559 2506 4634 vel'Ariani,
2548 4561 2639 4632 qui
2665 4559 2942 4634 Christum
2967 4559 3078 4619 non
3124 4563 3243 4634 nisi
3267 4559 3486 4619 carnem
3517 4571 3602 4618 et'

1975 4631 2283 4716 creaturam
2309 4631 2656 4716 asserebant;
2685 4633 2764 4689 vel
2797 4635 3130 4716 Nestoriani,_
3157 4633 3249 4716 qui
3284 4635 3568 4690 Christum

1975 4703 2304 4768 dividebant,
2343 4702 2448 4758 hoc
2483 4711 2603 4768 est,
2646 4719 2939 4773 personam
2982 4702 3220 4760 hominis
3263 4720 3293 4757 a
3343 4717 3572 4773 persona

1969 4775 2132 4846 Verbi
2160 4775 2216 4830 in
2241 4773 2458 4846 Christo
2473 4773 2811 4846 separabant,
2839 4783 2896 4828 et
2917 4774 3198 4846 Christum
3225 4776 3570 4846 uenﬁcam,

1969 4845 2066 4902 sed
2090 4847 2349 4915 Θεοφόρρν,
2377 4844 2429 4899 id
2437 4841 2548 4915 est,
2564 4844 2838 4915 Deiterum
2859 4843 3223 4915 appellabant.
3257 4841 3360 4897 Alii
3385 4841 3574 4915 vident

1970 4911 2564 4984 Jesumiut'ghumilem,
2600 4911 2667 4984 id
2709 4919 2814 4984 est,
2845 4911 3155 4984 parvulum,
3199 4920 3260 4968 ut
3297 4911 3463 4984 rudes
3515 4919 3572 4968 et

1971 4983 2296 5057 imperfecti
2320 4983 2608 5039 Christiani
2630 5024 2657 5057 ,_
2697 4982 2788 5056 qui
2829 4981 3032 5057 Christi
3075 4981 3470 5057 humanitatem
3513 4991 3574 5040 et

1971 5053 2215 5111 humana
2249 5053 2371 5125 ejus
2391 5069 2553 5125 opera
2579 5053 2928 5125 solummodo
2952 5055 3328 5121 considerant;
3377 5057 3482 5120 vel,
3509 5063 3573 5112 ut

1971 5125 2060 5182 hic
2081 5123 2333 5190 habetur,
2359 5123 2709 5195 in'operibus
2753 5125 2994 5182 externis
3026 5129 3154 5184 vitae
3186 5127 3373 5182 activae
3401 5126 3572 5181 dum-

1969 5203 2145 5270 taxat
2166 5203 2521 5270 occupantur,
2551 5205 2614 5251 ut
2641 5197 2850 5270 Martha
2873 5198 2926 5252 in
2949 5198 3245 5270 Evangelia
3281 5197 3454 5266 (Lucae
3481 5202 3570 5266 Χ),

1970 5275 2026 5324 et
2073 5267 2146 5322 illi
2189 5265 2260 5323 ad
2308 5265 2453 5338 quos
2519 5269 2816 5340 Apostolus
2853 5265 3134 5326 scribebat
3177 5265 3400 5326 :Filioli
3441 5265 3566 5334 mei,

1969 5355 2100 5410 quos
2120 5341 2315 5396 iterum
2329 5341 2606 5410 parturio,
2629 5339 2790 5410 donec
2798 5341 3065 5407 formetur
3082 5342 3328 5400 Christus
3351 5343 3410 5395 in
3419 5341 3568 5398 vobis

1969 5409 2175 5482 (Galat.
2227 5409 2339 5484 1v).
2381 5409 2484 5484 A_lii
2535 5409 2773 5484 denique
2797 5410 3085 5484 videatet
3132 5412 3569 5484 contemplemur

1967 5480 2158 5554 Jesum
2199 5490 2261 5538 ut
2284 5480 2734 5554 gloriosum,pqiii
2761 5480 2883 5554 ejus
2911 5481 3250 5554 divinitatem
3283 5480 3568 5554 et'glorili-

1969 5553 2245 5626 cntionem
2283 5551 2494 5626 aliaque
2527 5551 2705 5610 divitia
2726 5551 3058 5626 et’sublimia
3076 5553 3332 5626 mysteria
3349 5551 3566 5612 assidue

1969 5623 2220 5707 recolunt
2251 5633 2304 5680 et
2331 5622 2682 5707 nieditantur,
2710 5632 2771 5679 ut
2799 5622 2975 5707 pii,_et
3011 5622 3232 5707 perfecti
3283 5627 3563 5707 monachi,

1968 5703 2023 5751 et
2061 5696 2476 5770 contemplativi
2507 5737 2522 5762 ,
2575 5696 2685 5770 qui
2716 5711 2844 5752 cum
2890 5696 3064 5770 Maria
3107 5696 3315 5770 eligunt
3353 5707 3564 5768 partem

1968 5765 2428 5838 meliorempqum
2450 5783 2560 5822 non
2591 5765 2863 5838 auferetur
2876 5767 2944 5824 ab
2973 5767 3069 5826 eis.

2040 5843 2062 5868 ⁶
2083 5836 2387 5895 Secundum
2414 5853 2649 5902 carnem,
2683 5837 2738 5894 id
2770 5847 2872 5909 est,
2901 5839 3172 5897 carnalem
3211 5847 3268 5894 et
3295 5836 3562 5909 visibilem

1967 5909 2218 5982 corporis
2263 5911 2610 5980 praesentiam
2639 5929 2654 5968 :
2682 5903 2916 5982 Sedjdm
2932 5927 3076 5968 nunc
3099 5925 3206 5964 non
3219 5909 3482 5974 novimus.
3511 5903 3563 5960 id
