  <div class='ocr_page' id='page_1' title='image "/cluster/home/n/w/nwhite01/storage/ocr_20150623/49/hvd.32044096580709/421.png"; bbox 0 0 4048 6208; ppageno 0'>
   <div class='ocr_carea' id='block_1_1' title="bbox 475 302 577 357">
    <p class='ocr_par' dir='ltr' id='par_1_1' title="bbox 475 302 577 357">
     <span class='ocr_line' id='line_1_1' title="bbox 475 302 577 357; baseline 0 0"><span class='ocrx_word' id='word_1_1' title='bbox 475 302 577 357; x_wconf 81' lang='lat'><strong>827</strong></span> 
     </span>
    </p>
   </div>
   <div class='ocr_carea' id='block_1_2' title="bbox 1550 280 2694 357">
    <p class='ocr_par' dir='ltr' id='par_1_2' title="bbox 1550 280 2694 357">
     <span class='ocr_line' id='line_1_2' title="bbox 1550 280 2694 357; baseline -0.003 -2"><span class='ocrx_word' id='word_1_2' title='bbox 1550 299 1835 357; x_wconf 78' lang='lat' dir='ltr'><strong>.IOANNIS</strong></span> <span class='ocrx_word' id='word_1_3' title='bbox 1869 298 2172 357; x_wconf 79' lang='lat' dir='ltr'><strong>CASSIANI</strong></span> <span class='ocrx_word' id='word_1_4' title='bbox 2207 280 2694 355; x_wconf 76' lang='lat' dir='ltr'><strong>COLLATIONES.</strong></span> 
     </span>
    </p>
   </div>
   <div class='ocr_carea' id='block_1_3' title="bbox 3678 290 3788 347">
    <p class='ocr_par' dir='ltr' id='par_1_3' title="bbox 3678 290 3788 347">
     <span class='ocr_line' id='line_1_3' title="bbox 3678 290 3788 347; baseline 0.027 -3"><span class='ocrx_word' id='word_1_5' title='bbox 3678 290 3788 347; x_wconf 77' lang='lat'><strong>828</strong></span> 
     </span>
    </p>
   </div>
   <div class='ocr_carea' id='block_1_4' title="bbox 473 413 3785 495">
    <p class='ocr_par' dir='ltr' id='par_1_4' title="bbox 473 413 3785 495">
     <span class='ocr_line' id='line_1_4' title="bbox 473 413 3785 495; baseline -0.002 -15"><span class='ocrx_word' id='word_1_6' title='bbox 473 424 760 481; x_wconf 77' lang='lat' dir='ltr'><strong>secundum</strong></span> <span class='ocrx_word' id='word_1_7' title='bbox 785 440 997 481; x_wconf 82' lang='lat' dir='ltr'><strong>carnem</strong></span> <span class='ocrx_word' id='word_1_8' title='bbox 1025 426 1326 493; x_wconf 74' lang='lat' dir='ltr'><strong>Christum;</strong></span> <span class='ocrx_word' id='word_1_9' title='bbox 1350 425 1445 481; x_wconf 88' lang='lat' dir='ltr'><strong>sed</strong></span> <span class='ocrx_word' id='word_1_10' title='bbox 1469 441 1613 480; x_wconf 84' lang='lat' dir='ltr'><strong>nunc</strong></span> <span class='ocrx_word' id='word_1_11' title='bbox 1626 425 1749 495; x_wconf 84' lang='lat' dir='ltr'><strong>jam</strong></span> <span class='ocrx_word' id='word_1_12' title='bbox 1773 440 1883 481; x_wconf 82' lang='lat' dir='ltr'><strong>non</strong></span> <span class='ocrx_word' id='word_1_13' title='bbox 1909 429 2069 480; x_wconf 80' lang='lat' dir='ltr'><strong>novi—</strong></span> <span class='ocrx_word' id='word_1_14' title='bbox 2098 425 2151 489; x_wconf 82' lang='grc' dir='ltr'>Α</span> <span class='ocrx_word' id='word_1_15' title='bbox 2178 421 2250 480; x_wconf 91' lang='lat' dir='ltr'><strong>do</strong></span> <span class='ocrx_word' id='word_1_16' title='bbox 2281 438 2437 494; x_wconf 83' lang='lat' dir='ltr'><strong>posse</strong></span> <span class='ocrx_word' id='word_1_17' title='bbox 2454 422 2675 479; x_wconf 76' lang='lat' dir='ltr'><strong>cessari.</strong></span> <span class='ocrx_word' id='word_1_18' title='bbox 2706 416 2869 490; x_wconf 88' lang='lat' dir='ltr'><strong>Quod</strong></span> <span class='ocrx_word' id='word_1_19' title='bbox 2895 419 2969 475; x_wconf 88' lang='lat' dir='ltr'><strong>ita</strong></span> <span class='ocrx_word' id='word_1_20' title='bbox 3024 416 3137 484; x_wconf 83' lang='lat' dir='ltr'><strong>fiet,</strong></span> <span class='ocrx_word' id='word_1_21' title='bbox 3184 430 3315 472; x_wconf 91' lang='lat' dir='ltr'><strong>cum</strong></span> <span class='ocrx_word' id='word_1_22' title='bbox 3361 413 3552 472; x_wconf 88' lang='lat' dir='ltr'><strong>omnis</strong></span> <span class='ocrx_word' id='word_1_23' title='bbox 3603 429 3785 487; x_wconf 87' lang='lat' dir='ltr'><strong>amor,</strong></span> 
     </span>
    </p>
   </div>
   <div class='ocr_carea' id='block_1_5' title="bbox 473 517 2077 591">
    <p class='ocr_par' dir='ltr' id='par_1_5' title="bbox 473 517 2077 591">
     <span class='ocr_line' id='line_1_5' title="bbox 473 517 2077 591; baseline 0.002 -19"><span class='ocrx_word' id='word_1_24' title='bbox 473 532 594 572; x_wconf 87' lang='lat' dir='ltr'><strong>mus</strong></span> <span class='ocrx_word' id='word_1_25' title='bbox 619 518 688 589; x_wconf 88' lang='lat' dir='ltr'><strong>(Il</strong></span> <span class='ocrx_word' id='word_1_26' title='bbox 718 519 834 577; x_wconf 83' lang='lat' dir='ltr'><strong>Cor.</strong></span> <span class='ocrx_word' id='word_1_27' title='bbox 856 518 947 591; x_wconf 61' lang='grc' dir='ltr'><strong>ον).</strong></span> <span class='ocrx_word' id='word_1_28' title='bbox 967 517 1076 575; x_wconf 85' lang='lat' dir='ltr'><strong>Sed</strong></span> <span class='ocrx_word' id='word_1_29' title='bbox 1103 518 1178 574; x_wconf 84' lang='lat' dir='ltr'><strong>illi</strong></span> <span class='ocrx_word' id='word_1_30' title='bbox 1222 518 1321 575; x_wconf 90' lang='lat' dir='ltr'><strong>soli</strong></span> <span class='ocrx_word' id='word_1_31' title='bbox 1348 518 1649 591; x_wconf 88' lang='lat' dir='ltr'><strong>purissimis</strong></span> <span class='ocrx_word' id='word_1_32' title='bbox 1683 518 1855 576; x_wconf 89' lang='lat' dir='ltr'><strong>oculis</strong></span> <span class='ocrx_word' id='word_1_33' title='bbox 1878 519 2077 576; x_wconf 84' lang='lat' dir='ltr'><strong>divini-</strong></span> 
     </span>
    </p>
   </div>
   <div class='ocr_carea' id='block_1_6' title="bbox 473 611 2081 685">
    <p class='ocr_par' dir='ltr' id='par_1_6' title="bbox 473 611 2081 685">
     <span class='ocr_line' id='line_1_6' title="bbox 473 611 2081 685; baseline 0.001 -18"><span class='ocrx_word' id='word_1_34' title='bbox 473 617 645 668; x_wconf 89' lang='lat' dir='ltr'><strong>tatem</strong></span> <span class='ocrx_word' id='word_1_35' title='bbox 672 611 840 685; x_wconf 86' lang='lat' dir='ltr'><strong>ipsius</strong></span> <span class='ocrx_word' id='word_1_36' title='bbox 871 612 1241 685; x_wconf 77' lang='lat' dir='ltr'><strong>speculantur.</strong></span> <span class='ocrx_word' id='word_1_37' title='bbox 1278 612 1370 684; x_wconf 87' lang='lat' dir='ltr'><strong>qui</strong></span> <span class='ocrx_word' id='word_1_38' title='bbox 1425 612 1495 670; x_wconf 94' lang='lat' dir='ltr'><strong>de</strong></span> <span class='ocrx_word' id='word_1_39' title='bbox 1550 612 1847 670; x_wconf 81' lang='lat' dir='ltr'><strong>humilibus</strong></span> <span class='ocrx_word' id='word_1_40' title='bbox 1877 629 1942 670; x_wconf 90' lang='lat' dir='ltr'><strong>ac</strong></span> <span class='ocrx_word' id='word_1_41' title='bbox 1967 620 2081 669; x_wconf 82' lang='lat' dir='ltr'><strong>ter‘</strong></span> 
     </span>
    </p>
   </div>
   <div class='ocr_carea' id='block_1_7' title="bbox 474 705 2069 779">
    <p class='ocr_par' dir='ltr' id='par_1_7' title="bbox 474 705 2069 779">
     <span class='ocr_line' id='line_1_7' title="bbox 474 705 2069 779; baseline 0.003 -20"><span class='ocrx_word' id='word_1_42' title='bbox 474 705 619 760; x_wconf 88' lang='lat' dir='ltr'><strong>renis</strong></span> <span class='ocrx_word' id='word_1_43' title='bbox 663 705 917 776; x_wconf 79' lang='lat' dir='ltr'><strong>operibus</strong></span> <span class='ocrx_word' id='word_1_44' title='bbox 970 713 1025 762; x_wconf 91' lang='lat' dir='ltr'><strong>et</strong></span> <span class='ocrx_word' id='word_1_45' title='bbox 1069 705 1490 779; x_wconf 82' lang='lat' dir='ltr'><strong>cogitationibus</strong></span> <span class='ocrx_word' id='word_1_46' title='bbox 1529 706 1883 764; x_wconf 72' lang='lat' dir='ltr'><strong>ascendentes</strong></span> <span class='ocrx_word' id='word_1_47' title='bbox 1939 721 2069 763; x_wconf 90' lang='lat' dir='ltr'><strong>cum</strong></span> 
     </span>
    </p>
   </div>
   <div class='ocr_carea' id='block_1_8' title="bbox 473 794 2072 873">
    <p class='ocr_par' dir='ltr' id='par_1_8' title="bbox 473 794 2072 873">
     <span class='ocr_line' id='line_1_8' title="bbox 473 794 2072 873; baseline 0.004 -22"><span class='ocrx_word' id='word_1_48' title='bbox 473 794 568 851; x_wconf 87' lang='lat' dir='ltr'><strong>illo</strong></span> <span class='ocrx_word' id='word_1_49' title='bbox 611 796 873 854; x_wconf 84' lang='lat' dir='ltr'><strong>secedunt</strong></span> <span class='ocrx_word' id='word_1_50' title='bbox 899 798 959 854; x_wconf 92' lang='lat' dir='ltr'><strong>in</strong></span> <span class='ocrx_word' id='word_1_51' title='bbox 997 798 1211 855; x_wconf 82' lang='lat' dir='ltr'><strong>excelso</strong></span> <span class='ocrx_word' id='word_1_52' title='bbox 1229 799 1535 856; x_wconf 87' lang='lat' dir='ltr'><strong>solitudinis</strong></span> <span class='ocrx_word' id='word_1_53' title='bbox 1560 808 1771 872; x_wconf 90' lang='lat' dir='ltr'><strong>monte,</strong></span> <span class='ocrx_word' id='word_1_54' title='bbox 1800 799 1893 873; x_wconf 85' lang='lat' dir='ltr'><strong>qui</strong></span> <span class='ocrx_word' id='word_1_55' title='bbox 1934 798 2072 857; x_wconf 85' lang='lat' dir='ltr'><strong>liber</strong></span> 
     </span>
    </p>
   </div>
   <div class='ocr_carea' id='block_1_9' title="bbox 475 889 2070 967">
    <p class='ocr_par' dir='ltr' id='par_1_9' title="bbox 475 889 2070 967">
     <span class='ocr_line' id='line_1_9' title="bbox 475 889 2070 967; baseline 0.003 -21"><span class='ocrx_word' id='word_1_56' title='bbox 475 889 546 946; x_wconf 89' lang='lat' dir='ltr'><strong>ab</strong></span> <span class='ocrx_word' id='word_1_57' title='bbox 583 892 833 949; x_wconf 91' lang='lat' dir='ltr'><strong>omnium</strong></span> <span class='ocrx_word' id='word_1_58' title='bbox 860 900 1199 950; x_wconf 83' lang='lat' dir='ltr'><strong>terrenarum</strong></span> <span class='ocrx_word' id='word_1_59' title='bbox 1247 894 1634 965; x_wconf 78' lang='lat' dir='ltr'><strong>cogitationum</strong></span> <span class='ocrx_word' id='word_1_60' title='bbox 1659 910 1723 951; x_wconf 91' lang='lat' dir='ltr'><strong>ac</strong></span> <span class='ocrx_word' id='word_1_61' title='bbox 1776 893 2070 967; x_wconf 85' lang='lat' dir='ltr'><strong>perturba-</strong></span> 
     </span>
    </p>
   </div>
   <div class='ocr_carea' id='block_1_10' title="bbox 473 982 2071 1060">
    <p class='ocr_par' dir='ltr' id='par_1_10' title="bbox 473 982 2071 1060">
     <span class='ocr_line' id='line_1_10' title="bbox 473 982 2071 1060; baseline 0.003 -21"><span class='ocrx_word' id='word_1_62' title='bbox 473 982 688 1040; x_wconf 88' lang='lat' dir='ltr'><strong>tionum</strong></span> <span class='ocrx_word' id='word_1_63' title='bbox 731 985 991 1055; x_wconf 85' lang='lat' dir='ltr'><strong>tumultu,</strong></span> <span class='ocrx_word' id='word_1_64' title='bbox 1022 993 1076 1042; x_wconf 88' lang='lat' dir='ltr'><strong>et</strong></span> <span class='ocrx_word' id='word_1_65' title='bbox 1101 1002 1132 1043; x_wconf 91' lang='lat' dir='ltr'><strong>a</strong></span> <span class='ocrx_word' id='word_1_66' title='bbox 1163 993 1491 1042; x_wconf 90' lang='lat' dir='ltr'><strong>cunctorum</strong></span> <span class='ocrx_word' id='word_1_67' title='bbox 1526 987 1780 1043; x_wconf 87' lang='lat' dir='ltr'><strong>vitiorum</strong></span> <span class='ocrx_word' id='word_1_68' title='bbox 1830 988 2071 1060; x_wconf 84' lang='lat' dir='ltr'><strong>permix-</strong></span> 
     </span>
    </p>
   </div>
   <div class='ocr_carea' id='block_1_11' title="bbox 475 1076 2074 1152">
    <p class='ocr_par' dir='ltr' id='par_1_11' title="bbox 475 1076 2074 1152">
     <span class='ocr_line' id='line_1_11' title="bbox 475 1076 2074 1152; baseline 0.003 -19"><span class='ocrx_word' id='word_1_69' title='bbox 475 1076 629 1134; x_wconf 80' lang='lat' dir='ltr'><strong>tione</strong></span> <span class='ocrx_word' id='word_1_70' title='bbox 654 1089 918 1149; x_wconf 84' lang='lat' dir='ltr'><strong>secretus,</strong></span> <span class='ocrx_word' id='word_1_71' title='bbox 949 1079 1056 1137; x_wconf 85' lang='lat' dir='ltr'><strong>ﬁde</strong></span> <span class='ocrx_word' id='word_1_72' title='bbox 1075 1080 1368 1152; x_wconf 87' lang='lat' dir='ltr'><strong>purissima</strong></span> <span class='ocrx_word' id='word_1_73' title='bbox 1386 1097 1450 1136; x_wconf 92' lang='lat' dir='ltr'><strong>ac</strong></span> <span class='ocrx_word' id='word_1_74' title='bbox 1486 1083 1751 1137; x_wconf 88' lang='lat' dir='ltr'><strong>virtutum</strong></span> <span class='ocrx_word' id='word_1_75' title='bbox 1774 1082 2074 1138; x_wconf 87' lang='lat' dir='ltr'><strong>eminentia</strong></span> 
     </span>
    </p>
   </div>
   <div class='ocr_carea' id='block_1_12' title="bbox 471 1172 2070 1248">
    <p class='ocr_par' dir='ltr' id='par_1_12' title="bbox 471 1172 2070 1248">
     <span class='ocr_line' id='line_1_12' title="bbox 471 1172 2070 1248; baseline 0.003 -21"><span class='ocrx_word' id='word_1_76' title='bbox 471 1172 816 1241; x_wconf 87' lang='lat' dir='ltr'><strong>sublimatus,</strong></span> <span class='ocrx_word' id='word_1_77' title='bbox 857 1173 1084 1246; x_wconf 82' lang='lat' dir='ltr'><strong>gloriam</strong></span> <span class='ocrx_word' id='word_1_78' title='bbox 1125 1175 1305 1230; x_wconf 78' lang='lat' dir='ltr'><strong>vultus</strong></span> <span class='ocrx_word' id='word_1_79' title='bbox 1349 1174 1469 1246; x_wconf 85' lang='lat' dir='ltr'><strong>ejus</strong></span> <span class='ocrx_word' id='word_1_80' title='bbox 1517 1190 1583 1230; x_wconf 90' lang='lat' dir='ltr'><strong>ac</strong></span> <span class='ocrx_word' id='word_1_81' title='bbox 1632 1175 1893 1231; x_wconf 82' lang='lat' dir='ltr'><strong>claritatis</strong></span> <span class='ocrx_word' id='word_1_82' title='bbox 1950 1176 2070 1248; x_wconf 86' lang='lat' dir='ltr'><strong>ejus</strong></span> 
     </span>
    </p>
   </div>
   <div class='ocr_carea' id='block_1_13' title="bbox 476 1265 2065 1340">
    <p class='ocr_par' dir='ltr' id='par_1_13' title="bbox 476 1265 2065 1340">
     <span class='ocr_line' id='line_1_13' title="bbox 476 1265 2065 1340; baseline 0.005 -22"><span class='ocrx_word' id='word_1_83' title='bbox 476 1265 677 1319; x_wconf 84' lang='lat' dir='ltr'><strong>revelat</strong></span> <span class='ocrx_word' id='word_1_84' title='bbox 723 1265 1014 1338; x_wconf 82' lang='lat' dir='ltr'><strong>imaginem</strong></span> <span class='ocrx_word' id='word_1_85' title='bbox 1060 1266 1143 1322; x_wconf 87' lang='lat' dir='ltr'><strong>his</strong></span> <span class='ocrx_word' id='word_1_86' title='bbox 1188 1267 1282 1340; x_wconf 87' lang='lat' dir='ltr'><strong>qui</strong></span> <span class='ocrx_word' id='word_1_87' title='bbox 1332 1276 1612 1324; x_wconf 87' lang='lat' dir='ltr'><strong>merentur</strong></span> <span class='ocrx_word' id='word_1_88' title='bbox 1664 1285 1792 1325; x_wconf 91' lang='lat' dir='ltr'><strong>eum</strong></span> <span class='ocrx_word' id='word_1_89' title='bbox 1838 1268 2065 1326; x_wconf 83' lang='lat' dir='ltr'><strong>mundis</strong></span> 
     </span>
    </p>
   </div>
   <div class='ocr_carea' id='block_1_14' title="bbox 474 1356 2072 1419">
    <p class='ocr_par' dir='ltr' id='par_1_14' title="bbox 474 1356 2072 1419">
     <span class='ocr_line' id='line_1_14' title="bbox 474 1356 2072 1419; baseline 0.004 -7"><span class='ocrx_word' id='word_1_90' title='bbox 474 1356 671 1413; x_wconf 65' lang='lat' dir='ltr'><strong>animm</strong></span> <span class='ocrx_word' id='word_1_91' title='bbox 716 1358 996 1415; x_wconf 85' lang='lat' dir='ltr'><strong>obtutibus</strong></span> <span class='ocrx_word' id='word_1_92' title='bbox 1044 1360 1272 1416; x_wconf 90' lang='lat' dir='ltr'><strong>intueri.</strong></span> <span class='ocrx_word' id='word_1_93' title='bbox 1333 1363 1605 1418; x_wconf 69' lang='lat' dir='ltr'><strong>Caeterum</strong></span> <span class='ocrx_word' id='word_1_94' title='bbox 1659 1361 1871 1418; x_wconf 89' lang='lat' dir='ltr'><strong>videtur</strong></span> <span class='ocrx_word' id='word_1_95' title='bbox 1913 1364 2072 1419; x_wconf 87' lang='lat' dir='ltr'><strong>Jesus</strong></span> 
     </span>
    </p>
   </div>
   <div class='ocr_carea' id='block_1_15' title="bbox 476 1449 2071 1525">
    <p class='ocr_par' dir='ltr' id='par_1_15' title="bbox 476 1449 2071 1525">
     <span class='ocr_line' id='line_1_15' title="bbox 476 1449 2071 1525; baseline 0.004 -20"><span class='ocrx_word' id='word_1_96' title='bbox 476 1449 638 1505; x_wconf 90' lang='lat' dir='ltr'><strong>etiam</strong></span> <span class='ocrx_word' id='word_1_97' title='bbox 668 1451 739 1506; x_wconf 90' lang='lat' dir='ltr'><strong>ab</strong></span> <span class='ocrx_word' id='word_1_98' title='bbox 757 1450 842 1507; x_wconf 88' lang='lat' dir='ltr'><strong>bis</strong></span> <span class='ocrx_word' id='word_1_99' title='bbox 864 1453 958 1525; x_wconf 90' lang='lat' dir='ltr'><strong>qui</strong></span> <span class='ocrx_word' id='word_1_100' title='bbox 1000 1454 1057 1508; x_wconf 91' lang='lat' dir='ltr'><strong>in</strong></span> <span class='ocrx_word' id='word_1_101' title='bbox 1085 1454 1393 1511; x_wconf 87' lang='lat' dir='ltr'><strong>civitatibus</strong></span> <span class='ocrx_word' id='word_1_102' title='bbox 1430 1464 1485 1511; x_wconf 85' lang='lat' dir='ltr'><strong>et</strong></span> <span class='ocrx_word' id='word_1_103' title='bbox 1512 1455 1748 1512; x_wconf 87' lang='lat' dir='ltr'><strong>castellis</strong></span> <span class='ocrx_word' id='word_1_104' title='bbox 1784 1471 1849 1511; x_wconf 91' lang='lat' dir='ltr'><strong>ac</strong></span> <span class='ocrx_word' id='word_1_105' title='bbox 1874 1455 2071 1512; x_wconf 82' lang='lat' dir='ltr'><strong>viculis</strong></span> 
     </span>
    </p>
   </div>
   <div class='ocr_carea' id='block_1_16' title="bbox 474 1544 2071 1620">
    <p class='ocr_par' dir='ltr' id='par_1_16' title="bbox 474 1544 2071 1620">
     <span class='ocr_line' id='line_1_16' title="bbox 474 1544 2071 1620; baseline 0.004 -22"><span class='ocrx_word' id='word_1_106' title='bbox 474 1552 915 1613; x_wconf 87' lang='lat' dir='ltr'><strong>commorantur,</strong></span> <span class='ocrx_word' id='word_1_107' title='bbox 951 1544 1130 1616; x_wconf 89' lang='lat' dir='ltr'><strong>idest,</strong></span> <span class='ocrx_word' id='word_1_108' title='bbox 1172 1546 1265 1620; x_wconf 90' lang='lat' dir='ltr'><strong>qui</strong></span> <span class='ocrx_word' id='word_1_109' title='bbox 1312 1547 1369 1603; x_wconf 92' lang='lat' dir='ltr'><strong>in</strong></span> <span class='ocrx_word' id='word_1_110' title='bbox 1394 1547 1591 1604; x_wconf 88' lang='lat' dir='ltr'><strong>actuali</strong></span> <span class='ocrx_word' id='word_1_111' title='bbox 1650 1547 2071 1604; x_wconf 81' lang='lat' dir='ltr'><strong>conversatione</strong></span> 
     </span>
    </p>
   </div>
   <div class='ocr_carea' id='block_1_17' title="bbox 473 1638 2074 1710">
    <p class='ocr_par' dir='ltr' id='par_1_17' title="bbox 473 1638 2074 1710">
     <span class='ocr_line' id='line_1_17' title="bbox 473 1638 2074 1710; baseline 0.004 -19"><span class='ocrx_word' id='word_1_112' title='bbox 473 1644 602 1691; x_wconf 88' lang='lat' dir='ltr'><strong>sunt</strong></span> <span class='ocrx_word' id='word_1_113' title='bbox 640 1645 801 1709; x_wconf 90' lang='lat' dir='ltr'><strong>atque</strong></span> <span class='ocrx_word' id='word_1_114' title='bbox 846 1638 899 1693; x_wconf 91' lang='lat' dir='ltr'><strong>in</strong></span> <span class='ocrx_word' id='word_1_115' title='bbox 947 1638 1202 1710; x_wconf 88' lang='lat' dir='ltr'><strong>operibus</strong></span> <span class='ocrx_word' id='word_1_116' title='bbox 1230 1641 1539 1709; x_wconf 85' lang='lat' dir='ltr'><strong>constituti;</strong></span> <span class='ocrx_word' id='word_1_117' title='bbox 1567 1639 1662 1697; x_wconf 91' lang='lat' dir='ltr'><strong>sed</strong></span> <span class='ocrx_word' id='word_1_118' title='bbox 1707 1656 1823 1697; x_wconf 90' lang='lat' dir='ltr'><strong>non</strong></span> <span class='ocrx_word' id='word_1_119' title='bbox 1878 1640 1937 1697; x_wconf 91' lang='lat' dir='ltr'><strong>in</strong></span> <span class='ocrx_word' id='word_1_120' title='bbox 1982 1640 2074 1697; x_wconf 88' lang='lat' dir='ltr'><strong>illa</strong></span> 
     </span>
    </p>
   </div>
   <div class='ocr_carea' id='block_1_18' title="bbox 484 1729 2076 1807">
    <p class='ocr_par' dir='ltr' id='par_1_18' title="bbox 484 1729 2076 1807">
     <span class='ocr_line' id='line_1_18' title="bbox 484 1729 2076 1807; baseline 0.004 -23"><span class='ocrx_word' id='word_1_121' title='bbox 484 1729 730 1787; x_wconf 87' lang='lat' dir='ltr'><strong>claritate</strong></span> <span class='ocrx_word' id='word_1_122' title='bbox 753 1746 861 1803; x_wconf 89' lang='lat' dir='ltr'><strong>qua</strong></span> <span class='ocrx_word' id='word_1_123' title='bbox 901 1731 1008 1789; x_wconf 86' lang='lat' dir='ltr'><strong>illis</strong></span> <span class='ocrx_word' id='word_1_124' title='bbox 1033 1733 1285 1805; x_wconf 88' lang='lat' dir='ltr'><strong>apparuit</strong></span> <span class='ocrx_word' id='word_1_125' title='bbox 1312 1735 1402 1806; x_wconf 91' lang='lat' dir='ltr'><strong>qui</strong></span> <span class='ocrx_word' id='word_1_126' title='bbox 1431 1749 1557 1790; x_wconf 88' lang='lat' dir='ltr'><strong>cum</strong></span> <span class='ocrx_word' id='word_1_127' title='bbox 1582 1735 1699 1807; x_wconf 90' lang='lat' dir='ltr'><strong>ipso</strong></span> <span class='ocrx_word' id='word_1_128' title='bbox 1743 1740 1971 1807; x_wconf 89' lang='lat' dir='ltr'><strong>possunt</strong></span> <span class='ocrx_word' id='word_1_129' title='bbox 2018 1734 2076 1791; x_wconf 92' lang='lat' dir='ltr'><strong>in</strong></span> 
     </span>
    </p>
   </div>
   <div class='ocr_carea' id='block_1_19' title="bbox 2185 509 3791 584">
    <p class='ocr_par' dir='ltr' id='par_1_19' title="bbox 2185 509 3791 584">
     <span class='ocr_line' id='line_1_19' title="bbox 2185 509 3791 584; baseline -0.005 -11"><span class='ocrx_word' id='word_1_130' title='bbox 2185 532 2350 573; x_wconf 89' lang='lat' dir='ltr'><strong>omne</strong></span> <span class='ocrx_word' id='word_1_131' title='bbox 2401 515 2758 584; x_wconf 82' lang='lat' dir='ltr'><strong>desiderium,</strong></span> <span class='ocrx_word' id='word_1_132' title='bbox 2797 526 2962 570; x_wconf 91' lang='lat' dir='ltr'><strong>omne</strong></span> <span class='ocrx_word' id='word_1_133' title='bbox 3004 510 3267 578; x_wconf 88' lang='lat' dir='ltr'><strong>studium,</strong></span> <span class='ocrx_word' id='word_1_134' title='bbox 3316 509 3504 566; x_wconf 90' lang='lat' dir='ltr'><strong>omnis</strong></span> <span class='ocrx_word' id='word_1_135' title='bbox 3528 517 3791 580; x_wconf 82' lang='lat' dir='ltr'><strong>conatus,</strong></span> 
     </span>
    </p>
   </div>
   <div class='ocr_carea' id='block_1_20' title="bbox 2187 602 3793 683">
    <p class='ocr_par' dir='ltr' id='par_1_20' title="bbox 2187 602 3793 683">
     <span class='ocr_line' id='line_1_20' title="bbox 2187 602 3793 683; baseline -0.003 -17"><span class='ocrx_word' id='word_1_136' title='bbox 2187 609 2370 666; x_wconf 92' lang='lat' dir='ltr'><strong>omnis</strong></span> <span class='ocrx_word' id='word_1_137' title='bbox 2390 610 2646 683; x_wconf 85' lang='lat' dir='ltr'><strong>cogitatio</strong></span> <span class='ocrx_word' id='word_1_138' title='bbox 2670 616 2879 675; x_wconf 87' lang='lat' dir='ltr'><strong>nostra,</strong></span> <span class='ocrx_word' id='word_1_139' title='bbox 2932 620 3100 662; x_wconf 90' lang='lat' dir='ltr'><strong>omne</strong></span> <span class='ocrx_word' id='word_1_140' title='bbox 3126 603 3277 676; x_wconf 90' lang='lat' dir='ltr'><strong>quod</strong></span> <span class='ocrx_word' id='word_1_141' title='bbox 3330 602 3607 671; x_wconf 87' lang='lat' dir='ltr'><strong>videmus,</strong></span> <span class='ocrx_word' id='word_1_142' title='bbox 3640 602 3793 674; x_wconf 88' lang='lat' dir='ltr'><strong>quod</strong></span> 
     </span>
    </p>
   </div>
   <div class='ocr_carea' id='block_1_21' title="bbox 2182 694 3789 775">
    <p class='ocr_par' dir='ltr' id='par_1_21' title="bbox 2182 694 3789 775">
     <span class='ocr_line' id='line_1_21' title="bbox 2182 694 3789 775; baseline -0.004 -17"><span class='ocrx_word' id='word_1_143' title='bbox 2182 702 2479 775; x_wconf 90' lang='lat' dir='ltr'><strong>loquimur,</strong></span> <span class='ocrx_word' id='word_1_144' title='bbox 2499 701 2649 775; x_wconf 91' lang='lat' dir='ltr'><strong>quod</strong></span> <span class='ocrx_word' id='word_1_145' title='bbox 2670 714 2974 773; x_wconf 83' lang='lat' dir='ltr'><strong>speramus,</strong></span> <span class='ocrx_word' id='word_1_146' title='bbox 3000 701 3150 769; x_wconf 75' lang='lat' dir='ltr'><strong>Deus</strong></span> <span class='ocrx_word' id='word_1_147' title='bbox 3172 696 3296 764; x_wconf 91' lang='lat' dir='ltr'><strong>erit,</strong></span> <span class='ocrx_word' id='word_1_148' title='bbox 3325 694 3527 767; x_wconf 89' lang='lat' dir='ltr'><strong>illaque</strong></span> <span class='ocrx_word' id='word_1_149' title='bbox 3574 694 3755 753; x_wconf 89' lang='lat' dir='ltr'><strong>unitas</strong></span> <span class='ocrx_word' id='word_1_150' title='bbox 3771 737 3789 765; x_wconf 89' lang='lat'><strong>,</strong></span> 
     </span>
    </p>
   </div>
   <div class='ocr_carea' id='block_1_22' title="bbox 2182 789 3787 867">
    <p class='ocr_par' dir='ltr' id='par_1_22' title="bbox 2182 789 3787 867">
     <span class='ocr_line' id='line_1_22' title="bbox 2182 789 3787 867; baseline -0.002 -17"><span class='ocrx_word' id='word_1_151' title='bbox 2182 810 2309 867; x_wconf 66' lang='lat' dir='ltr'><strong>quae</strong></span> <span class='ocrx_word' id='word_1_152' title='bbox 2330 810 2478 852; x_wconf 89' lang='lat' dir='ltr'><strong>nunc</strong></span> <span class='ocrx_word' id='word_1_153' title='bbox 2504 803 2588 851; x_wconf 86' lang='lat' dir='ltr'><strong>est</strong></span> <span class='ocrx_word' id='word_1_154' title='bbox 2631 794 2806 851; x_wconf 89' lang='lat' dir='ltr'><strong>Patris</strong></span> <span class='ocrx_word' id='word_1_155' title='bbox 2828 808 2955 848; x_wconf 91' lang='lat' dir='ltr'><strong>cum</strong></span> <span class='ocrx_word' id='word_1_156' title='bbox 3002 789 3164 858; x_wconf 84' lang='lat' dir='ltr'><strong>Filio,</strong></span> <span class='ocrx_word' id='word_1_157' title='bbox 3195 797 3250 845; x_wconf 90' lang='lat' dir='ltr'><strong>et</strong></span> <span class='ocrx_word' id='word_1_158' title='bbox 3275 789 3398 845; x_wconf 87' lang='lat' dir='ltr'><strong>Filii</strong></span> <span class='ocrx_word' id='word_1_159' title='bbox 3428 804 3556 845; x_wconf 89' lang='lat' dir='ltr'><strong>cum</strong></span> <span class='ocrx_word' id='word_1_160' title='bbox 3600 791 3787 861; x_wconf 84' lang='lat' dir='ltr'><strong>Patre,</strong></span> 
     </span>
    </p>
   </div>
   <div class='ocr_carea' id='block_1_23' title="bbox 2183 881 3796 953">
    <p class='ocr_par' dir='ltr' id='par_1_23' title="bbox 2183 881 3796 953">
     <span class='ocr_line' id='line_1_23' title="bbox 2183 881 3796 953; baseline -0.002 -10"><span class='ocrx_word' id='word_1_161' title='bbox 2183 887 2241 943; x_wconf 91' lang='lat' dir='ltr'><strong>in</strong></span> <span class='ocrx_word' id='word_1_162' title='bbox 2262 896 2513 944; x_wconf 87' lang='lat' dir='ltr'><strong>nostrum</strong></span> <span class='ocrx_word' id='word_1_163' title='bbox 2556 886 2721 945; x_wconf 86' lang='lat' dir='ltr'><strong>fuerit</strong></span> <span class='ocrx_word' id='word_1_164' title='bbox 2755 900 2979 942; x_wconf 89' lang='lat' dir='ltr'><strong>sensum</strong></span> <span class='ocrx_word' id='word_1_165' title='bbox 3026 891 3345 953; x_wconf 84' lang='lat' dir='ltr'><strong>mentesque</strong></span> <span class='ocrx_word' id='word_1_166' title='bbox 3395 882 3690 953; x_wconf 80' lang='lat' dir='ltr'><strong>transfusa,</strong></span> <span class='ocrx_word' id='word_1_167' title='bbox 3733 881 3796 940; x_wconf 88' lang='lat' dir='ltr'><strong>id</strong></span> 
     </span>
    </p>
   </div>
   <div class='ocr_carea' id='block_1_24' title="bbox 2182 976 3797 1054">
    <p class='ocr_par' dir='ltr' id='par_1_24' title="bbox 2182 976 3797 1054">
     <span class='ocr_line' id='line_1_24' title="bbox 2182 976 3797 1054; baseline -0.002 -16"><span class='ocrx_word' id='word_1_168' title='bbox 2182 991 2283 1050; x_wconf 88' lang='lat' dir='ltr'><strong>est,</strong></span> <span class='ocrx_word' id='word_1_169' title='bbox 2309 990 2369 1039; x_wconf 90' lang='lat' dir='ltr'><strong>ut</strong></span> <span class='ocrx_word' id='word_1_170' title='bbox 2404 980 2867 1054; x_wconf 89' lang='lat' dir='ltr'><strong>quemadmodum</strong></span> <span class='ocrx_word' id='word_1_171' title='bbox 2903 994 3005 1036; x_wconf 86' lang='lat' dir='ltr'><strong>nos</strong></span> <span class='ocrx_word' id='word_1_172' title='bbox 3028 977 3119 1035; x_wconf 88' lang='lat' dir='ltr'><strong>ille</strong></span> <span class='ocrx_word' id='word_1_173' title='bbox 3153 976 3361 1033; x_wconf 89' lang='lat' dir='ltr'><strong>sincera</strong></span> <span class='ocrx_word' id='word_1_174' title='bbox 3378 986 3436 1033; x_wconf 86' lang='lat' dir='ltr'><strong>et</strong></span> <span class='ocrx_word' id='word_1_175' title='bbox 3464 994 3598 1050; x_wconf 88' lang='lat' dir='ltr'><strong>pura</strong></span> <span class='ocrx_word' id='word_1_176' title='bbox 3622 988 3797 1050; x_wconf 85' lang='lat' dir='ltr'><strong>atque</strong></span> 
     </span>
    </p>
   </div>
   <div class='ocr_carea' id='block_1_25' title="bbox 2182 1072 3801 1146">
    <p class='ocr_par' dir='ltr' id='par_1_25' title="bbox 2182 1072 3801 1146">
     <span class='ocr_line' id='line_1_25' title="bbox 2182 1072 3801 1146; baseline -0.001 -15"><span class='ocrx_word' id='word_1_177' title='bbox 2182 1074 2537 1132; x_wconf 90' lang='lat' dir='ltr'><strong>indissolubili</strong></span> <span class='ocrx_word' id='word_1_178' title='bbox 2566 1074 2741 1146; x_wconf 83' lang='lat' dir='ltr'><strong>diligit</strong></span> <span class='ocrx_word' id='word_1_179' title='bbox 2769 1072 3052 1140; x_wconf 89' lang='lat' dir='ltr'><strong>charitate,</strong></span> <span class='ocrx_word' id='word_1_180' title='bbox 3076 1086 3181 1127; x_wconf 86' lang='lat' dir='ltr'><strong>nos</strong></span> <span class='ocrx_word' id='word_1_181' title='bbox 3213 1086 3428 1144; x_wconf 87' lang='lat' dir='ltr'><strong>quoque</strong></span> <span class='ocrx_word' id='word_1_182' title='bbox 3451 1072 3498 1128; x_wconf 90' lang='lat' dir='ltr'><strong>ei</strong></span> <span class='ocrx_word' id='word_1_183' title='bbox 3526 1081 3801 1145; x_wconf 84' lang='lat' dir='ltr'><strong>perpetua</strong></span> 
     </span>
    </p>
   </div>
   <div class='ocr_carea' id='block_1_26' title="bbox 2180 1163 3798 1240">
    <p class='ocr_par' dir='ltr' id='par_1_26' title="bbox 2180 1163 3798 1240">
     <span class='ocr_line' id='line_1_26' title="bbox 2180 1163 3798 1240; baseline 0.001 -18"><span class='ocrx_word' id='word_1_184' title='bbox 2180 1176 2239 1224; x_wconf 91' lang='lat' dir='ltr'><strong>et</strong></span> <span class='ocrx_word' id='word_1_185' title='bbox 2264 1166 2606 1240; x_wconf 89' lang='lat' dir='ltr'><strong>inseparabili</strong></span> <span class='ocrx_word' id='word_1_186' title='bbox 2636 1166 2902 1223; x_wconf 84' lang='lat' dir='ltr'><strong>charitate</strong></span> <span class='ocrx_word' id='word_1_187' title='bbox 2923 1165 3245 1239; x_wconf 72' lang='lat' dir='ltr'><strong>iungamur,</strong></span> <span class='ocrx_word' id='word_1_188' title='bbox 3283 1163 3357 1219; x_wconf 89' lang='lat' dir='ltr'><strong>ita</strong></span> <span class='ocrx_word' id='word_1_189' title='bbox 3384 1164 3590 1221; x_wconf 85' lang='lat' dir='ltr'><strong>scilicet</strong></span> <span class='ocrx_word' id='word_1_190' title='bbox 3605 1165 3798 1223; x_wconf 86' lang='lat' dir='ltr'><strong>eidem</strong></span> 
     </span>
    </p>
   </div>
   <div class='ocr_carea' id='block_1_27' title="bbox 2181 1257 3799 1334">
    <p class='ocr_par' dir='ltr' id='par_1_27' title="bbox 2181 1257 3799 1334">
     <span class='ocr_line' id='line_1_27' title="bbox 2181 1257 3799 1334; baseline -0.001 -17"><span class='ocrx_word' id='word_1_191' title='bbox 2181 1262 2438 1334; x_wconf 87' lang='lat' dir='ltr'><strong>copulati,</strong></span> <span class='ocrx_word' id='word_1_192' title='bbox 2466 1271 2531 1319; x_wconf 91' lang='lat' dir='ltr'><strong>ut</strong></span> <span class='ocrx_word' id='word_1_193' title='bbox 2553 1259 2820 1334; x_wconf 89' lang='lat' dir='ltr'><strong>quidquid</strong></span> <span class='ocrx_word' id='word_1_194' title='bbox 2854 1274 3140 1333; x_wconf 84' lang='lat' dir='ltr'><strong>speramus</strong></span> <span class='ocrx_word' id='word_1_195' title='bbox 3159 1300 3176 1327; x_wconf 90' lang='lat'><strong>,</strong></span> <span class='ocrx_word' id='word_1_196' title='bbox 3206 1257 3476 1331; x_wconf 90' lang='lat' dir='ltr'><strong>quidquid</strong></span> <span class='ocrx_word' id='word_1_197' title='bbox 3529 1258 3799 1332; x_wconf 87' lang='lat' dir='ltr'><strong>intelligi-</strong></span> 
     </span>
    </p>
   </div>
   <div class='ocr_carea' id='block_1_28' title="bbox 2182 1351 3792 1429">
    <p class='ocr_par' dir='ltr' id='par_1_28' title="bbox 2182 1351 3792 1429">
     <span class='ocr_line' id='line_1_28' title="bbox 2182 1351 3792 1429; baseline -0.002 -15"><span class='ocrx_word' id='word_1_198' title='bbox 2182 1373 2331 1426; x_wconf 87' lang='lat' dir='ltr'><strong>mus,</strong></span> <span class='ocrx_word' id='word_1_199' title='bbox 2359 1355 2627 1429; x_wconf 74' lang='lat' dir='ltr'><strong>quidquid</strong></span> <span class='ocrx_word' id='word_1_200' title='bbox 2646 1355 2943 1426; x_wconf 79' lang='lat' dir='ltr'><strong>loquimur,</strong></span> <span class='ocrx_word' id='word_1_201' title='bbox 2960 1355 3108 1409; x_wconf 88' lang='lat' dir='ltr'><strong>Deus</strong></span> <span class='ocrx_word' id='word_1_202' title='bbox 3127 1352 3200 1408; x_wconf 87' lang='lat' dir='ltr'><strong>sit</strong></span> <span class='ocrx_word' id='word_1_203' title='bbox 3225 1375 3240 1421; x_wconf 84' lang='lat'><strong>;</strong></span> <span class='ocrx_word' id='word_1_204' title='bbox 3269 1353 3327 1407; x_wconf 93' lang='lat' dir='ltr'><strong>in</strong></span> <span class='ocrx_word' id='word_1_205' title='bbox 3348 1351 3526 1421; x_wconf 90' lang='lat' dir='ltr'><strong>illum,</strong></span> <span class='ocrx_word' id='word_1_206' title='bbox 3543 1353 3792 1426; x_wconf 84' lang='lat' dir='ltr'><strong>inquam,</strong></span> 
     </span>
    </p>
   </div>
   <div class='ocr_carea' id='block_1_29' title="bbox 2183 1445 3796 1524">
    <p class='ocr_par' dir='ltr' id='par_1_29' title="bbox 2183 1445 3796 1524">
     <span class='ocr_line' id='line_1_29' title="bbox 2183 1445 3796 1524; baseline -0.002 -17"><span class='ocrx_word' id='word_1_207' title='bbox 2183 1451 2559 1524; x_wconf 85' lang='lat' dir='ltr'><strong>pervenientes</strong></span> <span class='ocrx_word' id='word_1_208' title='bbox 2600 1465 2771 1522; x_wconf 89' lang='lat' dir='ltr'><strong>quem</strong></span> <span class='ocrx_word' id='word_1_209' title='bbox 2803 1446 3163 1520; x_wconf 72' lang='lat' dir='ltr'><strong>praediximus</strong></span> <span class='ocrx_word' id='word_1_210' title='bbox 3192 1445 3385 1514; x_wconf 82' lang='lat' dir='ltr'><strong>finem,</strong></span> <span class='ocrx_word' id='word_1_211' title='bbox 3434 1461 3603 1518; x_wconf 88' lang='lat' dir='ltr'><strong>quem</strong></span> <span class='ocrx_word' id='word_1_212' title='bbox 3649 1446 3796 1504; x_wconf 86' lang='lat' dir='ltr'><strong>idem</strong></span> 
     </span>
    </p>
   </div>
   <div class='ocr_carea' id='block_1_30' title="bbox 2182 1540 3796 1614">
    <p class='ocr_par' dir='ltr' id='par_1_30' title="bbox 2182 1540 3796 1614">
     <span class='ocr_line' id='line_1_30' title="bbox 2182 1540 3796 1614; baseline -0.002 -14"><span class='ocrx_word' id='word_1_213' title='bbox 2182 1544 2453 1601; x_wconf 89' lang='lat' dir='ltr'><strong>Dominus</strong></span> <span class='ocrx_word' id='word_1_214' title='bbox 2481 1559 2643 1600; x_wconf 88' lang='lat' dir='ltr'><strong>orans</strong></span> <span class='ocrx_word' id='word_1_215' title='bbox 2660 1541 2716 1598; x_wconf 91' lang='lat' dir='ltr'><strong>in</strong></span> <span class='ocrx_word' id='word_1_216' title='bbox 2742 1541 2906 1598; x_wconf 90' lang='lat' dir='ltr'><strong>nobis</strong></span> <span class='ocrx_word' id='word_1_217' title='bbox 2933 1549 3087 1613; x_wconf 88' lang='lat' dir='ltr'><strong>optat</strong></span> <span class='ocrx_word' id='word_1_218' title='bbox 3110 1540 3347 1614; x_wconf 90' lang='lat' dir='ltr'><strong>impleri,</strong></span> <span class='ocrx_word' id='word_1_219' title='bbox 3404 1543 3796 1611; x_wconf 71' lang='lat' dir='ltr'><strong>Utpmnessint</strong></span> 
     </span>
    </p>
   </div>
   <div class='ocr_carea' id='block_1_31' title="bbox 2181 1634 3793 1705">
    <p class='ocr_par' dir='ltr' id='par_1_31' title="bbox 2181 1634 3793 1705">
     <span class='ocr_line' id='line_1_31' title="bbox 2181 1634 3793 1705; baseline -0.003 -12"><span class='ocrx_word' id='word_1_220' title='bbox 2181 1653 2374 1705; x_wconf 85' lang='lat' dir='ltr'><strong>unum,</strong></span> <span class='ocrx_word' id='word_1_221' title='bbox 2399 1640 2538 1692; x_wconf 88' lang='lat' dir='ltr'><strong>sicut</strong></span> <span class='ocrx_word' id='word_1_222' title='bbox 2551 1650 2646 1691; x_wconf 87' lang='lat' dir='ltr'><strong>nos</strong></span> <span class='ocrx_word' id='word_1_223' title='bbox 2672 1651 2842 1691; x_wconf 88' lang='lat' dir='ltr'><strong>unum</strong></span> <span class='ocrx_word' id='word_1_224' title='bbox 2860 1649 3047 1701; x_wconf 80' lang='lat' dir='ltr'><strong>sumus</strong></span> <span class='ocrx_word' id='word_1_225' title='bbox 3075 1653 3093 1701; x_wconf 85' lang='lat'><strong><em>;</em></strong></span> <span class='ocrx_word' id='word_1_226' title='bbox 3116 1648 3210 1703; x_wconf 86' lang='lat' dir='ltr'><strong>ego</strong></span> <span class='ocrx_word' id='word_1_227' title='bbox 3234 1636 3293 1688; x_wconf 85' lang='lat' dir='ltr'><strong>in</strong></span> <span class='ocrx_word' id='word_1_228' title='bbox 3316 1634 3414 1701; x_wconf 88' lang='lat' dir='ltr'><strong>eis,</strong></span> <span class='ocrx_word' id='word_1_229' title='bbox 3448 1638 3498 1688; x_wconf 85' lang='lat' dir='ltr'><strong>et</strong></span> <span class='ocrx_word' id='word_1_230' title='bbox 3523 1641 3585 1689; x_wconf 81' lang='lat' dir='ltr'><strong>tu</strong></span> <span class='ocrx_word' id='word_1_231' title='bbox 3601 1636 3661 1689; x_wconf 84' lang='lat' dir='ltr'><strong>in</strong></span> <span class='ocrx_word' id='word_1_232' title='bbox 3679 1650 3793 1698; x_wconf 77' lang='lat' dir='ltr'><strong>nte,</strong></span> 
     </span>
    </p>
   </div>
   <div class='ocr_carea' id='block_1_32' title="bbox 2183 1729 3799 1801">
    <p class='ocr_par' dir='ltr' id='par_1_32' title="bbox 2183 1729 3799 1801">
     <span class='ocr_line' id='line_1_32' title="bbox 2183 1729 3799 1801; baseline -0.001 -15"><span class='ocrx_word' id='word_1_233' title='bbox 2183 1736 2246 1786; x_wconf 88' lang='lat' dir='ltr'><strong>ut</strong></span> <span class='ocrx_word' id='word_1_234' title='bbox 2282 1733 2395 1786; x_wconf 83' lang='lat' dir='ltr'><strong>sint</strong></span> <span class='ocrx_word' id='word_1_235' title='bbox 2420 1735 2474 1786; x_wconf 90' lang='lat' dir='ltr'><strong>et</strong></span> <span class='ocrx_word' id='word_1_236' title='bbox 2509 1732 2618 1801; x_wconf 87' lang='lat' dir='ltr'><strong>ipsi</strong></span> <span class='ocrx_word' id='word_1_237' title='bbox 2642 1731 2999 1785; x_wconf 77' lang='lat' dir='ltr'><strong>consummati</strong></span> <span class='ocrx_word' id='word_1_238' title='bbox 3022 1729 3082 1783; x_wconf 88' lang='lat' dir='ltr'><strong>in</strong></span> <span class='ocrx_word' id='word_1_239' title='bbox 3108 1744 3275 1783; x_wconf 89' lang='lat' dir='ltr'><strong>unum</strong></span> <span class='ocrx_word' id='word_1_240' title='bbox 3298 1731 3470 1795; x_wconf 77' lang='lat' dir='ltr'><strong>(Joan.</strong></span> <span class='ocrx_word' id='word_1_241' title='bbox 3504 1733 3690 1795; x_wconf 70' lang='lat' dir='ltr'><strong>xvu‘).</strong></span> <span class='ocrx_word' id='word_1_242' title='bbox 3720 1731 3799 1784; x_wconf 83' lang='lat' dir='ltr'><strong>Et</strong></span> 
     </span>
    </p>
   </div>
   <div class='ocr_carea' id='block_1_33' title="bbox 477 1805 3795 1897">
    <p class='ocr_par' dir='ltr' id='par_1_33' title="bbox 477 1805 3795 1897">
     <span class='ocr_line' id='line_1_33' title="bbox 477 1805 3795 1897; baseline 0.001 -20"><span class='ocrx_word' id='word_1_243' title='bbox 477 1821 740 1893; x_wconf 63' lang='lat' dir='ltr'><strong>praedicto</strong></span> <span class='ocrx_word' id='word_1_244' title='bbox 767 1823 1029 1880; x_wconf 89' lang='lat' dir='ltr'><strong>virtutum</strong></span> <span class='ocrx_word' id='word_1_245' title='bbox 1061 1832 1249 1882; x_wconf 87' lang='lat' dir='ltr'><strong>monte</strong></span> <span class='ocrx_word' id='word_1_246' title='bbox 1267 1805 1652 1895; x_wconf 75' lang='lat' dir='ltr'><strong>conscendere,</strong></span> <span class='ocrx_word' id='word_1_247' title='bbox 1682 1805 1865 1896; x_wconf 78' lang='lat' dir='ltr'><strong>idest,</strong></span> <span class='ocrx_word' id='word_1_248' title='bbox 1890 1828 2074 1897; x_wconf 87' lang='lat' dir='ltr'><strong>Petro,</strong></span> <span class='ocrx_word' id='word_1_249' title='bbox 2105 1805 2152 1868; x_wconf 80' lang='grc' dir='ltr'><strong>Β</strong></span> <span class='ocrx_word' id='word_1_250' title='bbox 2180 1824 2413 1880; x_wconf 91' lang='lat' dir='ltr'><strong>iterum:</strong></span> <span class='ocrx_word' id='word_1_251' title='bbox 2441 1827 2623 1888; x_wconf 87' lang='lat' dir='ltr'><strong>Pater,</strong></span> <span class='ocrx_word' id='word_1_252' title='bbox 2654 1838 2786 1894; x_wconf 87' lang='lat' dir='ltr'><strong>quos</strong></span> <span class='ocrx_word' id='word_1_253' title='bbox 2809 1823 3013 1879; x_wconf 83' lang='lat' dir='ltr'><strong>dedisti</strong></span> <span class='ocrx_word' id='word_1_254' title='bbox 3028 1823 3185 1885; x_wconf 74' lang='lat' dir='ltr'><strong>mihi,</strong></span> <span class='ocrx_word' id='word_1_255' title='bbox 3205 1822 3322 1877; x_wconf 78' lang='lat' dir='ltr'><strong>uolo</strong></span> <span class='ocrx_word' id='word_1_256' title='bbox 3345 1826 3405 1877; x_wconf 89' lang='lat' dir='ltr'><strong>ut</strong></span> <span class='ocrx_word' id='word_1_257' title='bbox 3432 1823 3525 1876; x_wconf 83' lang='lat' dir='ltr'><strong>ubi</strong></span> <span class='ocrx_word' id='word_1_258' title='bbox 3548 1838 3643 1891; x_wconf 86' lang='lat' dir='ltr'><strong>ego</strong></span> <span class='ocrx_word' id='word_1_259' title='bbox 3663 1837 3795 1881; x_wconf 84' lang='lat' dir='ltr'><strong>sum</strong></span> 
     </span>
    </p>
   </div>
   <div class='ocr_carea' id='block_1_34' title="bbox 471 1915 2072 1991">
    <p class='ocr_par' dir='ltr' id='par_1_34' title="bbox 471 1915 2072 1991">
     <span class='ocr_line' id='line_1_34' title="bbox 471 1915 2072 1991; baseline 0.006 -23"><span class='ocrx_word' id='word_1_260' title='bbox 471 1915 679 1972; x_wconf 89' lang='lat' dir='ltr'><strong>Jacobo</strong></span> <span class='ocrx_word' id='word_1_261' title='bbox 692 1926 747 1973; x_wconf 91' lang='lat' dir='ltr'><strong>et</strong></span> <span class='ocrx_word' id='word_1_262' title='bbox 773 1918 972 1973; x_wconf 87' lang='lat' dir='ltr'><strong>Joanni</strong></span> <span class='ocrx_word' id='word_1_263' title='bbox 993 1917 1211 1988; x_wconf 79' lang='lat' dir='ltr'><strong>(Matth.</strong></span> <span class='ocrx_word' id='word_1_264' title='bbox 1233 1920 1389 1991; x_wconf 82' lang='lat' dir='ltr'><strong>xvn)</strong></span> <span class='ocrx_word' id='word_1_265' title='bbox 1402 1962 1415 1976; x_wconf 96' lang='lat'><strong>.</strong></span> <span class='ocrx_word' id='word_1_266' title='bbox 1444 1923 1524 1975; x_wconf 89' lang='lat' dir='ltr'><strong>Ita</strong></span> <span class='ocrx_word' id='word_1_267' title='bbox 1541 1921 1688 1976; x_wconf 90' lang='lat' dir='ltr'><strong>enim</strong></span> <span class='ocrx_word' id='word_1_268' title='bbox 1710 1920 1765 1975; x_wconf 91' lang='lat' dir='ltr'><strong>in</strong></span> <span class='ocrx_word' id='word_1_269' title='bbox 1778 1920 2072 1977; x_wconf 83' lang='lat' dir='ltr'><strong>solitudine</strong></span> 
     </span>
    </p>
   </div>
   <div class='ocr_carea' id='block_1_35' title="bbox 474 2012 2077 2083">
    <p class='ocr_par' dir='ltr' id='par_1_35' title="bbox 474 2012 2077 2083">
     <span class='ocr_line' id='line_1_35' title="bbox 474 2012 2077 2083; baseline 0.002 -18"><span class='ocrx_word' id='word_1_270' title='bbox 474 2018 529 2065; x_wconf 89' lang='lat' dir='ltr'><strong>et</strong></span> <span class='ocrx_word' id='word_1_271' title='bbox 553 2012 695 2067; x_wconf 88' lang='lat' dir='ltr'><strong>Mosi</strong></span> <span class='ocrx_word' id='word_1_272' title='bbox 720 2012 969 2083; x_wconf 85' lang='lat' dir='ltr'><strong>apparuit</strong></span> <span class='ocrx_word' id='word_1_273' title='bbox 994 2014 1192 2079; x_wconf 68' lang='lat' dir='ltr'><strong>(Exod.</strong></span> <span class='ocrx_word' id='word_1_274' title='bbox 1233 2018 1355 2083; x_wconf 83' lang='lat' dir='ltr'><strong>In),</strong></span> <span class='ocrx_word' id='word_1_275' title='bbox 1381 2021 1436 2069; x_wconf 90' lang='lat' dir='ltr'><strong>et</strong></span> <span class='ocrx_word' id='word_1_276' title='bbox 1457 2013 1592 2069; x_wconf 76' lang='lat' dir='ltr'><strong>Eliae</strong></span> <span class='ocrx_word' id='word_1_277' title='bbox 1623 2014 1836 2069; x_wconf 90' lang='lat' dir='ltr'><strong>locutus</strong></span> <span class='ocrx_word' id='word_1_278' title='bbox 1861 2021 1946 2069; x_wconf 87' lang='lat' dir='ltr'><strong>est</strong></span> <span class='ocrx_word' id='word_1_279' title='bbox 1972 2015 2077 2081; x_wconf 87' lang='lat' dir='ltr'><strong>(Ill</strong></span> 
     </span>
    </p>
   </div>
   <div class='ocr_carea' id='block_1_36' title="bbox 474 2105 2076 2176">
    <p class='ocr_par' dir='ltr' id='par_1_36' title="bbox 474 2105 2076 2176">
     <span class='ocr_line' id='line_1_36' title="bbox 474 2105 2076 2176; baseline 0.002 -16"><span class='ocrx_word' id='word_1_280' title='bbox 474 2107 607 2173; x_wconf 79' lang='lat' dir='ltr'><strong>Reg.</strong></span> <span class='ocrx_word' id='word_1_281' title='bbox 639 2119 803 2162; x_wconf 83' lang='lat' dir='ltr'><strong>xvm</strong></span> <span class='ocrx_word' id='word_1_282' title='bbox 830 2111 882 2160; x_wconf 85' lang='lat' dir='ltr'><strong>et</strong></span> <span class='ocrx_word' id='word_1_283' title='bbox 914 2121 1027 2161; x_wconf 77' lang='lat' dir='ltr'><strong>xxx</strong></span> <span class='ocrx_word' id='word_1_284' title='bbox 1055 2105 1094 2176; x_wconf 90' lang='lat'><strong>).</strong></span> <span class='ocrx_word' id='word_1_285' title='bbox 1133 2105 1296 2173; x_wconf 88' lang='lat' dir='ltr'><strong>Quod</strong></span> <span class='ocrx_word' id='word_1_286' title='bbox 1337 2105 1523 2162; x_wconf 90' lang='lat' dir='ltr'><strong>volens</strong></span> <span class='ocrx_word' id='word_1_287' title='bbox 1571 2113 1760 2161; x_wconf 88' lang='lat' dir='ltr'><strong>noster</strong></span> <span class='ocrx_word' id='word_1_288' title='bbox 1808 2107 2076 2164; x_wconf 90' lang='lat' dir='ltr'><strong>Dominus</strong></span> 
     </span>
    </p>
   </div>
   <div class='ocr_carea' id='block_1_37' title="bbox 481 2195 2076 2272">
    <p class='ocr_par' dir='ltr' id='par_1_37' title="bbox 481 2195 2076 2272">
     <span class='ocr_line' id='line_1_37' title="bbox 481 2195 2076 2272; baseline 0.005 -21"><span class='ocrx_word' id='word_1_289' title='bbox 481 2196 817 2252; x_wconf 82' lang='lat' dir='ltr'><strong>conﬁrmare</strong></span> <span class='ocrx_word' id='word_1_290' title='bbox 871 2212 936 2252; x_wconf 92' lang='lat' dir='ltr'><strong>ac</strong></span> <span class='ocrx_word' id='word_1_291' title='bbox 966 2195 1223 2268; x_wconf 72' lang='lat' dir='ltr'><strong>perfectae</strong></span> <span class='ocrx_word' id='word_1_292' title='bbox 1266 2198 1429 2253; x_wconf 90' lang='lat' dir='ltr'><strong>nobis</strong></span> <span class='ocrx_word' id='word_1_293' title='bbox 1476 2198 1782 2270; x_wconf 85' lang='lat' dir='ltr'><strong>relinquere</strong></span> <span class='ocrx_word' id='word_1_294' title='bbox 1819 2200 2076 2272; x_wconf 86' lang='lat' dir='ltr'><strong>puritatis</strong></span> 
     </span>
    </p>
   </div>
   <div class='ocr_carea' id='block_1_38' title="bbox 476 2288 2077 2365">
    <p class='ocr_par' dir='ltr' id='par_1_38' title="bbox 476 2288 2077 2365">
     <span class='ocr_line' id='line_1_38' title="bbox 476 2288 2077 2365; baseline 0.007 -25"><span class='ocrx_word' id='word_1_295' title='bbox 476 2289 743 2359; x_wconf 85' lang='lat' dir='ltr'><strong>exempla,</strong></span> <span class='ocrx_word' id='word_1_296' title='bbox 774 2296 828 2344; x_wconf 87' lang='lat' dir='ltr'><strong>et</strong></span> <span class='ocrx_word' id='word_1_297' title='bbox 869 2288 1090 2360; x_wconf 88' lang='lat' dir='ltr'><strong>quidem</strong></span> <span class='ocrx_word' id='word_1_298' title='bbox 1116 2304 1245 2346; x_wconf 90' lang='lat' dir='ltr'><strong>cum</strong></span> <span class='ocrx_word' id='word_1_299' title='bbox 1272 2291 1386 2365; x_wconf 89' lang='lat' dir='ltr'><strong>ipse</strong></span> <span class='ocrx_word' id='word_1_300' title='bbox 1412 2290 1539 2348; x_wconf 87' lang='lat' dir='ltr'><strong>fons</strong></span> <span class='ocrx_word' id='word_1_301' title='bbox 1577 2292 1904 2352; x_wconf 87' lang='lat' dir='ltr'><strong>inviolabilis</strong></span> <span class='ocrx_word' id='word_1_302' title='bbox 1949 2311 2077 2353; x_wconf 87' lang='lat' dir='ltr'><strong>san-</strong></span> 
     </span>
    </p>
   </div>
   <div class='ocr_carea' id='block_1_39' title="bbox 476 2378 2081 2462">
    <p class='ocr_par' dir='ltr' id='par_1_39' title="bbox 476 2378 2081 2462">
     <span class='ocr_line' id='line_1_39' title="bbox 476 2378 2081 2462; baseline 0.007 -27"><span class='ocrx_word' id='word_1_303' title='bbox 476 2378 679 2435; x_wconf 84' lang='lat' dir='ltr'><strong>ctitatis</strong></span> <span class='ocrx_word' id='word_1_304' title='bbox 724 2379 795 2436; x_wconf 90' lang='lat' dir='ltr'><strong>ad</strong></span> <span class='ocrx_word' id='word_1_305' title='bbox 830 2380 1183 2440; x_wconf 89' lang='lat' dir='ltr'><strong>obtinendam</strong></span> <span class='ocrx_word' id='word_1_306' title='bbox 1231 2384 1523 2455; x_wconf 88' lang='lat' dir='ltr'><strong>puritatem</strong></span> <span class='ocrx_word' id='word_1_307' title='bbox 1569 2388 1886 2445; x_wconf 88' lang='lat' dir='ltr'><strong>secessionis</strong></span> <span class='ocrx_word' id='word_1_308' title='bbox 1931 2388 2081 2462; x_wconf 89' lang='lat' dir='ltr'><strong>adju-</strong></span> 
     </span>
    </p>
   </div>
   <div class='ocr_carea' id='block_1_40' title="bbox 475 2473 2081 2556">
    <p class='ocr_par' dir='ltr' id='par_1_40' title="bbox 475 2473 2081 2556">
     <span class='ocr_line' id='line_1_40' title="bbox 475 2473 2081 2556; baseline 0.008 -29"><span class='ocrx_word' id='word_1_309' title='bbox 475 2473 621 2529; x_wconf 88' lang='lat' dir='ltr'><strong>torio</strong></span> <span class='ocrx_word' id='word_1_310' title='bbox 663 2490 728 2532; x_wconf 91' lang='lat' dir='ltr'><strong>ac</strong></span> <span class='ocrx_word' id='word_1_311' title='bbox 751 2475 1058 2533; x_wconf 90' lang='lat' dir='ltr'><strong>solitudinis</strong></span> <span class='ocrx_word' id='word_1_312' title='bbox 1091 2476 1357 2536; x_wconf 81' lang='lat' dir='ltr'><strong>beneﬁcio</strong></span> <span class='ocrx_word' id='word_1_313' title='bbox 1390 2481 1725 2537; x_wconf 83' lang='lat' dir='ltr'><strong>extrinsecus</strong></span> <span class='ocrx_word' id='word_1_314' title='bbox 1758 2497 1871 2539; x_wconf 90' lang='lat' dir='ltr'><strong>non</strong></span> <span class='ocrx_word' id='word_1_315' title='bbox 1894 2491 2081 2556; x_wconf 77' lang='lat' dir='ltr'><strong>egeret</strong></span> 
     </span>
    </p>
   </div>
   <div class='ocr_carea' id='block_1_41' title="bbox 479 2566 2077 2649">
    <p class='ocr_par' dir='ltr' id='par_1_41' title="bbox 479 2566 2077 2649">
     <span class='ocr_line' id='line_1_41' title="bbox 479 2566 2077 2649; baseline 0.008 -26"><span class='ocrx_word' id='word_1_316' title='bbox 479 2566 613 2639; x_wconf 91' lang='lat' dir='ltr'><strong>(non</strong></span> <span class='ocrx_word' id='word_1_317' title='bbox 641 2569 786 2626; x_wconf 89' lang='lat' dir='ltr'><strong>enim</strong></span> <span class='ocrx_word' id='word_1_318' title='bbox 824 2580 1044 2644; x_wconf 86' lang='lat' dir='ltr'><strong>poterat</strong></span> <span class='ocrx_word' id='word_1_319' title='bbox 1071 2570 1197 2628; x_wconf 87' lang='lat' dir='ltr'><strong>ullis</strong></span> <span class='ocrx_word' id='word_1_320' title='bbox 1223 2572 1513 2632; x_wconf 89' lang='lat' dir='ltr'><strong>turbarum</strong></span> <span class='ocrx_word' id='word_1_321' title='bbox 1539 2575 1796 2634; x_wconf 86' lang='lat' dir='ltr'><strong>sordibus</strong></span> <span class='ocrx_word' id='word_1_322' title='bbox 1824 2577 2077 2649; x_wconf 86' lang='lat' dir='ltr'><strong>puritatis</strong></span> 
     </span>
    </p>
   </div>
   <div class='ocr_carea' id='block_1_42' title="bbox 482 2662 2079 2735">
    <p class='ocr_par' dir='ltr' id='par_1_42' title="bbox 482 2662 2079 2735">
     <span class='ocr_line' id='line_1_42' title="bbox 482 2662 2079 2735; baseline 0.008 -19"><span class='ocrx_word' id='word_1_323' title='bbox 482 2662 760 2734; x_wconf 88' lang='lat' dir='ltr'><strong>plenitudo</strong></span> <span class='ocrx_word' id='word_1_324' title='bbox 801 2665 1089 2735; x_wconf 88' lang='lat' dir='ltr'><strong>maculari,</strong></span> <span class='ocrx_word' id='word_1_325' title='bbox 1115 2681 1216 2724; x_wconf 91' lang='lat' dir='ltr'><strong>nec</strong></span> <span class='ocrx_word' id='word_1_326' title='bbox 1265 2670 1619 2726; x_wconf 88' lang='lat' dir='ltr'><strong>contaminari</strong></span> <span class='ocrx_word' id='word_1_327' title='bbox 1648 2670 1896 2728; x_wconf 90' lang='lat' dir='ltr'><strong>humano</strong></span> <span class='ocrx_word' id='word_1_328' title='bbox 1944 2686 2079 2728; x_wconf 88' lang='lat' dir='ltr'><strong>con-</strong></span> 
     </span>
    </p>
   </div>
   <div class='ocr_carea' id='block_1_43' title="bbox 474 2758 2077 2837">
    <p class='ocr_par' dir='ltr' id='par_1_43' title="bbox 474 2758 2077 2837">
     <span class='ocr_line' id='line_1_43' title="bbox 474 2758 2077 2837; baseline 0.007 -26"><span class='ocrx_word' id='word_1_329' title='bbox 474 2758 650 2814; x_wconf 86' lang='lat' dir='ltr'><strong>sortio</strong></span> <span class='ocrx_word' id='word_1_330' title='bbox 678 2759 769 2830; x_wconf 91' lang='lat' dir='ltr'><strong>qui</strong></span> <span class='ocrx_word' id='word_1_331' title='bbox 802 2759 1049 2819; x_wconf 88' lang='lat' dir='ltr'><strong>universa</strong></span> <span class='ocrx_word' id='word_1_332' title='bbox 1081 2762 1288 2835; x_wconf 89' lang='lat' dir='ltr'><strong>polluta</strong></span> <span class='ocrx_word' id='word_1_333' title='bbox 1329 2763 1594 2821; x_wconf 89' lang='lat' dir='ltr'><strong>emundat</strong></span> <span class='ocrx_word' id='word_1_334' title='bbox 1638 2771 1802 2837; x_wconf 88' lang='lat' dir='ltr'><strong>atque</strong></span> <span class='ocrx_word' id='word_1_335' title='bbox 1830 2765 2077 2823; x_wconf 82' lang='lat' dir='ltr'><strong>sanctiﬁ-</strong></span> 
     </span>
    </p>
   </div>
   <div class='ocr_carea' id='block_1_44' title="bbox 476 2854 2079 2933">
    <p class='ocr_par' dir='ltr' id='par_1_44' title="bbox 476 2854 2079 2933">
     <span class='ocr_line' id='line_1_44' title="bbox 476 2854 2079 2933; baseline 0.01 -29"><span class='ocrx_word' id='word_1_336' title='bbox 476 2854 607 2919; x_wconf 86' lang='lat' dir='ltr'><strong>cat),</strong></span> <span class='ocrx_word' id='word_1_337' title='bbox 636 2854 855 2910; x_wconf 81' lang='lat' dir='ltr'><strong>secessit</strong></span> <span class='ocrx_word' id='word_1_338' title='bbox 877 2863 1059 2913; x_wconf 89' lang='lat' dir='ltr'><strong>tamen</strong></span> <span class='ocrx_word' id='word_1_339' title='bbox 1095 2856 1245 2915; x_wconf 89' lang='lat' dir='ltr'><strong>solus</strong></span> <span class='ocrx_word' id='word_1_340' title='bbox 1268 2859 1325 2915; x_wconf 86' lang='lat' dir='ltr'><strong>in</strong></span> <span class='ocrx_word' id='word_1_341' title='bbox 1376 2869 1627 2917; x_wconf 87' lang='lat' dir='ltr'><strong>montem</strong></span> <span class='ocrx_word' id='word_1_342' title='bbox 1652 2876 1811 2917; x_wconf 85' lang='lat' dir='ltr'><strong>orare</strong></span> <span class='ocrx_word' id='word_1_343' title='bbox 1852 2862 2079 2933; x_wconf 82' lang='lat' dir='ltr'><strong>(Matth.</strong></span> 
     </span>
    </p>
   </div>
   <div class='ocr_carea' id='block_1_45' title="bbox 476 2947 2079 3017">
    <p class='ocr_par' dir='ltr' id='par_1_45' title="bbox 476 2947 2079 3017">
     <span class='ocr_line' id='line_1_45' title="bbox 476 2947 2079 3017; baseline 0.008 -18"><span class='ocrx_word' id='word_1_344' title='bbox 476 2950 632 3012; x_wconf 74' lang='lat' dir='ltr'><strong>le),</strong></span> <span class='ocrx_word' id='word_1_345' title='bbox 673 2961 768 3017; x_wconf 91' lang='lat' dir='ltr'><strong>per</strong></span> <span class='ocrx_word' id='word_1_346' title='bbox 805 2947 912 3004; x_wconf 93' lang='lat' dir='ltr'><strong>hoc</strong></span> <span class='ocrx_word' id='word_1_347' title='bbox 934 2950 1140 3006; x_wconf 90' lang='lat' dir='ltr'><strong>scilicet</strong></span> <span class='ocrx_word' id='word_1_348' title='bbox 1165 2966 1269 3007; x_wconf 90' lang='lat' dir='ltr'><strong>nos</strong></span> <span class='ocrx_word' id='word_1_349' title='bbox 1295 2952 1566 3009; x_wconf 89' lang='lat' dir='ltr'><strong>instruens</strong></span> <span class='ocrx_word' id='word_1_350' title='bbox 1606 2969 1723 3011; x_wconf 69' lang='lat' dir='ltr'><strong>sum</strong></span> <span class='ocrx_word' id='word_1_351' title='bbox 1749 2956 2079 3014; x_wconf 89' lang='lat' dir='ltr'><strong>secessionis</strong></span> 
     </span>
    </p>
   </div>
   <div class='ocr_carea' id='block_1_46' title="bbox 478 3038 2081 3118">
    <p class='ocr_par' dir='ltr' id='par_1_46' title="bbox 478 3038 2081 3118">
     <span class='ocr_line' id='line_1_46' title="bbox 478 3038 2081 3118; baseline 0.011 -28"><span class='ocrx_word' id='word_1_352' title='bbox 478 3038 749 3108; x_wconf 84' lang='lat' dir='ltr'><strong>exemplo,</strong></span> <span class='ocrx_word' id='word_1_353' title='bbox 782 3046 841 3094; x_wconf 90' lang='lat' dir='ltr'><strong>ut</strong></span> <span class='ocrx_word' id='word_1_354' title='bbox 885 3041 930 3094; x_wconf 88' lang='lat' dir='ltr'><strong>si</strong></span> <span class='ocrx_word' id='word_1_355' title='bbox 974 3042 1318 3114; x_wconf 88' lang='lat' dir='ltr'><strong>interpellare</strong></span> <span class='ocrx_word' id='word_1_356' title='bbox 1344 3060 1445 3100; x_wconf 91' lang='lat' dir='ltr'><strong>nos</strong></span> <span class='ocrx_word' id='word_1_357' title='bbox 1476 3061 1694 3118; x_wconf 86' lang='lat' dir='ltr'><strong>quoque</strong></span> <span class='ocrx_word' id='word_1_358' title='bbox 1746 3048 2081 3108; x_wconf 84' lang='lat' dir='ltr'><strong>voluerimus</strong></span> 
     </span>
    </p>
   </div>
   <div class='ocr_carea' id='block_1_47' title="bbox 478 3129 2080 3207">
    <p class='ocr_par' dir='ltr' id='par_1_47' title="bbox 478 3129 2080 3207">
     <span class='ocr_line' id='line_1_47' title="bbox 478 3129 2080 3207; baseline 0.011 -25"><span class='ocrx_word' id='word_1_359' title='bbox 478 3129 660 3184; x_wconf 90' lang='lat' dir='ltr'><strong>Deum</strong></span> <span class='ocrx_word' id='word_1_360' title='bbox 703 3145 840 3200; x_wconf 90' lang='lat' dir='ltr'><strong>puro</strong></span> <span class='ocrx_word' id='word_1_361' title='bbox 861 3139 917 3187; x_wconf 87' lang='lat' dir='ltr'><strong>et</strong></span> <span class='ocrx_word' id='word_1_362' title='bbox 945 3132 1158 3207; x_wconf 86' lang='lat' dir='ltr'><strong>integro</strong></span> <span class='ocrx_word' id='word_1_363' title='bbox 1203 3136 1385 3193; x_wconf 90' lang='lat' dir='ltr'><strong>cordis</strong></span> <span class='ocrx_word' id='word_1_364' title='bbox 1426 3138 1646 3207; x_wconf 81' lang='lat' dir='ltr'><strong>affectu,</strong></span> <span class='ocrx_word' id='word_1_365' title='bbox 1686 3141 1755 3196; x_wconf 90' lang='lat' dir='ltr'><strong>ab</strong></span> <span class='ocrx_word' id='word_1_366' title='bbox 1794 3142 1947 3198; x_wconf 91' lang='lat' dir='ltr'><strong>omni</strong></span> <span class='ocrx_word' id='word_1_367' title='bbox 1991 3143 2080 3199; x_wconf 86' lang='lat' dir='ltr'><strong>in-</strong></span> 
     </span>
    </p>
   </div>
   <div class='ocr_carea' id='block_1_48' title="bbox 2181 1913 3796 1989">
    <p class='ocr_par' dir='ltr' id='par_1_48' title="bbox 2181 1913 3796 1989">
     <span class='ocr_line' id='line_1_48' title="bbox 2181 1913 3796 1989; baseline -0.002 -16"><span class='ocrx_word' id='word_1_368' title='bbox 2181 1922 2233 1973; x_wconf 89' lang='lat' dir='ltr'><strong>et</strong></span> <span class='ocrx_word' id='word_1_369' title='bbox 2259 1920 2368 1988; x_wconf 80' lang='lat' dir='ltr'><strong>ipsi</strong></span> <span class='ocrx_word' id='word_1_370' title='bbox 2386 1919 2495 1972; x_wconf 84' lang='lat' dir='ltr'><strong>sint</strong></span> <span class='ocrx_word' id='word_1_371' title='bbox 2517 1932 2719 1973; x_wconf 86' lang='lat' dir='ltr'><strong>mecum</strong></span> <span class='ocrx_word' id='word_1_372' title='bbox 2748 1916 2963 1989; x_wconf 65' lang='lat' dir='ltr'><strong>(Ibid).</strong></span> <span class='ocrx_word' id='word_1_373' title='bbox 2990 1915 3306 1987; x_wconf 66' lang='lat' dir='ltr'><strong>Haecigitur</strong></span> <span class='ocrx_word' id='word_1_374' title='bbox 3330 1913 3617 1971; x_wconf 88' lang='lat' dir='ltr'><strong>destinatio</strong></span> <span class='ocrx_word' id='word_1_375' title='bbox 3645 1914 3796 1971; x_wconf 89' lang='lat' dir='ltr'><strong>soli-</strong></span> 
     </span>
    </p>
   </div>
   <div class='ocr_carea' id='block_1_49' title="bbox 2183 2008 3802 2081">
    <p class='ocr_par' dir='ltr' id='par_1_49' title="bbox 2183 2008 3802 2081">
     <span class='ocr_line' id='line_1_49' title="bbox 2183 2008 3802 2081; baseline -0.001 -14"><span class='ocrx_word' id='word_1_376' title='bbox 2183 2011 2371 2081; x_wconf 59' lang='lat' dir='ltr'><strong>tarii‘,</strong></span> <span class='ocrx_word' id='word_1_377' title='bbox 2405 2010 2525 2068; x_wconf 67' lang='lat' dir='ltr'><strong>hmo</strong></span> <span class='ocrx_word' id='word_1_378' title='bbox 2547 2009 2711 2067; x_wconf 89' lang='lat' dir='ltr'><strong>debet</strong></span> <span class='ocrx_word' id='word_1_379' title='bbox 2732 2025 2852 2067; x_wconf 89' lang='lat' dir='ltr'><strong>esse</strong></span> <span class='ocrx_word' id='word_1_380' title='bbox 2890 2009 3077 2066; x_wconf 89' lang='lat' dir='ltr'><strong>omnis</strong></span> <span class='ocrx_word' id='word_1_381' title='bbox 3109 2008 3360 2077; x_wconf 83' lang='lat' dir='ltr'><strong>intentio,</strong></span> <span class='ocrx_word' id='word_1_382' title='bbox 3381 2016 3445 2063; x_wconf 91' lang='lat' dir='ltr'><strong>ut</strong></span> <span class='ocrx_word' id='word_1_383' title='bbox 3483 2008 3802 2081; x_wconf 85' lang='lat' dir='ltr'><strong>imaginem</strong></span> 
     </span>
    </p>
   </div>
   <div class='ocr_carea' id='block_1_50' title="bbox 2188 2102 3796 2176">
    <p class='ocr_par' dir='ltr' id='par_1_50' title="bbox 2188 2102 3796 2176">
     <span class='ocr_line' id='line_1_50' title="bbox 2188 2102 3796 2176; baseline -0.001 -14"><span class='ocrx_word' id='word_1_384' title='bbox 2188 2105 2387 2163; x_wconf 67' lang='lat' dir='ltr'><strong>futurm</strong></span> <span class='ocrx_word' id='word_1_385' title='bbox 2413 2104 2759 2164; x_wconf 88' lang='lat' dir='ltr'><strong>beatitudinis</strong></span> <span class='ocrx_word' id='word_1_386' title='bbox 2776 2104 2835 2161; x_wconf 93' lang='lat' dir='ltr'><strong>in</strong></span> <span class='ocrx_word' id='word_1_387' title='bbox 2869 2104 2975 2161; x_wconf 90' lang='lat' dir='ltr'><strong>hoc</strong></span> <span class='ocrx_word' id='word_1_388' title='bbox 3000 2118 3233 2176; x_wconf 88' lang='lat' dir='ltr'><strong>corpore</strong></span> <span class='ocrx_word' id='word_1_389' title='bbox 3262 2102 3538 2175; x_wconf 85' lang='lat' dir='ltr'><strong>possidere</strong></span> <span class='ocrx_word' id='word_1_390' title='bbox 3577 2118 3796 2161; x_wconf 84' lang='lat' dir='ltr'><strong>merea-</strong></span> 
     </span>
    </p>
   </div>
   <div class='ocr_carea' id='block_1_51' title="bbox 2188 2196 3802 2272">
    <p class='ocr_par' dir='ltr' id='par_1_51' title="bbox 2188 2196 3802 2272">
     <span class='ocr_line' id='line_1_51' title="bbox 2188 2196 3802 2272; baseline -0.001 -16"><span class='ocrx_word' id='word_1_391' title='bbox 2188 2207 2377 2269; x_wconf 88' lang='lat' dir='ltr'><strong>tur,et</strong></span> <span class='ocrx_word' id='word_1_392' title='bbox 2428 2197 2839 2272; x_wconf 89' lang='lat' dir='ltr'><strong>quodammodo</strong></span> <span class='ocrx_word' id='word_1_393' title='bbox 2877 2200 2902 2234; x_wconf 82' lang='grc'><strong>¹³</strong></span> <span class='ocrx_word' id='word_1_394' title='bbox 2934 2196 3159 2254; x_wconf 84' lang='lat' dir='ltr'><strong>arrbam</strong></span> <span class='ocrx_word' id='word_1_395' title='bbox 3203 2196 3447 2253; x_wconf 76' lang='lat' dir='ltr'><strong>cmlestis</strong></span> <span class='ocrx_word' id='word_1_396' title='bbox 3485 2196 3631 2252; x_wconf 91' lang='lat' dir='ltr'><strong>illius</strong></span> <span class='ocrx_word' id='word_1_397' title='bbox 3664 2212 3802 2254; x_wconf 87' lang='lat' dir='ltr'><strong>con-</strong></span> 
     </span>
    </p>
   </div>
   <div class='ocr_carea' id='block_1_52' title="bbox 2190 2291 3802 2367">
    <p class='ocr_par' dir='ltr' id='par_1_52' title="bbox 2190 2291 3802 2367">
     <span class='ocr_line' id='line_1_52' title="bbox 2190 2291 3802 2367; baseline 0.001 -19"><span class='ocrx_word' id='word_1_398' title='bbox 2190 2293 2510 2351; x_wconf 87' lang='lat' dir='ltr'><strong>versationis</strong></span> <span class='ocrx_word' id='word_1_399' title='bbox 2537 2302 2593 2350; x_wconf 91' lang='lat' dir='ltr'><strong>et</strong></span> <span class='ocrx_word' id='word_1_400' title='bbox 2620 2294 2811 2367; x_wconf 63' lang='lat' dir='ltr'><strong>gloriae</strong></span> <span class='ocrx_word' id='word_1_401' title='bbox 2836 2293 3054 2366; x_wconf 87' lang='lat' dir='ltr'><strong>incipiat</strong></span> <span class='ocrx_word' id='word_1_402' title='bbox 3078 2293 3138 2349; x_wconf 91' lang='lat' dir='ltr'><strong>in</strong></span> <span class='ocrx_word' id='word_1_403' title='bbox 3176 2291 3285 2349; x_wconf 87' lang='lat' dir='ltr'><strong>hoc</strong></span> <span class='ocrx_word' id='word_1_404' title='bbox 3329 2291 3551 2348; x_wconf 86' lang='lat' dir='ltr'><strong>vasculo</strong></span> <span class='ocrx_word' id='word_1_405' title='bbox 3578 2307 3802 2365; x_wconf 65' lang='lat' dir='ltr'><strong>praegu-</strong></span> 
     </span>
    </p>
   </div>
   <div class='ocr_carea' id='block_1_53' title="bbox 2188 2383 3801 2458">
    <p class='ocr_par' dir='ltr' id='par_1_53' title="bbox 2188 2383 3801 2458">
     <span class='ocr_line' id='line_1_53' title="bbox 2188 2383 3801 2458; baseline -0.002 -13"><span class='ocrx_word' id='word_1_406' title='bbox 2188 2396 2355 2445; x_wconf 88' lang='lat' dir='ltr'><strong>stare.</strong></span> <span class='ocrx_word' id='word_1_407' title='bbox 2383 2387 2508 2456; x_wconf 89' lang='lat' dir='ltr'><strong>Hic,</strong></span> <span class='ocrx_word' id='word_1_408' title='bbox 2536 2387 2791 2458; x_wconf 86' lang='lat' dir='ltr'><strong>inquam,</strong></span> <span class='ocrx_word' id='word_1_409' title='bbox 2821 2386 2947 2443; x_wconf 84' lang='lat' dir='ltr'><strong>ﬁnis</strong></span> <span class='ocrx_word' id='word_1_410' title='bbox 2968 2386 3139 2442; x_wconf 88' lang='lat' dir='ltr'><strong>totius</strong></span> <span class='ocrx_word' id='word_1_411' title='bbox 3177 2383 3520 2458; x_wconf 83' lang='lat' dir='ltr'><strong>perfectionis</strong></span> <span class='ocrx_word' id='word_1_412' title='bbox 3568 2393 3672 2453; x_wconf 89' lang='lat' dir='ltr'><strong>est,</strong></span> <span class='ocrx_word' id='word_1_413' title='bbox 3727 2393 3801 2442; x_wconf 88' lang='lat' dir='ltr'><strong>ut</strong></span> 
     </span>
    </p>
   </div>
   <div class='ocr_carea' id='block_1_54' title="bbox 2188 2476 3802 2554">
    <p class='ocr_par' dir='ltr' id='par_1_54' title="bbox 2188 2476 3802 2554">
     <span class='ocr_line' id='line_1_54' title="bbox 2188 2476 3802 2554; baseline -0.002 -16"><span class='ocrx_word' id='word_1_414' title='bbox 2188 2496 2257 2538; x_wconf 90' lang='lat' dir='ltr'><strong>eo</strong></span> <span class='ocrx_word' id='word_1_415' title='bbox 2302 2496 2474 2554; x_wconf 90' lang='lat' dir='ltr'><strong>usque</strong></span> <span class='ocrx_word' id='word_1_416' title='bbox 2508 2488 2803 2537; x_wconf 84' lang='lat' dir='ltr'><strong>extenuata</strong></span> <span class='ocrx_word' id='word_1_417' title='bbox 2831 2494 3007 2536; x_wconf 48' lang='lat' dir='ltr'><strong>mens»</strong></span> <span class='ocrx_word' id='word_1_418' title='bbox 3038 2478 3106 2535; x_wconf 90' lang='lat' dir='ltr'><strong>ab</strong></span> <span class='ocrx_word' id='word_1_419' title='bbox 3157 2479 3313 2534; x_wconf 88' lang='lat' dir='ltr'><strong>omni</strong></span> <span class='ocrx_word' id='word_1_420' title='bbox 3332 2478 3469 2534; x_wconf 65' lang='lat' dir='ltr'><strong>Isitu</strong></span> <span class='ocrx_word' id='word_1_421' title='bbox 3494 2477 3692 2534; x_wconf 88' lang='lat' dir='ltr'><strong>carnali</strong></span> <span class='ocrx_word' id='word_1_422' title='bbox 3720 2476 3802 2535; x_wconf 82' lang='lat' dir='ltr'><strong>ad</strong></span> 
     </span>
    </p>
   </div>
   <div class='ocr_carea' id='block_1_55' title="bbox 2186 2571 3797 2647">
    <p class='ocr_par' dir='ltr' id='par_1_55' title="bbox 2186 2571 3797 2647">
     <span class='ocr_line' id='line_1_55' title="bbox 2186 2571 3797 2647; baseline -0.001 -16"><span class='ocrx_word' id='word_1_423' title='bbox 2186 2574 2445 2647; x_wconf 87' lang='lat' dir='ltr'><strong>spiritalia</strong></span> <span class='ocrx_word' id='word_1_424' title='bbox 2491 2573 2738 2646; x_wconf 88' lang='lat' dir='ltr'><strong>quotidie</strong></span> <span class='ocrx_word' id='word_1_425' title='bbox 2799 2572 3145 2644; x_wconf 89' lang='lat' dir='ltr'><strong>sublimetur,</strong></span> <span class='ocrx_word' id='word_1_426' title='bbox 3200 2571 3377 2629; x_wconf 89' lang='lat' dir='ltr'><strong>donec</strong></span> <span class='ocrx_word' id='word_1_427' title='bbox 3422 2572 3602 2628; x_wconf 89' lang='lat' dir='ltr'><strong>omnis</strong></span> <span class='ocrx_word' id='word_1_428' title='bbox 3671 2572 3797 2645; x_wconf 85' lang='lat' dir='ltr'><strong>ejus</strong></span> 
     </span>
    </p>
   </div>
   <div class='ocr_carea' id='block_1_56' title="bbox 2187 2664 3799 2740">
    <p class='ocr_par' dir='ltr' id='par_1_56' title="bbox 2187 2664 3799 2740">
     <span class='ocr_line' id='line_1_56' title="bbox 2187 2664 3799 2740; baseline -0.003 -14"><span class='ocrx_word' id='word_1_429' title='bbox 2187 2667 2562 2738; x_wconf 88' lang='lat' dir='ltr'><strong>conversatio,</strong></span> <span class='ocrx_word' id='word_1_430' title='bbox 2616 2668 2795 2725; x_wconf 90' lang='lat' dir='ltr'><strong>omnis</strong></span> <span class='ocrx_word' id='word_1_431' title='bbox 2843 2666 3111 2725; x_wconf 90' lang='lat' dir='ltr'><strong>volutatio</strong></span> <span class='ocrx_word' id='word_1_432' title='bbox 3156 2665 3357 2736; x_wconf 86' lang='lat' dir='ltr'><strong>cordis,</strong></span> <span class='ocrx_word' id='word_1_433' title='bbox 3399 2681 3507 2722; x_wconf 89' lang='lat' dir='ltr'><strong>una</strong></span> <span class='ocrx_word' id='word_1_434' title='bbox 3557 2673 3615 2722; x_wconf 92' lang='lat' dir='ltr'><strong>et</strong></span> <span class='ocrx_word' id='word_1_435' title='bbox 3650 2664 3799 2740; x_wconf 84' lang='lat' dir='ltr'><strong>jugis</strong></span> 
     </span>
    </p>
   </div>
   <div class='ocr_carea' id='block_1_57' title="bbox 2188 2763 2731 2821">
    <p class='ocr_par' dir='ltr' id='par_1_57' title="bbox 2188 2763 2731 2821">
     <span class='ocr_line' id='line_1_57' title="bbox 2188 2763 2731 2821; baseline -0.006 0"><span class='ocrx_word' id='word_1_436' title='bbox 2188 2763 2459 2821; x_wconf 79' lang='lat' dir='ltr'><strong>efﬁciatur</strong></span> <span class='ocrx_word' id='word_1_437' title='bbox 2485 2763 2658 2820; x_wconf 86' lang='lat' dir='ltr'><strong>oratio</strong></span> <span class='ocrx_word' id='word_1_438' title='bbox 2689 2773 2731 2818; x_wconf 83' lang='lat'><strong>°.</strong></span> 
     </span>
    </p>
   </div>
   <div class='ocr_carea' id='block_1_58' title="bbox 2753 2901 3189 2959">
    <p class='ocr_par' dir='ltr' id='par_1_58' title="bbox 2753 2901 3189 2959">
     <span class='ocr_line' id='line_1_58' title="bbox 2753 2901 3189 2959; baseline -0.009 0"><span class='ocrx_word' id='word_1_439' title='bbox 2753 2902 2996 2959; x_wconf 75' lang='lat' dir='ltr'><strong>CAPUT</strong></span> <span class='ocrx_word' id='word_1_440' title='bbox 3038 2901 3189 2957; x_wconf 79' lang='lat' dir='ltr'><strong>Vill.</strong></span> 
     </span>
    </p>
   </div>
   <div class='ocr_carea' id='block_1_59' title="bbox 2187 3021 3796 3103">
    <p class='ocr_par' dir='ltr' id='par_1_59' title="bbox 2187 3021 3796 3103">
     <span class='ocr_line' id='line_1_59' title="bbox 2187 3021 3796 3103; baseline -0.006 -22"><span class='ocrx_word' id='word_1_441' title='bbox 2187 3024 2540 3103; x_wconf 74' lang='lat' dir='ltr'><strong>Interrogatio</strong></span> <span class='ocrx_word' id='word_1_442' title='bbox 2575 3038 2735 3103; x_wconf 75' lang='lat' dir='ltr'><strong>super</strong></span> <span class='ocrx_word' id='word_1_443' title='bbox 2762 3023 3068 3103; x_wconf 56' lang='lat' dir='ltr'><strong>eruditione</strong></span> <span class='ocrx_word' id='word_1_444' title='bbox 3106 3021 3459 3102; x_wconf 75' lang='lat' dir='ltr'><strong>perfectionis</strong></span> <span class='ocrx_word' id='word_1_445' title='bbox 3498 3034 3594 3090; x_wconf 80' lang='lat' dir='ltr'><strong>per</strong></span> <span class='ocrx_word' id='word_1_446' title='bbox 3627 3035 3796 3103; x_wconf 71' lang='lat' dir='ltr'><strong>quam</strong></span> 
     </span>
    </p>
   </div>
   <div class='ocr_carea' id='block_1_60' title="bbox 2254 3094 3718 3166">
    <p class='ocr_par' dir='ltr' id='par_1_60' title="bbox 2254 3094 3718 3166">
     <span class='ocr_line' id='line_1_60' title="bbox 2254 3094 3718 3166; baseline -0.002 -17"><span class='ocrx_word' id='word_1_447' title='bbox 2254 3097 2523 3166; x_wconf 74' lang='lat' dir='ltr'><strong>possimus</strong></span> <span class='ocrx_word' id='word_1_448' title='bbox 2545 3094 2619 3148; x_wconf 89' lang='lat' dir='ltr'><strong>ad</strong></span> <span class='ocrx_word' id='word_1_449' title='bbox 2632 3099 2947 3166; x_wconf 85' lang='lat' dir='ltr'><strong>perpetuam</strong></span> <span class='ocrx_word' id='word_1_450' title='bbox 2969 3095 3068 3148; x_wconf 87' lang='lat' dir='ltr'><strong>Dei</strong></span> <span class='ocrx_word' id='word_1_451' title='bbox 3089 3095 3400 3148; x_wconf 75' lang='lat' dir='ltr'><strong>memoriam</strong></span> <span class='ocrx_word' id='word_1_452' title='bbox 3418 3094 3718 3163; x_wconf 79' lang='lat' dir='ltr'><strong>peruenire.</strong></span> 
     </span>
    </p>
   </div>
   <div class='ocr_carea' id='block_1_61' title="bbox 477 3213 3797 3306">
    <p class='ocr_par' dir='ltr' id='par_1_61' title="bbox 477 3213 3797 3306">
     <span class='ocr_line' id='line_1_61' title="bbox 477 3213 3797 3306; baseline 0.004 -31"><span class='ocrx_word' id='word_1_453' title='bbox 477 3221 791 3292; x_wconf 80' lang='lat' dir='ltr'><strong>quietudine</strong></span> <span class='ocrx_word' id='word_1_454' title='bbox 817 3232 871 3281; x_wconf 91' lang='lat' dir='ltr'><strong>et</strong></span> <span class='ocrx_word' id='word_1_455' title='bbox 917 3225 1239 3286; x_wconf 84' lang='lat' dir='ltr'><strong>confusione</strong></span> <span class='ocrx_word' id='word_1_456' title='bbox 1281 3231 1569 3289; x_wconf 87' lang='lat' dir='ltr'><strong>turbarum</strong></span> <span class='ocrx_word' id='word_1_457' title='bbox 1616 3233 1869 3293; x_wconf 88' lang='lat' dir='ltr'><strong>similiter</strong></span> <span class='ocrx_word' id='word_1_458' title='bbox 1922 3252 2077 3297; x_wconf 84' lang='lat' dir='ltr'><strong>sece-</strong></span> <span class='ocrx_word' id='word_1_459' title='bbox 2113 3213 2158 3276; x_wconf 78' lang='lat' dir='ltr'><strong><em>C</em></strong></span> <span class='ocrx_word' id='word_1_460' title='bbox 2259 3236 2570 3292; x_wconf 87' lang='lat' dir='ltr'><strong>Germanus</strong></span> <span class='ocrx_word' id='word_1_461' title='bbox 2620 3251 2633 3286; x_wconf 92' lang='lat'>:</span> <span class='ocrx_word' id='word_1_462' title='bbox 2670 3233 2847 3306; x_wconf 86' lang='lat' dir='ltr'><strong>Major</strong></span> <span class='ocrx_word' id='word_1_463' title='bbox 2871 3233 3031 3289; x_wconf 90' lang='lat' dir='ltr'><strong>nobis</strong></span> <span class='ocrx_word' id='word_1_464' title='bbox 3075 3232 3146 3290; x_wconf 92' lang='lat' dir='ltr'><strong>ad</strong></span> <span class='ocrx_word' id='word_1_465' title='bbox 3167 3233 3461 3305; x_wconf 68' lang='lat' dir='ltr'><strong>praeteritae</strong></span> <span class='ocrx_word' id='word_1_466' title='bbox 3489 3216 3797 3289; x_wconf 84' lang='lat' dir='ltr'><strong>collationis</strong></span> 
     </span>
    </p>
   </div>
   <div class='ocr_carea' id='block_1_62' title="bbox 477 3314 2081 3395">
    <p class='ocr_par' dir='ltr' id='par_1_62' title="bbox 477 3314 2081 3395">
     <span class='ocr_line' id='line_1_62' title="bbox 477 3314 2081 3395; baseline 0.012 -25"><span class='ocrx_word' id='word_1_467' title='bbox 477 3314 699 3387; x_wconf 88' lang='lat' dir='ltr'><strong>damus,</strong></span> <span class='ocrx_word' id='word_1_468' title='bbox 727 3328 793 3374; x_wconf 92' lang='lat' dir='ltr'><strong>ut</strong></span> <span class='ocrx_word' id='word_1_469' title='bbox 820 3319 879 3376; x_wconf 89' lang='lat' dir='ltr'><strong>in</strong></span> <span class='ocrx_word' id='word_1_470' title='bbox 899 3320 1006 3378; x_wconf 89' lang='lat' dir='ltr'><strong>hoc</strong></span> <span class='ocrx_word' id='word_1_471' title='bbox 1032 3338 1260 3395; x_wconf 89' lang='lat' dir='ltr'><strong>corpore</strong></span> <span class='ocrx_word' id='word_1_472' title='bbox 1282 3335 1692 3384; x_wconf 89' lang='lat' dir='ltr'><strong>commorantes</strong></span> <span class='ocrx_word' id='word_1_473' title='bbox 1720 3328 1788 3385; x_wconf 87' lang='lat' dir='ltr'><strong>ad</strong></span> <span class='ocrx_word' id='word_1_474' title='bbox 1816 3329 2081 3389; x_wconf 88' lang='lat' dir='ltr'><strong>similitu-</strong></span> 
     </span>
    </p>
   </div>
   <div class='ocr_carea' id='block_1_63' title="bbox 476 3406 2077 3495">
    <p class='ocr_par' dir='ltr' id='par_1_63' title="bbox 476 3406 2077 3495">
     <span class='ocr_line' id='line_1_63' title="bbox 476 3406 2077 3495; baseline 0.013 -32"><span class='ocrx_word' id='word_1_475' title='bbox 476 3406 662 3465; x_wconf 90' lang='lat' dir='ltr'><strong>dinem</strong></span> <span class='ocrx_word' id='word_1_476' title='bbox 711 3414 1007 3483; x_wconf 87' lang='lat' dir='ltr'><strong>quamdam</strong></span> <span class='ocrx_word' id='word_1_477' title='bbox 1055 3416 1200 3474; x_wconf 91' lang='lat' dir='ltr'><strong>illius</strong></span> <span class='ocrx_word' id='word_1_478' title='bbox 1234 3418 1581 3478; x_wconf 89' lang='lat' dir='ltr'><strong>beatutidinis</strong></span> <span class='ocrx_word' id='word_1_479' title='bbox 1622 3438 1746 3495; x_wconf 68' lang='lat' dir='ltr'><strong>quae</strong></span> <span class='ocrx_word' id='word_1_480' title='bbox 1791 3423 1844 3479; x_wconf 92' lang='lat' dir='ltr'><strong>in</strong></span> <span class='ocrx_word' id='word_1_481' title='bbox 1883 3423 2077 3484; x_wconf 86' lang='lat' dir='ltr'><strong>futuro</strong></span> 
     </span>
    </p>
   </div>
   <div class='ocr_carea' id='block_1_64' title="bbox 476 3507 2077 3592">
    <p class='ocr_par' dir='ltr' id='par_1_64' title="bbox 476 3507 2077 3592">
     <span class='ocr_line' id='line_1_64' title="bbox 476 3507 2077 3592; baseline 0.012 -34"><span class='ocrx_word' id='word_1_482' title='bbox 476 3507 879 3575; x_wconf 87' lang='lat' dir='ltr'><strong>repromittitur</strong></span> <span class='ocrx_word' id='word_1_483' title='bbox 909 3512 1132 3576; x_wconf 88' lang='lat' dir='ltr'><strong>sanctis,</strong></span> <span class='ocrx_word' id='word_1_484' title='bbox 1163 3512 1245 3569; x_wconf 90' lang='lat' dir='ltr'><strong>vel</strong></span> <span class='ocrx_word' id='word_1_485' title='bbox 1265 3530 1329 3570; x_wconf 84' lang='lat' dir='ltr'><strong>ex</strong></span> <span class='ocrx_word' id='word_1_486' title='bbox 1361 3524 1514 3587; x_wconf 91' lang='lat' dir='ltr'><strong>parte</strong></span> <span class='ocrx_word' id='word_1_487' title='bbox 1540 3517 1722 3590; x_wconf 88' lang='lat' dir='ltr'><strong>aliqua</strong></span> <span class='ocrx_word' id='word_1_488' title='bbox 1747 3535 1849 3576; x_wconf 91' lang='lat' dir='ltr'><strong>nos</strong></span> <span class='ocrx_word' id='word_1_489' title='bbox 1888 3529 2077 3592; x_wconf 89' lang='lat' dir='ltr'><strong>aptare</strong></span> 
     </span>
    </p>
   </div>
   <div class='ocr_carea' id='block_1_65' title="bbox 480 3596 2077 3672">
    <p class='ocr_par' dir='ltr' id='par_1_65' title="bbox 480 3596 2077 3672">
     <span class='ocr_line' id='line_1_65' title="bbox 480 3596 2077 3672; baseline 0.014 -24"><span class='ocrx_word' id='word_1_490' title='bbox 480 3596 772 3665; x_wconf 88' lang='lat' dir='ltr'><strong>possimus,</strong></span> <span class='ocrx_word' id='word_1_491' title='bbox 824 3604 1004 3672; x_wconf 84' lang='lat' dir='ltr'><strong>sitque</strong></span> <span class='ocrx_word' id='word_1_492' title='bbox 1046 3604 1207 3660; x_wconf 88' lang='lat' dir='ltr'><strong>nobis</strong></span> <span class='ocrx_word' id='word_1_493' title='bbox 1236 3610 1420 3661; x_wconf 86' lang='lat' dir='ltr'><strong>omnia</strong></span> <span class='ocrx_word' id='word_1_494' title='bbox 1448 3612 1499 3663; x_wconf 90' lang='lat' dir='ltr'><strong>et</strong></span> <span class='ocrx_word' id='word_1_495' title='bbox 1542 3611 1601 3663; x_wconf 85' lang='lat' dir='ltr'><strong>in</strong></span> <span class='ocrx_word' id='word_1_496' title='bbox 1654 3609 1896 3667; x_wconf 84' lang='lat' dir='ltr'><strong>omnibus</strong></span> <span class='ocrx_word' id='word_1_497' title='bbox 1938 3616 2077 3671; x_wconf 85' lang='lat' dir='ltr'><strong>Deus</strong></span> 
     </span>
    </p>
   </div>
   <div class='ocr_carea' id='block_1_66' title="bbox 484 3687 834 3766">
    <p class='ocr_par' dir='ltr' id='par_1_66' title="bbox 484 3687 834 3766">
     <span class='ocr_line' id='line_1_66' title="bbox 484 3687 834 3766; baseline 0.017 -23"><span class='ocrx_word' id='word_1_498' title='bbox 484 3687 528 3759; x_wconf 92' lang='lat' dir='ltr'><strong>(l</strong></span> <span class='ocrx_word' id='word_1_499' title='bbox 562 3690 680 3747; x_wconf 88' lang='lat' dir='ltr'><strong>Cor.</strong></span> <span class='ocrx_word' id='word_1_500' title='bbox 707 3691 834 3766; x_wconf 84' lang='lat' dir='ltr'><strong>xv).</strong></span> 
     </span>
    </p>
   </div>
   <div class='ocr_carea' id='block_1_67' title="bbox 1069 3792 1482 3850">
    <p class='ocr_par' dir='ltr' id='par_1_67' title="bbox 1069 3792 1482 3850">
     <span class='ocr_line' id='line_1_67' title="bbox 1069 3792 1482 3850; baseline 0.007 -3"><span class='ocrx_word' id='word_1_501' title='bbox 1069 3792 1315 3849; x_wconf 81' lang='lat' dir='ltr'><strong>CAPUT</strong></span> <span class='ocrx_word' id='word_1_502' title='bbox 1355 3795 1482 3850; x_wconf 76' lang='lat' dir='ltr'><strong>VII.</strong></span> 
     </span>
    </p>
   </div>
   <div class='ocr_carea' id='block_1_68' title="bbox 540 3890 2017 4021">
    <p class='ocr_par' dir='ltr' id='par_1_68' title="bbox 540 3890 2017 4021">
     <span class='ocr_line' id='line_1_68' title="bbox 540 3890 2017 4021; baseline 0.009 -78"><span class='ocrx_word' id='word_1_503' title='bbox 540 3890 600 3943; x_wconf 86' lang='lat' dir='ltr'><strong>In</strong></span> <span class='ocrx_word' id='word_1_504' title='bbox 629 3904 730 3959; x_wconf 83' lang='lat' dir='ltr'><strong>quo</strong></span> <span class='ocrx_word' id='word_1_505' title='bbox 747 3892 870 3961; x_wconf 80' lang='lat' dir='ltr'><strong>ﬁnis</strong></span> <span class='ocrx_word' id='word_1_506' title='bbox 896 3897 950 3947; x_wconf 87' lang='lat' dir='ltr'><strong>et</strong></span> <span class='ocrx_word' id='word_1_507' title='bbox 976 3896 1695 4021; x_wconf 51' lang='lat' dir='ltr'><strong>consummatiotnostrarum</strong></span> <span class='ocrx_word' id='word_1_508' title='bbox 1715 3903 2017 3957; x_wconf 73' lang='lat' dir='ltr'><strong>orationum</strong></span> 
     </span>
     <span class='ocr_line' id='line_1_69' title="bbox 1136 3982 1407 4021; baseline 0.004 -1"><span class='ocrx_word' id='word_1_509' title='bbox 1136 3982 1407 4021; x_wconf 73' lang='lat' dir='ltr'><strong>wmwa.</strong></span> 
     </span>
    </p>
   </div>
   <div class='ocr_carea' id='block_1_69' title="bbox 1136 3982 1407 4024">
    <p class='ocr_par' dir='ltr' id='par_1_69' title="bbox 1136 3982 1407 4024">
     <span class='ocr_line' id='line_1_70' title="bbox 1136 3982 1407 4024; baseline 0.011 -4"><span class='ocrx_word' id='word_1_510' title='bbox 1136 3982 1407 4024; x_wconf 72' lang='grc' dir='ltr'><strong>οοηδιεται.</strong></span> 
     </span>
    </p>
   </div>
   <div class='ocr_carea' id='block_1_70' title="bbox 548 4062 2079 4137">
    <p class='ocr_par' dir='ltr' id='par_1_70' title="bbox 548 4062 2079 4137">
     <span class='ocr_line' id='line_1_71' title="bbox 548 4062 2079 4137; baseline 0.009 -19"><span class='ocrx_word' id='word_1_511' title='bbox 548 4063 703 4118; x_wconf 86' lang='lat' dir='ltr'><strong>Tunc</strong></span> <span class='ocrx_word' id='word_1_512' title='bbox 737 4062 881 4119; x_wconf 89' lang='lat' dir='ltr'><strong>enim</strong></span> <span class='ocrx_word' id='word_1_513' title='bbox 911 4064 1146 4137; x_wconf 88' lang='lat' dir='ltr'><strong>perfecte</strong></span> <span class='ocrx_word' id='word_1_514' title='bbox 1191 4069 1668 4127; x_wconf 89' lang='lat' dir='ltr'><strong>consummabitur</strong></span> <span class='ocrx_word' id='word_1_515' title='bbox 1695 4071 1753 4127; x_wconf 87' lang='lat' dir='ltr'><strong>in</strong></span> <span class='ocrx_word' id='word_1_516' title='bbox 1779 4072 1940 4131; x_wconf 88' lang='lat' dir='ltr'><strong>nobis</strong></span> <span class='ocrx_word' id='word_1_517' title='bbox 1986 4075 2079 4133; x_wconf 88' lang='lat' dir='ltr'><strong>illa</strong></span> 
     </span>
    </p>
   </div>
   <div class='ocr_carea' id='block_1_71' title="bbox 486 4156 2074 4238">
    <p class='ocr_par' dir='ltr' id='par_1_71' title="bbox 486 4156 2074 4238">
     <span class='ocr_line' id='line_1_72' title="bbox 486 4156 2074 4238; baseline 0.011 -28"><span class='ocrx_word' id='word_1_518' title='bbox 486 4156 658 4211; x_wconf 88' lang='lat' dir='ltr'><strong>nostri</strong></span> <span class='ocrx_word' id='word_1_519' title='bbox 689 4156 982 4215; x_wconf 85' lang='lat' dir='ltr'><strong>Salvatoris</strong></span> <span class='ocrx_word' id='word_1_520' title='bbox 1024 4161 1220 4231; x_wconf 89' lang='lat' dir='ltr'><strong>oratio,</strong></span> <span class='ocrx_word' id='word_1_521' title='bbox 1253 4178 1357 4234; x_wconf 91' lang='lat' dir='ltr'><strong>qua</strong></span> <span class='ocrx_word' id='word_1_522' title='bbox 1376 4179 1472 4235; x_wconf 90' lang='lat' dir='ltr'><strong>pro</strong></span> <span class='ocrx_word' id='word_1_523' title='bbox 1499 4164 1615 4220; x_wconf 88' lang='lat' dir='ltr'><strong>suis</strong></span> <span class='ocrx_word' id='word_1_524' title='bbox 1638 4163 1913 4238; x_wconf 90' lang='lat' dir='ltr'><strong>discipulis</strong></span> <span class='ocrx_word' id='word_1_525' title='bbox 1942 4184 2074 4227; x_wconf 86' lang='lat' dir='ltr'><strong>ora-</strong></span> 
     </span>
    </p>
   </div>
   <div class='ocr_carea' id='block_1_72' title="bbox 476 4246 2072 4327">
    <p class='ocr_par' dir='ltr' id='par_1_72' title="bbox 476 4246 2072 4327">
     <span class='ocr_line' id='line_1_73' title="bbox 476 4246 2072 4327; baseline 0.013 -27"><span class='ocrx_word' id='word_1_526' title='bbox 476 4246 555 4302; x_wconf 84' lang='lat' dir='ltr'><strong>vit</strong></span> <span class='ocrx_word' id='word_1_527' title='bbox 569 4248 636 4304; x_wconf 91' lang='lat' dir='ltr'><strong>ad</strong></span> <span class='ocrx_word' id='word_1_528' title='bbox 670 4252 887 4307; x_wconf 85' lang='lat' dir='ltr'><strong>Patrem</strong></span> <span class='ocrx_word' id='word_1_529' title='bbox 915 4252 1120 4322; x_wconf 88' lang='lat' dir='ltr'><strong>dicens,</strong></span> <span class='ocrx_word' id='word_1_530' title='bbox 1157 4259 1228 4311; x_wconf 94' lang='lat' dir='ltr'><strong>Ut</strong></span> <span class='ocrx_word' id='word_1_531' title='bbox 1248 4256 1462 4313; x_wconf 74' lang='lat' dir='ltr'><strong>dilectio</strong></span> <span class='ocrx_word' id='word_1_532' title='bbox 1485 4275 1592 4327; x_wconf 85' lang='lat' dir='ltr'><strong>qua</strong></span> <span class='ocrx_word' id='word_1_533' title='bbox 1619 4260 1868 4317; x_wconf 68' lang='lat' dir='ltr'><strong>dilexisti</strong></span> <span class='ocrx_word' id='word_1_534' title='bbox 1880 4279 1982 4327; x_wconf 87' lang='lat' dir='ltr'><strong>me,</strong></span> <span class='ocrx_word' id='word_1_535' title='bbox 2014 4267 2072 4321; x_wconf 83' lang='lat' dir='ltr'><strong>in</strong></span> 
     </span>
    </p>
   </div>
   <div class='ocr_carea' id='block_1_73' title="bbox 479 4345 2068 4417">
    <p class='ocr_par' dir='ltr' id='par_1_73' title="bbox 479 4345 2068 4417">
     <span class='ocr_line' id='line_1_74' title="bbox 479 4345 2068 4417; baseline 0.013 -21"><span class='ocrx_word' id='word_1_536' title='bbox 479 4345 554 4398; x_wconf 88' lang='lat' dir='ltr'><strong>eis</strong></span> <span class='ocrx_word' id='word_1_537' title='bbox 584 4347 675 4407; x_wconf 87' lang='lat' dir='ltr'><strong>sit,</strong></span> <span class='ocrx_word' id='word_1_538' title='bbox 706 4350 758 4399; x_wconf 90' lang='lat' dir='ltr'><strong>et</strong></span> <span class='ocrx_word' id='word_1_539' title='bbox 794 4349 901 4416; x_wconf 87' lang='lat' dir='ltr'><strong>ipsi</strong></span> <span class='ocrx_word' id='word_1_540' title='bbox 924 4351 981 4409; x_wconf 80' lang='lat' dir='ltr'><strong>in</strong></span> <span class='ocrx_word' id='word_1_541' title='bbox 1008 4351 1194 4416; x_wconf 81' lang='lat' dir='ltr'><strong>nobis;</strong></span> <span class='ocrx_word' id='word_1_542' title='bbox 1224 4359 1277 4405; x_wconf 89' lang='lat' dir='ltr'><strong>et</strong></span> <span class='ocrx_word' id='word_1_543' title='bbox 1314 4351 1535 4417; x_wconf 86' lang='lat' dir='ltr'><strong>iterum,</strong></span> <span class='ocrx_word' id='word_1_544' title='bbox 1585 4357 1654 4411; x_wconf 87' lang='lat' dir='ltr'><strong>Ut</strong></span> <span class='ocrx_word' id='word_1_545' title='bbox 1682 4372 1859 4413; x_wconf 86' lang='lat' dir='ltr'><strong>omnes</strong></span> <span class='ocrx_word' id='word_1_546' title='bbox 1901 4375 2068 4416; x_wconf 86' lang='lat' dir='ltr'><strong>unum</strong></span> 
     </span>
    </p>
   </div>
   <div class='ocr_carea' id='block_1_74' title="bbox 476 4437 2071 4522">
    <p class='ocr_par' dir='ltr' id='par_1_74' title="bbox 476 4437 2071 4522">
     <span class='ocr_line' id='line_1_75' title="bbox 476 4437 2071 4522; baseline 0.014 -35"><span class='ocrx_word' id='word_1_547' title='bbox 476 4437 607 4498; x_wconf 82' lang='lat' dir='ltr'><strong>sint,</strong></span> <span class='ocrx_word' id='word_1_548' title='bbox 638 4440 775 4491; x_wconf 87' lang='lat' dir='ltr'><strong>sicut</strong></span> <span class='ocrx_word' id='word_1_549' title='bbox 803 4443 882 4501; x_wconf 86' lang='lat' dir='ltr'><strong>tu,</strong></span> <span class='ocrx_word' id='word_1_550' title='bbox 920 4444 1100 4505; x_wconf 87' lang='lat' dir='ltr'><strong>Pater,</strong></span> <span class='ocrx_word' id='word_1_551' title='bbox 1135 4444 1197 4496; x_wconf 85' lang='lat' dir='ltr'><strong>in</strong></span> <span class='ocrx_word' id='word_1_552' title='bbox 1219 4458 1303 4498; x_wconf 88' lang='lat' dir='ltr'><strong>me</strong></span> <span class='ocrx_word' id='word_1_553' title='bbox 1331 4448 1383 4499; x_wconf 86' lang='lat' dir='ltr'><strong>et</strong></span> <span class='ocrx_word' id='word_1_554' title='bbox 1402 4462 1497 4514; x_wconf 91' lang='lat' dir='ltr'><strong>ego</strong></span> <span class='ocrx_word' id='word_1_555' title='bbox 1518 4448 1581 4501; x_wconf 86' lang='lat' dir='ltr'><strong>in</strong></span> <span class='ocrx_word' id='word_1_556' title='bbox 1600 4453 1668 4512; x_wconf 88' lang='lat' dir='ltr'><strong>te,</strong></span> <span class='ocrx_word' id='word_1_557' title='bbox 1702 4454 1765 4505; x_wconf 88' lang='lat' dir='ltr'><strong>ut</strong></span> <span class='ocrx_word' id='word_1_558' title='bbox 1792 4455 1843 4506; x_wconf 86' lang='lat' dir='ltr'><strong>et</strong></span> <span class='ocrx_word' id='word_1_559' title='bbox 1876 4453 1989 4522; x_wconf 83' lang='lat' dir='ltr'><strong>ipsi</strong></span> <span class='ocrx_word' id='word_1_560' title='bbox 2013 4456 2071 4509; x_wconf 83' lang='lat' dir='ltr'><strong>in</strong></span> 
     </span>
    </p>
   </div>
   <div class='ocr_carea' id='block_1_75' title="bbox 478 4528 2075 4618">
    <p class='ocr_par' dir='ltr' id='par_1_75' title="bbox 478 4528 2075 4618">
     <span class='ocr_line' id='line_1_76' title="bbox 478 4528 2075 4618; baseline 0.014 -36"><span class='ocrx_word' id='word_1_561' title='bbox 478 4528 630 4583; x_wconf 86' lang='lat' dir='ltr'><strong>nobis</strong></span> <span class='ocrx_word' id='word_1_562' title='bbox 650 4545 819 4585; x_wconf 86' lang='lat' dir='ltr'><strong>unum</strong></span> <span class='ocrx_word' id='word_1_563' title='bbox 837 4534 949 4587; x_wconf 82' lang='lat' dir='ltr'><strong>sint</strong></span> <span class='ocrx_word' id='word_1_564' title='bbox 978 4533 1164 4605; x_wconf 86' lang='lat' dir='ltr'><strong>(Joan.</strong></span> <span class='ocrx_word' id='word_1_565' title='bbox 1188 4549 1323 4591; x_wconf 83' lang='lat' dir='ltr'><strong>xvn</strong></span> <span class='ocrx_word' id='word_1_566' title='bbox 1353 4536 1407 4608; x_wconf 91' lang='lat'><strong>);</strong></span> <span class='ocrx_word' id='word_1_567' title='bbox 1438 4540 1656 4610; x_wconf 87' lang='lat' dir='ltr'><strong>quando</strong></span> <span class='ocrx_word' id='word_1_568' title='bbox 1681 4541 1769 4598; x_wconf 88' lang='lat' dir='ltr'><strong>illa</strong></span> <span class='ocrx_word' id='word_1_569' title='bbox 1809 4545 1911 4600; x_wconf 89' lang='lat' dir='ltr'><strong>Dei</strong></span> <span class='ocrx_word' id='word_1_570' title='bbox 1946 4562 2075 4618; x_wconf 88' lang='lat' dir='ltr'><strong>per-</strong></span> 
     </span>
    </p>
   </div>
   <div class='ocr_carea' id='block_1_76' title="bbox 2189 3326 3796 3398">
    <p class='ocr_par' dir='ltr' id='par_1_76' title="bbox 2189 3326 3796 3398">
     <span class='ocr_line' id='line_1_77' title="bbox 2189 3326 3796 3398; baseline 0.002 -18"><span class='ocrx_word' id='word_1_571' title='bbox 2189 3326 2330 3383; x_wconf 89' lang='lat' dir='ltr'><strong>illius</strong></span> <span class='ocrx_word' id='word_1_572' title='bbox 2360 3327 2801 3395; x_wconf 86' lang='lat' dir='ltr'><strong>admirationem,</strong></span> <span class='ocrx_word' id='word_1_573' title='bbox 2850 3326 2923 3383; x_wconf 93' lang='lat' dir='ltr'><strong>ob</strong></span> <span class='ocrx_word' id='word_1_574' title='bbox 2960 3342 3127 3398; x_wconf 89' lang='lat' dir='ltr'><strong>quam</strong></span> <span class='ocrx_word' id='word_1_575' title='bbox 3155 3326 3265 3384; x_wconf 92' lang='lat' dir='ltr'><strong>huc</strong></span> <span class='ocrx_word' id='word_1_576' title='bbox 3286 3326 3645 3395; x_wconf 85' lang='lat' dir='ltr'><strong>recurrimus,</strong></span> <span class='ocrx_word' id='word_1_577' title='bbox 3672 3340 3796 3383; x_wconf 84' lang='lat' dir='ltr'><strong>ma-</strong></span> 
     </span>
    </p>
   </div>
   <div class='ocr_carea' id='block_1_77' title="bbox 2189 3418 3802 3492">
    <p class='ocr_par' dir='ltr' id='par_1_77' title="bbox 2189 3418 3802 3492">
     <span class='ocr_line' id='line_1_78' title="bbox 2189 3418 3802 3492; baseline 0.002 -18"><span class='ocrx_word' id='word_1_578' title='bbox 2189 3418 2419 3491; x_wconf 87' lang='lat' dir='ltr'><strong>gnitudo</strong></span> <span class='ocrx_word' id='word_1_579' title='bbox 2468 3420 2706 3492; x_wconf 89' lang='lat' dir='ltr'><strong>stuporis</strong></span> <span class='ocrx_word' id='word_1_580' title='bbox 2756 3420 3033 3478; x_wconf 88' lang='lat' dir='ltr'><strong>accrescit.</strong></span> <span class='ocrx_word' id='word_1_581' title='bbox 3086 3420 3369 3490; x_wconf 87' lang='lat' dir='ltr'><strong>Quantum</strong></span> <span class='ocrx_word' id='word_1_582' title='bbox 3409 3422 3552 3476; x_wconf 89' lang='lat' dir='ltr'><strong>enim</strong></span> <span class='ocrx_word' id='word_1_583' title='bbox 3598 3419 3802 3477; x_wconf 88' lang='lat' dir='ltr'><strong>incita-</strong></span> 
     </span>
    </p>
   </div>
   <div class='ocr_carea' id='block_1_78' title="bbox 2190 3512 3799 3588">
    <p class='ocr_par' dir='ltr' id='par_1_78' title="bbox 2190 3512 3799 3588">
     <span class='ocr_line' id='line_1_79' title="bbox 2190 3512 3799 3588; baseline 0.001 -20"><span class='ocrx_word' id='word_1_584' title='bbox 2190 3520 2372 3569; x_wconf 89' lang='lat' dir='ltr'><strong>mento</strong></span> <span class='ocrx_word' id='word_1_585' title='bbox 2407 3513 2674 3571; x_wconf 70' lang='lat' dir='ltr'><strong>doctrinae</strong></span> <span class='ocrx_word' id='word_1_586' title='bbox 2707 3512 2872 3587; x_wconf 90' lang='lat' dir='ltr'><strong>hujus</strong></span> <span class='ocrx_word' id='word_1_587' title='bbox 2923 3512 2991 3570; x_wconf 92' lang='lat' dir='ltr'><strong>ad</strong></span> <span class='ocrx_word' id='word_1_588' title='bbox 3033 3512 3368 3571; x_wconf 89' lang='lat' dir='ltr'><strong>desiderium</strong></span> <span class='ocrx_word' id='word_1_589' title='bbox 3390 3514 3640 3588; x_wconf 67' lang='lat' dir='ltr'><strong>perfecta:</strong></span> <span class='ocrx_word' id='word_1_590' title='bbox 3661 3512 3799 3571; x_wconf 85' lang='lat' dir='ltr'><strong>bea-</strong></span> 
     </span>
    </p>
   </div>
   <div class='ocr_carea' id='block_1_79' title="bbox 2187 3605 3800 3681">
    <p class='ocr_par' dir='ltr' id='par_1_79' title="bbox 2187 3605 3800 3681">
     <span class='ocr_line' id='line_1_80' title="bbox 2187 3605 3800 3681; baseline 0.003 -21"><span class='ocrx_word' id='word_1_591' title='bbox 2187 3605 2433 3663; x_wconf 89' lang='lat' dir='ltr'><strong>titudinis</strong></span> <span class='ocrx_word' id='word_1_592' title='bbox 2479 3606 2912 3677; x_wconf 84' lang='lat' dir='ltr'><strong>inﬂammamur,</strong></span> <span class='ocrx_word' id='word_1_593' title='bbox 2953 3614 3108 3663; x_wconf 89' lang='lat' dir='ltr'><strong>tanto</strong></span> <span class='ocrx_word' id='word_1_594' title='bbox 3152 3608 3361 3680; x_wconf 88' lang='lat' dir='ltr'><strong>majore</strong></span> <span class='ocrx_word' id='word_1_595' title='bbox 3417 3606 3800 3681; x_wconf 88' lang='lat' dir='ltr'><strong>desperatione</strong></span> 
     </span>
    </p>
   </div>
   <div class='ocr_carea' id='block_1_80' title="bbox 2185 3699 3802 3774">
    <p class='ocr_par' dir='ltr' id='par_1_80' title="bbox 2185 3699 3802 3774">
     <span class='ocr_line' id='line_1_81' title="bbox 2185 3699 3802 3774; baseline 0.002 -18"><span class='ocrx_word' id='word_1_596' title='bbox 2185 3699 2545 3767; x_wconf 88' lang='lat' dir='ltr'><strong>concidimus,</strong></span> <span class='ocrx_word' id='word_1_597' title='bbox 2590 3700 2899 3772; x_wconf 86' lang='lat' dir='ltr'><strong>ignorantes</strong></span> <span class='ocrx_word' id='word_1_598' title='bbox 2948 3701 3410 3774; x_wconf 88' lang='lat' dir='ltr'><strong>quemadmodum</strong></span> <span class='ocrx_word' id='word_1_599' title='bbox 3452 3700 3802 3774; x_wconf 84' lang='lat' dir='ltr'><strong>disciplinam</strong></span> 
     </span>
    </p>
   </div>
   <div class='ocr_carea' id='block_1_81' title="bbox 2186 3793 3801 3866">
    <p class='ocr_par' dir='ltr' id='par_1_81' title="bbox 2186 3793 3801 3866">
     <span class='ocr_line' id='line_1_82' title="bbox 2186 3793 3801 3866; baseline 0.002 -17"><span class='ocrx_word' id='word_1_600' title='bbox 2186 3800 2354 3849; x_wconf 64' lang='lat' dir='ltr'><strong>tanta:</strong></span> <span class='ocrx_word' id='word_1_601' title='bbox 2398 3793 2759 3850; x_wconf 88' lang='lat' dir='ltr'><strong>sublimitatis</strong></span> <span class='ocrx_word' id='word_1_602' title='bbox 2787 3801 3040 3866; x_wconf 79' lang='lat' dir='ltr'><strong>expetere</strong></span> <span class='ocrx_word' id='word_1_603' title='bbox 3083 3795 3163 3852; x_wconf 91' lang='lat' dir='ltr'><strong>vel</strong></span> <span class='ocrx_word' id='word_1_604' title='bbox 3201 3793 3441 3851; x_wconf 86' lang='lat' dir='ltr'><strong>obtinere</strong></span> <span class='ocrx_word' id='word_1_605' title='bbox 3476 3794 3801 3864; x_wconf 85' lang='lat' dir='ltr'><strong>possimus.</strong></span> 
     </span>
    </p>
   </div>
   <div class='ocr_carea' id='block_1_82' title="bbox 2188 3887 3809 3961">
    <p class='ocr_par' dir='ltr' id='par_1_82' title="bbox 2188 3887 3809 3961">
     <span class='ocr_line' id='line_1_83' title="bbox 2188 3887 3809 3961; baseline 0.003 -18"><span class='ocrx_word' id='word_1_606' title='bbox 2188 3888 2538 3960; x_wconf 88' lang='lat' dir='ltr'><strong>Quapropter</strong></span> <span class='ocrx_word' id='word_1_607' title='bbox 2564 3903 2687 3959; x_wconf 62' lang='lat' dir='ltr'><strong>qua;</strong></span> <span class='ocrx_word' id='word_1_608' title='bbox 2718 3889 2777 3945; x_wconf 91' lang='lat' dir='ltr'><strong>in</strong></span> <span class='ocrx_word' id='word_1_609' title='bbox 2805 3888 2937 3945; x_wconf 90' lang='lat' dir='ltr'><strong>cella</strong></span> <span class='ocrx_word' id='word_1_610' title='bbox 2976 3888 3143 3961; x_wconf 90' lang='lat' dir='ltr'><strong>positi</strong></span> <span class='ocrx_word' id='word_1_611' title='bbox 3171 3887 3373 3945; x_wconf 90' lang='lat' dir='ltr'><strong>diutina</strong></span> <span class='ocrx_word' id='word_1_612' title='bbox 3424 3887 3809 3948; x_wconf 84' lang='lat' dir='ltr'><strong>meditatione</strong></span> 
     </span>
    </p>
   </div>
   <div class='ocr_carea' id='block_1_83' title="bbox 2187 3979 3803 4055">
    <p class='ocr_par' dir='ltr' id='par_1_83' title="bbox 2187 3979 3803 4055">
     <span class='ocr_line' id='line_1_84' title="bbox 2187 3979 3803 4055; baseline 0.003 -20"><span class='ocrx_word' id='word_1_613' title='bbox 2187 3981 2403 4037; x_wconf 87' lang='lat' dir='ltr'><strong>volvere</strong></span> <span class='ocrx_word' id='word_1_614' title='bbox 2426 3997 2789 4054; x_wconf 64' lang='lat' dir='ltr'><strong>coeperamus,</strong></span> <span class='ocrx_word' id='word_1_615' title='bbox 2819 3982 2944 4055; x_wconf 91' lang='lat' dir='ltr'><strong>quia</strong></span> <span class='ocrx_word' id='word_1_616' title='bbox 2972 3998 3195 4039; x_wconf 88' lang='lat' dir='ltr'><strong>necesse</strong></span> <span class='ocrx_word' id='word_1_617' title='bbox 3221 3991 3303 4038; x_wconf 90' lang='lat' dir='ltr'><strong>est</strong></span> <span class='ocrx_word' id='word_1_618' title='bbox 3320 3982 3529 4054; x_wconf 87' lang='lat' dir='ltr'><strong>loquaci</strong></span> <span class='ocrx_word' id='word_1_619' title='bbox 3553 3979 3803 4040; x_wconf 86' lang='lat' dir='ltr'><strong>forsitan</strong></span> 
     </span>
    </p>
   </div>
   <div class='ocr_carea' id='block_1_84' title="bbox 2186 4074 3801 4150">
    <p class='ocr_par' dir='ltr' id='par_1_84' title="bbox 2186 4074 3801 4150">
     <span class='ocr_line' id='line_1_85' title="bbox 2186 4074 3801 4150; baseline 0.001 -19"><span class='ocrx_word' id='word_1_620' title='bbox 2186 4076 2564 4148; x_wconf 86' lang='lat' dir='ltr'><strong>prosecutione</strong></span> <span class='ocrx_word' id='word_1_621' title='bbox 2593 4074 2854 4148; x_wconf 82' lang='lat' dir='ltr'><strong>proferre,</strong></span> <span class='ocrx_word' id='word_1_622' title='bbox 2907 4092 3247 4150; x_wconf 73' lang='lat' dir='ltr'><strong>quaesumus,</strong></span> <span class='ocrx_word' id='word_1_623' title='bbox 3296 4084 3358 4133; x_wconf 92' lang='lat' dir='ltr'><strong>ut</strong></span> <span class='ocrx_word' id='word_1_624' title='bbox 3387 4075 3637 4148; x_wconf 84' lang='lat' dir='ltr'><strong>explicari</strong></span> <span class='ocrx_word' id='word_1_625' title='bbox 3669 4091 3734 4133; x_wconf 89' lang='lat' dir='ltr'><strong>ea</strong></span> <span class='ocrx_word' id='word_1_626' title='bbox 3764 4092 3801 4133; x_wconf 89' lang='lat' dir='ltr'><strong>a</strong></span> 
     </span>
    </p>
   </div>
   <div class='ocr_carea' id='block_1_85' title="bbox 2186 4169 3803 4244">
    <p class='ocr_par' dir='ltr' id='par_1_85' title="bbox 2186 4169 3803 4244">
     <span class='ocr_line' id='line_1_86' title="bbox 2186 4169 3803 4244; baseline 0.002 -20"><span class='ocrx_word' id='word_1_627' title='bbox 2186 4169 2348 4225; x_wconf 90' lang='lat' dir='ltr'><strong>nobis</strong></span> <span class='ocrx_word' id='word_1_628' title='bbox 2375 4171 2639 4242; x_wconf 89' lang='lat' dir='ltr'><strong>patienter</strong></span> <span class='ocrx_word' id='word_1_629' title='bbox 2666 4169 2947 4226; x_wconf 88' lang='lat' dir='ltr'><strong>admittas.</strong></span> <span class='ocrx_word' id='word_1_630' title='bbox 2975 4172 3324 4244; x_wconf 89' lang='lat' dir='ltr'><strong>Quamquam</strong></span> <span class='ocrx_word' id='word_1_631' title='bbox 3353 4171 3587 4227; x_wconf 90' lang='lat' dir='ltr'><strong>sciamus</strong></span> <span class='ocrx_word' id='word_1_632' title='bbox 3620 4170 3803 4227; x_wconf 88' lang='lat' dir='ltr'><strong>beati-</strong></span> 
     </span>
    </p>
   </div>
   <div class='ocr_carea' id='block_1_86' title="bbox 2186 4262 3795 4336">
    <p class='ocr_par' dir='ltr' id='par_1_86' title="bbox 2186 4262 3795 4336">
     <span class='ocr_line' id='line_1_87' title="bbox 2186 4262 3795 4336; baseline 0.004 -19"><span class='ocrx_word' id='word_1_633' title='bbox 2186 4262 2434 4319; x_wconf 89' lang='lat' dir='ltr'><strong>tudinem</strong></span> <span class='ocrx_word' id='word_1_634' title='bbox 2459 4270 2615 4318; x_wconf 91' lang='lat' dir='ltr'><strong>tuam</strong></span> <span class='ocrx_word' id='word_1_635' title='bbox 2642 4262 2806 4318; x_wconf 89' lang='lat' dir='ltr'><strong>nullis</strong></span> <span class='ocrx_word' id='word_1_636' title='bbox 2826 4262 3031 4321; x_wconf 79' lang='lat' dir='ltr'><strong>offendi</strong></span> <span class='ocrx_word' id='word_1_637' title='bbox 3058 4264 3233 4321; x_wconf 90' lang='lat' dir='ltr'><strong>solere</strong></span> <span class='ocrx_word' id='word_1_638' title='bbox 3278 4264 3495 4336; x_wconf 90' lang='lat' dir='ltr'><strong>ineptiis</strong></span> <span class='ocrx_word' id='word_1_639' title='bbox 3532 4264 3795 4323; x_wconf 83' lang='lat' dir='ltr'><strong>inﬁrmo-</strong></span> 
     </span>
    </p>
   </div>
   <div class='ocr_carea' id='block_1_87' title="bbox 2186 4356 3797 4431">
    <p class='ocr_par' dir='ltr' id='par_1_87' title="bbox 2186 4356 3797 4431">
     <span class='ocr_line' id='line_1_88' title="bbox 2186 4356 3797 4431; baseline 0.003 -20"><span class='ocrx_word' id='word_1_640' title='bbox 2186 4372 2332 4423; x_wconf 85' lang='lat' dir='ltr'><strong>rum,</strong></span> <span class='ocrx_word' id='word_1_641' title='bbox 2374 4372 2495 4427; x_wconf 74' lang='lat' dir='ltr'><strong>qua:</strong></span> <span class='ocrx_word' id='word_1_642' title='bbox 2528 4357 2605 4412; x_wconf 85' lang='lat' dir='ltr'><strong>vel</strong></span> <span class='ocrx_word' id='word_1_643' title='bbox 2634 4357 2706 4413; x_wconf 92' lang='lat' dir='ltr'><strong>ob</strong></span> <span class='ocrx_word' id='word_1_644' title='bbox 2745 4356 2851 4416; x_wconf 89' lang='lat' dir='ltr'><strong>hoc</strong></span> <span class='ocrx_word' id='word_1_645' title='bbox 2890 4366 3019 4415; x_wconf 91' lang='lat' dir='ltr'><strong>sunt</strong></span> <span class='ocrx_word' id='word_1_646' title='bbox 3050 4359 3105 4414; x_wconf 92' lang='lat' dir='ltr'><strong>in</strong></span> <span class='ocrx_word' id='word_1_647' title='bbox 3142 4358 3389 4416; x_wconf 89' lang='lat' dir='ltr'><strong>medium</strong></span> <span class='ocrx_word' id='word_1_648' title='bbox 3426 4358 3797 4431; x_wconf 59' lang='lat' dir='ltr'><strong>proferenda,</strong></span> 
     </span>
    </p>
   </div>
   <div class='ocr_carea' id='block_1_88' title="bbox 2188 4451 3799 4527">
    <p class='ocr_par' dir='ltr' id='par_1_88' title="bbox 2188 4451 3799 4527">
     <span class='ocr_line' id='line_1_89' title="bbox 2188 4451 3799 4527; baseline 0.003 -20"><span class='ocrx_word' id='word_1_649' title='bbox 2188 4460 2247 4507; x_wconf 90' lang='lat' dir='ltr'><strong>ut</strong></span> <span class='ocrx_word' id='word_1_650' title='bbox 2283 4466 2406 4522; x_wconf 61' lang='lat' dir='ltr'><strong>qua)</strong></span> <span class='ocrx_word' id='word_1_651' title='bbox 2449 4451 2506 4505; x_wconf 91' lang='lat' dir='ltr'><strong>in</strong></span> <span class='ocrx_word' id='word_1_652' title='bbox 2547 4451 2628 4507; x_wconf 91' lang='lat' dir='ltr'><strong>eis</strong></span> <span class='ocrx_word' id='word_1_653' title='bbox 2666 4451 2902 4509; x_wconf 90' lang='lat' dir='ltr'><strong>absurda</strong></span> <span class='ocrx_word' id='word_1_654' title='bbox 2937 4461 3084 4523; x_wconf 89' lang='lat' dir='ltr'><strong>sunt,</strong></span> <span class='ocrx_word' id='word_1_655' title='bbox 3116 4453 3481 4527; x_wconf 80' lang='lat' dir='ltr'><strong>corrigantur.</strong></span> <span class='ocrx_word' id='word_1_656' title='bbox 3515 4456 3799 4526; x_wconf 88' lang='lat' dir='ltr'><strong>Quantum</strong></span> 
     </span>
    </p>
   </div>
   <div class='ocr_carea' id='block_1_89' title="bbox 2186 4542 3800 4620">
    <p class='ocr_par' dir='ltr' id='par_1_89' title="bbox 2186 4542 3800 4620">
     <span class='ocr_line' id='line_1_90' title="bbox 2186 4542 3800 4620; baseline 0.005 -23"><span class='ocrx_word' id='word_1_657' title='bbox 2186 4542 2364 4614; x_wconf 91' lang='lat' dir='ltr'><strong>itaque</strong></span> <span class='ocrx_word' id='word_1_658' title='bbox 2401 4543 2585 4615; x_wconf 92' lang='lat' dir='ltr'><strong>opinio</strong></span> <span class='ocrx_word' id='word_1_659' title='bbox 2636 4552 2824 4601; x_wconf 89' lang='lat' dir='ltr'><strong>nostra</strong></span> <span class='ocrx_word' id='word_1_660' title='bbox 2866 4561 2985 4603; x_wconf 89' lang='lat' dir='ltr'><strong>sese</strong></span> <span class='ocrx_word' id='word_1_661' title='bbox 3027 4545 3209 4611; x_wconf 88' lang='lat' dir='ltr'><strong>habet,</strong></span> <span class='ocrx_word' id='word_1_662' title='bbox 3237 4547 3265 4582; x_wconf 72' lang='grc' dir='ltr'><strong>τι</strong></span> <span class='ocrx_word' id='word_1_663' title='bbox 3317 4546 3617 4620; x_wconf 87' lang='lat' dir='ltr'><strong>cujuslibet</strong></span> <span class='ocrx_word' id='word_1_664' title='bbox 3659 4548 3800 4606; x_wconf 87' lang='lat' dir='ltr'><strong>artis</strong></span> 
     </span>
    </p>
   </div>
   <div class='ocr_carea' id='block_1_90' title="bbox 474 4609 3798 4714">
    <p class='ocr_par' dir='ltr' id='par_1_90' title="bbox 474 4609 3798 4714">
     <span class='ocr_line' id='line_1_91' title="bbox 474 4609 3798 4714; baseline 0.007 -36"><span class='ocrx_word' id='word_1_665' title='bbox 474 4619 616 4678; x_wconf 90' lang='lat' dir='ltr'><strong>fecta</strong></span> <span class='ocrx_word' id='word_1_666' title='bbox 657 4622 898 4693; x_wconf 80' lang='lat' dir='ltr'><strong>dilectio,</strong></span> <span class='ocrx_word' id='word_1_667' title='bbox 919 4641 1027 4699; x_wconf 89' lang='lat' dir='ltr'><strong>qua</strong></span> <span class='ocrx_word' id='word_1_668' title='bbox 1053 4630 1323 4699; x_wconf 21' lang='lat' dir='ltr'><strong>priornnos</strong></span> <span class='ocrx_word' id='word_1_669' title='bbox 1350 4629 1435 4684; x_wconf 91' lang='lat' dir='ltr'><strong>ille</strong></span> <span class='ocrx_word' id='word_1_670' title='bbox 1454 4631 1653 4688; x_wconf 69' lang='lat' dir='ltr'><strong>dilexit</strong></span> <span class='ocrx_word' id='word_1_671' title='bbox 1687 4634 1729 4706; x_wconf 90' lang='grc' dir='ltr'><strong>(Ι</strong></span> <span class='ocrx_word' id='word_1_672' title='bbox 1776 4609 2075 4712; x_wconf 70' lang='grc' dir='ltr'><strong>Ιοαη.ἰν),</strong></span> <span class='ocrx_word' id='word_1_673' title='bbox 2109 4609 2159 4671; x_wconf 82' lang='lat' dir='ltr'><strong>D</strong></span> <span class='ocrx_word' id='word_1_674' title='bbox 2188 4609 2295 4693; x_wconf 71' lang='lat' dir='ltr'><strong>seu</strong></span> <span class='ocrx_word' id='word_1_675' title='bbox 2313 4609 2612 4710; x_wconf 72' lang='lat' dir='ltr'><strong>disciplina:</strong></span> <span class='ocrx_word' id='word_1_676' title='bbox 2648 4638 2909 4711; x_wconf 85' lang='lat' dir='ltr'><strong>perfectio</strong></span> <span class='ocrx_word' id='word_1_677' title='bbox 2936 4657 3153 4698; x_wconf 88' lang='lat' dir='ltr'><strong>necesse</strong></span> <span class='ocrx_word' id='word_1_678' title='bbox 3184 4609 3265 4697; x_wconf 80' lang='lat' dir='ltr'><strong>est</strong></span> <span class='ocrx_word' id='word_1_679' title='bbox 3295 4651 3357 4698; x_wconf 90' lang='lat' dir='ltr'><strong>ut</strong></span> <span class='ocrx_word' id='word_1_680' title='bbox 3381 4609 3436 4697; x_wconf 46' lang='lat' dir='ltr'><strong>&#39;a</strong></span> <span class='ocrx_word' id='word_1_681' title='bbox 3467 4641 3798 4714; x_wconf 89' lang='lat' dir='ltr'><strong>quibusdam</strong></span> 
     </span>
    </p>
   </div>
   <div class='ocr_carea' id='block_1_91' title="bbox 477 4719 2077 4797">
    <p class='ocr_par' dir='ltr' id='par_1_91' title="bbox 477 4719 2077 4797">
     <span class='ocr_line' id='line_1_92' title="bbox 477 4719 2077 4797; baseline 0.01 -23"><span class='ocrx_word' id='word_1_682' title='bbox 477 4719 534 4775; x_wconf 91' lang='lat' dir='ltr'><strong>in</strong></span> <span class='ocrx_word' id='word_1_683' title='bbox 552 4720 726 4777; x_wconf 89' lang='lat' dir='ltr'><strong>nostri</strong></span> <span class='ocrx_word' id='word_1_684' title='bbox 754 4737 971 4795; x_wconf 89' lang='lat' dir='ltr'><strong>quoque</strong></span> <span class='ocrx_word' id='word_1_685' title='bbox 998 4721 1275 4779; x_wconf 89' lang='lat' dir='ltr'><strong>transierit</strong></span> <span class='ocrx_word' id='word_1_686' title='bbox 1299 4722 1481 4782; x_wconf 87' lang='lat' dir='ltr'><strong>cordis</strong></span> <span class='ocrx_word' id='word_1_687' title='bbox 1507 4723 1790 4797; x_wconf 84' lang='lat' dir='ltr'><strong>affectum,</strong></span> <span class='ocrx_word' id='word_1_688' title='bbox 1816 4730 1918 4786; x_wconf 87' lang='lat' dir='ltr'><strong>hac</strong></span> <span class='ocrx_word' id='word_1_689' title='bbox 1956 4735 2077 4790; x_wconf 91' lang='lat' dir='ltr'><strong>Do-</strong></span> 
     </span>
    </p>
   </div>
   <div class='ocr_carea' id='block_1_92' title="bbox 475 4815 2076 4893">
    <p class='ocr_par' dir='ltr' id='par_1_92' title="bbox 475 4815 2076 4893">
     <span class='ocr_line' id='line_1_93' title="bbox 475 4815 2076 4893; baseline 0.007 -22"><span class='ocrx_word' id='word_1_690' title='bbox 475 4815 677 4873; x_wconf 89' lang='lat' dir='ltr'><strong>minica</strong></span> <span class='ocrx_word' id='word_1_691' title='bbox 709 4816 952 4875; x_wconf 87' lang='lat' dir='ltr'><strong>oratione</strong></span> <span class='ocrx_word' id='word_1_692' title='bbox 980 4818 1253 4892; x_wconf 88' lang='lat' dir='ltr'><strong>completa</strong></span> <span class='ocrx_word' id='word_1_693' title='bbox 1277 4835 1443 4893; x_wconf 90' lang='lat' dir='ltr'><strong>quam</strong></span> <span class='ocrx_word' id='word_1_694' title='bbox 1470 4819 1748 4879; x_wconf 90' lang='lat' dir='ltr'><strong>credimus</strong></span> <span class='ocrx_word' id='word_1_695' title='bbox 1768 4823 1920 4881; x_wconf 92' lang='lat' dir='ltr'><strong>nullo</strong></span> <span class='ocrx_word' id='word_1_696' title='bbox 1946 4840 2076 4882; x_wconf 91' lang='lat' dir='ltr'><strong>mo-</strong></span> 
     </span>
    </p>
   </div>
   <div class='ocr_carea' id='block_1_93' title="bbox 2189 4732 3796 4810">
    <p class='ocr_par' dir='ltr' id='par_1_93' title="bbox 2189 4732 3796 4810">
     <span class='ocr_line' id='line_1_94' title="bbox 2189 4732 3796 4810; baseline 0.003 -23"><span class='ocrx_word' id='word_1_697' title='bbox 2189 4732 2462 4800; x_wconf 42' lang='lat' dir='ltr'><strong>mollibus,</strong></span> <span class='ocrx_word' id='word_1_698' title='bbox 2492 4732 2753 4804; x_wconf 89' lang='lat' dir='ltr'><strong>incipiens</strong></span> <span class='ocrx_word' id='word_1_699' title='bbox 2794 4734 3143 4805; x_wconf 91' lang='lat' dir='ltr'><strong>rudimentis,</strong></span> <span class='ocrx_word' id='word_1_700' title='bbox 3177 4733 3513 4792; x_wconf 89' lang='lat' dir='ltr'><strong>facilioribus</strong></span> <span class='ocrx_word' id='word_1_701' title='bbox 3552 4737 3796 4810; x_wconf 89' lang='lat' dir='ltr'><strong>primum</strong></span> 
     </span>
    </p>
   </div>
   <div class='ocr_carea' id='block_1_94' title="bbox 2186 4827 3797 4906">
    <p class='ocr_par' dir='ltr' id='par_1_94' title="bbox 2186 4827 3797 4906">
     <span class='ocr_line' id='line_1_95' title="bbox 2186 4827 3797 4906; baseline 0.006 -24"><span class='ocrx_word' id='word_1_702' title='bbox 2186 4843 2250 4883; x_wconf 92' lang='lat' dir='ltr'><strong>ac</strong></span> <span class='ocrx_word' id='word_1_703' title='bbox 2294 4827 2601 4884; x_wconf 88' lang='lat' dir='ltr'><strong>tenerrimis</strong></span> <span class='ocrx_word' id='word_1_704' title='bbox 2652 4829 2821 4885; x_wconf 89' lang='lat' dir='ltr'><strong>initiis</strong></span> <span class='ocrx_word' id='word_1_705' title='bbox 2863 4830 3205 4895; x_wconf 85' lang='lat' dir='ltr'><strong>imbuatur,°</strong></span> <span class='ocrx_word' id='word_1_706' title='bbox 3248 4840 3311 4890; x_wconf 92' lang='lat' dir='ltr'><strong>ut</strong></span> <span class='ocrx_word' id='word_1_707' title='bbox 3355 4834 3600 4906; x_wconf 88' lang='lat' dir='ltr'><strong>quodam</strong></span> <span class='ocrx_word' id='word_1_708' title='bbox 3621 4834 3797 4891; x_wconf 79' lang='lat' dir='ltr'><strong>ratio-</strong></span> 
     </span>
    </p>
   </div>
   <div class='ocr_carea' id='block_1_95' title="bbox 1565 4959 2692 5019">
    <p class='ocr_par' dir='ltr' id='par_1_95' title="bbox 1565 4959 2692 5019">
     <span class='ocr_line' id='line_1_96' title="bbox 1565 4959 2692 5019; baseline 0.002 -6"><span class='ocrx_word' id='word_1_709' title='bbox 1565 4959 1825 5015; x_wconf 80' lang='lat' dir='ltr'><strong>ALARDI</strong></span> <span class='ocrx_word' id='word_1_710' title='bbox 1863 4961 2093 5015; x_wconf 76' lang='lat' dir='ltr'><strong>GAZ/El</strong></span> <span class='ocrx_word' id='word_1_711' title='bbox 2131 4960 2692 5019; x_wconf 76' lang='lat' dir='ltr'><strong>COMMENTARIUS.</strong></span> 
     </span>
    </p>
   </div>
   <div class='ocr_carea' id='block_1_96' title="bbox 475 5076 2075 5157">
    <p class='ocr_par' dir='ltr' id='par_1_96' title="bbox 475 5076 2075 5157">
     <span class='ocr_line' id='line_1_97' title="bbox 475 5076 2075 5157; baseline 0.008 -28"><span class='ocrx_word' id='word_1_712' title='bbox 475 5081 576 5137; x_wconf 83' lang='lat' dir='ltr'><strong>est,</strong></span> <span class='ocrx_word' id='word_1_713' title='bbox 599 5089 709 5131; x_wconf 91' lang='lat' dir='ltr'><strong>non</strong></span> <span class='ocrx_word' id='word_1_714' title='bbox 735 5089 797 5131; x_wconf 87' lang='lat' dir='ltr'><strong>ea</strong></span> <span class='ocrx_word' id='word_1_715' title='bbox 826 5076 1031 5157; x_wconf 76' lang='lat' dir='ltr'><strong>ratione</strong></span> <span class='ocrx_word' id='word_1_716' title='bbox 1049 5093 1392 5157; x_wconf 76' lang='lat' dir='ltr'><strong>veneramur,</strong></span> <span class='ocrx_word' id='word_1_717' title='bbox 1417 5090 1481 5137; x_wconf 90' lang='lat' dir='ltr'><strong>ut</strong></span> <span class='ocrx_word' id='word_1_718' title='bbox 1503 5084 1595 5155; x_wconf 89' lang='lat' dir='ltr'><strong>qui</strong></span> <span class='ocrx_word' id='word_1_719' title='bbox 1628 5084 1818 5140; x_wconf 89' lang='lat' dir='ltr'><strong>visibili</strong></span> <span class='ocrx_word' id='word_1_720' title='bbox 1844 5100 2075 5157; x_wconf 88' lang='lat' dir='ltr'><strong>corpore</strong></span> 
     </span>
    </p>
   </div>
   <div class='ocr_carea' id='block_1_97' title="bbox 472 5147 1121 5220">
    <p class='ocr_par' dir='ltr' id='par_1_97' title="bbox 472 5147 1121 5220">
     <span class='ocr_line' id='line_1_98' title="bbox 472 5147 1121 5220; baseline 0.003 -18"><span class='ocrx_word' id='word_1_721' title='bbox 472 5161 715 5220; x_wconf 67' lang='lat' dir='ltr'><strong>praesens</strong></span> <span class='ocrx_word' id='word_1_722' title='bbox 740 5163 858 5204; x_wconf 89' lang='lat' dir='ltr'><strong>esse</strong></span> <span class='ocrx_word' id='word_1_723' title='bbox 882 5147 1121 5220; x_wconf 81' lang='lat' dir='ltr'><strong>desierit.</strong></span> 
     </span>
    </p>
   </div>
   <div class='ocr_carea' id='block_1_98' title="bbox 544 5218 2078 5295">
    <p class='ocr_par' dir='ltr' id='par_1_98' title="bbox 544 5218 2078 5295">
     <span class='ocr_line' id='line_1_99' title="bbox 544 5218 2078 5295; baseline 0.005 -21"><span class='ocrx_word' id='word_1_724' title='bbox 544 5228 569 5254; x_wconf 70' lang='grc'>⁸</span> <span class='ocrx_word' id='word_1_725' title='bbox 598 5220 658 5274; x_wconf 93' lang='lat' dir='ltr'><strong>ld</strong></span> <span class='ocrx_word' id='word_1_726' title='bbox 704 5218 1107 5295; x_wconf 78' lang='lat' dir='ltr'><strong>est,_t_nonachi.</strong></span> <span class='ocrx_word' id='word_1_727' title='bbox 1144 5222 1224 5276; x_wconf 90' lang='lat' dir='ltr'><strong>Ita</strong></span> <span class='ocrx_word' id='word_1_728' title='bbox 1250 5223 1447 5295; x_wconf 88' lang='lat' dir='ltr'><strong>passim</strong></span> <span class='ocrx_word' id='word_1_729' title='bbox 1476 5226 1726 5281; x_wconf 90' lang='lat' dir='ltr'><strong>nominat</strong></span> <span class='ocrx_word' id='word_1_730' title='bbox 1764 5227 2078 5295; x_wconf 89' lang='lat' dir='ltr'><strong>Cassianus,</strong></span> 
     </span>
    </p>
   </div>
   <div class='ocr_carea' id='block_1_99' title="bbox 511 5290 2076 5364">
    <p class='ocr_par' dir='ltr' id='par_1_99' title="bbox 511 5290 2076 5364">
     <span class='ocr_line' id='line_1_100' title="bbox 511 5290 2076 5364; baseline 0.008 -23"><span class='ocrx_word' id='word_1_731' title='bbox 511 5290 780 5364; x_wconf 70' lang='lat' dir='ltr'><strong>razsertim</strong></span> <span class='ocrx_word' id='word_1_732' title='bbox 816 5291 1022 5364; x_wconf 72' lang='lat' dir='ltr'><strong>lib._Ix</strong></span> <span class='ocrx_word' id='word_1_733' title='bbox 1049 5299 1105 5348; x_wconf 89' lang='lat' dir='ltr'><strong>et</strong></span> <span class='ocrx_word' id='word_1_734' title='bbox 1154 5308 1191 5349; x_wconf 81' lang='lat' dir='ltr'><strong>x</strong></span> <span class='ocrx_word' id='word_1_735' title='bbox 1227 5290 1472 5350; x_wconf 84' lang='lat' dir='ltr'><strong>Institut.</strong></span> <span class='ocrx_word' id='word_1_736' title='bbox 1526 5295 1725 5362; x_wconf 82' lang='lat' dir='ltr'><strong>Graeci,</strong></span> <span class='ocrx_word' id='word_1_737' title='bbox 1763 5290 2076 5364; x_wconf 65' lang='lat' dir='ltr'><strong>ilouxaorazc,</strong></span> 
     </span>
    </p>
   </div>
   <div class='ocr_carea' id='block_1_100' title="bbox 513 5361 2080 5436">
    <p class='ocr_par' dir='ltr' id='par_1_100' title="bbox 513 5361 2080 5436">
     <span class='ocr_line' id='line_1_101' title="bbox 513 5361 2080 5436; baseline 0.006 -22"><span class='ocrx_word' id='word_1_738' title='bbox 513 5361 850 5436; x_wconf 57' lang='lat' dir='ltr'><strong>esvchastas,</strong></span> <span class='ocrx_word' id='word_1_739' title='bbox 893 5361 946 5417; x_wconf 91' lang='lat' dir='ltr'><strong>id</strong></span> <span class='ocrx_word' id='word_1_740' title='bbox 974 5372 1075 5427; x_wconf 90' lang='lat' dir='ltr'><strong>est,</strong></span> <span class='ocrx_word' id='word_1_741' title='bbox 1105 5363 1266 5421; x_wconf 85' lang='lat' dir='ltr'><strong>tacite</strong></span> <span class='ocrx_word' id='word_1_742' title='bbox 1294 5373 1349 5420; x_wconf 90' lang='lat' dir='ltr'><strong>et</strong></span> <span class='ocrx_word' id='word_1_743' title='bbox 1376 5365 1558 5436; x_wconf 86' lang='lat' dir='ltr'><strong>quiete</strong></span> <span class='ocrx_word' id='word_1_744' title='bbox 1584 5361 1821 5435; x_wconf 83' lang='lat' dir='ltr'><strong>agentes,</strong></span> <span class='ocrx_word' id='word_1_745' title='bbox 1852 5361 1914 5421; x_wconf 80' lang='lat' dir='ltr'><strong>ut</strong></span> <span class='ocrx_word' id='word_1_746' title='bbox 1946 5361 2080 5426; x_wconf 61' lang='lat' dir='ltr'><strong>serii-</strong></span> 
     </span>
    </p>
   </div>
   <div class='ocr_carea' id='block_1_101' title="bbox 471 5429 2083 5506">
    <p class='ocr_par' dir='ltr' id='par_1_101' title="bbox 471 5429 2083 5506">
     <span class='ocr_line' id='line_1_102' title="bbox 471 5429 2083 5506; baseline 0.007 -20"><span class='ocrx_word' id='word_1_747' title='bbox 471 5429 553 5487; x_wconf 86' lang='lat' dir='ltr'><strong>bit</strong></span> <span class='ocrx_word' id='word_1_748' title='bbox 574 5429 925 5506; x_wconf 73' lang='lat' dir='ltr'><strong>Justiiiianus</strong></span> <span class='ocrx_word' id='word_1_749' title='bbox 946 5435 1156 5491; x_wconf 89' lang='lat' dir='ltr'><strong>novella</strong></span> <span class='ocrx_word' id='word_1_750' title='bbox 1188 5442 1242 5492; x_wconf 78' lang='lat'><strong>5.</strong></span> <span class='ocrx_word' id='word_1_751' title='bbox 1278 5429 1585 5506; x_wconf 74' lang='lat' dir='ltr'><strong>Utramque</strong></span> <span class='ocrx_word' id='word_1_752' title='bbox 1606 5429 2083 5496; x_wconf 72' lang='lat' dir='ltr'><strong>nomenclaturam</strong></span> 
     </span>
    </p>
   </div>
   <div class='ocr_carea' id='block_1_102' title="bbox 471 5504 2071 5577">
    <p class='ocr_par' dir='ltr' id='par_1_102' title="bbox 471 5504 2071 5577">
     <span class='ocr_line' id='line_1_103' title="bbox 471 5504 2071 5577; baseline 0.006 -20"><span class='ocrx_word' id='word_1_753' title='bbox 471 5504 789 5577; x_wconf 82' lang='lat' dir='ltr'><strong>complexus</strong></span> <span class='ocrx_word' id='word_1_754' title='bbox 818 5514 899 5561; x_wconf 89' lang='lat' dir='ltr'><strong>est</strong></span> <span class='ocrx_word' id='word_1_755' title='bbox 922 5509 1189 5564; x_wconf 86' lang='lat' dir='ltr'><strong>Jeremias</strong></span> <span class='ocrx_word' id='word_1_756' title='bbox 1216 5506 1478 5563; x_wconf 90' lang='lat' dir='ltr'><strong>versiculo</strong></span> <span class='ocrx_word' id='word_1_757' title='bbox 1500 5504 1619 5569; x_wconf 83' lang='lat' dir='ltr'><strong>illo,</strong></span> <span class='ocrx_word' id='word_1_758' title='bbox 1667 5506 1757 5577; x_wconf 90' lang='lat' dir='ltr'><strong>qui</strong></span> <span class='ocrx_word' id='word_1_759' title='bbox 1790 5510 2071 5566; x_wconf 88' lang='lat' dir='ltr'><strong>monachis</strong></span> 
     </span>
    </p>
   </div>
   <div class='ocr_carea' id='block_1_103' title="bbox 470 5575 2073 5652">
    <p class='ocr_par' dir='ltr' id='par_1_103' title="bbox 470 5575 2073 5652">
     <span class='ocr_line' id='line_1_104' title="bbox 470 5575 2073 5652; baseline 0.006 -24"><span class='ocrx_word' id='word_1_760' title='bbox 470 5575 715 5652; x_wconf 69' lang='lat' dir='ltr'><strong>apprime</strong></span> <span class='ocrx_word' id='word_1_761' title='bbox 744 5579 995 5650; x_wconf 88' lang='lat' dir='ltr'><strong>congruit</strong></span> <span class='ocrx_word' id='word_1_762' title='bbox 1016 5580 1259 5637; x_wconf 83' lang='lat' dir='ltr'><strong>:Sedebit</strong></span> <span class='ocrx_word' id='word_1_763' title='bbox 1286 5579 1586 5642; x_wconf 82' lang='lat' dir='ltr'><strong>solitarius,</strong></span> <span class='ocrx_word' id='word_1_764' title='bbox 1615 5582 1666 5632; x_wconf 89' lang='lat' dir='ltr'><strong>et</strong></span> <span class='ocrx_word' id='word_1_765' title='bbox 1684 5575 1882 5652; x_wconf 73' lang='lat' dir='ltr'><strong>tacebit</strong></span> <span class='ocrx_word' id='word_1_766' title='bbox 1904 5601 1920 5649; x_wconf 91' lang='lat'><strong><em>;</em></strong></span> <span class='ocrx_word' id='word_1_767' title='bbox 1939 5585 2073 5652; x_wconf 86' lang='lat' dir='ltr'><strong>quia</strong></span> 
     </span>
    </p>
   </div>
   <div class='ocr_carea' id='block_1_104' title="bbox 471 5642 2073 5769">
    <p class='ocr_par' dir='ltr' id='par_1_104' title="bbox 471 5642 2073 5769">
     <span class='ocr_line' id='line_1_105' title="bbox 471 5642 2073 5769; baseline 0.009 -73"><span class='ocrx_word' id='word_1_768' title='bbox 471 5642 991 5769; x_wconf 46' lang='lat' dir='ltr'><strong>letﬁbtitlsgsupErsse</strong></span> <span class='ocrx_word' id='word_1_769' title='bbox 1016 5653 1235 5716; x_wconf 83' lang='lat' dir='ltr'><strong>(Thren.</strong></span> <span class='ocrx_word' id='word_1_770' title='bbox 1268 5653 1389 5717; x_wconf 83' lang='grc' dir='ltr'>ιιι).</span> <span class='ocrx_word' id='word_1_771' title='bbox 1427 5653 1505 5706; x_wconf 91' lang='lat' dir='ltr'><strong>De</strong></span> <span class='ocrx_word' id='word_1_772' title='bbox 1528 5665 1637 5722; x_wconf 89' lang='lat' dir='ltr'><strong>quo</strong></span> <span class='ocrx_word' id='word_1_773' title='bbox 1669 5650 1791 5707; x_wconf 90' lang='lat' dir='ltr'><strong>vide</strong></span> <span class='ocrx_word' id='word_1_774' title='bbox 1823 5642 1972 5724; x_wconf 74' lang='lat' dir='ltr'><strong>plura</strong></span> <span class='ocrx_word' id='word_1_775' title='bbox 2005 5653 2073 5710; x_wconf 93' lang='lat' dir='ltr'><strong>ad</strong></span> 
     </span>
     <span class='ocr_line' id='line_1_106' title="bbox 471 5729 966 5769; baseline 0 0"><span class='ocrx_word' id='word_1_776' title='bbox 471 5729 536 5769; x_wconf 80' lang='lat' dir='ltr'><strong>co</strong></span> <span class='ocrx_word' id='word_1_777' title='bbox 578 5732 605 5769; x_wconf 75' lang='grc' dir='ltr'><strong>δ</strong></span> <span class='ocrx_word' id='word_1_778' title='bbox 640 5757 651 5768; x_wconf 67' lang='grc' dir='ltr'><strong>ρ</strong></span> <span class='ocrx_word' id='word_1_779' title='bbox 770 5734 887 5769; x_wconf 72' lang='lat' dir='ltr'><strong>cal).</strong></span> <span class='ocrx_word' id='word_1_780' title='bbox 953 5762 966 5769; x_wconf 91' lang='lat'><strong>-</strong></span> 
     </span>
    </p>
   </div>
   <div class='ocr_carea' id='block_1_105' title="bbox 470 5723 966 5789">
    <p class='ocr_par' dir='ltr' id='par_1_105' title="bbox 470 5723 966 5789">
     <span class='ocr_line' id='line_1_107' title="bbox 470 5723 966 5789; baseline 0.01 -19"><span class='ocrx_word' id='word_1_781' title='bbox 470 5723 651 5789; x_wconf 75' lang='lat' dir='ltr'><strong>collat.</strong></span> <span class='ocrx_word' id='word_1_782' title='bbox 685 5723 746 5789; x_wconf 80' lang='lat' dir='ltr'><strong>l9</strong></span> <span class='ocrx_word' id='word_1_783' title='bbox 770 5734 887 5789; x_wconf 62' lang='lat' dir='ltr'><strong>cal).</strong></span> <span class='ocrx_word' id='word_1_784' title='bbox 912 5724 966 5775; x_wconf 90' lang='lat'><strong>8.</strong></span> 
     </span>
    </p>
   </div>
   <div class='ocr_carea' id='block_1_106' title="bbox 532 5779 2073 5862">
    <p class='ocr_par' dir='ltr' id='par_1_106' title="bbox 532 5779 2073 5862">
     <span class='ocr_line' id='line_1_108' title="bbox 532 5779 2073 5862; baseline 0.008 -21"><span class='ocrx_word' id='word_1_785' title='bbox 532 5779 669 5862; x_wconf 60' lang='lat' dir='ltr'><strong>&quot;De</strong></span> <span class='ocrx_word' id='word_1_786' title='bbox 694 5788 793 5862; x_wconf 73' lang='lat' dir='ltr'><strong>hac</strong></span> <span class='ocrx_word' id='word_1_787' title='bbox 821 5779 1003 5853; x_wconf 74' lang='lat' dir='ltr'><strong>arrha,</strong></span> <span class='ocrx_word' id='word_1_788' title='bbox 1051 5792 1178 5862; x_wconf 80' lang='lat' dir='ltr'><strong>sive</strong></span> <span class='ocrx_word' id='word_1_789' title='bbox 1205 5791 1531 5862; x_wconf 87' lang='lat' dir='ltr'><strong>arrhabone,</strong></span> <span class='ocrx_word' id='word_1_790' title='bbox 1574 5793 1698 5851; x_wconf 91' lang='lat' dir='ltr'><strong>vide</strong></span> <span class='ocrx_word' id='word_1_791' title='bbox 1736 5802 1930 5853; x_wconf 84' lang='lat' dir='ltr'><strong>notata</strong></span> <span class='ocrx_word' id='word_1_792' title='bbox 1981 5811 2073 5853; x_wconf 83' lang='lat' dir='ltr'><strong>su-</strong></span> 
     </span>
    </p>
   </div>
   <div class='ocr_carea' id='block_1_107' title="bbox 466 5857 1244 5932">
    <p class='ocr_par' dir='ltr' id='par_1_107' title="bbox 466 5857 1244 5932">
     <span class='ocr_line' id='line_1_109' title="bbox 466 5857 1244 5932; baseline 0.008 -21"><span class='ocrx_word' id='word_1_793' title='bbox 466 5857 648 5928; x_wconf 89' lang='lat' dir='ltr'><strong>perius</strong></span> <span class='ocrx_word' id='word_1_794' title='bbox 674 5859 740 5916; x_wconf 90' lang='lat' dir='ltr'><strong>ad</strong></span> <span class='ocrx_word' id='word_1_795' title='bbox 770 5874 890 5932; x_wconf 89' lang='lat' dir='ltr'><strong>cap.</strong></span> <span class='ocrx_word' id='word_1_796' title='bbox 923 5865 955 5914; x_wconf 86' lang='lat'><strong>5</strong></span> <span class='ocrx_word' id='word_1_797' title='bbox 979 5860 1163 5917; x_wconf 91' lang='lat' dir='ltr'><strong>collat.</strong></span> <span class='ocrx_word' id='word_1_798' title='bbox 1190 5869 1244 5917; x_wconf 86' lang='lat'><strong>7.</strong></span> 
     </span>
    </p>
   </div>
   <div class='ocr_carea' id='block_1_108' title="bbox 2258 5087 3798 5163">
    <p class='ocr_par' dir='ltr' id='par_1_108' title="bbox 2258 5087 3798 5163">
     <span class='ocr_line' id='line_1_110' title="bbox 2258 5087 3798 5163; baseline 0.005 -22"><span class='ocrx_word' id='word_1_799' title='bbox 2258 5088 2425 5163; x_wconf 80' lang='lat' dir='ltr'><strong>°Qua_</strong></span> <span class='ocrx_word' id='word_1_800' title='bbox 2474 5087 2735 5163; x_wconf 82' lang='lat' dir='ltr'><strong>nimirum</strong></span> <span class='ocrx_word' id='word_1_801' title='bbox 2788 5088 3127 5160; x_wconf 86' lang='lat' dir='ltr'><strong>compleatur</strong></span> <span class='ocrx_word' id='word_1_802' title='bbox 3174 5106 3237 5147; x_wconf 92' lang='lat' dir='ltr'><strong>ac</strong></span> <span class='ocrx_word' id='word_1_803' title='bbox 3288 5091 3590 5163; x_wconf 84' lang='lat' dir='ltr'><strong>perficiatur</strong></span> <span class='ocrx_word' id='word_1_804' title='bbox 3650 5089 3798 5148; x_wconf 90' lang='lat' dir='ltr'><strong>illud</strong></span> 
     </span>
    </p>
   </div>
   <div class='ocr_carea' id='block_1_109' title="bbox 2187 5158 3795 5233">
    <p class='ocr_par' dir='ltr' id='par_1_109' title="bbox 2187 5158 3795 5233">
     <span class='ocr_line' id='line_1_111' title="bbox 2187 5158 3795 5233; baseline 0.003 -21"><span class='ocrx_word' id='word_1_805' title='bbox 2187 5158 2556 5233; x_wconf 76' lang='lat' dir='ltr'><strong>evangelicum</strong></span> <span class='ocrx_word' id='word_1_806' title='bbox 2608 5180 2620 5215; x_wconf 88' lang='lat'><strong>:</strong></span> <span class='ocrx_word' id='word_1_807' title='bbox 2674 5161 2893 5231; x_wconf 85' lang='lat' dir='ltr'><strong>Oportet</strong></span> <span class='ocrx_word' id='word_1_808' title='bbox 2924 5158 3145 5233; x_wconf 78' lang='lat' dir='ltr'><strong>semper</strong></span> <span class='ocrx_word' id='word_1_809' title='bbox 3178 5158 3351 5226; x_wconf 69' lang='lat' dir='ltr'><strong>orare,</strong></span> <span class='ocrx_word' id='word_1_810' title='bbox 3406 5168 3458 5219; x_wconf 85' lang='lat' dir='ltr'><strong>et</strong></span> <span class='ocrx_word' id='word_1_811' title='bbox 3491 5177 3795 5233; x_wconf 78' lang='lat' dir='ltr'><strong>numquam</strong></span> 
     </span>
    </p>
   </div>
   <div class='ocr_carea' id='block_1_110' title="bbox 2189 5229 3796 5305">
    <p class='ocr_par' dir='ltr' id='par_1_110' title="bbox 2189 5229 3796 5305">
     <span class='ocr_line' id='line_1_112' title="bbox 2189 5229 3796 5305; baseline 0.004 -23"><span class='ocrx_word' id='word_1_812' title='bbox 2189 5229 2413 5305; x_wconf 75' lang='lat' dir='ltr'><strong>deﬁcere</strong></span> <span class='ocrx_word' id='word_1_813' title='bbox 2441 5233 2610 5305; x_wconf 73' lang='lat' dir='ltr'><strong>(Luae</strong></span> <span class='ocrx_word' id='word_1_814' title='bbox 2641 5229 2837 5287; x_wconf 55' lang='lat' dir='ltr'><strong>xvi&quot;).</strong></span> <span class='ocrx_word' id='word_1_815' title='bbox 2887 5234 2968 5305; x_wconf 2' lang='lat' dir='ltr'><strong>(Et</strong></span> <span class='ocrx_word' id='word_1_816' title='bbox 3004 5229 3136 5289; x_wconf 77' lang='lat' dir='ltr'><strong>illud</strong></span> <span class='ocrx_word' id='word_1_817' title='bbox 3168 5234 3551 5305; x_wconf 87' lang='lat' dir='ltr'><strong>Apostolicum</strong></span> <span class='ocrx_word' id='word_1_818' title='bbox 3604 5229 3796 5305; x_wconf 46' lang='lat' dir='ltr'><strong>{Siue</strong></span> 
     </span>
    </p>
   </div>
   <div class='ocr_carea' id='block_1_111' title="bbox 2191 5301 3797 5376">
    <p class='ocr_par' dir='ltr' id='par_1_111' title="bbox 2191 5301 3797 5376">
     <span class='ocr_line' id='line_1_113' title="bbox 2191 5301 3797 5376; baseline 0.007 -24"><span class='ocrx_word' id='word_1_819' title='bbox 2191 5301 2585 5376; x_wconf 76' lang='lat' dir='ltr'><strong>intermissione</strong></span> <span class='ocrx_word' id='word_1_820' title='bbox 2627 5308 2777 5376; x_wconf 82' lang='lat' dir='ltr'><strong>orate</strong></span> <span class='ocrx_word' id='word_1_821' title='bbox 2813 5304 3177 5376; x_wconf 7' lang='lat' dir='ltr'><strong>(Thes.gult.).</strong></span> <span class='ocrx_word' id='word_1_822' title='bbox 3218 5301 3313 5376; x_wconf 57' lang='lat' dir='ltr'><strong>&#39;De</strong></span> <span class='ocrx_word' id='word_1_823' title='bbox 3364 5321 3470 5376; x_wconf 87' lang='lat' dir='ltr'><strong>qua</strong></span> <span class='ocrx_word' id='word_1_824' title='bbox 3521 5303 3797 5363; x_wconf 82' lang='lat' dir='ltr'><strong>orationis</strong></span> 
     </span>
    </p>
   </div>
   <div class='ocr_carea' id='block_1_112' title="bbox 2182 5369 3796 5459">
    <p class='ocr_par' dir='ltr' id='par_1_112' title="bbox 2182 5369 3796 5459">
     <span class='ocr_line' id='line_1_114' title="bbox 2182 5369 3796 5459; baseline 0.005 -35"><span class='ocrx_word' id='word_1_825' title='bbox 2182 5369 2415 5459; x_wconf 69' lang='lat' dir='ltr'><strong>jugitate</strong></span> <span class='ocrx_word' id='word_1_826' title='bbox 2439 5380 2493 5459; x_wconf 51' lang='lat' dir='ltr'><strong>ent</strong></span> <span class='ocrx_word' id='word_1_827' title='bbox 2532 5369 2849 5459; x_wconf 72' lang='lat' dir='ltr'><strong>assiduitate</strong></span> <span class='ocrx_word' id='word_1_828' title='bbox 2880 5369 3146 5459; x_wconf 73' lang='lat' dir='ltr'><strong>instituta</strong></span> <span class='ocrx_word' id='word_1_829' title='bbox 3182 5369 3414 5459; x_wconf 58' lang='lat' dir='ltr'><strong>psthac</strong></span> <span class='ocrx_word' id='word_1_830' title='bbox 3451 5377 3701 5445; x_wconf 84' lang='lat' dir='ltr'><strong>collatio,</strong></span> <span class='ocrx_word' id='word_1_831' title='bbox 3730 5385 3796 5434; x_wconf 89' lang='lat' dir='ltr'><strong>ut</strong></span> 
     </span>
    </p>
   </div>
   <div class='ocr_carea' id='block_1_113' title="bbox 2191 5443 3785 5583">
    <p class='ocr_par' dir='ltr' id='par_1_113' title="bbox 2191 5443 3785 5583">
     <span class='ocr_line' id='line_1_115' title="bbox 2191 5443 3695 5519; baseline 0.008 -26"><span class='ocrx_word' id='word_1_832' title='bbox 2191 5449 2341 5511; x_wconf 90' lang='lat' dir='ltr'><strong>patet</strong></span> <span class='ocrx_word' id='word_1_833' title='bbox 2370 5456 2434 5495; x_wconf 82' lang='lat' dir='ltr'><strong>ex</strong></span> <span class='ocrx_word' id='word_1_834' title='bbox 2454 5443 2559 5498; x_wconf 84' lang='lat' dir='ltr'><strong>line</strong></span> <span class='ocrx_word' id='word_1_835' title='bbox 2591 5446 2943 5516; x_wconf 70' lang='lat' dir='ltr'><strong>praecedentis</strong></span> <span class='ocrx_word' id='word_1_836' title='bbox 2973 5455 3029 5503; x_wconf 88' lang='lat' dir='ltr'><strong>et</strong></span> <span class='ocrx_word' id='word_1_837' title='bbox 3050 5455 3166 5503; x_wconf 90' lang='lat' dir='ltr'><strong>toto</strong></span> <span class='ocrx_word' id='word_1_838' title='bbox 3191 5447 3353 5519; x_wconf 87' lang='lat' dir='ltr'><strong>hujus</strong></span> <span class='ocrx_word' id='word_1_839' title='bbox 3374 5446 3635 5504; x_wconf 86' lang='lat' dir='ltr'><strong>decursu.</strong></span> <span class='ocrx_word' id='word_1_840' title='bbox 3687 5443 3695 5445; x_wconf 56' lang='grc'><em>’</em></span> 
     </span>
     <span class='ocr_line' id='line_1_116' title="bbox 2250 5511 3785 5583; baseline 0.007 -17"><span class='ocrx_word' id='word_1_841' title='bbox 2250 5511 2277 5546; x_wconf 74' lang='grc' dir='ltr'>ά</span> <span class='ocrx_word' id='word_1_842' title='bbox 2300 5512 2448 5568; x_wconf 85' lang='lat' dir='ltr'><strong>Scita</strong></span> <span class='ocrx_word' id='word_1_843' title='bbox 2467 5522 2523 5569; x_wconf 89' lang='lat' dir='ltr'><strong>et</strong></span> <span class='ocrx_word' id='word_1_844' title='bbox 2547 5516 2760 5583; x_wconf 83' lang='lat' dir='ltr'><strong>vulgata</strong></span> <span class='ocrx_word' id='word_1_845' title='bbox 2776 5518 3066 5583; x_wconf 90' lang='lat' dir='ltr'><strong>sententia,</strong></span> <span class='ocrx_word' id='word_1_846' title='bbox 3094 5522 3155 5575; x_wconf 78' lang='lat' dir='ltr'><strong>In</strong></span> <span class='ocrx_word' id='word_1_847' title='bbox 3169 5521 3314 5573; x_wconf 84' lang='lat' dir='ltr'><strong>omni</strong></span> <span class='ocrx_word' id='word_1_848' title='bbox 3334 5525 3451 5574; x_wconf 85' lang='lat' dir='ltr'><strong>arte</strong></span> <span class='ocrx_word' id='word_1_849' title='bbox 3476 5524 3527 5574; x_wconf 85' lang='lat' dir='ltr'><strong>et</strong></span> <span class='ocrx_word' id='word_1_850' title='bbox 3552 5523 3785 5577; x_wconf 78' lang='lat' dir='ltr'><strong>scientia</strong></span> 
     </span>
    </p>
   </div>
   <div class='ocr_carea' id='block_1_114' title="bbox 2180 5584 3783 5674">
    <p class='ocr_par' dir='ltr' id='par_1_114' title="bbox 2180 5584 3783 5674">
     <span class='ocr_line' id='line_1_117' title="bbox 2180 5584 3783 5674; baseline 0.005 -36"><span class='ocrx_word' id='word_1_851' title='bbox 2180 5584 2580 5674; x_wconf 42' lang='lat' dir='ltr'><strong>delcilioribus</strong></span> <span class='ocrx_word' id='word_1_852' title='bbox 2608 5584 2668 5642; x_wconf 69' lang='lat' dir='ltr'><strong>et</strong></span> <span class='ocrx_word' id='word_1_853' title='bbox 2701 5589 3014 5674; x_wconf 58' lang='lat' dir='ltr'><strong>rudioﬁbus</strong></span> <span class='ocrx_word' id='word_1_854' title='bbox 3040 5591 3435 5674; x_wconf 34' lang='lat' dir='ltr'><strong>principiz&#39;sﬁud</strong></span> <span class='ocrx_word' id='word_1_855' title='bbox 3480 5592 3699 5674; x_wconf 72' lang='lat' dir='ltr'><strong>altiora</strong></span> <span class='ocrx_word' id='word_1_856' title='bbox 3735 5596 3783 5648; x_wconf 81' lang='lat' dir='ltr'><strong>et</strong></span> 
     </span>
    </p>
   </div>
   <div class='ocr_carea' id='block_1_115' title="bbox 2181 5656 3781 5809">
    <p class='ocr_par' dir='ltr' id='par_1_115' title="bbox 2181 5656 3781 5809">
     <span class='ocr_line' id='line_1_118' title="bbox 2181 5656 3590 5731; baseline 0.008 -22"><span class='ocrx_word' id='word_1_857' title='bbox 2181 5656 2494 5725; x_wconf 67' lang='lat' dir='ltr'><strong>difﬁciliora</strong></span> <span class='ocrx_word' id='word_1_858' title='bbox 2514 5660 2968 5728; x_wconf 83' lang='lat' dir='ltr'><strong>progrediendum</strong></span> <span class='ocrx_word' id='word_1_859' title='bbox 2995 5656 3244 5731; x_wconf 53' lang='lat' dir='ltr'><strong>(Aristot&#39;.</strong></span> <span class='ocrx_word' id='word_1_860' title='bbox 3272 5676 3289 5716; x_wconf 76' lang='grc'><strong>1</strong></span> <span class='ocrx_word' id='word_1_861' title='bbox 3319 5663 3590 5731; x_wconf 81' lang='lat' dir='ltr'><strong>Physic.).</strong></span> 
     </span>
     <span class='ocr_line' id='line_1_119' title="bbox 2185 5726 3781 5809; baseline 0.008 -29"><span class='ocrx_word' id='word_1_862' title='bbox 2185 5805 2196 5809; x_wconf 81' lang='lat'>_</span> <span class='ocrx_word' id='word_1_863' title='bbox 2239 5735 2274 5808; x_wconf 26' lang='grc' dir='ltr'>’θ</span> <span class='ocrx_word' id='word_1_864' title='bbox 2322 5726 2675 5809; x_wconf 60' lang='lat' dir='ltr'><strong>Hincl’aulus</strong></span> <span class='ocrx_word' id='word_1_865' title='bbox 2703 5730 3113 5809; x_wconf 76' lang='lat' dir='ltr'><strong>ad_Corintl_1ios</strong></span> <span class='ocrx_word' id='word_1_866' title='bbox 3140 5733 3317 5809; x_wconf 82' lang='lat' dir='ltr'><strong>adhuc</strong></span> <span class='ocrx_word' id='word_1_867' title='bbox 3349 5732 3551 5809; x_wconf 84' lang='lat' dir='ltr'><strong>iu__fide</strong></span> <span class='ocrx_word' id='word_1_868' title='bbox 3569 5743 3626 5791; x_wconf 86' lang='lat' dir='ltr'><strong>et</strong></span> <span class='ocrx_word' id='word_1_869' title='bbox 3655 5733 3781 5793; x_wconf 83' lang='lat' dir='ltr'><strong>doc-</strong></span> 
     </span>
    </p>
   </div>
   <div class='ocr_carea' id='block_1_116' title="bbox 2180 5798 3773 5875">
    <p class='ocr_par' dir='ltr' id='par_1_116' title="bbox 2180 5798 3773 5875">
     <span class='ocr_line' id='line_1_120' title="bbox 2180 5798 3773 5875; baseline 0.004 -23"><span class='ocrx_word' id='word_1_870' title='bbox 2180 5798 2326 5875; x_wconf 82' lang='lat' dir='ltr'><strong>trina</strong></span> <span class='ocrx_word' id='word_1_871' title='bbox 2355 5798 2662 5875; x_wconf 66' lang='lat' dir='ltr'><strong>Christiana</strong></span> <span class='ocrx_word' id='word_1_872' title='bbox 2692 5801 2856 5875; x_wconf 83' lang='lat' dir='ltr'><strong>rudes</strong></span> <span class='ocrx_word' id='word_1_873' title='bbox 2901 5810 2956 5858; x_wconf 86' lang='lat' dir='ltr'><strong>et</strong></span> <span class='ocrx_word' id='word_1_874' title='bbox 2997 5804 3279 5875; x_wconf 87' lang='lat' dir='ltr'><strong>imperitos</strong></span> <span class='ocrx_word' id='word_1_875' title='bbox 3306 5804 3557 5861; x_wconf 87' lang='lat' dir='ltr'><strong>scribens</strong></span> <span class='ocrx_word' id='word_1_876' title='bbox 3591 5810 3637 5872; x_wconf 89' lang='lat' dir='ltr'><strong>(l</strong></span> <span class='ocrx_word' id='word_1_877' title='bbox 3668 5808 3773 5864; x_wconf 85' lang='lat' dir='ltr'><strong>Cor.</strong></span> 
     </span>
    </p>
   </div>
   <div class='ocr_carea' id='block_1_117' title="bbox 2184 5869 3781 5947">
    <p class='ocr_par' dir='ltr' id='par_1_117' title="bbox 2184 5869 3781 5947">
     <span class='ocr_line' id='line_1_121' title="bbox 2184 5869 3781 5947; baseline 0.006 -23"><span class='ocrx_word' id='word_1_878' title='bbox 2184 5869 2297 5940; x_wconf 81' lang='grc' dir='ltr'>ιιι)</span> <span class='ocrx_word' id='word_1_879' title='bbox 2324 5888 2335 5923; x_wconf 88' lang='lat'><strong>:</strong></span> <span class='ocrx_word' id='word_1_880' title='bbox 2363 5872 2479 5929; x_wconf 80' lang='lat' dir='ltr'><strong>Non</strong></span> <span class='ocrx_word' id='word_1_881' title='bbox 2502 5874 2678 5943; x_wconf 84' lang='lat' dir='ltr'><strong>potui,</strong></span> <span class='ocrx_word' id='word_1_882' title='bbox 2702 5872 2895 5946; x_wconf 87' lang='lat' dir='ltr'><strong>inquit,</strong></span> <span class='ocrx_word' id='word_1_883' title='bbox 2926 5869 3260 5946; x_wconf 61' lang='lat' dir='ltr'><strong>vobis&#39;loqui,</strong></span> <span class='ocrx_word' id='word_1_884' title='bbox 3279 5879 3442 5947; x_wconf 83' lang='lat' dir='ltr'><strong>quasi</strong></span> <span class='ocrx_word' id='word_1_885' title='bbox 3474 5869 3781 5947; x_wconf 77' lang='lat' dir='ltr'><strong>spirituali-</strong></span> 
     </span>
    </p>
   </div>
  </div>
