4048 6208
310 321 415 378 829

1424 321 1762 378 COLLATIO
1804 323 1868 378 X.
1907 351 1981 364 —
2018 323 2109 378 DE
2145 319 2520 378 ORATIONE.

3523 326 3628 382 830

317 443 490 502 nubili
515 445 654 502 lacte
677 444 884 500 nutrita
911 442 1532 518 paulatimeducataque
1579 455 1906 522 succrescat,
1938 450 1990 514 Α
2018 445 2214 502 obruta
2261 452 2366 512 est,
2413 459 2518 516 qua
2572 443 2872 516 spiritalem
2922 443 3251 500 memoriam
3304 445 3628 504 resuscitare

311 545 478 610 atque
508 538 582 595 ita
629 537 698 594 ab
749 537 878 595 imis
904 537 976 595 ad
1020 551 1235 594 summa
1297 539 1500 595 sensim
1541 539 1920 613 gradatimque

313 631 672 700 conscendat;
703 633 902 704 quibus
930 647 1061 690 cum
1101 630 1268 690 fuerit
1294 633 1541 706 planiora
1580 633 1844 707 principia
1860 642 1916 692 et

313 725 728 799 quodammodo
768 725 968 798 januas
992 735 1225 800 arrepta
1253 727 1612 800 professionis
1645 728 1909 802 ingressa,

309 816 384 874 ad
421 817 840 890 penetrabiliora
857 834 1073 892 quoque
1091 818 1436 893 perfectionis
1467 821 1678 881 excelsa
1701 819 1914 895 fastigia

311 921 719 984 consequenter
731 917 784 970 et
801 911 1005 986 absque
1030 913 1218 972 labore
1239 917 1542 987 perveniat.
1573 919 1716 973 Nam
1733 931 1917 989 quem-

311 1004 617 1063 admodum
646 1007 1001 1078 pronuntiare
1014 1024 1313 1082 puerorum
1336 1011 1609 1084 quispiam
1637 1011 1914 1084 simplices

309 1099 520 1170 poterit
545 1098 770 1171 copulas
806 1100 1160 1174 syllabarum,
1191 1102 1298 1160 nisi
1328 1105 1480 1176 prius
1519 1105 1912 1162 elementorum

307 1190 660 1250 characteres
699 1194 985 1269 diligenter
1011 1198 1338 1272 agnoverit?
1375 1199 1472 1255 Vel
1507 1199 1788 1270 quomodo
1832 1199 1913 1256 le-

308 1285 474 1359 gendi
534 1287 788 1358 peritiam
837 1299 1222 1363 consequetur,
1237 1291 1530 1364 quibreves
1552 1301 1608 1350 et
1627 1308 1915 1366 perangus-

308 1386 394 1437 tas
419 1379 812 1454 descriptiones
839 1383 1127 1442 nominum
1156 1384 1392 1442 necdum
1421 1395 1505 1442 est
1529 1385 1757 1444 idoneus
1780 1401 1912 1443 con-

304 1471 536 1546 jugarei’
568 1475 687 1544 Qua
701 1483 886 1532 autem
911 1476 1124 1534 ratione
1135 1477 1182 1534 is
1203 1479 1298 1550 qui
1327 1479 1514 1551 peritia
1539 1481 1914 1552 grammatica:

311 1565 617 1640 disciplinae
645 1571 838 1629 minus
870 1571 1164 1631 instructus
1209 1583 1316 1645 est,
1358 1575 1440 1631 vel
1470 1575 1806 1632 rhetoricam
1837 1578 1912 1634 fa-

311 1661 609 1732 cundiam,
634 1663 716 1720 vel
747 1665 1176 1738 philosophicam
1205 1668 1492 1726 scientiam
1516 1672 1915 1742 consequetur?

311 1754 653 1828 Quapropter
685 1755 832 1816 "huic
879 1776 1104 1834 quoque
1154 1762 1564 1820 sublimissimae
1617 1763 1916 1837 disciplina:

2023 539 2318 611 possimus,
2343 537 2606 596 retardati
2636 527 2808 611 ipsius
2833 535 3202 610 inquisitionis
3239 552 3420 605 mora,
3452 537 3624 610 prius-

2022 645 2190 705 quam
2213 631 2553 704 reperiamus
2573 646 2720 700 eam,
2751 647 2784 688 a
2823 639 3013 688 nostro
3066 637 3266 698 conatu
3295 631 3495 714 iterum
3527 629 3624 688 de-

2023 725 2324 792 volvamur,
2372 732 2429 782 et
2474 733 2767 796 antequam
2813 721 3069 796 spiritalis
3117 723 3338 796 quidam
3390 723 3630 796 pariatur

2021 818 2270 888 intuitus,
2301 827 2565 892 concepta
2593 818 2776 876 cordis
2829 825 3117 875 evanescat
3143 817 3396 874 intentio.
3451 820 3628 890 Quam

2021 913 2402 972 confusionem
2432 913 2636 970 idcirco
2659 913 2816 970 nobis
2841 911 3084 969 accidere
3124 912 3264 969 satis
3283 920 3493 969 certum
3520 919 3622 982 est,

2019 1006 2144 1079 quia
2179 1006 2411 1079 speciale
2457 1005 2661 1078 aliquid
2699 1019 2814 1078 prae
2861 1005 3033 1068 oculis
3083 1009 3450 1078 propositum,
3477 1007 3624 1064 velut

2019 1099 2317 1163 formulam
2358 1101 2684 1173 quamdam,
2753 1099 3016 1157 stabiliter
3063 1115 3176 1156 non
3225 1108 3500 1168 tenemus,
3555 1099 3626 1159 ad

2017 1209 2190 1266 quam
2217 1193 2392 1266 possit
2431 1209 2598 1266 vagus
2625 1193 2847 1250 animus
2877 1201 3000 1265 post
3025 1195 3232 1249 multos
3256 1195 3538 1252 anfractus
3562 1211 3626 1254 ac

2019 1286 2297 1344 discursus
2326 1285 2504 1342 varios
2527 1285 2798 1352 revocari,
2813 1292 2868 1340 et
2896 1291 3026 1356 post
3052 1285 3211 1358 longa
3237 1285 3518 1358 naufragia
3564 1295 3628 1344 ut

2020 1383 2165 1441 velut
2193 1391 2416 1456 portum
2445 1382 2640 1454 quietis
2679 1381 2900 1438 intrare.
2931 1381 3122 1453 Itaque
3155 1379 3216 1434 lit
3249 1388 3312 1436 ut
3340 1379 3442 1436 hac
3474 1380 3624 1452 igno-

2021 1477 2232 1535 ratione
2255 1492 2318 1533 ac
2339 1475 2657 1534 difﬁcultate
2685 1491 2844 1532 mens
2871 1475 3076 1548 jugiter
3103 1475 3422 1548 praepedita,
3471 1490 3624 1532 erra-

2019 1571 2206 1630 bunda
2251 1584 2466 1642 semper
2499 1579 2556 1627 et
2595 1569 2745 1626 velut
2771 1569 2920 1629 ebria
2961 1585 3063 1641 per
3101 1569 3314 1630 diversa
3357 1568 3621 1640 jactetur;

2021 1681 2092 1722 ne
2132 1663 2267 1721 illud
2306 1663 2529 1736 quidem
2567 1663 2720 1736 quod
2759 1678 2891 1720 casu
2939 1663 3123 1735 potius
3150 1678 3314 1734 quam
3356 1662 3626 1722 industria

2022 1757 2247 1814 sibimet
2273 1755 2574 1813 occurrerit
2608 1755 2870 1829 spiritale,
2915 1754 3014 1812 diu
3052 1771 3115 1812 ac
3162 1755 3400 1812 ﬁrmiter
3421 1763 3626 1826 teneat,

311 1865 406 1922 per
444 1866 616 1922 quam
642 1852 972 1910 instruimur
994 1857 1114 1912 Deo
1138 1855 1339 1929 jngiter
1359 1857 1644 1928 inhaerere,
1673 1875 1788 1917 non
1814 1859 1914 1916 du.
1944 1855 1992 1918 B
2019 1849 2152 1907 dum
2176 1849 2327 1907 aliud
2355 1867 2420 1907 ex
2462 1849 2569 1907 alio
2597 1865 2813 1923 semper
2839 1849 3129 1921 recipiens,
3183 1849 3326 1906 sicut
3367 1849 3628 1906 introitus

310 1941 420 2000 bito
443 1945 697 2016 quaedam
745 1947 1107 2005 institutionis
1141 1963 1260 2006 esse
1299 1949 1679 2021 fundamenta,
1713 1951 1912 2024 quibus

312 2037 554 2110 primum
583 2039 903 2097 ﬁrmissime
933 2041 1238 2111 collocatis,
1256 2051 1384 2114 post
1413 2043 1534 2102 hac
1573 2045 1914 2118 superposita

310 2131 650 2188 extollantur
687 2130 1035 2204 perfectionis
1075 2135 1287 2192 excelsa
1325 2136 1554 2210 fastigia.
1595 2139 1763 2210 Cujus
1798 2139 1916 2196 haec

311 2235 435 2277 esse
457 2220 724 2294 principia
753 2223 992 2281 tenuiter
1015 2226 1383 2297 suspicamur,
1411 2237 1474 2285 ut
1497 2229 1737 2300 primum
1762 2245 1916 2288 nove-

313 2313 492 2371 rimus
509 2317 636 2388 quaj
663 2316 1014 2376 meditatione
1051 2326 1302 2376 teneatur
1324 2302 1408 2378 vel
1447 2323 1716 2396 cogitetur
1740 2327 1910 2381 Deus.

311 2409 528 2468 Deinde
562 2410 702 2468 hanc
749 2413 1025 2485 eamdem,
1077 2431 1437 2490 quaecumque
1485 2427 1587 2486 est,
1623 2419 1912 2476 materiam

263 2549 276 2556 -
307 2503 777 2574 quemadmodum
851 2507 1124 2566 valeamus
1197 2509 1550 2566 immobiliter
1615 2511 1912 2578 custodire,

309 2595 461 2667 quod
501 2597 666 2653 etiam
689 2615 801 2654 non
821 2601 1159 2674 ambigimus
1183 2603 1405 2660 culmen
1435 2603 1608 2660 totius
1636 2601 1916 2675 perfectio-

313 2690 399 2746 nis
425 2691 671 2748 existere.
723 2695 796 2750 Et
825 2693 1027 2752 idcirco
1079 2697 1380 2769 quamdam
1434 2697 1720 2754 memoriae
1753 2697 1917 2770 hujus

315 2785 605 2842 materiam
633 2801 739 2858 qua
760 2789 909 2846 Deus
949 2799 1133 2846 mente
1155 2791 1514 2864 concipiatur,
1538 2790 1618 2848 vel
1651 2799 1915 2864 perpetuo

309 2885 582 2947 teneatur,
627 2880 788 2937 nobis
819 2883 1070 2954 cupimus
1109 2882 1494 2954 demonstrari,
1537 2893 1599 2941 ut
1653 2899 1776 2940 eam
1802 2901 1916 2958 prae

311 2971 482 3029 oculis
510 2980 840 3032 retentantes
887 2991 1016 3034 cum
1039 2977 1254 3051 elapsos
1281 2995 1382 3036 nos
1419 2979 1488 3036 ab
1509 2979 1704 3040 eadem
1737 2995 1921 3036 ense-

308 3064 504 3134 rimus,
547 3065 843 3124 habeamus
866 3069 922 3125 in
963 3078 1218 3142 promptu
1248 3087 1358 3143 quo
1396 3071 1746 3145 respicientes
1771 3073 1918 3129 illico

2022 1959 2212 1999 eorum
2243 1951 2405 2016 atque
2430 1943 2715 2018 principia,
2755 1943 2826 2000 ita
2853 1943 3019 2000 etiam
3042 1943 3206 2000 linem
3221 1943 3626 2016 discessumque

2019 2053 2134 2096 non
2160 2039 2382 2096 sentiat.

2622 2139 2869 2196 CAPUT
2911 2139 3012 2195 1X.

2021 2245 2309 2316 Responsio
2331 2241 2398 2297 de
2414 2241 2647 2311 efﬁcacia
2661 2242 2982 2370 intelllec'tttuis,
3003 2243 3104 2312 qui
3116 2255 3220 2311 per
3240 2239 3626 2310 experiemiam

2700 2329 2758 2370 co
2803 2329 2880 2370 tot
2945 2330 2994 2370 ν.
3440 2343 3456 2362 κ

2700 2329 2994 2383 οοιιιθιηιν.
3440 2343 3456 2362 κ

2097 2417 2250 2472 Isaac
2275 2415 2594 2488 :Inquisitio
2621 2426 2810 2475 vestra
2839 2424 2952 2472 tam
2975 2415 3180 2472 minuta
3211 2423 3375 2486 atque
3414 2413 3627 2472 subtilis

2022 2511 2293 2582 proximae
2325 2511 2572 2582 puritatis
2601 2511 2898 2582 praisignat
2925 2510 3209 2566 indicium.
3240 2513 3357 2566 Nec
3375 2509 3528 2565 enim
3557 2507 3628 2564 de

2024 2604 2108 2660 his
2129 2604 2325 2660 saltem
2355 2603 2712 2676 interrogare,
2740 2619 2854 2659 non
2883 2602 3438 2674 dicamiutrOSpicere
3462 2609 3627 2672 atque

2025 2697 2354 2763 discernere,
2401 2696 2672 2768 quispiam
2712 2696 3046 2768 praevalebit,
3076 2697 3180 2752 nisi
3199 2711 3363 2768 quem
3399 2695 3630 2766 diligens

2024 2797 2080 2845 et
2099 2787 2285 2844 efﬁcax
2317 2789 2513 2844 mentis
2551 2789 2816 2844 industria
2847 2805 2909 2844 ac
2957 2787 3264 2844 sollicitudo
3295 2787 3520 2859 pervigil
3555 2784 3628 2842 ad

2027 2882 2474 2954 perscrutandam
2536 2883 2768 2939 istarum
2818 2881 3252 2955 profunditatem
3322 2879 3630 2952 provexerit

2024 2975 2411 3046 qumstionum,
2459 2975 2844 3047 castigataeque
2901 2973 3026 3030 vitae
3046 2975 3198 3046 jugis
3249 2973 3479 3029 intentio
3533 2987 3632 3046 per

2024 3068 2410 3140 experientiam
2457 3066 2648 3124 fecerit
2713 3068 2981 3124 actualem
3055 3075 3322 3123 attentare
3381 3065 3629 3139 puritatis

313 3167 673 3229 revertamur,
737 3176 802 3218 ac
846 3175 1124 3219 resumere
1152 3163 1300 3219 illam
1344 3161 1459 3220 sine
1504 3164 1614 3220 ulla
1657 3165 1920 3222 circuitus
2027 3160 2188 3234 hujus
2226 3161 2736 3234 liminajanuasque
2769 3163 3004 3235 pulsare.
3041 3163 3110 3217 Et
3129 3162 3332 3218 idcirco
3369 3162 3628 3234 quoniam

315 3265 474 3308 mora
512 3259 566 3308 et
605 3253 964 3324 inquisitionis
1025 3255 1346 3313 difﬁcultate
1392 3257 1684 3328 possimus.
1720 3260 1918 3315 Evenit
1953 3247 1998 3310 C
2026 3254 2183 3312 video
2210 3270 2304 3311 vos
2326 3255 2626 3311 nondicam
2649 3271 2746 3327 pro
2765 3253 2973 3314 foribus
2996 3255 3262 3312 orationis
3289 3256 3430 3312 illius
3482 3270 3623 3312 verae

312 3359 552 3418 namque
585 3356 646 3403 ut
687 3364 817 3404 cum
859 3350 928 3406 de
955 3349 1182 3406 theoriis
1206 3350 1538 3422 spiritalibus
1567 3352 1918 3424 evagati‘ad
2022 3349 2090 3406 de
2117 3365 2221 3422 qua
2270 3349 2596 3406 disserimus
2645 3351 2874 3405 astitisse
2921 3349 3034 3417 [ΑΙ.
3079 3355 3310 3418 astare],
3355 3351 3451 3406 sed
3493 3349 3627 3422 ipsis

315 3439 688 3512 nosmetipsos
745 3441 894 3498 velut
944 3443 1014 3500 de
1035 3445 1062 3478 δ
1087 3442 1266 3499 lethali
1292 3456 1488 3517 sapore
1525 3444 1914 3511 convertimur,
2024 3441 2436 3514 quodammodo
2463 3439 2805 3510 experientia;
2828 3443 3081 3497 manibus
3106 3443 3398 3513 penetralia
3430 3441 3546 3514 ejus
3573 3450 3631 3498 et

319 3539 375 3588 et
397 3540 676 3606 tamquam
704 3536 1069 3610 expergefacti
1119 3537 1404 3594 materiam
1458 3537 1758 3610 quaerimus
1793 3553 1916 3610 quae
1980 3532 1997 3544 ’
2026 3536 2284 3593 interiora
2330 3537 2568 3608 palpare,
2601 3545 2660 3592 et
2697 3535 2950 3608 quaedam
2979 3538 3229 3594 membra
3252 3536 3370 3609 jam
3399 3536 3628 3610 jamque

1410 3647 1672 3702 ALARDI
1707 3647 1933 3704 GAZEI
1968 3645 2530 3703 COMMENTARIUS.

319 3749 445 3827 bus,
487 3751 585 3827 sed
627 3756 791 3827 quasi
823 3756 1151 3812 carnalibus.
1227 3760 1523 3827 Tamquam
1579 3759 1825 3827 parvulis
1861 3759 1920 3812 in
2028 3755 2211 3812 locum
2237 3755 2640 3812 subobscnrum
2665 3757 3048 3827 etambiguum
3071 3756 3270 3813 reddit.
3297 3755 3629 3827 Plautiniana

315 3821 523 3910 garisto
555 3821 830 3910 lac'nobis
864 3832 1054 3910 potum
1083 3827 1215 3882 dedi
1249 3827 1326 3897 (id
1364 3821 1472 3910 est,
1525 3821 1830 3910 simplicem
1863 3836 1919 3910 et
2027 3827 2226 3910 editio,
2267 3841 2440 3898 quam
2482 3827 2628 3910 prius
2653 3827 2829 3910 secuti
2871 3821 3096 3910 Erimus,
3129 3827 3300 3910 habet
3339 3826 3568 3908 inferius
3593 3845 3622 3910 ε

318 3889 534 3948 facilem
565 3889 933 3967 doctrinam),
973 3911 1080 3967 non
1117 3889 1290 3967 escam
1333 3889 1572 3952 solidum
1608 3889 1814 3967 cibum,
1862 3897 1921 3954 id
2027 3889 2312 3954 Mota-iam
2339 3889 2631 3966 quaerimus
2655 3898 2831 3960 illam,
2857 3913 2978 3967 qua:
3004 3889 3196 3952 obruta
3223 3901 3322 3967 est.
3343 3912 3450 3966 qua
3467 3899 3629 3966 spiri-

326 3971 434 4029 est,
463 3963 864 4038 perfectiorem,
899 3963 958 4038 et
996 3965 1066 4019 de
1089 3965 1388 4038 altioribus
1411 3965 1682 4034 mysteriis
1709 3963 1920 4038 doctri-
2029 3971 2191 4024 talem
2219 3963 2532 4024 menioriam
2556 3963 3174 4038 resuscitwépossimus.
3201 3974 3276 4024 At
3309 3963 3426 4022 haec
3445 3963 3632 4038 nostra

322 4035 518 4108 nam)_._
540 4033 788 4108 Nondum
817 4037 960 4108 enim
979 4034 1397 4108 pote-ratisrad
1409 4033 1680 4108 Δηέει-τῃιγψ
1697 4037 1923 4107 quidem
2034 4038 2305 4108 posterior
2333 4037 2516 4104 lectio,
2564 4048 2626 4094 ut
2677 4033 3046 4106 commu—nior,
3090 4039 3164 4093 ita
3191 4047 3248 4094 et
3289 4037 3630 4096 emendatior

310 4103 562 4178 potestis,
582 4101 910 4178 adhucenim
937 4101 1182 4178 carnales
1198 4106 1344 4178 estis.
1367 4103 1454 4160 Sic
1469 4104 1540 4160 ad
1557 4101 1817 4178 Hebraeos
1841 4121 1880 4160 ν
1908 4124 1922 4162 :
2036 4101 2280 4178 videtur,
2307 4123 2413 4176 qua
2446 4101 2574 4178 illud
2597 4124 2719 4178 qua
2753 4109 2945 4166 obruta
2971 4101 3184 4178 estnon
3211 4109 3278 4164 ad
3307 4108 3634 4164 memoriam

316 4171 486 4248 facti
516 4173 662 4248 estis,
716 4174 910 4248 quibus
940 4174 1074 4248 laete
1109 4188 1242 4245 opus
1283 4177 1380 4242 sit,
1427 4191 1536 4230 non
1573 4176 1744 4231 solido
1787 4178 1922 4233 cibo.
2033 4171 2362 4248 spiritalem,
2383 4177 2479 4232 sed
2505 4177 2572 4232 ad
2605 4171 2888 4234 materiam
2903 4177 3162 4234 refertur.
3187 4179 3284 4235 Cui
3309 4179 3480 4234 etiam
3503 4194 3630 4236 ma-

317 4240 512 4320 Omnis
536 4243 674 4320 enim
693 4240 794 4313 qui
825 4245 978 4320 lactis
999 4250 1077 4302 est
1089 4240 1382 4318 particeps,
1407 4262 1598 4317 ea-pers
1631 4253 1709 4302 est
1729 4263 1924 4304 sermo-
2033 4240 2116 4319 εἷς
2161 4240 2370 4302 accedit
2411 4247 2746 4320 Dionysiana
2776 4249 3124 4320 paraphrasis
3167 4249 3222 4306 in
3255 4251 3372 4306 haec
3423 4251 3626 4308 verba:

315 4311 410 4392 nis
425 4311 983 4392 justititefparvulus
1002 4311 1154 4392 enim
1193 4311 1707 4392 est.'_Per[ectorum
1743 4323 1926 4392 autem
2034 4311 2310 4387 Contingit
2323 4321 2549 4392 quippe,
2560 4311 2642 4375 'ut
2669 4311 2801 4375 dum
2830 4337 2866 4375 a
2891 4311 3226 4392 spiritalibus
3254 4324 3476 4378 theoriis
3503 4339 3632 4380 con-

310 4385 402 4466 sist
431 4383 963 4466 solidus_cibus,__etc.
998 4389 1066 4466 fit
1093 4388 1364 4466 Petrusin
1383 4383 1568 4466 priore
1600 4390 1869 4466 canonica
1900 4409 1913 4446 :
2026 4383 2292 4466 sortimur
2309 4383 2386 4448 ad
2413 4383 2508 4466 nos
2537 4393 2701 4466 ipsos,
2731 4383 2966 4466 quodam
2990 4395 3176 4452 lethali
3194 4410 3401 4466 sopore,
3431 4401 3484 4450 et
3501 4395 3627 4451 dein

309 4454 494 4536 Quasi
719 4461 892 4536 geniti
922 4461 1182 4536 infantes,
1211 4454 1578 4536 rationabiles,
1630 4463 1745 4518 sine
1772 4463 1914 4527 dolo,
2023 4465 2182 4532 quasi
2193 4454 2868 4533 expergefacti’quccrimus
2891 4467 3173 4520 materiam
3187 4454 3310 4536 quos
3323 4454 3630 4536 inten'upta

313 4526 405 4608 Iac
433 4529 890 4608 concupiscite,_ut
904 4532 966 4608 in
983 4526 1050 4586 eo
1077 4535 1325 4608 crescetis
1344 4535 1412 4608 in
1439 4534 1668 4608 salutem
1695 4536 1738 4605 (Ι
1763 4526 1908 4608 Pelr.
1943 4585 1985 4608 η
2022 4526 2119 4608 est,
2143 4526 2426 4608 perquam
2460 4526 2792 4608 rests—scitura
2800 4539 3069 4608 possimus
3105 4526 3412 4608 spiritalem
3435 4526 3632 4594 memo-

297 4595 413 4680 1})-
437 4585 1048 4680 Quod‘expgditclgssq
1071 4585 1917 4680 :jst-mpzaaeaﬁawt‘a‘ﬁaa
1939 4585 1986 4646 Ι)
2018 4585 2783 4680 ᾗᾍῆ’ῥιέἶῖέοὶιῶἲὶἱέῖἶὲξ
2800 4585 3416 4680 ἓὲᾗῖἒῖἷηίἕιῖρἓἱὲῖἶό
3439 4585 3624 4664 ’ἆὶἑξιὶ

307 4667 386 4722 de
411 4667 657 4742 uberjbus
686 4667 886 4728 Matris
922 4673 1169 4742 Ecclesiae
1191 4667 1434 4742 qum-ite,
1458 4673 1514 4730 id
1543 4683 1646 4741 est,
1672 4677 1742 4730 de
1770 4667 1911 4732 utri-

311 4751 490 4817 usque
514 4740 845 4817 Testamenti
871 4740 1219 4817 Doctoribus.
1235 4745 1324 4817 _ln
1350 4759 1463 4817 quo
1491 4740 1648 4817 textu
1673 4751 1909 4817 Aposto-

311 4807 522 4879 li,’pro
549 4813 920 4877 rationabiles,
946 4814 1011 4879 in
1057 4807 1570 4870 emendatis'Bibliis
1625 4807 1794 4870 modo
1839 4817 1912 4872 le-

307 4879 459 4951 gitur
493 4885 860 4955 rationabiles,
894 4892 952 4940 ut
980 4892 1035 4940 et
1065 4885 1256 4941 Graece
1286 4885 1346 4937 τὸ
1374 4884 1610 4955 λογικον.
1640 4886 1796 4955 Quod
1823 4886 1912 4944 hic

307 4957 590 5029 spectasse
631 4953 848 5029 videtur
901 4959 1139 5029 Auctor.
1169 4955 1257 5012 Sic
1319 4958 1387 5010 D.
1449 4953 1820 5029 Hieronvmus
1859 4959 1914 5014 in

307 5035 434 5093 cap.
459 5037 534 5099 ιγ
571 5025 776 5099 Isaiae:
842 5029 964 5095 Lac,
992 5027 1189 5099 inquit,
1239 5029 1514 5097 signiﬁcat
1557 5025 1914 5085 innocentiam

299 5096 686 5170 paruulorum.
716 5098 825 5164 Qui
848 5113 960 5153 mos
989 5115 1054 5154 ac
1065 5096 1232 5170 typus
1261 5101 1321 5153 in
1354 5096 1648 5156 Occidentis
1663 5101 1912 5156 Ecclesiis

303 5163 472 5242 hodie
481 5183 648 5237 usque
664 5163 818 5224 serva
827 5175 938 5234 tur,
951 5174 1015 5224 ut
1028 5163 1232 5242 renatis
1247 5173 1304 5225 in
1316 5171 1525 5227 Christo
1537 5174 1724 5226 vinum
1735 5171 1917 5242 Iacque

305 5236 607 5294 tribuatur.
638 5243 714 5296 De
740 5257 845 5310 quo
867 5242 1002 5296 lacte
1039 5241 1245 5297 dicebat
1268 5245 1320 5296 et
1356 5243 1564 5299 Paulus
1597 5261 1608 5297 :
1636 5245 1743 5299 Lac
1767 5236 1914 5298 vobis

303 5311 498 5381 potum
523 5310 670 5375 dedi,
709 5327 816 5367 non
858 5313 1092 5368 solidum
1137 5315 1329 5368 cibum.
1381 5317 1454 5369 Et
1481 5317 1706 5370 Petrus:
1743 5315 1917 5381 Quasi

309 5379 473 5452 modo
487 5383 609 5435 nati
625 5385 865 5452 parvuli,
887 5385 1157 5440 rationale
1175 5385 1256 5440 lac
1273 5385 1594 5440 desiderate.
1616 5379 1774 5440 ldem'
1786 5385 1913 5441 alibi

315 5448 406 5520 (In
431 5448 841 5528 Ieremfxxxu)
872 5455 1034 5512 docet
1053 5456 1386 5528 promissam
1409 5472 1525 5512 esse
1551 5457 1798 5512 Hebrmis
1817 5467 1916 5514 ter-

308 5534 434 5576 ram
465 5523 605 5579 lacte
635 5533 690 5580 et
717 5526 877 5582 melle
927 5523 1260 5600 manantem,
1289 5528 1415 5600 quia
1449 5529 1688 5600 solidum
1718 5529 1910 5600 cibum

306 5606 505 5676 capere
529 5611 639 5650 non
675 5605 942 5668 poterant,
974 5597 1072 5655 sed
1103 5599 1261 5655 melle
1293 5597 1346 5655 et
1375 5600 1508 5655 lacte
1536 5598 1915 5656 nutriebantur

303 5673 575 5722 Int‘antias.

387 5737 708 5816 '_ldq_est,__a
731 5738 888 5794 seriis
918 5747 974 5795 et
1023 5740 1354 5816 spiritalibus
1400 5741 1826 5816 cogitationibus
1859 5751 1916 5800 et

311 5806 1091 5882 meditationibuspevagantés
1143 5821 1198 5868 et
1251 5806 1534 5879 abstracti,
1587 5822 1689 5872 etc.
1743 5819 1912 5872 Porro

310 5872 614 5936 lectionum
673 5872 936 5937 varietas”
949 5882 1004 5938 in
1053 5882 1279 5941 diversis
1326 5872 1726 5958 exemplaribus
1768 5886 1914 5945 hunc

2017 4676 2526 4750 Lavardini,4quam
2555 4679 2725 4733 etiam
2760 4678 2828 4750 in
2854 4678 3170 4750 hujusmodi
3191 4676 3388 4750 dubiis
3425 4692 3625 4750 consug

2019 4747 2130 4820 lere
2153 4747 2300 4803 haud
2339 4747 2715 4820 incongruum.
2741 4747 3067 4819 duom—quac
3093 4748 3173 4820 sic
3199 4747 3409 4820 habet:
3459 4748 3562 4820 Car
3587 4748 3632 4820 il

2018 4819 2236 4893 advient
2249 4834 2349 4886 que
2370 4816 2567 4893 quand
2579 4825 2940 4887 eatravagans
2959 4816 3091 4872 ’hors
3119 4818 3190 4870 les
3208 4816 3433 4893 theories
3461 4819 3630 4893 spirif

2023 4889 2228 4954 tuelles,
2268 4903 2398 4942 nous
2439 4889 2674 4942 tombons
2713 4905 2778 4942 en
2813 4903 2947 4943 nous
2997 4900 3236 4951 mesmes,
3263 4891 3315 4944 et
3373 4889 3568 4944 veribus
3593 4889 3631 4944 ὰ

2021 4973 2215 5026 songer
2241 4960 2278 5010 ά
2296 4973 2390 5012 nos
2418 4959 2714 5030 affections,
2742 4963 2794 5012 et
2829 4959 3071 5028 a/ﬁtires,
3088 4963 3434 5030 'transportez
3460 4960 3626 5024 leans,

2023 5043 2220 5083 eamme
2227 5043 2337 5100 par
2350 5043 2428 5081 un
2450 5029 2690 5082 sommeil
2707 5031 2920 5094 mortel,
2939 5035 2992 5084 et
3003 5047 3104 5100 que
3122 5029 3318 5088 comine
3334 5033 3626 5097 resveillez,

2022 5113 2167 5174 nousr
2186 5099 2426 5174 cerchons
2455 5104 2592 5174 ceste
2629 5102 2855 5158 matiere
2896 5099 3027 5174 (qui
3058 5101 3095 5158 α
3135 5108 3240 5158 este
3289 5103 3532 5158 accablée
3565 5119 3629 5158 en

2021 5173 2180 5236 nous)
2200 5185 2306 5238 par
2321 5170 2548 5239 laquelle
2569 5186 2700 5226 nous
2723 5170 2990 5241 puisstbns
3006 5175 3292 5230 resusciter
3311 5176 3365 5229 la
3381 5176 3630 5229 memoire

2021 5241 2344 5316 spirituque,
2377 5242 2420 5296 il
2451 5241 2690 5316 advient,
2713 5245 2874 5314 di-je,
2903 5262 3007 5315 que
3035 5245 3288 5302 retardez
3314 5260 3428 5316 par
3453 5245 3508 5301 la
3525 5245 3628 5302 lon-

2023 5327 2196 5386 gueur
2223 5312 2290 5367 de
2315 5313 2370 5366 la
2405 5313 2660 5381 recerche,
2693 5320 2744 5370 et
2756 5312 3098 5386 inqui—sitiam
3129 5332 3261 5372 noua
3291 5312 3512 5373 somnies
3539 5317 3630 5374 de-

2017 5385 2205 5451 rechef
2223 5385 2438 5438 reiettez
2459 5385 2581 5440 hors
2602 5385 2668 5440 de
2686 5385 2864 5442 nostra
2886 5403 3059 5457 essay,
3083 5388 3149 5442 de
3177 5394 3354 5444 nostre
3376 5389 3534 5457 effort
3579 5393 3631 5445 et

2021 5472 2226 5525 moyen.
2257 5461 2423 5510 avant
2449 5471 2554 5525 que
2579 5473 2714 5512 nous
2735 5457 2794 5513 la
2821 5461 3112 5525 trouvions,
3136 5467 3238 5514 etc.

2091 5519 2119 5598 ξ’
2165 5527 2456 5598 Dionysius
2502 5528 2749 5598 voculam
2801 5530 2868 5584 de
2939 5529 3144 5586 omisit.
3191 5528 3418 5586 Videtur
3443 5539 3629 5588 autem

2021 5596 2240 5673 lethalis
2293 5596 2460 5673 super
2506 5597 2610 5654 hoc
2663 5600 2822 5673 loco,
2853 5600 3322 5673 quemadmodum
3374 5610 3430 5657 et
3477 5599 3628 5669 alibi,

2021 5668 2238 5744 duobus
2260 5668 2442 5744 modis
2479 5671 2676 5744 exponi
2716 5668 2912 5744 posse:
2955 5675 3012 5730 ιο
3039 5687 3137 5744 pro
3165 5673 3364 5744 lethan
3392 5689 3431 5744 a7
3455 5668 3630 5744 Lethe

2022 5739 2268 5804 ﬂumine,
2296 5740 2346 5820 id
2378 5747 2499 5820 est,_
2512 5739 2786 5820 profundo
2815 5751 2872 5820 et
2895 5739 3082 5820 gravi;
3116 5743 3195 5801 vel
3225 5761 3323 5820 pro
3348 5743 3624 5820 lethifcro.

2021 5829 2119 5896 seu
2145 5810 2452 5881 mortifero,
2485 5812 2544 5868 id
2567 5821 2668 5884 est,
2700 5815 2859 5872 saluti
2897 5810 3108 5872 animae
3135 5810 3301 5874 ιιοὲἱο
3329 5829 3396 5870 ac
3436 5810 3628 5882 perni-

2020 5899 2190 5942 01080.
