4040 6206
407 306 503 364 83l
1483 301 1763 361 JOANNIS
1799 301 2101 359 CASSIANI
2138 298 2630 357 COLLATIONES.

3617 300 3723 357 832

407 429 740 502 contingere,
777 445 879 487 nec
897 445 995 486 me
1019 428 1393 486 laboratumm
1422 428 1611 496 credo,
1638 438 1700 485 ut
1713 428 1830 501 jam
1859 428 2000 485 intra
2028 429 2082 494 Α
2108 429 2133 464 δ
2161 441 2326 499 quam
2371 425 2611 497 primum
2650 420 2794 495 typis
2839 417 3167 493 quibusdam
3215 428 3272 474 et
3301 419 3562 477 formulis
3580 437 3724 483 cera

408 525 591 581 aulam
618 523 1025 595 quodammodo
1049 523 1219 595 ipsius
1246 521 1582 590 aberrantes,
1611 521 1664 578 in
1688 522 1848 597 adyta
1875 537 2005 594 quo-

407 631 536 689 que,
589 617 645 671 in
690 624 956 687 quantum
1000 614 1265 671 Dominus
1313 614 1588 683 direxerit,
1641 614 2000 683 introducam.

410 724 513 767 nec
556 724 653 765 vos
688 708 756 764 ad
782 706 1219 781 Lintrospicienda
1257 706 1375 765 haec
1419 724 1543 782 qua:
1566 709 2005 780 demonstranda

409 807 557 870 sunt,
580 800 692 856 ullo
726 799 1061 857 difﬁcultatis
1085 801 1366 858 obstaculo
1392 803 1765 861 retardandos.
1809 805 2007 860 Proxi-

408 908 537 951 mus
562 892 716 948 enim
741 892 1038 965 cognitioni
1062 901 1163 962 est,
1189 894 1280 967 qui
1325 896 1457 968 quid
1483 898 1758 969 inquirere
1787 896 2004 966 debeat,

401 986 698 1063 prudenter
739 988 1005 1061 agnoscit,
1054 993 1080 1022 ⁸
1119 1006 1218 1047 nec
1258 1007 1290 1047 a
1319 991 1547 1047 scientia
1590 992 1750 1065 longe
1796 1001 1876 1048 est
1914 993 2006 1066 qui

407 1082 579 1155 coepit
604 1082 923 1156 intelligere,
943 1083 1076 1157 quid
1102 1085 1332 1157 ignoret.
1363 1087 1429 1141 Et
1456 1085 1660 1142 idcirco
1682 1102 1794 1142 non
1815 1101 2007 1143 vereor

400 1183 593 1234 notam
619 1176 939 1249 proditionis
966 1178 1047 1234 vel
1079 1179 1309 1235 levitatis
1358 1178 1655 1248 incurrere,
1687 1181 1733 1237 si
1757 1196 1839 1251 ea,
1880 1196 2007 1254 quae

405 1270 464 1328 in
496 1271 776 1344 superiore
805 1280 1039 1330 tractatu
1070 1273 1138 1330 de
1175 1272 1505 1347 perfectione
1533 1275 1799 1333 orationis
1827 1276 2007 1332 disse-

403 1378 531 1421 rens
560 1364 908 1437 disputationi
972 1366 1371 1435 subtraxeram,
1419 1368 1812 1440 propalavero;
1859 1383 2009 1441 quo-

407 1471 533 1514 rum
563 1457 816 1514 virtutem
847 1458 1002 1515 vobis
1042 1459 1097 1515 in
1125 1459 1231 1516 hoc
1254 1459 1507 1517 exercitio
1539 1476 1603 1517 ac
1630 1460 1811 1518 studio
1840 1461 2006 1518 collo-

407 1552 565 1620 catis,
595 1552 754 1608 etiam
778 1552 895 1609 sine
922 1553 1232 1610 ministerio
1259 1554 1432 1610 nostri
1459 1554 1747 1625 sermonis,
1778 1569 1877 1627 per
1905 1554 2005 1611 Dei

408 1645 642 1718 gratiam
662 1645 904 1703 arbitror
930 1645 1097 1703 fuisse
1134 1647 1505 1705 reserandam.

1021 1781 1259 1839 CAPUT
1297 1784 1377 1839 Χ.
1768 1860 1777 1864 ,

691 1902 769 1955 De
797 1900 1133 1957 institutione
1160 1902 1415 1956 orationis
1428 1904 1724 1971 perpetua.

489 2027 850 2097 Quapropter,
878 2024 1178 2083 secundum
1222 2024 1377 2081 illam
1410 2024 1808 2080 institutionem
1837 2034 2004 2092 quam

388 2121 761 2197 parvulorum
808 2120 1097 2178 eruditioni
1152 2118 1577 2192 prudentissime
1622 2116 2007 2187 comparastis,

408 2214 501 2288 qui
525 2215 658 2269 alias
681 2214 1078 2270 elementorum
1097 2210 1443 2268 traditionem
1468 2209 1703 2281 primam
1729 2208 2008 2281 percipere

407 2324 522 2366 non
549 2316 799 2380 possunt,
829 2323 930 2364 nec
957 2321 1152 2363 eorum
1176 2305 1256 2362 vel
1281 2319 1576 2377 agnoscere
1610 2303 1794 2373 lineas,
1825 2304 1904 2359 vel
1926 2302 2006 2359 in-

411 2401 624 2476 trepida
663 2418 831 2459 manu
883 2406 1090 2474 queunt
1141 2398 1445 2455 describere
1490 2397 1853 2467 characteres,
1898 2397 2002 2453 nisi

2110 520 2397 593 diligenter
2426 517 2732 590 impressis,
2767 514 2974 590 efﬁgies
3001 529 3192 571 eorum
3240 514 3555 586 exprimere
3592 531 3723 574 con-

2116 612 2473 686 templatione
2516 611 2632 685 jugi
2689 618 2745 668 et
2771 608 3086 683 quotidiana
3138 606 3450 665 imitatione
3483 624 3721 669 consue-

2112 716 2305 778 scant;
2348 706 2510 781 hujus
2576 720 2797 779 quoque
2844 702 3101 778 spiritalis
3164 702 3390 761 theoriaa
3453 703 3721 765 tradenda

2115 804 2273 861 vobis
2321 810 2404 858 est
2459 798 2735 869 formula,
2760 799 2831 857 ad
2879 814 3049 873 quam
3104 812 3327 872 semper
3376 800 3724 859 tenacissime

2114 904 2359 955 vestrum
2387 894 2649 951 intuitum
2676 893 2995 967 deligentes,
3026 891 3118 949 vel
3147 891 3401 950 eamdem
3427 894 3727 954 salubriter

2120 990 2336 1046 volvere
2384 989 2661 1061 indirupta
2704 987 2933 1061 jugitate
2959 986 3207 1055 discatis,
3254 986 3334 1042 vel
3372 987 3727 1048 sublimiores

2115 1085 2344 1142 intuitus
2382 1084 2644 1141 scandere
2686 1082 2827 1139 illius
2854 1097 2956 1140 usu
2987 1097 3053 1138 ac
3079 1080 3431 1139 meditatione
3458 1086 3718 1156 possitis.

2118 1182 2249 1237 Haec
2297 1179 2461 1252 igitur
2506 1177 2663 1235 vobis
2721 1176 2884 1248 huius
2914 1190 3081 1249 quam
3118 1176 3367 1250 quaeritis
3414 1176 3727 1251 disciplina:

2116 1283 2278 1347 atque
2313 1273 2578 1331 orationis
2596 1271 2833 1329 formula
2856 1271 3197 1343 proponitur,
3231 1285 3396 1343 quam
3424 1273 3725 1347 unusquis-

2115 1385 2222 1442 que
2268 1368 2568 1425 monachus
2611 1367 2682 1425 ad
2718 1366 2907 1440 jugem
2948 1365 3050 1421 Dei
3101 1366 3436 1422 memoriam
3490 1367 3726 1426 tendens

2115 1461 2415 1518 incessabili
2437 1460 2620 1517 cordis
2658 1454 2991 1517 volutatione
3020 1458 3299 1526 meditari,
3341 1460 3566 1532 expulsa
3598 1477 3722 1519 om-

2119 1553 2272 1610 nium
2307 1554 2700 1627 cogitationum
2754 1554 3035 1621 varietate,
3084 1561 3429 1623 consuescat,
3467 1555 3591 1626 quia
3618 1571 3722 1614 nec

2114 1649 2251 1704 alias
2274 1663 2395 1705 eam
2420 1648 2533 1705 ullo
2556 1647 2726 1704 modo
2753 1647 2956 1720 poterit
2978 1655 3276 1716 retentare,
3305 1647 3416 1704 nisi
3444 1648 3516 1704 ab
3540 1650 3724 1707 omni-

2120 1740 2222 1797 bus
2246 1741 2411 1799 fuerit
2437 1741 2810 1813 corporalibus
2841 1740 2986 1797 curis
3022 1756 3089 1797 ac
3126 1739 3585 1800 sollicitudinibus
3616 1742 3722 1800 ab-

2038 1827 2088 1890 B
2115 1833 2347 1889 solutus.
2374 1833 2511 1903 Quae
2535 1832 2676 1890 sicut
2700 1832 2862 1889 nobis
2889 1849 2920 1889 a
2944 1832 3155 1906 paucis,
3180 1833 3272 1905 qui
3305 1834 3719 1906 antiquissimo-

2115 1941 2240 1982 rum
2280 1934 2500 1998 patrum
2540 1925 2746 1983 residui
2786 1933 2963 1995 erant,
3016 1925 3212 1982 tradita
3254 1936 3350 1995 est,
3380 1927 3450 1983 ita
3478 1943 3511 1984 a
3550 1928 3722 1986 nobis

2118 2036 2336 2094 quoque
2380 2036 2494 2079 non
2517 2021 2620 2078 nisi
2655 2020 2948 2079 rarissimis
2987 2036 3053 2078 ac
3084 2036 3211 2079 vere
3254 2022 3559 2079 sitientibus
3583 2023 3725 2080 inti-

2118 2123 2321 2171 matur.
2360 2109 2479 2172 Erit
2513 2115 2697 2187 itaque
2746 2114 2816 2171 ad
2871 2124 3192 2188 perpetuam
3238 2115 3340 2171 Dei
3387 2116 3721 2173 memoriam

2120 2208 2523 2280 possidendam,
2572 2207 2692 2266 hac
2749 2208 3183 2282 inseparabiliter
3235 2209 3515 2281 proposita
3570 2210 3721 2267 vobis

2115 2302 2353 2359 formula
2376 2303 2627 2376 pietatis:
2656 2308 2818 2367 Deus,
2836 2306 2896 2359 in
2907 2303 3243 2375 adjutorium
3260 2320 3439 2359 meum
3458 2305 3676 2361 intende
3699 2323 3722 2373 ;

2113 2398 2356 2461 Domine,
2384 2397 2460 2452 ad
2494 2397 2867 2468 adiuvandum
2906 2414 2989 2454 me
3019 2399 3247 2466 festina.
3273 2400 3298 2431 ο
3326 2398 3430 2454 Hic
3477 2412 3719 2472 namque

1505 2552 1759 2608 ALARDI
1796 2551 2021 2607 GAZzEI
2058 2549 2614 2607 COMMENTARIUS.

478 2682 503 2713 ⁸
539 2680 675 2739 Nam
698 2679 798 2748 qui
820 2677 960 2733 nihil
986 2679 1104 2747 scit,
1132 2678 1271 2732 nihil
1297 2677 1533 2741 dubitat,
1562 2676 1639 2731 ait
1664 2674 2002 2732 Aristoteles.

408 2750 550 2807 Hinc
578 2750 876 2822 Apostolus
898 2769 915 2804 :
947 2751 1125 2822 Quise
1150 2751 1430 2822 existimat
1449 2751 1580 2803 scire
1603 2748 1839 2822 aliquid,
1867 2763 2007 2822 non-

407 2822 537 2877 dum
567 2820 803 2891 cognovit
841 2821 1289 2892 quemadmodum
1318 2824 1556 2892 oporteat
1587 2835 1706 2892 eum
1749 2820 2007 2892 scire._Et

407 2889 658 2962 Socrates
692 2889 1015 2948 Graecorum
1042 2890 1472 2962 sapientissimus
1511 2889 1786 2962 judicatus
1818 2907 1830 2942 :
1871 2890 2002 2962 Eoo,

408 2961 612 3032 inquit,
632 2965 740 3042 scio
762 2958 1223 3042 quodniltiljciq,
1250 2968 1313 3014 ut
1335 2958 1690 3016 refert'etiam
1718 2959 1847 3014 Div.
1870 2958 2005 3015 Hie-

408 3030 1474 3183 ΓῗὲἵὲἒὲἒοιῐῗίιῗεῗέεῗτξιὶῗίάΙὲἔιῗῐξὶῗξηὸἀαψ
1496 3103 1748 3183 protypis
1776 3100 2005 3182 quibus-

411 3168 538 3226 dam
570 3174 621 3224 et
642 3170 913 3241 formulis,
954 3178 1060 3243 etc.
1094 3168 1339 3229 Sumitur
1367 3168 1548 3243 autan
1594 3168 1683 3243 hic
1702 3168 1864 3243 typqu
1888 3172 2006 3243 sive

410 3249 679 3314 protypon
720 3255 820 3314 pro
854 3240 1160 3314 scriptura
1191 3242 1493 3314 exemplari
1548 3242 1617 3314 ad
1670 3240 2005 3314 imitandum

408 3311 738 3384 proposita.’
767 3311 936 3384 Cujus
981 3311 1272 3370 occasione
1321 3311 1436 3370 non
1482 3312 1584 3369 erit
1633 3312 1871 3369 alienum
1916 3313 2006 3370 hic

404 3383 623 3457 notasse
661 3383 868 3457 varium
908 3400 974 3441 ac
1028 3385 1388 3457 multiplicem
1442 3383 1711 3457 scribendi
1753 3384 2005 3452 modum,

407 3453 517 3510 sive
547 3455 833 3528 materiam
857 3456 1141 3528 scriptioni
1171 3453 1411 3528 aptatam
1440 3456 1583 3527 apud
1628 3464 1854 3523 veteres,
1880 3466 2005 3512 ante

406 3539 570 3580 usum
608 3525 809 3581 chartae
849 3525 1053 3583 nostra:
1101 3525 1404 3583 inventum.
1466 3525 1713 3582 Primum
1761 3528 1908 3583 enim
1948 3528 2003 3582 in

409 3608 555 3668 cera,
580 3610 674 3649 seu
703 3596 901 3668 ceratis
928 3598 984 3668 in
1019 3596 1241 3662 tabulis,
1270 3597 1399 3668 ‘sive
1430 3597 2003 3668 pugillaribusiquales

407 3663 707 3736 etiamnum
744 3665 1243 3732 circumferuntur),
1267 3663 1629 3721 instrumento
1654 3663 1890 3736 quodam
1924 3668 2003 3722 vel

406 3732 586 3792 ferreo
607 3737 687 3810 vel
726 3735 1254 3810 agnae0,__alt_eriusve
1282 3736 1572 3810 ‘matcriae,
1613 3732 1764 3810 quasi
1812 3739 2002 3810 grandi

408 3821 535 3889 acu,
563 3807 900 3889 scribebant,
911 3806 1158 3889 illudque
1195 3806 1513 3889 stylumput
1538 3806 2003 3889 graphium'voca-

407 3876 561 3934 bant.
592 3877 755 3935 Unde
787 3886 843 3933 et
869 3876 1087 3934 dicendi
1122 3876 1292 3949 genus
1319 3876 1519 3949 stylum
1545 3876 1726 3934 adhuc
1753 3877 2003 3948 dicimus,

410 3894 561 3934 nant.
599 3894 755 3935 unae
787 3894 843 3933 et
869 3894 1087 3934 uicena:
1159 3894 1292 3933 enus
1319 3894 1519 3949 stylum
1548 3894 1726 3934 aunuc
1753 3894 2002 3948 uicimus,

408 3955 461 4030 et
491 3949 774 4030 pugillapes
800 3948 950 4030 dicti,
988 3894 1407 4030 quodgsty|q_in_
1433 3949 1519 4030 his
1555 3949 1844 4030 pungendo
1865 3952 2002 4030 scri-

407 4019 650 4095 beretur.
682 4021 805 4095 Qua,
824 4020 913 4095 _de
932 4037 991 4077 re
1009 4019 1078 4095 si
1100 4019 1441 4095 antiquitatis
1468 4019 1778 4095 testimonia
1812 4022 2000 4095 requi-

405 4091 503 4160 ris,
524 4095 758 4148 occurrit
778 4092 981 4148 Plinius
1024 4091 1120 4147 lib.
1171 4106 1195 4147 1
1234 4090 1463 4162 Epistol.
1502 4110 1515 4146 :
1569 4094 1762 4164 Erant,
1806 4090 1998 4164 inquit,

407 4166 467 4218 in
486 4167 733 4233 proximo
758 4180 865 4219 non
887 4165 1210 4220 venabulum
1255 4168 1355 4219 aut
1388 4164 1590 4226 lancea,
1619 4163 1714 4219 sed
1755 4163 1929 4235 stylus
1951 4170 2003 4221 et

401 4236 745 4305 pugillares}
797 4236 1099 4290 meditabar
1140 4236 1373 4305 aliquid,
1406 4235 1820 4305 enotabamque;
1841 4241 1905 4290 ut
1948 4238 2002 4292 si

404 4321 597 4361 manus
610 4322 828 4377 vacuas,
842 4307 1033 4377 plenas
1050 4311 1230 4360 tamen
1249 4320 1396 4361 ceras
1416 4309 1695 4374 referrem.
1717 4305 1841 4361 Div.
1866 4308 2001 4363 Hie-

406 4390 678 4447 ronymus
717 4376 932 4447 epistol.
966 4384 997 4432 7
1061 4377 1333 4447 eleganter
1382 4384 1436 4431 et
1462 4377 1708 4447 apposite
1761 4377 2003 4447 adhunc

407 4444 589 4516 locum
611 4444 782 4516 tradit
800 4445 1027 4516 modum
1053 4444 1431 4516 quo’doceatur
1455 4444 1714 4503 infantula
1743 4445 1998 4514 scribere,

406 4514 501 4588 ubi
524 4514 642 4572 haec
663 4515 800 4588 inter
815 4514 916 4570 alia
939 4536 959 4588 7:
987 4514 1117 4573 Cum
1136 4520 1347 4586 cmperit
1370 4520 1617 4572 trementi
1626 4533 1792 4572 manu
1802 4521 2003 4588 stylum

406 4587 465 4641 in
494 4602 614 4641 cera
639 4587 849 4649 ducere,
870 4587 952 4641 uel
984 4588 1208 4641 alterius
1236 4590 1575 4657 superposita
1610 4605 1777 4642 manu
1806 4593 1998 4658 teneri,

403 4662 660 4727 regantur
685 4660 925 4721 articuli,
947 4660 1029 4714 vel
1054 4660 1109 4712 in
1137 4658 1324 4713 tabula
1355 4659 1673 4729 sculpantur
1701 4660 1955 4715 elementa
1979 4680 1995 4715 :

404 4734 466 4785 ut
507 4747 608 4801 per
655 4730 861 4787 eosdem
899 4731 1069 4785 sulcos
1096 4731 1304 4786 inclusa
1326 4731 1659 4799 marginibus
1704 4732 2000 4787 trahantur

402 4805 647 4872 uestigia,
665 4808 728 4857 ut
758 4802 911 4870 fords
941 4818 1049 4858 non
1069 4806 1265 4871 queant
1290 4804 1533 4871 evagari.
1558 4803 1629 4857 Et
1663 4816 1852 4858 rursus
1879 4803 1999 4874 epi-
2097 4802 2224 4873 jugi
2243 4808 2492 4869 orationi,

2117 2676 2490 2747 Hieronymus
2512 2676 2724 2747 epistol.
2754 2682 2824 2732 42
2852 2675 2920 2732 ad
2938 2677 3158 2733 Niceam
3192 2696 3205 2733 :
3236 2679 3417 2735 Rudes
3434 2679 3524 2735 illi
3545 2682 3719 2738 Italia:

2114 2748 2369 2809 homines,
2388 2748 2534 2817 quod
2553 2749 2742 2804 Cascos
2778 2751 2987 2804 Ennius
3015 2751 3272 2819 appellat,
3301 2753 3400 2819 qui
3417 2752 3550 2819 sibi,
3577 2758 3639 2808 ut
3658 2756 3715 2808 in

2115 2819 2393 2893 Rhetorica
2432 2819 2604 2874 Cicero
2639 2820 2723 2893 ait
2743 2861 2758 2882 ,
2793 2822 2907 2874 ritu
2946 2820 3127 2886 ferino
3151 2823 3352 2875 victum
3384 2824 3713 2893 quaerebant,

2112 2893 2238 2942 ante
2266 2889 2469 2943 charta:
2486 2892 2537 2943 et
2555 2890 2992 2945 membranarum
3012 2906 3191 2959 usum,
3217 2898 3317 2947 aut
3332 2889 3667 2949 in'dedolatis
3686 2889 3715 2951 e

2114 2960 2259 3028 ligno
2287 2959 2565 3022 codicillis,
2598 2965 2697 3014 aut
2722 2963 2781 3016 in
2803 2963 3089 3017 corticibus
3116 2964 3375 3018 arborum
3396 2970 3579 3020 mutuo
3607 2968 3701 3028 cpi

2112 3030 2621 3105 stolarumglloquia
2644 3033 2991 3089 missitabant
3014 3052 3026 3085 :
3048 3034 3191 3089 unde
3212 3038 3560 3105 etportitores
3580 3030 3711 3092 illa-

2111 3116 2234 3155 rum
2244 3101 2572 3173 tabellarios,
2593 3107 2645 3157 et
2659 3106 2944 3173 scriptores
2956 3121 2991 3158 a
3011 3106 3164 3161 libris
3184 3101 3445 3161 arborum
3460 3108 3715 3164 librarios

2112 3187 2377 3248 uocavere.
2410 3172 2802 3248 _Quinto.‘Fuit_
2844 3175 3078 3248 denique
3119 3185 3294 3248 vetus,
3327 3177 3554 3248 publica
3595 3180 3714 3248 qui-

2113 3241 2241 3298 dem
2266 3244 2610 3322 .monimenta
2644 3244 2706 3322 in_
2754 3241 3032 3322 plumbeis
3067 3241 3465 3322 voluminibus,
3507 3241 3714 3322 privata

2112 3328 2238 3370 vero
2264 3314 2336 3391 in
2370 3315 2549 3391 li_n_t_eis
2577 3316 2738 3391 testis
2756 3314 3035 3373 scribendi
3084 3333 3228 3374 mos.
3259 3320 3343 3373 De
3392 3314 3525 3391 quo"
3554 3321 3717 3377 etiam

2113 3384 2604 3471 meminituplinius
2630 3386 2723 3442 lib.
2765 3402 2907 3471 .xnt‘
2937 3403 3054 3471 cap.
3098 3384 3572 3471 tt,.Symmachus
3594 3394 3717 3471 epi-

2114 3456 2236 3532 s_t_ol2
2269 3462 2339 3532 ξιτ
2357 3456 2448 3532 lib.
2466 3458 2847 3532 iv,_Ausonius
2870 3456 3094 3532 Paulino
3117 3456 3333 3532 epistot.
3363 3476 3543 3529 χλιιι,
3570 3456 3717 3519 unde

2117 3526 2235 3600 libri
2268 3527 2439 3600 lintei,
2463 3529 2617 3584 Livio
2642 3529 2740 3585 lib.
2769 3545 2833 3586 Π
2857 3531 3026 3600 (Vide
3047 3526 3214 3586 etiam
3240 3526 3598 3589 Trithemium
3612 3535 3711 3591 lib.

2115 3598 2181 3652 de
2204 3599 2610 3669 Polygraphia).

2196 3670 2220 3742 °_
2251 3669 2460 3742 Eximia
2486 3679 2540 3742 et
2570 3670 2909 3742 amplissima
2934 3672 3341 3728 commendatio
3366 3673 3510 3729 illius
3539 3675 3721 3732 versi-

2113 3737 2222 3814 culi
2255 3739 2548 3814 Davidici;
2575 3737 2734 3805 Deus,
2767 3744 2824 3797 in
2866 3742 3206 3812 adiutorium
3243 3759 3411 3797 meum
3453 3746 3672 3801 intende
3695 3767 3721 3814 ;

2113 3811 2444 3885 Domine,_ad
2454 3811 2829 3881 adjuvandum
2842 3829 2925 3868 me
2939 3811 3168 3882 festina.
3193 3814 3354 3885 Cujus
3371 3814 3528 3885 multi
3534 3815 3586 3885 pl
3592 3811 3715 3872 ἱερά

2113 3895 2241 3935 usus
2269 3880 2822 3966 utilitatesqueotapta
2847 3880 3292 3966 orationiscopia
3333 3891 3387 3939 et
3384 3880 3718 3966 .splendore

2112 3951 2479 4036 prosequitur,
2510 3951 2571 4010 ut
2597 3953 2730 4038 nihil
2757 3954 2884 4011 addi
2910 3970 3075 4039 posse
3097 3951 3352 4038 videatur.
3384 3951 3532 4011 Hinc
3568 3958 3719 4014 Cas-

2108 4022 2360 4099 snodorus
2399 4039 2456 4099 in
2496 4034 2830 4099 expositione
2873 4025 3119 4099 ejusdem
3152 4028 3341 4099 psalmi
3384 4030 3586 4083 :Hunc
3630 4029 3720 4085 lo-

2109 4109 2250 4162 cum,
2274 4094 2451 4165 inquit
2476 4094 2917 4163 facundissimus
2934 4094 3219 4154 Cassianus
3237 4101 3295 4153 in
3318 4100 3526 4154 decima
3551 4100 3722 4155 colla»

2110 4167 2267 4233 tione,
2286 4167 2530 4239 plurima
2553 4168 2746 4239 deejus
2758 4166 3003 4224 utilitate
3030 4170 3317 4235 disserens,
3348 4174 3498 4225 tanta
3521 4172 3720 4227 honore

2110 4238 2452 4313 concelebrat,
2479 4240 2838 4313 atqu-idquid
2864 4242 3114 4296 monachi
3147 4244 3561 4313 assumpserint,
3601 4245 3719 4299 sine

2110 4307 2286 4384 hujus
2312 4307 2742 4384 versiculi’trina
2785 4313 3070 4368 iteratione
3106 4327 3213 4368 non
3236 4307 3516 4379 inchoent;
3558 4329 3711 4384 mrem

2112 4381 2341 4467 repetita
2368 4382 2566 4459 sapius
2591 4381 2750 4465 laude
2775 4385 3164 4467 congeminans,
3190 4386 3356 4467 nimis
3608 4398 3721 4467 esse

2103 4450 2300 4518 probat
2327 4450 2443 4519 ejus
2492 4456 2825 4508 memoriam.
2875 4450 3044 4510 Porro
3092 4450 3232 4510 hanc
3280 4456 3551 4523 Cassiani,
3603 4456 3716 4511 sive

2112 4517 2324 4574 abbatis
2353 4521 2515 4576 lsaaci
2546 4521 2853 4579 doctrinam
2879 4524 3075 4581 doctor
3097 4527 3375 4581 Navarrus
3403 4528 3541 4581 tanti
3562 4525 3714 4592 fecit,

2112 4597 2172 4644 ut
2191 4605 2342 4667 pene
2358 4598 2537 4667 totum
2569 4592 2673 4667 hoc
2708 4603 2872 4667 caput
2915 4596 2969 4651 in
3010 4611 3177 4667 suum,
3214 4597 3517 4667 inseruerit
3556 4612 3716 4653 com-

2113 4661 2440 4738 nientarium
2469 4665 2538 4738 de
2576 4661 2838 4722 Oratione
2860 4682 2982 4738 cap.
3016 4673 3103 4733 19,
3128 4666 3224 4722 ubi
3255 4669 3337 4723 sic
3375 4668 3659 4724 exorditur
3698 4686 3714 4722 :

2117 4734 2402 4806 _Utjugiter
2429 4737 2529 4790 Dei
2558 4742 2667 4806 opt.
2690 4753 2840 4792 mar.
2877 4734 3236 4803 recordemur,
3267 4744 3320 4795 et
3347 4754 3718 4796 assuescamus

2214 4806 2492 4869 iorationi,
2522 4811 2822 4881 praesertim
2849 4810 3074 4864 mentali
3099 4815 3151 4864 et
3191 4811 3355 4877 brevi,
3388 4811 3716 4881 ubicumque

403 4873 529 4951 stol.
558 4879 626 4927 20
656 4876 941 4951 :ATremula
953 4889 1148 4951 manus
1170 4878 1474 4951 penem-pos
1498 4889 1629 4951 cera:
1649 4873 2000 4951 tramiteser-
2029 4878 2079 4941 D
2099 4877 2268 4951 simus
2293 4918 2309 4938 ,
2342 4881 2392 4932 et
2414 4873 2684 4948 quidquid
2710 4895 2959 4949 agamus,
2986 4882 3125 4935 citra
3148 4873 3591 4951 impedimentum
3614 4873 3720 4937 no-

402 4948 612 4997 rantem
638 4945 838 5016 stylum
883 4946 1048 5016 ducit.
1084 4944 1355 5013 Secundo,
1381 4944 1436 5000 in
1489 4947 1794 5016 palmarum
1834 4944 1996 5002 foliis.

405 5016 615 5070 Auctor
642 5014 814 5069 Varro
839 5014 982 5084 apud
1011 5016 1259 5071 Servium
1287 5016 1356 5071 ad
1389 5032 1452 5072 vr
1479 5014 1690 5073 Eneid.
1727 5037 1740 5072 :
1766 5021 1831 5074 In
1847 5020 2001 5085 folsii

402 5086 602 5157 palma:
617 5085 889 5141 interdum
902 5086 1062 5157 notis,
1074 5086 1348 5157 interdum
1367 5091 1699 5145 sermonibus
1710 5090 1995 5153 scribebat,

404 5154 615 5231 Tertio,
657 5157 712 5212 in
743 5154 1114 5231 _teuuissimis
1155 5157 1411 5231 arborum
1455 5160 1792 5217 corticibus:
1846 5160 1999 5231 cujus

402 5230 619 5312 generis
677 5228 1315 5312 arbor_papyrus_apud‘
1346 5232 1625 5312 {Egyp‘tios
1682 5231 1842 5312 huic“
1871 5228 1996 5312 usui

401 5299 701 5369 aptissima,
730 5309 791 5355 ut
813 5299 945 5355 alias
975 5299 1233 5355 notatum
1254 5299 1554 5368 (Collatia,
1605 5317 1724 5370 cap.
1762 5300 1885 5369 ult.)
1917 5322 1930 5365 ς
1965 5316 1996 5356 a
2064 5342 2068 5346 ρ

401 5370 803 5444 οιῇυελιιοιηὶηε
831 5370 1005 5444 etiam
1042 5370 1204 5427 hodie
1233 5370 1444 5426 chartas
1473 5381 1708 5444 nostras,
1759 5385 1881 5444 qua:
1923 5387 1995 5428 ex

402 5441 651 5516 contritis
698 5441 874 5516 linteis
902 5442 1066 5516 fiunt,
1092 5458 1356 5516 papyrum
1398 5441 1591 5497 rudem
1639 5441 1993 5516 appellamus,

404 5515 553 5584 quod
585 5515 841 5571 eumdem
885 5514 1046 5571 nobis
1095 5514 1357 5586 praestent
1409 5527 1593 5586 usum,
1644 5528 1823 5586 quem,
1865 5514 1995 5570 olim

403 5586 672 5660 )Egyptiis
681 5586 1008 5660 praestabat
1025 5584 1291 5660 papyrus.
1329 5587 1555 5660 Quarto,
1581 5584 1632 5660 in
1660 5585 1996 5660 membranis

403 5670 498 5712 seu
527 5656 779 5730 tenuibus
802 5656 1064 5727 pelliculis
1091 5656 1214 5730 quae
1252 5658 1504 5730 Pergami
1534 5656 1998 5730 primuminven-

400 5734 492 5792 tte.
525 5727 671 5783 unde
694 5735 750 5782 et
782 5727 1123 5798 pergamenai
1148 5734 1280 5784 sunt
1326 5727 1625 5798 appellatae.
1666 5727 1863 5781 Plinius
1903 5728 1993 5782 lib.

399 5814 484 5857 vn
510 5814 628 5871 cap.
668 5803 725 5853 ll
780 5817 792 5853 :
843 5801 906 5871 In
933 5813 1083 5862 nuce,
1109 5799 1182 5855 ait
1219 5799 1515 5854 conclusam
1561 5799 1738 5856 Iliada
1761 5801 1992 5869 Homeri,

401 5868 614 5928 carnem
647 5872 703 5926 in
735 5868 1049 5925 membrana
1077 5872 1338 5941 scriptum
1367 5871 1600 5928 tradidit
1637 5872 1832 5929 Cicero.
1874 5868 1990 5928 Div.

2105 4949 2340 5022 strarum
2369 4951 2656 5022 actionum,
2681 4966 2801 5005 cum
2827 4967 3028 5022 magna
3062 4949 3418 5009 consolatione
3438 4957 3494 5008 et
3527 4956 3715 5021 fructu

2106 5021 2438 5093 animarum,
2467 5021 2656 5076 bonum
2676 5026 2753 5077 est
2767 5024 2852 5076 uti
2874 5021 2967 5078 illo
2987 5025 3244 5078 versiculo
3259 5024 3668 5093 Psalmogmphi
3688 5043 3706 5078 :

2110 5094 2266 5149 Deus.
2286 5093 2343 5145 in
2370 5092 2703 5162 adjutorium
2750 5109 2927 5149 meum
2973 5095 3208 5157 intende,
3235 5103 3342 5150 etc.
3392 5092 3708 5150 ltaNavar-

2106 5176 2221 5216 rus.
2263 5164 2343 5236 Ut
2389 5170 2575 5218 autem
2618 5163 2781 5236 hujus
2838 5164 3106 5222 doctrina:
3150 5180 3428 5221 summam
3467 5163 3717 5236 breviter

2109 5233 2560 5357 perstringamus,
2606 5233 2744 5291 valet
2771 5236 2826 5291 in
2857 5236 3045 5308 primis
3076 5237 3165 5292 ille
3212 5236 3518 5293 versiculus
3548 5235 3719 5292 toties

2151 5303 2198 5357 ic
2219 5304 2502 5357 repetitus.
2534 5305 2709 5357 nrimo
2752 5306 2819 5357 ad
2849 5322 3044 5357 omnes
3098 5308 3218 5357 nios
3265 5307 3504 5357 affectus
3565 5307 3718 5357 exd-

2151 5303 2198 5358 ic
2219 5304 2502 5377 repetitus,
2534 5305 2709 5377 primo
2752 5306 2819 5363 ad
2849 5303 3044 5364 omnes
3098 5308 3218 5377 pios
3265 5307 3504 5363 affectus
3565 5307 3718 5363 exci-

2108 5373 2341 5452 tandos;
2374 5373 2603 5452 unde‘et
2620 5375 2908 5433 formulam
2927 5373 3155 5452 pietatis
3178 5387 3455 5452 nuncupat
3475 5382 3719 5434 Auctor.

2108 5444 2379 5522 Secundo,
2406 5444 2476 5501 ad
2504 5461 2702 5522 omnes
2746 5444 3077 5506 tentationes
3121 5444 3575 5522 superandas‘aut
3619 5465 3728 5522 re—

2107 5514 2427 5598 pellendasi
2454 5532 2559 5598 qua
2598 5519 2807 5575 ratione
2834 5535 3027 5598 murus
3059 5514 3727 5598 inespugnabilis,_lori_ca

2108 5588 2555 5665 impenetrabiﬁs,
2602 5605 2667 5665 ac
2692 5592 3094 5665 munitissimus
3130 5588 3350 5665 clypeos
3382 5591 3595 5665 merito
3624 5590 3729 5647 di-

2106 5659 2311 5715 cendus
2333 5669 2433 5715 est.
2467 5660 2676 5728 Tertio,
2707 5662 2971 5719 adversus
3000 5659 3196 5719 omnes
3221 5659 3393 5718 animi
3423 5663 3660 5719 morbos
3707 5685 3723 5720 :

2108 5745 2320 5806 pravas,
2351 5731 2755 5806 inclinationes,
2795 5733 3139 5806 affectiones,
3169 5734 3450 5803 vitiorum,
3484 5749 3727 5806 praeser-

2108 5801 2208 5856 tim
2256 5801 2583 5877 carnalium,
2625 5804 2984 5874 titillationes,
3040 5806 3405 5869 irritamenta,
3439 5801 3725 5877 pericula,

2106 5873 2528 5945 occasionesque
2557 5883 2924 5947 peccatorum.
2953 5873 3183 5951 Quarto,
3208 5873 3469 5935 adversus
3495 5883 3727 5933 noctur.
