4034 6212
272 269 377 326 833

1391 259 1730 322 COLLATIO
1767 262 1832 318 X.
1873 290 1945 304 —
1983 262 2074 318 DE
2111 261 2481 320 ORATIONE.

3487 272 3594 328 834

274 387 572 448 versiculus
593 404 701 446 non
728 387 1004 446 immerito
1031 386 1098 445 de
1116 395 1236 446 toto
1253 388 1660 461 Scripturarum
1680 402 1874 446 excer-
1901 393 1954 457 Α
1983 386 2274 459 unicuique
2298 395 2552 444 nostrum
2592 386 2648 446 in
2674 387 2911 460 qualibet
2958 391 3217 462 qualitate
3251 391 3460 466 degenti
3488 410 3590 452 ne-

275 491 405 556 ptus
440 491 523 541 est
545 482 936 542 instrumento.
964 483 1189 556 Recipit
1233 482 1379 538 enim
1421 497 1630 539 omnes
1646 479 1883 540 affectus

278 576 609 649 quicumque
637 574 820 632 inferri
860 576 1149 647 humanm-
1177 584 1404 647 possunt
1428 583 1670 646 naturai,
1721 583 1779 632 et
1810 573 1882 632 ad

275 682 496 726 omnem
541 677 748 726 statum
800 677 965 742 atque
1037 671 1321 728 universos
1376 671 1627 728 incursus
1655 669 1882 742 proprie

271 763 409 822 satis
435 773 492 822 et
513 771 888 837 competenter
923 772 1158 837 aptatur.
1189 763 1372 822 Habet
1395 763 1671 838 siquidem
1698 763 1880 822 adver-

275 871 372 914 sus
411 857 664 915 universa
719 857 1033 916 discrimina
1085 857 1482 916 invocationem
1523 857 1650 928 Dei,
1713 856 1880 916 habet

277 951 637 1010 humilitatem
679 953 793 1027 pias
813 952 1194 1024 confessionis,
1224 952 1389 1011 habet
1411 952 1787 1011 sollicitudinis
1815 969 1880 1010 ac

277 1047 495 1104 timoris
522 1048 766 1120 perpetui
791 1048 1158 1123 vigilantiam,
1190 1047 1357 1106 habet
1382 1046 1878 1106 considerationem

275 1138 584 1214 fragilitatis
610 1156 747 1210 suae,
777 1141 1138 1200 exauditionis
1173 1141 1464 1210 ﬁduciam;
1495 1140 1879 1200 conﬁdentiam

276 1235 585 1307 praesentis,
637 1251 964 1310 semperque
1009 1237 1236 1294 astantis
1290 1235 1548 1310 praesidii.
1587 1234 1691 1307 Qui
1735 1234 1881 1292 enim

271 1327 482 1402 iugiter
513 1345 678 1388 suum
701 1330 916 1388 invocat
949 1339 1338 1403 protectorem,
1392 1338 1574 1386 certus
1616 1337 1697 1384 est
1753 1343 1878 1384 eum

279 1435 398 1479 esse
421 1437 636 1494 semper
666 1431 1009 1495 praesentem.
1051 1423 1230 1480 Habet
1269 1421 1472 1490 amoris
1513 1429 1569 1477 et
1607 1419 1882 1478 charitatis

277 1518 558 1588 ardorem,
596 1519 760 1576 habet
788 1518 1110 1576 insidiarum
1140 1516 1662 1588 contemplationem
1688 1515 1885 1572 inimi-

274 1625 580 1683 eorumque
619 1610 994 1680 formidinem,
1043 1611 1243 1684 quibus
1291 1609 1628 1683 perspiciens
1658 1609 1884 1666 semeti-

276 1719 437 1777 psum
493 1703 582 1761 die
633 1713 912 1776 noctuque
959 1702 1244 1772 vallatum,
1300 1703 1598 1760 conﬁtetur
1664 1717 1724 1758 se
1769 1716 1882 1758 non

279 1812 440 1870 posse
464 1797 578 1855 sine
603 1798 688 1855 ui
717 1796 1024 1855 defensoris
1059 1797 1258 1854 auxilio
1285 1796 1519 1853 liberari.
1572 1795 1678 1852 Hic
1713 1795 1884 1852 versi—

279 1891 432 1949 culus
479 1891 739 1950 omnibus
766 1891 1114 1951 infestatione
1137 1892 1459 1951 daemonum
1507 1889 1884 1948 laborantibus

278 1985 708 2060 inexpugnabilis
751 2002 946 2044 murus
989 1995 1094 2058 est,
1143 1993 1202 2043 et
1220 1985 1647 2058 impenetrabilis
1693 1984 1882 2050 lorica,

275 2095 345 2138 ac
369 2079 766 2137 munitissimus
805 2081 1046 2154 clypeus.
1083 2083 1193 2136 Iste
1219 2079 1276 2136 in
1298 2079 1485 2136 acedia
1519 2087 1576 2136 et
1611 2079 1883 2138 anxietate

280 2172 454 2231 animi
499 2172 814 2243 collocatos,
877 2188 975 2230 seu
1033 2171 1272 2240 tristitia,
1321 2172 1406 2230 vel
1448 2173 1884 2245 cogitationibus

283 2265 726 2340 quibuscumque
769 2265 1074 2338 depressos,
1118 2265 1305 2322 salutis
1326 2265 1563 2322 remedia
1603 2264 1885 2338 desperare

280 2373 393 2414 non
429 2359 654 2430 patitur,
689 2357 984 2415 ostendens
1015 2357 1172 2414 illum
1200 2373 1368 2430 quem
1390 2357 1608 2414 invocat
1629 2357 1886 2430 inspicere

269 2449 477 2523 jugiter
516 2459 707 2508 nostra
750 2451 1062 2520 certamina,
1108 2459 1272 2523 atque
1313 2467 1345 2508 a
1395 2450 1509 2508 suis
1551 2451 1886 2524 supplicibus

278 2559 396 2600 non
419 2543 630 2602 abesse.
650 2546 762 2602 Iste
789 2559 892 2602 nos
919 2545 973 2601 in
1001 2543 1335 2618 spiritalibus
1373 2545 1712 2603 successibus
1755 2560 1886 2602 cor-

280 2638 472 2712 disque
525 2639 712 2698 laatitia
759 2639 1083 2697 constitutos
1123 2639 1386 2698 admonet
1437 2639 1624 2697 extolli
1669 2640 1886 2713 penitus

278 2747 396 2790 non
439 2732 660 2803 debere,
713 2749 817 2790 nec
859 2733 1037 2790 inﬂari
1084 2731 1152 2790 de
1189 2747 1454 2807 prospero
1501 2739 1666 2801 statu,
1715 2747 1882 2805 quem

277 2828 400 2884 sine
450 2835 757 2900 protectore
823 2831 942 2886 Deo
998 2827 1212 2886 retineri
1253 2843 1368 2885 non
1417 2842 1576 2900 posse
1629 2834 1880 2900 testatur,

277 2919 413 2978 dum
451 2937 562 2978 non
589 2922 768 2980 solum
793 2938 922 2981 eum
950 2937 1184 2996 semper,
1215 2920 1314 2980 sed
1339 2921 1507 2979 etiam
1539 2921 1797 2979 velociter
1821 2929 1884 2978 ut

279 3013 388 3071 sibi
431 3015 740 3087 auxiliatur,
783 3015 1060 3089 implorat.
1123 3017 1254 3086 iste,
1299 3015 1542 3088 inquam,
1583 3015 1884 3073 versiculus

1993 481 2258 538 cessarius
2283 487 2340 538 et
2369 482 2518 540 utilis
2543 481 2832 540 invenitur.
2882 485 3025 540 Nam
3071 486 3162 558 qui
3186 501 3245 542 se
3280 502 3498 560 semper
3537 497 3593 545 et

1991 575 2047 630 in
2077 574 2331 632 omnibus
2363 574 2636 632 desiderat
2661 575 2925 648 adjuvari,
2950 577 3262 636 manifestat
3300 579 3451 654 quod
3476 597 3591 639 non

1989 676 2206 726 tantum
2234 668 2290 724 in
2311 668 2478 726 rebus
2505 669 2657 727 duris
2685 685 2750 726 ac
2786 669 3050 737 tristibus,
3107 671 3206 730 sed
3235 671 3472 730 etiamin
3500 687 3591 730 se-

1987 763 2181 822 cundis
2207 779 2272 820 ac
2295 763 2436 821 laetis
2479 763 2596 838 pari
2643 763 2811 822 modo
2849 767 2966 822 Deo
3008 775 3164 838 egeat
3199 766 3484 840 adjutore;
3529 776 3592 825 ut

1985 856 2452 930 quemadmodum
2499 873 2563 914 ex
2593 856 2700 914 illis
2740 858 2880 928 erui,
2913 858 2988 916 ita
3029 859 3088 915 in
3112 859 3232 916 istis
3267 875 3395 916 eum
3427 859 3592 922 faciat

1987 954 2295 1024 immorari,
2327 955 2381 1012 in
2430 964 2626 1012 neutro
2671 955 2849 1012 sciens
2893 955 3198 1014 humanam
3245 957 3589 1032 fragilitatem

1987 1049 2108 1105 sine
2167 1049 2318 1108 illius
2390 1048 2745 1121 cpitulatione
2815 1047 3127 1107 subsistere.
3181 1052 3591 1126 Gastrimargiae

1989 1141 2236 1212 passione
2289 1141 2645 1214 perstringor,
2700 1141 2853 1198 cibos
2911 1157 3054 1213 quos
3117 1158 3334 1200 eremus
3375 1145 3592 1217 ignorat

1989 1231 2245 1303 inquiro;
2285 1240 2340 1290 et
2370 1234 2428 1290 in
2467 1232 2714 1306 squalida
2756 1233 3053 1292 solitudine
3089 1235 3410 1308 ingeruntur
3454 1238 3589 1296 mihi

1990 1329 2188 1385 odores
2214 1327 2478 1400 regalium
2507 1327 2860 1396 ferculorum,
2885 1336 3048 1400 atque
3089 1327 3160 1386 ad
3185 1329 3403 1386 illorum
3443 1329 3591 1390 desi-

1989 1418 2140 1476 deria
2197 1420 2372 1477 sentio
2430 1435 2522 1477 me
2590 1419 2976 1477 invitissimum
3042 1419 3226 1489 trahi;
3303 1421 3595 1478 dicendum

1990 1511 2224 1586 proinde
2250 1513 2386 1570 mihi
2401 1521 2482 1572 est
2503 1534 2520 1570 :
2542 1517 2702 1578 Deus,
2723 1517 2783 1570 in
2803 1515 3140 1586 adiutorium
3153 1531 3329 1571 meum
3348 1517 3592 1587 intende;

1989 1609 2234 1676 Domine,
2253 1599 2330 1662 ad
2345 1607 2719 1678 adiuvandum
2731 1624 2814 1668 me
2831 1609 3052 1675 festina.
3075 1608 3382 1679 Antieipare
3397 1607 3596 1666 horam

1989 1709 2211 1758 statuta:
2255 1699 2568 1760 refectionis
2603 1701 2852 1774 instigor,
2913 1715 3010 1756 seu
3063 1700 3294 1756 modum
3333 1701 3496 1773 justm
3533 1715 3598 1758 ac

1914 1795 1962 1858 B
1989 1796 2162 1853 solitae.
2189 1795 2466 1868 parcitatis
2491 1795 2727 1854 retinere
2752 1809 2884 1851 cum
2914 1809 3114 1866 magno
3141 1794 3328 1850 cordis
3351 1794 3462 1850 mei
3487 1794 3596 1852 do-

1989 1889 2106 1945 lore
2128 1888 2434 1958 contendo;
2457 1904 2584 1946 cum
2609 1887 2817 1962 gemitu
2837 1886 2972 1947 mihi
2988 1897 3072 1944 est
3097 1888 3550 1960 proclamandum
3576 1908 3591 1946 :

1989 1987 2152 2051 Deus,
2176 1985 2237 2039 in
2261 1985 2600 2054 adjutorium
2617 2000 2795 2042 meum
2808 1983 3024 2040 intende
3043 2002 3060 2052 ;
3083 1985 3322 2048 Domine,
3343 1983 3418 2039 ad
3435 1984 3596 2056 adju-

1990 2076 2236 2133 vandum
2262 2094 2346 2133 me
2373 2080 2597 2146 festina.
2618 2078 2844 2152 Jejuniis
2871 2094 2972 2150 .me
3008 2077 3080 2134 ob
3116 2077 3594 2152 impugnationem
3701 2107 3711 2114 ο

1991 2173 2172 2228 carnis
2207 2171 2628 2230 districtioribus
2650 2172 2987 2246 indigentem
3039 2174 3312 2230 stomachi
3341 2174 3596 2246 prohibet

1989 2263 2272 2332 lassitudo,
2315 2280 2411 2322 seu
2453 2265 2655 2323 ventris
2681 2265 2910 2324 ariditas
2949 2267 3371 2338 constrictioque
3412 2267 3598 2326 deter-

1991 2367 2077 2414 ret
2098 2381 2114 2427 ;
2137 2366 2208 2422 ut,
2219 2357 2451 2416 effectus
2482 2376 2610 2418 meo
2638 2360 2905 2418 desiderio
2929 2359 3220 2423 tribuatur,
3249 2362 3332 2419 vel
3358 2371 3504 2420 certe
3531 2370 3597 2420 ut

1992 2464 2159 2513 aestus
2179 2459 2412 2515 carnalis
2451 2458 2907 2531 concupiscentiae
2933 2458 3138 2530 absque
3159 2468 3595 2532 temperamento

1993 2546 2350 2607 districtioris
2367 2550 2561 2623 jejunii
2585 2550 2952 2621 conquiescat,
2982 2550 3250 2608 orandum
3292 2551 3426 2608 mihi
3466 2559 3595 2611 est:

1993 2644 2156 2706 Deus,
2183 2646 2243 2698 in
2265 2645 2599 2714 adiutorium
2611 2660 2782 2700 meum
2797 2644 3049 2712 intende;
3078 2647 3318 2709 Domine,
3345 2647 3420 2700 ad
3436 2647 3598 2716 adju-

1988 2735 2228 2790 vandum
2254 2751 2338 2792 me
2365 2739 2586 2804 festina.
2625 2734 2898 2793 Accedens
2940 2735 3010 2792 ad
3037 2733 3411 2804 refectionem,
3457 2737 3596 2795 hora

1993 2827 2238 2900 legitima
2278 2838 2626 2902 suggerente,
2675 2829 3086 2902 perceptionem
3115 2828 3268 2900 panis
3304 2829 3594 2895 exhorreo,

1990 2932 2156 2994 atque
2183 2922 2254 2979 ab
2289 2923 2442 2980 omni
2466 2938 2563 2980 esu
2615 2921 2877 2980 naturalis
2910 2921 3250 2979 necessitatis
3293 2921 3595 2995 excludor;

1992 3031 2120 3074 cum
2135 3016 2338 3090 ejulatu
2359 3015 2814 3090 proclamandum
2837 3023 2922 3073 est
2942 3015 3082 3072 mihi
3115 3034 3130 3073 :
3153 3021 3317 3080 Deus,
3343 3019 3405 3072 in
3428 3017 3594 3088 adju-

1378 3157 1634 3215 ALARDI
1673 3158 1902 3214 ΕΑΖᾸΞΙ
1939 3157 2498 3217 COMMENTARIUS.
2532 3199 2540 3206 κ

280 3288 384 3350 ρᾶς
421 3273 589 3350 etiam
635 3274 954 3350 dmmpnum
1003 3273 1308 3350 illusiones,
1352 3271 1752 3350 infestationes,‘
1782 3279 1886 3330 etc.
1919 3277 1964 3341 C
1996 3274 2148 3350 illius
2179 3276 2712 3350 insultusaumilium
2740 3279 2867 3331 ante
2901 3278 3086 3350 omnia
3106 3291 3141 3331 α
3168 3278 3388 3350 Domino
3406 3285 3594 3350 postu.

281 3345 444 3418 Yalet
467 3345 698 3418 denique
725 3345 794 3403 ad
823 3353 1141 3418 perpetuam
1170 3344 1270 3402 Dei
1294 3345 1624 3418 memoriam
1651 3343 1888 3418 retinen-

277 3416 432 3490 dam,
476 3416 543 3490 ad
564 3414 842 3490 jugemget—
863 3414 1142 3490 assiduam
1173 3415 1478 3490 orationem
1499 3414 1654 3490 facile
1677 3425 1735 3472 et
1771 3416 1887 3490 sine

277 3487 532 3560 molestia
566 3487 878 3560 tenendam
905 3487 1080 3560 (Vide
1115 3489 1592 3560 Bellarminumin
1630 3489 1886 3558 prowmio

285 3559 450 3628 hujus
470 3559 734 3632 psalmi).
762 3557 1003 3632 Proinde
1021 3558 1256 3627 assidue,
1285 3559 1340 3632 in
1375 3559 1524 3632 omni
1556 3557 1698 3632 loco,
1718 3567 1889 3632 _tem-

285 3645 444 3714 pore,
470 3628 674 3715 noctu,
693 3628 962 3715 interdiu,
985 3629 1045 3715 _i_n
1073 3629 1370 3715 prosperis,
1388 3709 1400 3715 _
1419 3631 1494 3715 in-
1521 3628 1780 3715 adversis,
1805 3629 1886 3715 .in

279 3700 444 3759 Omni
493 3703 713 3774 negotio
755 3701 1040 3774 spirituali,
1073 3700 1134 3760 in
1185 3700 1340 3759 omni
1385 3701 1683 3774 tentatione
1729 3700 1888 3758 nobis

284 3773 738 3845 pronuntiandus,
765 3773 952 3831 mente
975 3782 1030 3829 et
1059 3790 1171 3845 fore
1211 3773 1508 3830 versandus
1533 3789 1596 3831 ac
1632 3781 1888 3845 repeten-

283 3841 389 3918 dus
417 3864 430 3901 :
469 3845 948 3918 quemadmodum
959 3853 1015 3900 et
1038 3844 1104 3918 de
1134 3845 1530 3918 signoucrucis,
1553 3841 1736 3918 quod;
1755 3859 1884 3918 cum

283 3914 393 3972 hoc
417 3913 685 3973 versiculo
710 3915 952 3972 adhiberi
989 3916 1147 3982 solet,
1188 3913 1263 3968 ait
1298 3913 1659 3968 Tertulliaiius
1683 3913 1776 3967 lib.
1817 3913 1886 3968 de

280 3987 502 4044 Corona
557 3986 746 4044 Militis
788 3985 954 4056 (Cap.
1009 3986 1070 4053 3)
1120 4002 1133 4038 :
1177 3983 1279 4056 Ad_
1294 3997 1514 4056 omnem
1551 3997 1887 4056 progressum

286 4063 453 4129 atque
485 4051 817 4130 promotum,
847 4051 924 4130 ad
956 4051 1168 4130 omnem
1203 4051 1438 4114 aditum,
1460 4059 1512 4130 et
1535 4053 1762 4115 editum,
1811 4052 1888 4130 ad

282 4120 557 4192 vestitum,
587 4128 663 4182 ad
687 4125 993 4186 calceatum,
1039 4122 1112 4177 ad
1149 4122 1384 4185 lavacra,
1430 4120 1504 4174 ad
1544 4135 1773 4186 mensas,
1810 4121 1886 4178 ad

286 4201 501 4262 limina,
525 4199 600 4252 ad
635 4195 896 4257 cubicula,
929 4193 1022 4248 ad
1067 4193 1282 4256 sedilia,
1306 4192 1742 4262 quandocumque
1787 4208 1882 4248 nos

276 4270 616 4327 conversatio
635 4269 859 4328 exercet,
881 4265 1116 4332 frontem
1143 4265 1315 4334 crucis
1345 4264 1624 4334 signaculo
1648 4265 1886 4334 terimus.

283 4345 578 4398 Postremo
615 4336 852 4394 occurrit
891 4335 1054 4392 etiam
1093 4333 1225 4392 illud
1255 4333 1586 4404 notandum,
1625 4333 1779 4407 quod
1821 4334 1890 4392 ad

287 4409 463 4481 hujus
497 4407 742 4481 versiculi
769 4407 1301 4481 commendationem
1345 4421 1680 4481 magnopere
1719 4407 1891 4478 perti-

286 4477 406 4552 net,
432 4479 608 4552 _quod
657 4479 810 4552 horae
855 4477 1136 4536 canonica
1176 4477 1244 4534 ab
1293 4477 1489 4534 eodem
1537 4477 1885 4552 inchoantur.

281 4549 449 4621 Quod
474 4549 694 4607 ‘notavit
721 4553 1165 4606 Turrecrematus
1195 4550 1687 4621 (PostDurandum
1718 4549 1832 4621 lib,
1857 4565 1890 4602 v

285 4619 509 4681 Hation.
545 4639 665 4694 cap.
718 4626 782 4688 2)
820 4622 894 4677 ita
927 4627 1307 4694 commentans
1347 4619 1633 4694 inﬁcap.r9
1665 4620 1890 4692 Regulae

289 4694 311 4766 (
338 4697 458 4750 Div.
487 4689 781 4757 Benedicti,
805 4709 923 4762 cap.
946 4691 1038 4764 8),
1063 4689 1383 4766 ubidicitur:
1406 4689 1607 4766 nam
1633 4689 1886 4763 tempore,

281 4761 562 4838 promisso
589 4767 650 4820 in
675 4761 1070 4838 primis’vers’u;
1101 4764 1262 4838 Deus,
1277 4763 1332 4815 in
1356 4761 1692 4838 adiutorium
1715 4761 1890 4818 meum

287 4832 547 4902 intende;
596 4832 836 4898 Deinine,
867 4834 942 4890 ad
969 4832 1345 4904 adiuvandum
1389 4847 1472 4887 me
1513 4834 1734 4900 festina,
1783 4842 1888 4889 etc.

285 4907 456 4974 Quia,
477 4909 676 4976 inquit,
699 4912 761 4960 ut
789 4907 1047 4961 Dominus
1077 4908 1160 4961 ait
1185 4906 1246 4958 in
1273 4904 1572 4974 Evangelio
1597 4906 1754 4959 Joan.
1780 4920 1887 4961 xv:

283 4979 420 5037 Sine
444 4993 530 5032 me
550 4977 690 5031 nihil
707 4979 926 5048 potestis
943 4979 1140 5044 facere,
1167 4976 1431 5048 meritos.
1462 4977 1624 5048 Pater
1649 4976 1889 5048 ofﬁcium

289 5049 535 5107 divinum
556 5064 590 5102 a
615 5046 804 5102 devota
824 5049 1064 5103 oratione
1098 5046 1456 5102 inchoandum
1483 5046 1739 5116 disponit,
1770 5063 1888 5117 qua:

285 5123 580 5177 secundum
595 5120 896 5175 doctrinam
909 5121 968 5172 in
981 5117 1353 5173 collationibus
1371 5119 1596 5174 Patrum
1609 5118 1886 5182 traditam,

287 5195 350 5247 in
372 5193 518 5249 omni
538 5191 786 5255 articulo,
811 5189 1116 5245 incessabili
1131 5189 1367 5260 jugitate
1401 5187 1691 5260 fundanda
1707 5191 1805 5256 est,
1831 5191 1892 5244 in

278 5265 559 5335 prosperis
587 5267 637 5319 et
655 5265 713 5318 in
736 5262 996 5319 adversis.
1027 5263 1089 5317 In
1108 5261 1403 5335 prosperis,
1432 5275 1501 5315 ne
1529 5259 1854 5335 extollamur
1866 5281 1889 5329 ,-

287 5332 350 5390 in
383 5332 650 5402 adversus,
683 5338 747 5390 ut
800 5347 1074 5389 eruamur.
1123 5334 1389 5388 Prceterea
1435 5346 1556 5387 cum
1598 5332 1891 5386 secundum

290 5405 627 5476 Apostolum,
695 5407 884 5462 Omnia
926 5406 988 5459 in
1037 5405 1136 5460 Dei
1199 5403 1413 5476 nomine
1471 5404 1724 5471 facienda
1762 5405 1893 5476 sint

287 5473 361 5546 (1'
387 5477 506 5534 Cor.
531 5492 568 5532 x
593 5475 632 5547 ).
662 5478 851 5531 merito
878 5480 956 5532 est
973 5476 1044 5531 ab
1073 5491 1130 5530 eo
1148 5473 1528 5547 inchoandum.
1551 5477 1683 5531 Item
1707 5475 1892 5532 Glossa

293 5559 456 5616 super
483 5546 626 5603 illud
646 5548 846 5617 psalm.
869 5561 1014 5603 LXIX
1045 5567 1058 5602 :
1087 5551 1247 5608 Deus,
1275 5547 1334 5600 in
1363 5546 1704 5616 adjutorium
1717 5561 1892 5602 meum

291 5618 528 5689 intende,
559 5619 694 5673 dicit
722 5637 734 5672 :
767 5620 905 5675 Nota
929 5618 1074 5689 quod
1107 5617 1399 5674 versiculus
1434 5620 1536 5672 iste
1565 5621 1702 5689 ante
1719 5633 1892 5674 omnes

291 5687 452 5745 horas
481 5691 539 5744 in
569 5691 728 5744 initio
747 5687 1098 5760 pradicitur;
1139 5692 1271 5760 quia
1293 5705 1413 5746 cum
1435 5704 1594 5744 orare
1621 5688 1890 5753 debemus,

285 5763 524 5816 maxime
551 5766 680 5816 tunc
707 5763 906 5816 nititur
953 5761 1218 5826 diabolus,
1275 5767 1340 5817 ut
1381 5777 1578 5816 muscce
1613 5762 1893 5816 morientes

281 5831 529 5903 perdunt
553 5834 876 5891 suavitatem
898 5834 1162 5904 unguenti
1179 5838 1198 5904 (
1213 5831 1408 5892 Eccles.
1438 5848 1472 5888 ι
1493 5831 1534 5906 ).
1557 5833 1756 5893 Contra
1773 5847 1893 5902 ergo

1997 3345 2188 3423 lamus.
2215 3347 2370 3423 Circa
2407 3347 2508 3400 hoc
2530 3352 2708 3402 autem
2733 3347 3028 3423 notandum
3048 3351 3145 3423 est,
3170 3348 3314 3416 quod
3337 3345 3598 3423 contingit

1997 3418 2174 3493 ilibus
2219 3416 2392 3493 νηρςῖιε
2420 3431 2674 3493 Ρθθφτθι
2697 3417 2942 3493 videlicet
2979 3417 3153 3493 ⁸9ηῖῶ
3179 3433 3272 3493 ονῖεἶ
3309 3423 3370 3493 ﬁt
3394 3416 3594 3493 019656;

1993 3487 2218 3557 ideoque
2227 3487 2395 3542 tribus
2404 3488 2593 3556 modis,
2615 3491 2678 3542 ut
2699 3487 2902 3543 dicitur
2915 3488 2976 3542 in
2990 3489 3272 3544 Rationali
3285 3487 3595 3552 divinme

1995 3561 2316 3630 ofﬁciorum,
2351 3557 2495 3614 hora:
2521 3559 2862 3622 inchoantur,
2905 3558 3149 3614 videlicet
3189 3559 3600 3630 Completorium

1989 3646 2092 3708 per
2121 3649 2133 3684 :
2167 3632 2417 3708 Converte
2438 3645 2553 3708 nos,
2584 3633 2734 3708 Deus_
2750 3631 3008 3685 salutaris
3044 3632 3238 3708 noster,
3277 3638 3461 3708 contra
3483 3653 3600 3708 pec-

1995 3705 2175 3757 catum
2185 3701 2393 3768 cordis;
2421 3707 2694 3756 nocturna:
2712 3701 2876 3764 hom,
2891 3717 2993 3772 per
3017 3703 3288 3769 :Domine,
3318 3705 3460 3762 labia
3483 3701 3600 3766 mea

1994 3775 2224 3849 aperias,
2249 3777 2430 3849 contra
2451 3778 2730 3849 peccatum
2755 3775 2866 3849 oris
2879 3794 2894 3834 ;
2920 3775 3054 3849 aliis
3089 3786 3228 3849 vero
3245 3774 3408 3844 horae,
3442 3796 3549 3849 per
3577 3800 3596 3837 :

1990 3847 2152 3906 Deus,
2182 3846 2242 3899 in
2277 3845 2618 3914 adiutorium
2651 3859 2827 3899 meum
2843 3843 3082 3904 intende,
3111 3846 3300 3896 contra
3317 3843 3598 3913 peccatum

1993 3917 2169 3985 operis
2195 3915 2472 3984 (Du-rand.
2503 3917 2720 3970 Ration.
2745 3915 2842 3969 lib.
2871 3928 2907 3968 γ
2927 3929 3050 3984 cap.
3071 3917 3150 3977 2).
3183 3915 3518 3985 Et_quoniam
3532 3923 3593 3978 in

1959 3999 1964 4004 ‘
1989 3982 2403 4055 peccato’cordis
2428 3989 2480 4040 et
2499 3987 2607 4040 oris
2634 3989 2712 4041 est
2735 3985 2952 4055 aliquid
2976 3982 3169 4055 operis,
3193 3982 3320 4055 ideo
3346 3988 3403 4042 in
3424 3994 3594 4046 omni-

1998 4053 2094 4128 bus
2123 4056 2266 4128 horis
2291 4061 2406 4110 tam
2433 4059 2704 4111 nocturnis
2724 4053 2888 4126 quam
2911 4053 3124 4128 diurnis
3160 4054 3362 4111 dicitur
3387 4078 3404 4113 :
3431 4063 3588 4128 Deus,

1995 4126 2057 4178 in
2077 4124 2416 4193 adiutorium
2431 4141 2606 4179 meum
2626 4124 2860 4180 intende.
2873 4127 3123 4181 Monachi
3147 4139 3267 4178 vero
3290 4142 3359 4182 ea:
3373 4124 3592 4188 institu;

2001 4196 2141 4249 tione
2169 4195 2325 4268 S.AP._
2341 4195 2613 4268 Benedicti
2660 4198 2727 4268 in
2772 4197 2879 4268 hoc
2907 4210 3024 4266 cap.
3079 4196 3270 4251 dicunt
3311 4203 3494 4268 primo
3537 4207 3596 4260 in

1998 4266 2274 4342 nocturnis
2305 4265 2448 4342 horis
2475 4267 2685 4342 imus,
2707 4267 2764 4342 in
2783 4265 3122 4342 adjutorium
3154 4265 3332 4342 meum
3355 4273 3592 4342 intende,

1999 4341 2051 4392 et
2077 4339 2263 4407 postea
2291 4355 2308 4391 :
2338 4337 2578 4399 Domine,
2608 4337 2754 4392 labia
2771 4339 3156 4408 meaaperiess
3183 4338 3321 4404 Quia
3347 4346 3462 4400 sine
3500 4337 3602 4404 Dei

1997 4409 2265 4486 adiutorio
2291 4422 2396 4486 nec
2409 4422 2496 4463 cor
2531 4423 2624 4464 nec
2647 4409 2790 4464 labia
2817 4408 2892 4486 ad
2917 4407 3088 4480 ipsius
3138 4407 3351 4486 laudem
3385 4420 3600 4486 aperiri

1995 4480 2193 4535 valent.
2238 4481 2319 4534 ita
2351 4481 2818 4536 Turrecrematus.
2845 4479 3012 4537 Porro
3031 4479 3271 4538 eumdem
3302 4479 3454 4542 illum
3482 4506 3598 4546 ver-

1997 4551 2225 4632 siculum
2251 4553 2353 4632 qui
2378 4567 2412 4605 a
2432 4551 2487 4606 S.
2521 4554 2586 4605 Ρ.
2602 4552 3003 4632 ‘N.‘_Benedicto_
3029 4554 3172 4632 horis
3198 4562 3466 4632 canonicis
3487 4565 3598 4632 pri-

1997 4637 2145 4677 mum
2181 4624 2242 4676 in
2264 4624 2378 4678 suis
2404 4625 2738 4679 monasteriis
2749 4626 3004 4694 anteponi
3020 4625 3208 4694 jussus
3231 4627 3437 4694 fuerat,
3461 4624 3598 4688 Gre-

1997 4695 2182 4764 gorius
2203 4696 2430 4764 Magnus
2451 4695 2726 4764 pontifem,
2759 4695 2828 4750 ab
2853 4697 3104 4750 universa
3143 4699 3375 4754 Ecclesia
3401 4701 3598 4758 eisdem

1991 4767 2260 4836 praemitti
2274 4767 2594 4820 auctoritate
2618 4767 2898 4835 Pontiﬁcia
2913 4771 3194 4834 pracepit,
3229 4767 3456 4835 adjectis
3482 4785 3598 4826 ver-

1998 4837 2178 4890 siculis
2207 4837 2389 4892 Gloria
2414 4837 2588 4897 Patri,
2605 4840 2674 4898 et,
2703 4838 2853 4892 Sicut
2878 4839 3012 4900 erat,
3029 4837 3092 4886 ut
3114 4837 3299 4891 scribit
3321 4838 3596 4900 Arnoldus

2009 4909 2168 4978 Wion
2211 4905 2658 4978 Cassinensislib.
2691 4918 2728 4958 v
2747 4905 2920 4978 _Ligni
2953 4905 3101 4978 vita,
3118 4909 3184 4978 in
3213 4909 3478 4978 Gregorio.
3510 4915 3596 4970 De

1997 4975 2187 5032 eodem
2218 4989 2383 5030 versu
2411 4973 2712 5030 Walfridus
2740 4974 2934 5030 Strabo
2965 4973 3060 5030 lib.
3099 4977 3169 5036 de
3192 4973 3376 5036 Rebus
3403 4984 3597 5042 Eccle-

1993 5044 2218 5122 siasticis
2243 5060 2361 5122 cap.
2385 5051 2453 5122 2.53
2466 5045 2669 5122 habet:
2693 5046 2834 5122 Sane
2857 5060 3071 5102 versum
3095 5052 3194 5121 qui
3211 5053 3271 5106 in
3293 5057 3468 5122 capite
3492 5073 3596 5112 om-

1993 5119 2146 5172 nium
2173 5115 2188 5188 (
2203 5115 2404 5186 praeter
2424 5115 2638 5187 Missas)
2667 5119 2966 5186 ofﬁciorum
2999 5115 3124 5190 qua?
3145 5124 3290 5178 horis
3333 5115 3595 5184 canonicis

1995 5189 2334 5265 exhibentur,
2369 5188 2668 5265 dicisolet,
2698 5189 2760 5244 id
2786 5195 2874 5265 est
2908 5209 2924 5244 :
2962 5196 3121 5256 Deus,
3160 5195 3219 5248 in
3257 5195 3596 5265 adjutorium

1995 5276 2172 5336 meum
2196 5259 2432 5336 intende,
2457 5263 2508 5314 et
2529 5259 2758 5336 reliqua,
2779 5263 2962 5336 Patres
2985 5267 3202 5336 antiqui
3219 5259 3341 5320 suis
3361 5267 3597 5326 collatio-

1995 5333 2157 5410 nibus
2175 5331 2742 5410 _videntur__statuisse,_
2754 5332 3020 5410 omnibus,
3049 5331 3156 5392 non
3184 5341 3358 5392 tamen
3377 5340 3592 5410 ofﬁciis,

1999 5403 2092 5460 sed
2111 5405 2273 5458 etiam
2291 5403 2538 5474 operibus
2544 5404 2985 5474 prcemittendum
3003 5425 3019 5461 :
3041 5411 3102 5463 ut
3120 5411 3380 5464 invocatio
3398 5403 3594 5468 divina:

1997 5476 2392 5551 opitulationis,
2413 5477 2577 5551 initio
2594 5474 2874 5551 cujuslibet
2895 5479 3117 5534 actionis
3140 5485 3436 5551 assumpta,
3459 5483 3599 5548 faci-

1999 5547 2187 5601 liorem
2213 5548 2347 5614 facit
2367 5551 2420 5602 et
2453 5545 2772 5616 postulandi
2815 5551 3193 5616 constantiam,
3232 5556 3282 5606 et
3315 5545 3598 5611 obtinendi

1997 5619 2268 5696 τξνίηίείη·
2307 5618 2368 5696 Ir
2386 5616 2611 5696 ᾳρωιάἐε
2639 5620 2819 5696 autem
2841 5623 3196 5696 τηοτῖτυρνωη»
3227 5627 3277 5678 ει
3307 5626 3447 5681 circa
3460 5642 3595 5696 pas-

1999 5690 2164 5766 sionis
2192 5690 2476 5766 Dominicw
2503 5689 2908 5766 solemnitatem,
2935 5692 3296 5766 inchoationes
3328 5701 3380 5750 et
3408 5689 3594 5766 eiple-

2000 5764 2167 5837 tiones
2179 5761 2502 5837 ofﬁciorum,
2514 5776 2618 5816 non
2633 5766 2697 5816 ut
2715 5763 2777 5837 in
2790 5765 2994 5837 caeteris
3011 5769 3175 5837 ﬁunt;
3190 5769 3427 5824 tristitiae
3445 5761 3592 5822 vide-

2001 5831 2120 5888 licet
2140 5832 2507 5903 signiﬁoandaa
2523 5849 2704 5891 causa.
2729 5833 2863 5892 Haec
2879 5831 2987 5892 ille.

3604 5971 3649 5992 Δί’
