4040 6206
382 290 485 347 835

1465 267 1746 327 JOANNIS
1781 266 2087 323 CASSIANI
2124 260 2614 320 COLLATIONES.

3600 260 3706 316 836

384 414 584 470 torium
607 424 785 465 meum
808 403 1320 469 intende;Domine,
1339 399 1413 455 ad
1428 376 1895 466 adjuvandumme
1912 395 1995 461 fe-
2023 394 2077 457 Α
2105 397 2377 458 secutum,
2424 383 2777 442 exuberantia
2820 395 3038 456 quoque
3071 380 3398 455 Spiritalium
3442 397 3713 444 sensuum

381 509 549 565 atina.
592 503 881 560 Valentem
926 513 1015 554 me
1048 496 1119 553 ob
1162 494 1512 552 stabilitatem
1538 488 1720 545 cordis
1747 487 1990 543 insistere

383 600 625 669 lectioni,
655 594 1011 669 interpellans
1029 590 1228 663 capitis
1257 587 1514 661 prohibet
1537 584 1714 652 dolor,
1745 580 1989 655 horaque

384 699 541 756 tertia
571 694 768 751 faciem
792 705 978 747 meam
998 688 1067 744 ad
1083 701 1295 743 sacram
1321 684 1582 757 paginam
1610 694 1838 736 somnus
1863 676 1989 733 alli-

387 790 505 857 dit;
534 804 599 845 ac
626 786 944 858 deputatum
968 780 1135 854 quieti
1176 788 1416 850 tempus,
1449 776 1530 831 vel
1558 771 1881 845 transgredi,
1910 769 1991 825 vel

386 880 686 957 pravenire
740 874 1062 947 compellor,
1136 873 1321 945 ipsum
1381 869 1616 941 denique
1666 865 1990 923 canonicum

386 988 657 1050 synaxeos
682 970 1128 1044 psalmorumque
1154 963 1388 1022 modum
1416 960 1740 1018 intercidere
1760 975 1851 1015 me
1873 974 1994 1031 gra-

386 1070 609 1126 vissima
645 1063 823 1121 somni
846 1062 987 1133 cogit
1024 1057 1341 1130 impressio;
1371 1055 1619 1111 similiter
1648 1053 1995 1125 proclaman-

388 1162 522 1222 dum
552 1169 633 1218 est
661 1157 797 1214 mihi
828 1176 840 1211 :
874 1160 1032 1216 Deus,
1062 1156 1124 1207 in
1168 1150 1502 1220 adjutorium
1526 1162 1702 1202 meum
1743 1145 1990 1211 intende;

388 1258 629 1316 Domine,
661 1253 736 1306 ad
756 1247 1128 1318 adjuvandum
1148 1259 1231 1299 me
1250 1245 1473 1310 festina.
1498 1239 1724 1297 Sublato
1740 1238 1807 1294 ab
1819 1238 1992 1294 oculis

388 1349 529 1405 meis
553 1358 770 1416 sopore,
802 1340 993 1396 multis
1019 1352 1111 1393 me
1138 1336 1410 1405 noctibus,
1447 1333 1732 1391 diabolicis
1782 1333 1994 1389 insom-

387 1442 519 1508 niis,
551 1439 704 1494 video
734 1435 1046 1505 fatigatum,
1085 1446 1420 1501 omnemque
1462 1445 1491 1484 a
1530 1427 1803 1500 palpebris
1855 1426 1998 1482 meis

390 1528 740 1591 refectionem
768 1535 1056 1583 nocturna
1087 1523 1283 1595 quietis
1312 1522 1587 1578 exclusam
1614 1538 1629 1590 ;
1658 1534 1785 1575 cum
1817 1518 2001 1588 suspi-

389 1628 487 1685 riis
509 1624 776 1683 orandum
794 1631 878 1678 est
900 1620 1034 1676 mihi
1065 1638 1077 1674 :
1101 1622 1263 1681 Deus,
1289 1634 1346 1672 in
1370 1617 1706 1686 adjutorium
1723 1628 1898 1668 meum
1914 1614 1999 1666 in-

393 1721 577 1787 tende;
601 1719 843 1782 Domine,
864 1715 939 1769 ad
955 1712 1325 1783 adjuvandum
1345 1725 1427 1764 me
1446 1710 1671 1777 festina.
1693 1706 1888 1762 Adhuc
1913 1719 2002 1760 me

2096 481 2422 551 redundare,
2474 479 2860 536 revelationem
2937 477 3432 534 sacratissimorum
3496 480 3714 538 intelle-

2096 583 2306 644 ctuum,
2326 582 2381 630 et
2405 582 2562 630 antea
2590 573 2812 645 penitus
2841 571 2984 629 mihi
3012 572 3379 641 occultorum,
3424 575 3715 645 repentina

2099 669 2330 725 Domini
2369 667 2731 724 illustratione
2766 666 2979 739 percepi
3004 686 3019 736 ;
3062 673 3124 723 ut
3144 666 3201 721 in
3229 665 3316 722 his
3342 682 3561 725 merear
3586 667 3714 728 diu-

2101 764 2217 820 tius
2239 762 2548 833 immorari,
2582 762 2809 819 sollicite
2845 760 2978 817 mihi
3006 769 3090 820 est
3130 759 3551 835 frequenterque
3597 764 3715 822 cla-

2099 857 2363 914 mandum
2380 862 2569 925 :Deus,
2585 856 2987 927 injadjutorium
2997 872 3179 911 meum
3188 856 3413 912 intende
3430 876 3447 924 ;
3465 860 3712 931 Domine,

2100 953 2175 1008 ad
2194 953 2569 1023 adjuvandum
2595 967 2678 1007 me
2689 952 2914 1019 festina.
2930 949 3231 1007 Nocturnis
3252 948 3573 1009 damonum
3598 961 3717 1011 ter-

2101 1046 2317 1101 roribus
2342 1044 2876 1101 circumvallantibus
2912 1043 3177 1117 exagitor,
3208 1049 3263 1100 et
3285 1044 3710 1104 immundorum

2100 1140 2400 1212 spirituum
2429 1136 2898 1211 phantasmatibus
2924 1137 3235 1209 inquietor;
3268 1152 3389 1210 spes
3417 1139 3532 1211 ipsa
3566 1140 3713 1198 mihi

2101 1235 2291 1291 salutis
2318 1250 2383 1291 ac
2410 1235 2557 1300 vita,
2588 1232 2964 1306 trepidationis
2992 1232 3224 1289 horrore
3245 1231 3614 1303 subtrahitur,
3644 1233 3720 1293 ad

2101 1330 2395 1386 salutarem
2421 1328 2670 1386 versiculi
2697 1327 2859 1401 hujus
2884 1335 3105 1400 portum
3132 1325 3456 1400 confugiens
3474 1327 3609 1386 totis
3635 1328 3718 1385 vi-

2103 1424 2252 1481 ribus
2280 1424 2627 1481 exclamabo:
2655 1427 2815 1486 Deus,
2840 1420 3241 1491 inadjutorium
3266 1437 3447 1476 meum
3464 1421 3712 1491 intende;

2104 1521 2346 1582 Domine,
2366 1517 2825 1588 adadjuvandum
2838 1532 2925 1571 me
2938 1516 3161 1585 festina.
3177 1516 3396 1571 Rursus
3411 1531 3540 1572 cum
3554 1515 3712 1575 fuero

2105 1612 2481 1668 consolatione
2510 1611 2733 1667 Domini
2778 1620 3082 1683 reparatus,
3130 1617 3186 1667 et
3229 1610 3399 1683 ipsius
3445 1611 3717 1670 animatus

2110 1705 2347 1762 adventu
2393 1705 2539 1762 velut
2591 1705 2896 1762 innumeris
2945 1705 3266 1778 angelorum
3316 1705 3566 1764 millibus
3626 1722 3719 1765 me

394 1816 452 1872 in
491 1782 878 1869 colluctatione
931 1806 1175 1878 positum
1232 1803 1487 1859 vitiorum
1542 1800 1779 1857 titillatio
1820 1799 2000 1854 carnis
2029 1782 2077 1845 Β
2108 1815 2330 1856 sensero
2374 1800 2823 1872 circumseptum,
2880 1799 2955 1856 ita
3014 1808 3075 1856 ut
3120 1813 3311 1856 eorum
3353 1816 3490 1872 quos
3533 1808 3716 1859 morte

391 1917 613 1982 repente
663 1902 1003 1977 compungit,
1051 1908 1107 1955 et
1171 1897 1240 1954 ad
1295 1910 1620 1954 consensum
1687 1892 1998 1966 pertrahere

393 2003 761 2060 dormientem
816 1996 1011 2053 blanda
1056 1994 1422 2050 oblectatione
1468 1996 1822 2055 conatur;ne
1862 1984 2001 2055 ignis

272 2096 295 2121 ‘
395 2095 602 2151 alienus
625 2100 943 2149 exaestuans
970 2095 1094 2143 urat
1122 2099 1286 2141 suave
1313 2084 1525 2139 olentes
1552 2077 1809 2135 ﬂosculos
1837 2076 1999 2133 casti-

392 2188 544 2250 tatis,
561 2181 907 2239 clamandum
921 2178 1056 2233 mihi
1078 2186 1159 2232 est
1176 2197 1187 2234 :
1209 2179 1368 2237 Deus,
1392 2177 1450 2227 in
1466 2173 1805 2241 adjutorium
1823 2186 1999 2225 meum

392 2278 611 2333 intende
630 2295 648 2341 ;
664 2272 994 2334 Domine,'ad
1006 2270 1380 2339 adjuvandum
1393 2283 1475 2321 me
1484 2268 1703 2333 festina.
1717 2265 1998 2321 Exstincta

394 2370 572 2428 sentio
618 2366 856 2423 libidinis
925 2363 1212 2430 incentiva,
1280 2368 1335 2417 et
1392 2360 1679 2433 genitalem
1740 2359 1999 2415 membris

394 2464 533 2520 meis
561 2459 852 2532 intepuisse
882 2457 1179 2521 fervorem,
1198 2465 1259 2513 ut
1280 2464 1429 2528 parta
1462 2455 1581 2511 hac
1603 2454 1799 2521 virtus,
1825 2453 1999 2508 immo

394 2557 561 2632 gratia
597 2556 695 2612 Dei
733 2555 788 2610 in
835 2569 925 2609 me
967 2551 1175 2608 diutius
1230 2551 1310 2608 vel
1364 2555 1625 2622 perpetuo
1672 2555 1998 2620 perseveret,

393 2650 600 2707 intente
622 2648 915 2704 dicendum
933 2655 1016 2702 est
1031 2644 1165 2701 mihi
1182 2662 1194 2699 :
1222 2650 1383 2712 Deus,
1397 2646 1454 2698 in
1472 2645 1808 2713 adjutorium
1825 2657 2000 2697 meum

393 2745 639 2809 intende;
664 2744 905 2805 Domine,
926 2740 1000 2795 ad
1013 2740 1386 2809 adiuvandum
1401 2753 1483 2792 me
1496 2740 1714 2805 festina.
1733 2738 1854 2805 Ira,
1878 2734 1998 2807 phi-

395 2838 663 2912 largyria,
694 2836 929 2893 tristitia
954 2834 1193 2891 stimulis
1222 2833 1520 2903 inquietor,
1564 2846 1841 2903 cogorque
1871 2844 1999 2900 pro-

395 2933 631 3004 positam
660 2940 822 3001 atque
853 2922 1088 2986 amicam
1116 2928 1250 2983 mihi
1272 2927 1666 2995 interrumpere
1687 2922 1999 2989 lenitatem;

392 3041 462 3080 ne
488 3025 539 3079 in
566 3022 985 3079 amaritudinem
1030 3020 1169 3075 fellis
1197 3018 1601 3091 perturbatione
1654 3014 1860 3071 furoris
1900 3013 2001 3070 δι)-

395 3116 587 3182 ducar,
607 3132 734 3170 cum
754 3129 976 3171 summo
1004 3112 1135 3167 mihi
1157 3111 1367 3184 gemitu
1394 3107 1847 3181 proclamandum
1876 3116 1995 3164 est:

2098 1894 2317 1968 gravius
2343 1903 2501 1951 antea
2524 1893 2930 1964 tremiscebam,
2952 1901 3008 1950 et
3027 1909 3265 1966 quorum
3287 1902 3507 1963 tactum,
3530 1895 3712 1953 immo

2105 1988 2379 2057 viciniam,
2406 1988 2635 2045 horrore
2662 1989 2863 2045 mentis
2893 1995 2948 2045 et
2971 1989 3223 2061 corporis
3253 1988 3574 2056 sentiebam,
3615 2004 3719 2045 re-

2109 2092 2268 2156 pente
2313 2097 2637 2157 congressus
2708 2091 2961 2157 expetere
3013 2083 3246 2140 audeam
3293 2099 3357 2139 ac
3418 2098 3721 2156 provocem

2106 2178 2412 2247 conflictus,
2443 2187 2504 2235 ut
2532 2178 2587 2235 in
2613 2195 2705 2235 me
2735 2178 3055 2236 constantia
3095 2177 3262 2251 hujus
3296 2179 3454 2250 vigor
3472 2195 3572 2251 per
3615 2179 3717 2236 Dei

2114 2272 2349 2344 gratiam
2374 2273 2582 2330 diutius
2630 2273 2977 2343 immoretur,
3023 2271 3155 2328 totis
3186 2270 3321 2327 mihi
3366 2280 3450 2328 est
3514 2271 3718 2329 viribus

2109 2366 2561 2437 proclamandum
2588 2387 2600 2422 :
2626 2371 2787 2430 Deus,
2822 2369 2880 2421 in
2910 2365 3249 2436 adjutorium
3276 2366 3715 2434 memnintende;

2107 2462 2348 2527 Domine,
2376 2460 2451 2514 ad
2475 2460 2949 2529 adjuvandumme
2972 2461 3197 2528 festina.
3219 2459 3396 2532 Hujus
3414 2459 3572 2531 igitur
3596 2473 3720 2514 ver-

2107 2550 2261 2607 siculi
2297 2552 2495 2621 oratio,
2527 2552 2584 2607 in
2607 2551 2845 2608 adversis
2871 2559 2933 2608 ut
2960 2567 3239 2620 eruamur,
3268 2551 3324 2608 in
3355 2550 3629 2624 prosperis
3657 2559 3719 2608 ut

2107 2658 2390 2701 servemur
2428 2661 2499 2701 ne
2551 2646 2893 2715 extollamur,
2942 2645 3243 2704 incessabili
3288 2646 3525 2720 jugitate
3584 2644 3720 2703 fun-

2108 2739 2283 2797 denda
2303 2749 2403 2797 est.
2435 2741 2638 2814 Hujus,
2656 2740 2902 2813 inquam,
2925 2741 3170 2798 versiculi
3201 2741 3488 2798 meditatio
3525 2740 3581 2797 in
3622 2749 3718 2799 tuo

2111 2843 2331 2906 pectore
2360 2835 2632 2907 indirupta
2661 2835 2928 2892 volvatur.
2961 2838 3125 2892 Hunc
3153 2836 3207 2891 in
3240 2851 3406 2909 opere
3456 2835 3716 2908 quolibet,

2109 2944 2205 2985 seu
2232 2928 2557 2997 ministerio,
2601 2930 2684 2985 vel
2730 2930 2785 2985 in
2830 2929 3023 2987 itinere
3059 2930 3389 2987 constitutus
3432 2930 3719 2988 decantare

2110 3037 2221 3078 non
2254 3021 2485 3079 desinas.
2524 3024 2688 3079 Hunc
2719 3032 2775 3079 et
2817 3022 3113 3093 dormiens,
3163 3033 3218 3081 et
3256 3025 3525 3094 reficiens,
3568 3033 3626 3081 et
3662 3026 3718 3082 in

2109 3118 2320 3176 ultimis
2347 3124 2558 3176 natura
2607 3119 3022 3177 necessitatibus
3062 3121 3344 3178 meditare.
3382 3125 3518 3178 Hac
3561 3121 3720 3178 volu-

395 3213 556 3270 Deus,
580 3210 638 3261 in
653 3207 986 3276 adiutorium
1000 3220 1175 3259 meum
1205 3204 1453 3269 ίτιτεηάθῖ
1484 3204 1723 3266 Domine,
1754 3202 1829 3256 ad
1845 3202 2006 3272 adju-
2040 3194 2086 3258 C
2118 3212 2252 3269 tatio
2280 3212 2461 3269 cordis
2486 3212 2632 3269 velut
2666 3212 2903 3270 formula
2931 3213 3031 3270 tibi
3055 3214 3312 3271 salutaris
3350 3213 3566 3283 effecta,
3609 3230 3720 3270 non

395 3302 634 3357 nandum
677 3317 760 3356 me
782 3301 1007 3368 festina.
1054 3297 1297 3366 Acedia,
1353 3295 1695 3364 cenodoxia,
1733 3294 2005 3367 superbia

397 3396 636 3453 elatione
662 3403 964 3468 pertentor,
990 3409 1058 3450 ac
1082 3391 1150 3450 de
1173 3393 1412 3450 aliorum
1449 3390 1771 3464 negligentia
1799 3389 1881 3445 vel
1915 3396 2005 3443 te-

398 3505 530 3561 pore
554 3490 815 3562 quiddam
859 3488 961 3544 sibi
985 3503 1141 3544 mens
1174 3487 1361 3544 subtili
1407 3485 1747 3558 cogitatione
1788 3481 2006 3539 blandi-

396 3591 528 3650 tur;
562 3600 629 3639 ne
663 3584 718 3637 in
762 3598 853 3637 me
882 3582 1168 3652 praevaleat
1204 3579 1320 3636 hac
1349 3579 1553 3634 inimici
1574 3578 1632 3632 in
1689 3592 1777 3631 me
1820 3575 2004 3647 perni-

398 3676 547 3731 ciosa
559 3674 856 3746 suggestio,
878 3690 1006 3729 cum
1020 3674 1170 3729 omni
1200 3672 1528 3727 contritione
1541 3669 1723 3725 cordis
1734 3667 2002 3724 orandum

399 3779 484 3827 est
512 3769 649 3824 mihi
666 3788 678 3822 :
698 3772 858 3830 Deus,
871 3770 930 3821 in
946 3767 1288 3836 adjutorium
1300 3780 1474 3819 meum
1484 3764 1705 3818 intende
1722 3781 1738 3829 ;
1758 3763 2003 3829 Domine,

398 3863 474 3920 ad
501 3862 876 3934 adjuvandum
903 3878 984 3916 me
997 3863 1218 3929 festina.
1254 3858 1593 3916 Humilitatis
1618 3864 1672 3911 et
1697 3853 2006 3925 simplicita-

397 3953 467 4012 tis
496 3953 749 4026 gratiam,
779 3949 1048 4023 superbia
1067 3958 1285 4005 tumore
1313 3945 1706 4020 deposito,jugi
1731 3959 2004 4014 compun-

399 4049 581 4106 ctione
608 4047 832 4118 spiritus
866 4045 1170 4118 acquisivi;
1200 4060 1265 4100 ne
1290 4058 1509 4099 rursum
1542 4042 1721 4096 veniat
1739 4037 1880 4093 mihi
1910 4052 2005 4106 pes

399 4142 680 4213 superbire,
702 4146 754 4196 et
771 4154 961 4195 manus
969 4140 1263 4210 peccatoris
1277 4140 1484 4191 moveat
1501 4151 1584 4189 me
1599 4132 1771 4199 (Psal.
1794 4132 2002 4198 xxxv),

395 4238 725 4311 graviusque
753 4235 821 4292 de
866 4235 1114 4291 victoria
1139 4248 1278 4288 mea
1307 4231 1539 4287 elatione
1569 4226 1877 4293 confodiar,
1912 4232 2004 4278 to-

396 4332 464 4387 tis
495 4331 629 4386 mihi
657 4327 1105 4399 proclamandum
1125 4336 1208 4382 est
1241 4325 1448 4381 viribus
1478 4341 1493 4377 :
1524 4328 1688 4384 Deus,
1719 4318 2003 4387 inadjuto-

393 4428 538 4480 rium
566 4438 743 4477 meum
767 4421 1004 4485 intende;
1031 4421 1277 4486 Domine,
1302 4420 1376 4473 ad
1402 4416 1780 4486 adjuvandum
1804 4426 1888 4466 me
1897 4411 2004 4477 fes-

397 4519 529 4573 tina.
546 4512 1168 4585 Evagationibusauima
1184 4511 1484 4567 innumeris
1506 4528 1569 4567 ac
1588 4509 1837 4573 diversis,
1854 4513 1907 4561 et
1930 4504 2010 4563 in-

2112 3309 2290 3366 solum
2318 3308 2551 3365 illasum
2577 3307 2645 3364 ab
2672 3309 2824 3366 omni
2855 3308 3172 3367 damonum
3193 3311 3507 3368 incursione
3532 3320 3722 3369 custo-

2111 3401 2243 3471 diet,
2282 3402 2379 3459 sed
2407 3402 2570 3459 etiam
2598 3402 2811 3459 cunctis
2833 3410 2888 3459 te
2929 3403 3067 3459 vitiis
3108 3412 3341 3461 terrena
3379 3404 3724 3477 contagionis

2114 3511 2438 3569 expurgans,
2482 3495 2551 3551 ad
2587 3495 2704 3552 illas
2751 3495 3046 3553 invisibiles
3086 3497 3329 3555 theorias
3362 3499 3724 3572 caelestesque

2112 3591 2388 3663 perducet,
2441 3599 2601 3663 atque
2634 3590 2702 3647 ad
2738 3589 2912 3659 illum
2952 3589 3284 3649 ineﬁ‘abilem
3325 3610 3387 3649 ac
3433 3593 3724 3666 perpaucis

2111 3693 2398 3755 expertum
2428 3684 2691 3755 provehat
2731 3684 2996 3742 orationis
3038 3686 3313 3744 ardorem.
3362 3688 3517 3742 Hunc
3555 3689 3723 3745 versi-

2110 3776 2293 3835 culum
2324 3776 2605 3832 meditanti
2633 3777 2728 3833 tibi
2755 3793 2981 3836 somnus
3033 3778 3253 3851 irrepat,
3298 3778 3468 3834 donec
3507 3778 3721 3836 ineffa-

2111 3869 2202 3925 bili
2231 3868 2347 3941 ejus
2371 3869 2755 3926 exercitatione
2782 3869 3077 3940 formatus,
3109 3872 3266 3928 etiam
3318 3886 3409 3944 per
3448 3886 3720 3943 soporem

2110 3979 2239 4020 eum
2288 3962 2579 4019 decantare
2631 3980 2973 4022 consuescas.
3022 3966 3127 4021 Hic
3190 3964 3283 4021 tibi
3335 3964 3725 4037 expergefacta

2113 4056 2321 4128 primus
2356 4064 2629 4126 occurrat,
2669 4057 2713 4113 is
2733 4065 2787 4113 te
2815 4057 3099 4130 evigilante
3134 4057 3488 4131 cogitationes
3515 4059 3725 4115 antici-

2117 4158 2208 4222 pet
2236 4151 2534 4219 universas,
2564 4152 2666 4208 iste
2704 4159 2758 4207 te
2788 4151 2857 4208 de
2900 4160 2999 4209 tuo
3028 4161 3347 4225 surgentem
3399 4153 3565 4209 cubili
3590 4169 3723 4210 cur-

2116 4245 2312 4300 vationi
2364 4261 2603 4317 genuum
2656 4244 2854 4315 tradat,
2905 4253 3070 4317 atque
3116 4246 3268 4302 illinc
3330 4244 3588 4318 deinmps
3649 4246 3723 4302 ad

2116 4354 2280 4395 omne
2304 4354 2442 4409 opus
2472 4347 2732 4411 actusque
2768 4338 3017 4405 deducat,
3064 4339 3152 4397 hic
3181 4348 3237 4396 te
3280 4341 3432 4396 omni
3472 4349 3725 4413 tempore

2119 4440 2517 4504 prosequatur;
2551 4432 2697 4489 hunc
2739 4433 3089 4491 meditaberis
3123 4433 3425 4491 secundum
3454 4441 3723 4507 pracepta

2123 4527 2465 4597 legislatoris,
2493 4526 2686 4584 sedens
2705 4527 2761 4582 in
2782 4527 2948 4585 domo
2990 4536 3046 4585 et
3069 4527 3357 4585 ambulans
3406 4530 3466 4585 in
3510 4528 3720 4597 itinere,

393 4608 603 4665 stabilit
638 4576 692 4662 te
713 4605 894 4661 cordis
929 4613 1203 4671 exastuo,
1233 4620 1332 4662 nec
1364 4605 1757 4675 cogitationum
1788 4590 1999 4676 disper-

2123 4576 2465 4597 τ-σ---ην---ι
2493 4576 2685 4584 --ν---
2707 4576 2761 4582 -η
2784 4576 2945 4585 π...-
2994 4576 3045 4585 --
3070 4576 3356 4585 “ww—u-
3407 4576 3466 4585 .-
3510 4576 3720 4597 -η--η,

2121 4621 2403 4677 dormiens
2428 4629 2589 4692 atque
2614 4637 2982 4695 consurgens;
3024 4621 3168 4677 hunc
3194 4621 3399 4677 scribes
3427 4623 3488 4677 in
3535 4620 3726 4676 limine

394 4701 577 4759 siones
629 4699 780 4756 valeo
829 4715 1100 4767 coercere,
1142 4700 1425 4771 ipsamque
1470 4698 1775 4753 orationem
1819 4712 1999 4754 meam

391 4794 621 4853 fundare
676 4797 880 4869 absque
938 4794 1373 4867 interpellatione
1424 4802 1586 4867 atque
1624 4793 2001 4867 phantasmate

393 4888 641 4945 inanium
675 4890 998 4957 ﬁgurarum,
1025 4904 1449 4961 sermonumque
1497 4898 1551 4945 et
1572 4897 1797 4945 actuum
1837 4894 2003 4945 retra-

394 4983 632 5038 ctatione
661 4998 772 5035 non
792 4997 1039 5051 possum,
1089 4991 1348 5055 tantaque
1370 4998 1458 5039 me
1487 4985 1659 5038 sentio
1701 4983 2001 5039 sterilitatis

395 5074 556 5148 hujus
579 5075 824 5131 ariditate
855 5075 1238 5145 constrictum,
1272 5086 1333 5133 ut
1374 5079 1545 5134 nullas
1577 5080 1803 5135 omnino
1832 5078 2001 5150 spiri-

392 5170 586 5227 talium
613 5187 872 5227 sensuum
911 5170 1284 5244 generationes
1310 5173 1571 5243 parturire
1599 5189 1691 5229 me
1735 5173 1996 5239 sentiam;

391 5273 453 5320 ut
483 5267 550 5320 de
578 5266 682 5321 hoc
706 5267 877 5322 animi
906 5267 1158 5339 squalore
1212 5282 1422 5323 merear
1467 5268 1698 5328 liberari,
1740 5265 1883 5321 unde
1912 5280 2001 5321 me

392 5361 685 5435 gemitibus
714 5363 900 5418 multis
941 5372 1100 5435 atque
1128 5362 1371 5434 suspiriis
1410 5364 1664 5432 expedire
1713 5376 1821 5415 non
1871 5376 1999 5430 pos-

392 5474 536 5519 sum,
566 5457 863 5514 necessarie
907 5457 1302 5528 proclamabo:
1349 5461 1511 5519 Deus,
1564 5458 1620 5510 in
1661 5454 1996 5523 adjutorium

391 5570 567 5610 meum
579 5554 816 5619 intende;
831 5556 1073 5619 Domine,
1091 5553 1164 5607 ad
1178 5552 1551 5621 adjuvandum
1566 5566 1647 5604 me
1667 5551 1889 5618 festina.
1910 5550 2000 5607 Di-

390 5648 687 5703 rcctionem
722 5662 908 5700 rursus
929 5647 1147 5715 anima,
1189 5647 1536 5702 stabilitatem
1581 5645 1994 5717 cogitationum,

392 5738 727 5796 alacritatem
758 5737 959 5805 cordis,
997 5755 1124 5796 cum
1174 5737 1436 5795 ineffabili
1480 5739 1675 5812 gaudio
1700 5748 1754 5794 et
1797 5740 1999 5797 mentis

392 5846 636 5899 excessu,
668 5829 975 5886 visitatione
998 5835 1171 5888 sancti
1219 5832 1451 5902 Spiritus
1500 5850 1591 5891 me
1637 5838 1812 5894 sentio
1861 5852 1998 5893 con-

2112 4724 2167 4772 et
2187 4716 2372 4787 jauuis
2401 4716 2511 4771 oris
2539 4716 2653 4783 tui;
2701 4715 2847 4772 hunc
2862 4716 2918 4772 in
2961 4715 3252 4789 parietibus
3274 4714 3477 4772 domus
3522 4723 3627 4771 tua
3656 4729 3726 4770 ac

2115 4809 2488 4881 penetralibus
2518 4810 2599 4865 tui
2625 4809 2861 4881 pectoris
2901 4809 3217 4877 collocabis,
3268 4810 3344 4866 ita
3377 4818 3439 4865 ut
3473 4810 3593 4866 hac
3638 4807 3718 4864 ad

2052 4974 2061 4979 -
2107 4906 2409 4961 orationem
2436 4905 2820 4977 procumbenti
2862 4905 2936 4960 sit
2962 4904 3062 4960 tibi
3103 4903 3321 4960 acclivis
3369 4902 3722 4967 decantatio;

2108 5005 2162 5053 et
2205 4998 2397 5054 exinde
2452 4998 2799 5070 consurgenti
2844 5006 3005 5070 atque
3050 4996 3118 5054 ad
3165 5013 3358 5054 omnes
3406 5014 3540 5053 usus
3591 4994 3721 5049 vita

2113 5093 2449 5149 necessarios
2476 5093 2747 5149 incedenti
2797 5092 2891 5147 fiat
2910 5101 3089 5148 erecta
3122 5098 3176 5149 et
3197 5091 3345 5164 jugis
3371 5092 3559 5148 oratio.

2712 5197 2953 5252 CAPUT
2997 5198 3104 5251 ΧΙ.

2109 5297 2184 5349 De
2195 5296 2530 5363 perfectione
2551 5294 3122 5420 orutionis,cg,ddquam
3136 5292 3405 5364 pradicta
3425 5290 3733 5348 traditione

2714 5380 2836 5419 cons
2977 5382 3105 5420 itur.

2714 5380 3105 5420 ουηεορηαιίυν.

2178 5466 2346 5519 Istam
2380 5480 2535 5521 mens
2560 5466 2930 5524 indesinenter
2958 5465 3252 5523 famulam
3279 5473 3498 5537 teneat,
3536 5461 3738 5521 donec

2104 5573 2207 5613 usu
2229 5558 2344 5631 ejus
2374 5559 2677 5616 incessabili
2707 5569 2762 5617 et
2781 5561 2901 5633 jugi
2931 5560 3279 5617 meditatione
3319 5560 3555 5624 ﬁrmata,
3577 5571 3738 5612 cun-

2106 5661 2318 5709 ctarum
2353 5654 2742 5726 cogitationum
2764 5654 2980 5712 divitias
3021 5654 3335 5727 amplasque
3384 5647 3737 5707 substantias

2106 5746 2329 5819 abjiciat
2352 5757 2405 5803 et
2429 5749 2644 5813 refutet,
2677 5759 2842 5821 atque
2868 5750 2943 5807 ita
2981 5747 3229 5806 versiculi
3287 5746 3454 5818 hujus
3484 5759 3736 5817 pauper-

2106 5848 2213 5898 tate
2233 5842 2543 5914 constricta,
2576 5844 2644 5901 ad
2691 5845 2837 5900 illam
2881 5842 3266 5917 Evangelicam
3311 5839 3733 5898 beatitudinem
