4034 6212
245 253 349 310 837

1359 241 1699 303 COLLATIO
1736 243 1804 300 X.
1840 271 1914 286 --
1953 243 2042 299 DE
2078 241 2452 300 ORATIONE.

3455 257 3559 316 838

245 393 370 452 qua;
417 378 564 435 inter
619 383 848 432 caeteras
905 371 1269 431 beetitudines
1325 371 1620 444 primatum
1665 377 1844 437 tenet,
1872 373 1926 438 Α
1958 369 2202 426 munitus
2215 408 2236 437 ,
2307 368 2707 426 virulentorum
2759 371 3098 443 serpentium
3169 379 3562 439 exterminator

246 487 420 544 prona
445 469 701 529 facilitate
728 467 1028 542 perveniat.
1053 469 1226 532 Beati,
1257 465 1428 534 enim,
1466 465 1661 537 inquit,
1697 479 1849 535 pau-

242 581 395 639 peres
416 567 616 636 spiritu
647 582 666 619 :
705 563 966 634 quoniam
993 563 1235 632 ipsorum
1258 563 1338 616 est
1360 573 1584 629 regnum
1600 559 1853 614 caelorum

247 661 464 730 (Matth.
499 657 574 731 v).
601 660 676 714 Et
709 657 782 713 ita
818 671 917 728 per
947 653 1255 712 istiusmodi
1276 661 1655 727 paupertatem
1696 668 1849 726 egre-

247 753 368 827 gius
415 768 622 827 pauper
665 751 940 819 existens,
989 748 1124 806 illud
1173 747 1557 821 propheticum
1609 745 1855 821 implevit

247 846 548 920 eloquium.
585 848 796 916 Pauper
843 847 896 900 et
930 844 1084 914 inops
1135 841 1434 897 laudabunt
1476 856 1666 896 nomen
1700 845 1854 898 tuum

251 939 414 1011 (Psal.
446 937 694 1009 Lxxm).
722 939 793 993 Et
823 951 1009 993 revera
1033 949 1156 1007 quas
1181 935 1358 1007 major
1387 943 1484 991 aut
1507 935 1746 992 sanctior
1765 951 1854 1008 po-

249 1039 356 1089 test
381 1047 500 1088 esse
524 1037 814 1102 paupertas
849 1045 1018 1104 quam
1043 1028 1190 1088 illius
1215 1029 1307 1104 qui
1346 1029 1480 1086 nihil
1508 1045 1568 1086 se
1596 1029 1850 1102 praesidii,

249 1124 391 1182 nihil
419 1123 623 1181 virium
657 1123 856 1180 habere
903 1138 1260 1198 cognoscens,
1301 1123 1368 1180 de
1401 1123 1578 1180 aliena
1609 1122 1853 1196 largitate

249 1219 627 1293 quotidianum
659 1219 830 1292 poscit
855 1217 1159 1289 auxilium,
1197 1225 1252 1274 et
1289 1218 1456 1274 vitam
1500 1233 1660 1275 suam
1691 1227 1854 1292 atque

247 1312 612 1371 substantiam
640 1312 867 1386 singulis
899 1297 1200 1385 quibusque
1225 1311 1528 1368 momentis
1551 1311 1728 1368 divina
1749 1325 1852 1382 ope

251 1407 562 1480 intelligens
589 1405 914 1474 sustentari,
960 1421 1151 1462 verum
1186 1421 1245 1462 se
1273 1405 1592 1461 mendicum
1626 1404 1851 1462 Domini

247 1512 363 1557 non
388 1501 666 1557 immerito
697 1499 1006 1572 profitetur,
1025 1499 1342 1572 suppliciter
1361 1497 1430 1554 ad
1459 1512 1588 1554 eum
1607 1497 1852 1570 quotidie

249 1591 512 1662 clamem,
543 1597 654 1664 Ego
681 1599 860 1650 autem
887 1594 1164 1650 mendicus
1201 1597 1252 1648 et
1269 1607 1482 1664 pauper
1507 1608 1647 1658 sum,
1675 1597 1848 1662 Deus,

252 1689 454 1761 adjuva
481 1703 563 1744 me
592 1686 768 1760 (Psal.
812 1685 1069 1760 xxxx)?
1112 1689 1182 1742 Et
1224 1686 1306 1743 sic
1345 1683 1416 1741 ad
1449 1685 1602 1742 illam
1639 1701 1856 1758 quoque

1958 461 2190 521 effectus
2217 469 2322 530 est,
2349 461 2558 521 habens
2583 464 2884 521 contritum
2907 467 3166 525 Satanam
3199 469 3303 526 sub
3333 471 3562 544 pedibus

1959 557 2096 624 suis,
2121 564 2180 613 et
2205 557 2276 613 ad
2308 555 2540 630 ﬁguram
2583 557 2924 616 rationabilis
2958 561 3102 618 cervi
3142 541 3351 623 mentis
3369 541 3564 626 διδαξ-

1959 658 2072 708 tate
2097 651 2373 724 pervenit,
2409 659 2659 725 psscetur
2684 652 2742 710 in
2767 653 3101 727 propheticis
3137 666 3304 731 atque
3340 671 3565 734 aposto-

1960 743 2080 802 licis
2105 744 2385 802 montibus
2401 787 2420 813 ,
2447 745 2504 804 id
2535 755 2639 817 est,
2671 749 3054 807 excelsissimi
3074 767 3272 811 eorum
3303 771 3366 813 ac
3389 757 3560 817 subli-

1961 839 2223 897 missimis
2261 841 2646 912 sacramentis;
2697 858 2936 915 quorum
2970 845 3078 920 iugi
3121 863 3323 920 pascuo
3351 863 3562 926 vegeta-

1967 941 2078 1000 tus,
2118 948 2314 990 omnes
2343 949 2562 1006 quoque
2595 935 2934 1008 psalmorum
2981 937 3216 998 affectus
3237 942 3302 1006 in
3323 959 3383 1002 se
3427 946 3566 1004 reci-

1961 1025 2133 1097 piens,
2159 1026 2236 1082 ita
2263 1027 2493 1098 incipiet
2525 1028 2836 1099 decantare,
2859 1037 2923 1086 ut
2948 1046 3046 1088 eos
3070 1049 3186 1090 non
3214 1043 3498 1111 tamquam
3529 1057 3562 1100 a

1956 1119 2232 1190 Propheta
2271 1120 2624 1192 compositos,
2670 1122 2768 1180 sed
2804 1124 2952 1181 velut
2988 1141 3020 1182 a
3069 1141 3130 1186 se
3171 1129 3368 1202 editos,
3407 1137 3563 1206 quasi

1958 1211 2263 1269 orationem
2300 1213 2584 1285 propriam
2619 1214 2890 1286 profunda
2921 1218 3104 1276 cordis
3143 1229 3562 1296 compunctione

1957 1305 2264 1378 depromat,
2302 1307 2387 1396 vel
2415 1315 2564 1366 certe
2589 1307 2659 1366 ad
2683 1324 2848 1366 suam
2867 1326 3160 1384 personam
3205 1318 3444 1376 aestimet
3471 1337 3565 1378 eos

1957 1397 2125 1456 fuisse
2163 1399 2431 1470 directos,
2474 1419 2779 1476 eorumque
2817 1406 3110 1465 sententias
3156 1425 3269 1466 non
3290 1419 3422 1470 tunc
3450 1422 3570 1473 tan-

1959 1494 2250 1551 tummodo
2301 1511 2399 1568 per
2447 1496 2774 1568 Prophetam
2833 1507 2932 1554 aut
2979 1499 3036 1556 in
3090 1503 3360 1574 PrOpheta
3400 1505 3574 1568 fuisse

1961 1588 2284 1660 completas,
2331 1589 2428 1645 sed
2477 1589 2532 1645 in
2571 1606 2631 1648 se
2681 1591 2930 1663 quotidie
2967 1593 3082 1666 geri
3125 1594 3444 1670 implerique
3481 1617 3575 1660 co-

1963 1689 2206 1754 gnoscat.
2249 1684 2408 1739 Tunc
2429 1671 2580 1740 enim
2619 1685 2917 1758 Scriptura:
2961 1686 3158 1746 divinae
3183 1691 3344 1748 nobis
3373 1693 3572 1752 clarius

250 1780 649 1839 multiformem
700 1781 985 1838 scientiam
1013 1780 1116 1837 Dei
1158 1779 1278 1852 ipso
1322 1779 1672 1837 illuminante
1717 1795 1850 1836 con-
1881 1785 1930 1849 Β
1962 1783 2362 1848 perpetescunt,
2410 1783 2465 1833 et
2492 1777 2904 1850 quodammodo
2941 1797 3135 1839 earum
3172 1799 3326 1842 venae
3351 1787 3568 1846 medul-

249 1873 536 1942 scendens,
568 1873 788 1946 incipiat
821 1873 1076 1947 deinceps
1103 1873 1513 1930 sublimioribus
1556 1887 1623 1929 ac
1665 1887 1852 1929 sacra-

251 1969 484 2026 tioribus
501 1969 776 2042 mysteriis
797 1968 1060 2041 saginari,
1088 1967 1392 2025 secundum
1419 1967 1554 2025 illud
1588 1967 1738 2042 quod
1764 1957 1848 2025 di-

251 2061 396 2120 citur
421 2077 519 2134 per
550 2061 883 2134 Prophetam
919 2081 934 2117 :
985 2063 1188 2120 Montes
1221 2062 1419 2118 excelsi
1450 2064 1638 2131 cervis,
1661 2071 1688 2099 ι
1705 2067 1861 2134 petra

249 2157 531 2226 refugium
561 2157 815 2210 erinaciis
849 2156 1031 2224 (Psal.
1088 2161 1240 2222 cm).
1285 2154 1448 2225 Quod
1475 2155 1608 2212 satis
1647 2157 1858 2229 proprie

249 2250 382 2309 huic
444 2265 610 2324 quem
661 2249 903 2308 diximus
963 2250 1145 2309 sensui
1205 2257 1520 2324 coaptatur;
1597 2265 1664 2308 eo
1715 2250 1859 2324 quod

251 2343 500 2417 quisquis
543 2343 598 2399 in
640 2343 982 2416 simplicitate
1027 2353 1193 2418 atque
1253 2343 1562 2400 innocentia
1609 2359 1858 2416 perseve-

250 2426 401 2508 rans,
426 2436 563 2494 nulli
599 2445 685 2494 est
719 2437 916 2495 noxius
943 2438 1026 2496 vel
1055 2437 1340 2507 molestus,
1367 2437 1465 2494 sed
1503 2453 1600 2494 sua
1645 2445 1858 2496 tantum

253 2531 607 2605 simplicitate
649 2539 978 2603 contentus,
1022 2530 1370 2590 solummodo
1411 2545 1471 2588 se
1500 2531 1569 2587 ab
1595 2531 1859 2588 insidian-

253 2625 398 2683 tium
425 2625 618 2698 proeda
644 2625 915 2684 desiderat
949 2625 1244 2694 contutari,
1288 2625 1436 2682 velut
1459 2624 1723 2685 erinacius
1745 2625 1857 2698 spi-

252 2719 418 2778 ritalis
445 2717 695 2782 effectus,
713 2720 830 2794 jugi
848 2719 1174 2791 evangelicae
1193 2719 1336 2776 illius
1356 2712 1384 2751 δ
1405 2726 1574 2790 ραι-ω
1599 2719 1860 2776 velamine

253 2821 588 2888 protegatur,
647 2812 704 2870 id
755 2822 869 2882 est,
917 2814 1186 2870 memoria
1217 2813 1520 2869 Dominicae
1560 2813 1852 2886 passionis,

254 2907 608 2982 praedictique
643 2907 890 2965 versiculi
929 2907 1234 2965 incessabili
1260 2906 1617 2964 meditatione
1657 2907 1853 2964 muni-

203 3046 212 3052 .
254 3009 370 3069 tus,
389 2999 689 3057 infestantis
709 2999 918 3058 inimici
943 2999 1178 3058 declinet
1206 2999 1449 3057 insidias.
1493 3003 1576 3056 De
1613 3000 1696 3058 his
1740 3001 1854 3074 spi-

254 3095 505 3152 ritalibus
532 3095 782 3152 erinaciis
835 3094 971 3152 etin
1021 3094 1334 3151 Proverbiis
1361 3095 1438 3150 ita
1485 3094 1686 3152 dicitur
1725 3111 1740 3150 :
1787 3099 1858 3152 Et

251 3191 510 3246 °eﬁnaeii
515 3204 642 3260 gens
650 3189 896 3245 invalida
906 3189 1006 3258 qui
1011 3189 1256 3255 fecerunt
1268 3190 1328 3242 in
1337 3188 1510 3258 petris
1521 3187 1702 3242 domos
1713 3201 1856 3243 suas.
1894 3177 1939 3241 C

255 3285 328 3339 Et
361 3297 550 3339 revera
578 3280 709 3355 quid
743 3279 1028 3338 invalidius
1071 3278 1388 3346 christiano,
1420 3277 1554 3350 quid
1589 3278 1862 3336 inﬁrmius

253 3373 560 3444 monacho,
603 3375 692 3432 cui
718 3391 832 3432 non
869 3374 1055 3432 solum
1081 3372 1232 3430 nulla
1257 3371 1584 3444 injuriarum
1622 3371 1860 3430 vindicta

252 3469 592 3543 suppeditat,
619 3467 718 3526 sed
741 3484 810 3525 ne
835 3467 968 3525 levis
994 3465 1221 3540 quidem
1244 3466 1516 3538 tacitaque
1553 3466 1860 3532 commotio

255 3564 453 3624 saltem
507 3563 828 3621 intrinsecus
879 3563 1144 3636 pullulare
1197 3561 1552 3618 conceditur?
1601 3559 1862 3632 Quisquis

254 3664 446 3716 autem
470 3674 536 3714 ex
563 3658 670 3714 hoc
690 3656 980 3730 proﬁciens
1001 3664 1169 3724 statu,
1199 3672 1310 3713 non
1333 3655 1510 3712 solum
1534 3653 1860 3711 innocentia:

257 3751 658 3825 simplicitatem
683 3751 943 3824 possidet,
972 3751 1068 3810 sed
1095 3750 1268 3809 etiam
1291 3749 1637 3808 discretionis
1665 3749 1860 3806 virtute

1957 1867 2131 1941 ianque
2162 1869 2500 1941 panduntur,
2536 1871 2764 1957 quando
2803 1874 3130 1947 experientia
3159 1886 3348 1936 nostra
3378 1896 3572 1940 earum

1959 1978 2070 2018 non
2099 1969 2315 2018 tantum
2353 1963 2604 2036 percipit,
2633 1965 2732 2024 sed
2754 1967 2922 2024 etiam
2957 1969 3224 2041 praevenit
3259 1972 3567 2043 notionem,

1965 2071 2270 2130 sensusque
2316 2057 2608 2114 verborum
2643 2075 2755 2116 non
2795 2076 2895 2134 per
2943 2064 3332 2134 expositionem
3385 2069 3566 2138 nobis,

1965 2147 2063 2206 sed
2113 2164 2210 2222 per
2239 2148 2939 2211 documenta‘reserantur.
3003 2158 3278 2221 Eumdem
3327 2177 3567 2236 namque

1965 2242 2282 2316 recipientes
2313 2243 2498 2322 cordis
2532 2244 2792 2303 affectum
2833 2263 2946 2320 quo
2983 2249 3217 2323 quisque
3251 2253 3569 2314 decantatus

1966 2337 2050 2394 vel
2079 2338 2421 2410 conscriptus
2447 2347 2531 2396 est
2549 2339 2812 2412 psalmus,
2834 2342 2987 2399 velut
3011 2353 3266 2404 auctores
3284 2347 3400 2420 ejus
3420 2347 3568 2420 facti,

1964 2431 2338 2504 praecedemus
2363 2433 2538 2507 magis
2565 2434 2898 2492 intellectum
2939 2435 3140 2508 ipsius,
3167 2455 3335 2510 quam
3375 2457 3570 2514 seque-

1966 2539 2114 2594 mur;
2139 2523 2196 2582 id
2219 2533 2326 2593 est,
2354 2535 2418 2582 ut
2443 2527 2594 2598 prius
2625 2527 2900 2585 dictorum
2925 2529 3196 2588 virtutem
3225 2551 3390 2606 quam
3415 2536 3568 2594 noti—

1965 2619 2100 2675 tiam
2127 2619 2465 2692 colligente,
2491 2621 2628 2692 quid
2649 2621 2706 2677 in
2735 2621 2897 2681 nobis
2926 2634 3144 2698 gestum
3170 2627 3272 2696 sit,
3306 2629 3390 2686 vel
3418 2647 3568 2704 quo-

1967 2715 2182 2772 tidianis
2243 2725 2464 2788 geratur
2511 2717 2820 2777 incursibus
2835 2761 2852 2788 ,
2899 2724 3316 2794 superveniente
3372 2741 3567 2785 eorum

1966 2816 2318 2874 meditatione
2361 2818 2770 2892 quodammodo
2813 2821 3188 2892 recordemur,
3249 2835 3305 2882 et
3345 2828 3478 2898 quid
3514 2830 3569 2886 in

1961 2919 2126 2978 nobis
2157 2923 2241 2977 vei
2263 2922 2594 2994 negligentia
2622 2932 2808 2980 nostra
2851 2926 3150 2998 pepererit,
3173 2929 3256 2984 vel
3277 2929 3564 3003 diligentia

1964 3024 2346 3096 conquisierit,
2381 3025 2462 3082 vel
2505 3025 2842 3098 providentia
2889 3026 3077 3086 divina
3121 3031 3437 3104 contulerit,
3477 3035 3564 3094 vel

1967 3125 2238 3200 instigatio
2270 3127 2600 3184 fraudaverit
2626 3129 2856 3200 inimici,
2880 3131 2960 3188 vel
2991 3132 3326 3190 subtraxerit
3365 3137 3571 3196 lubrica

1969 3247 2034 3290 ac
2079 3232 2295 3290 subtilis
2334 3233 2560 3303 oblivio,
2589 3233 2681 3291 vel
2721 3235 2964 3294 intulerit
2993 3236 3235 3296 humana
3273 3239 3571 3316 fragilitas,

1964 3349 2065 3391 seu
2095 3334 2398 3406 improvida
2447 3334 2702 3392 fefellerit
2752 3337 3056 3409 ignoratio,
3097 3340 3453 3402 decantantes
3489 3363 3575 3404 re-

1971 3439 2346 3496 miniscamur.
2379 3441 2586 3497 Omnes
2607 3457 2843 3514 namque
2863 3441 2964 3500 hos
2997 3443 3230 3502 affectus
3261 3446 3319 3502 in
3338 3449 3570 3509 Psalmis

1969 3543 2274 3600 invenimus
2315 3559 2634 3617 expressos,
2671 3554 2738 3602 ut
2761 3562 2829 3604 ea
2875 3563 3002 3620 qua:
3033 3549 3397 3623 incurrerint,
3425 3555 3576 3614 velut

1967 3648 2022 3704 in
2049 3649 2270 3722 speculo
2296 3650 2595 3722 purissimo
2625 3650 2986 3723 pervidentes,
3014 3651 3292 3713 efficacius
3315 3673 3574 3728 agnosca-

1969 3766 2120 3821 mus,
2143 3759 2198 3809 et
2217 3751 2290 3808 ita
2311 3752 2338 3788 ἀ
2362 3753 2808 3826 magistrantibus
2825 3753 3111 3814 effectibus
3131 3761 3302 3830 (Lips.
3323 3764 3381 3817 in
3399 3779 3570 3834 marg.

1358 3857 1614 3912 ALARDI
1654 3857 1880 3912 GAZ/El
1919 3856 2477 3916 COMMENTARIUS.

331 3967 356 3995 ⁸
385 3959 508 4016 Div.
549 3957 926 4029 Hieronymus
973 3956 1192 4029 epistol,
1244 3961 1276 4009 3
1307 3954 1436 4029 legit
1470 3972 1487 4029 ξ
1516 3957 1680 4029 Petra
1707 3957 1866 4029 refu-

263 4031 414 4101 gium
442 4031 731 4102 leporibus.
762 4023 1024 4102 Proque;
1043 4023 1240 4102 inquit,
1267 4023 1443 4102 multi
1467 4025 1762 4102 lterinaceis
1795 4025 1867 4102 le-

261 4094 415 4171 gunt.
436 4094 761 4159 H'erinaeeus
787 4094 992 4150 animal
1015 4099 1094 4171 est
1111 4108 1368 4171 paruum,
1394 4097 1445 4146 et
1461 4094 1665 4171 fugam,
1687 4097 1737 4171 ος
1755 4096 1869 4171 θρί-

258 4162 460 4229 narum
489 4171 728 4228 sentibus
759 4169 1192 4236 pmgrauatum.
1235 4164 1306 4218 Et
1337 4162 1394 4217 in
1424 4163 1636 4232 epistol.
1663 4163 1732 4219 ad
1759 4162 1868 4220 Su-

259 4244 417 4301 niam
438 4253 492 4299 et
511 4235 801 4296 Fretellam
823 4236 1019 4308 (Epist.
1053 4235 1174 4306 135)
1196 4255 1210 4308 ς
1243 4237 1404 4290 Petra
1428 4236 1708 4308 refugium
1727 4236 1870 4290 heri-

258 4319 460 4377 naeeis,
489 4326 592 4381 pro
621 4324 734 4381 qua
751 4311 810 4381 in
836 4308 1052 4364 Hebmo
1083 4307 1321 4381 positum
1345 4311 1425 4361 est
1441 4307 1790 4381 sephanium;
1816 4311 1866 4381 et

258 4399 445 4442 omnes
481 4378 891 4451 χοιρογρυλλιους
930 4394 1050 4434 voce
1087 4379 1260 4434 simili
1298 4378 1712 4451 transtulerunt.
1753 4379 1871 4451 Soli

260 4448 648 4526 δφίυαάῖπίαέ
669 4448 868 4526 τοροτίξ
885 4452 1394 4526 interpretatum.
1422 4451 1526 4510 τοῖς
1549 4448 1786 4526 manu,
1807 4450 1868 4505 id

260 4522 362 4590 est,
378 4532 542 4598 petra
555 4522 1128 4598 refugiumleporibus.
1147 4522 1433 4598 Seieruium
1449 4526 1528 4576 est
1540 4522 1745 4598 animal
1757 4537 1868 4598 esse

260 4613 371 4654 non
378 4592 564 4667 majus
585 4592 801 4662 hericio,
826 4592 1020 4649 habens
1035 4592 1447 4667 similitudinem
1467 4595 1638 4646 muris
1653 4601 1704 4648 et
1717 4596 1834 4650 ursi
1845 4613 1863 4648 :

262 4669 408 4725 unde
444 4664 496 4724 et
521 4671 582 4722 in
610 4667 906 4722 Palaestina
932 4667 1116 4734 κτομΰς
1139 4664 1367 4728 dicitur;
1395 4667 1445 4718 et
1466 4679 1662 4732 magna
1689 4669 1768 4719 est
1807 4667 1866 4718 in

1979 3954 2345 4032 humilitatem
2379 3973 2476 4014 seu
2505 3957 2844 4032 parvitatem.
2889 3961 3098 4032 Verum
3128 3959 3286 4032 longe
3313 3963 3470 4020 aliter
3505 3963 3575 4022 de

1976 4027 2142 4108 gricip
2189 4027 2633 4108 ejusquenu'tura
2679 4029 3170 4108 etsigilicatione
3216 4027 3574 4108 ratiocinatur

1974 4097 2388 4222 1Ιέιὲἔέῒεοινίιιςι
2411 4097 2469 4152 in
2493 4099 2760 4154 Pastorali
2790 4097 2850 4166 (f
2868 4103 2990 4156 Par.
3021 4117 3068 4156 c.
3113 4105 3265 4172 ιιι),
3297 4112 3358 4160 ut
3386 4107 3463 4162 ibi
3493 4107 3573 4162 vi-

2013 4181 2104 4222 ere
2128 4174 2231 4220 88L

2047 4229 2316 4309 i’Petram
2352 4236 2722 4309 evangelicam
2767 4236 3056 4308 allegorice
3085 4241 3366 4301 Christum
3409 4247 3576 4304 intel-

1975 4307 2092 4391 ligit
2117 4326 2151 4391 ξ.
2183 4307 2242 4362 in
2273 4306 2434 4390 cujus
2458 4306 2925 4391 foraminibus,
2951 4320 3068 4376 est,
3100 4313 3428 4391 vulneribus,
3460 4319 3574 4391 spi-

1973 4379 2181 4435 ritualis
2211 4379 2439 4444 ericius,
2469 4379 2523 4435 id
2559 4389 2660 4447 est,
2691 4379 2911 4438 humilis
2946 4387 3251 4444 monachus
3279 4379 3442 4446 suum
3472 4379 3574 4446 lia-

1977 4449 2068 4534 bet
2101 4449 2525 4534 subterfugium,
2554 4452 2764 4534 asylum
2797 4468 2860 4534 ac
2892 4463 3182 4534 tutamen:
3217 4459 3284 4516 de
3321 4477 3426 4532 qua
3455 4462 3572 4534 qui-

1973 4521 2101 4578 dem
2131 4531 2281 4594 petra
2335 4521 2413 4578 ait
2453 4521 2742 4594 Apostolus
2787 4523 2858 4581 ad
2903 4529 3214 4588 Corinthios
3257 4552 3270 4587 :
3308 4521 3576 4590 Bibebant

1975 4598 2161 4673 autem
2169 4595 2250 4673 _de_
2261 4595 2546 4673 spirituati
2560 4601 2910 4673 consequgntg
2917 4615 3002 4673 eos
3017 4608 3198 4673 petra,
3216 4612 3374 4673 petra
3392 4611 3572 4660 autem

1981 4668 2428 4742 erat‘Christ‘us}
2449 4669 2464 4720 l
2503 4667 2734 4742 Cor._x).
2769 4669 2838 4724 Et
2879 4667 3165 4742 Psalmista
3202 4667 3236 4726 ε’
3254 4677 3450 4729 Beatus
3477 4677 3576 4742 qui

264 4743 388 4824 istis
417 4739 724 4832 regionibus
754 4737 916 4807 hujus
937 4739 1143 4832 generis
1158 4735 1532 4832 ’aubugu‘ciuutzg,
1563 4750 1874 4832 semperque
1904 4770 1954 4832 D
1983 4738 2242 4832 ﬂeuibitet
2255 4735 2706 4832 alliaetparuulps
2717 4743 2834 4832 tuus
2849 4741 3322 4832 udpftramllfsal‘.
3344 4735 3573 4826 xxxvi}.

261 4815 326 4866 in
351 4805 594 4865 cauernis
608 4805 888 4880 petrarum
912 4805 964 4863 et
979 4812 1132 4880 terra:
1151 4807 1318 4874 foveis
1337 4805 1584 4880 habitare
1601 4820 1875 4880 causueue-

259 4887 420 4938 runt.
448 4881 535 4934 Sic
563 4875 952 4952 Hieronymus.
985 4878 1226 4952 Isidorus
1249 4891 1381 4952 vero
1413 4875 1506 4930 lib.
1535 4891 1630 4952 aut
1661 4876 1872 4952 Origin.

259 4967 390 5024 cap.
424 4957 476 5007 3:
504 4952 736 5012 Ericius,
760 4947 951 5022 inquit,
979 4952 1080 5024 qui
1099 4953 1150 5004 et
1173 4949 1482 5024 iter-inuectis
1512 4947 1732 5010 dicitur,
1754 4949 1874 5024 uni-

1983 4809 2056 4862 Et
2079 4812 2326 4878 Sponsus
2353 4810 2409 4862 in
2451 4808 2686 4862 (.‘antieis
2715 4826 2728 4861 :
2779 4808 3032 4866 Columba
3052 4825 3170 4864 mea
3191 4813 3251 4864 in
3286 4808 3574 4878 foramini-

2098 4883 2292 4959 petrw,
2323 4881 2386 4959 in
2408 4880 2658 4959 cavernis
2676 4881 2924 4959 magaria
2945 4881 3170 4959 (ρωπίᾳ.
3201 4881 3294 4954 ιι).
3327 4883 3574 4956 Denique

1985 4948 2118 5027 illud
2145 4948 2800 5027 ev_ange|icum_:lPosuit
2815 4948 3446 5027 [undammtum'super
3477 4948 3572 5027 ῥα-

259 5017 379 5080 mal
396 5025 564 5094 spinis
589 5017 906 5097 coppertum,
930 5017 1074 5092 quod
1093 5019 1520 5097 etuindedicitur
1543 5020 1878 5097 cognominw
1987 5023 2128 5097 trum
2162 5017 2350 5097 (Luco;
2374 5017 2480 5097 VI)t
2519 5017 2692 5097 Etiam
2709 5017 2796 5097 de
2815 5019 2972 5076 Petra
2999 5025 3303 5097 evangelica
3326 5017 3428 5093 ,‘id
3461 5017 3572 5097 est,

262 5091 495 5158 tumfeo
513 5094 659 5164 quod
678 5091 882 5162 subigit
902 5091 956 5148 se
982 5091 1198 5162 quando
1221 5093 1392 5161 spinis
1416 5093 1532 5145 suis
1567 5091 1858 5164 clauditur,

263 5167 462 5237 quibus
511 5162 748 5235 undique
785 5169 1053 5236 protectus
1102 5167 1180 5218 est
1223 5167 1409 5216 contra
1446 5162 1694 5237 insidias.
1723 5162 1864 5237 Nam

260 5233 454 5294 statim
473 5241 534 5292 ut
558 5233 773 5307 aliquid
785 5233 1034 5299 senserit,
1051 5237 1292 5307 primum
1307 5249 1363 5288 se
1380 5233 1602 5307 subigit,
1626 5237 1794 5307 atque
1803 5234 1863 5287 in

261 5309 478 5380 globum
497 5303 774 5364 conuersus
795 5311 852 5362 in
865 5323 964 5363 sua
982 5303 1138 5380 arina
1153 5303 1418 5380 rgcolligit
1443 5305 1607 5380 (Viae
1624 5306 1862 5380 Plini-um

263 5374 364 5434 lib.
407 5395 525 5436 vm
551 5396 670 5450 cap.
709 5384 818 5447 37).
853 5382 986 5435 Haec
1021 5378 1148 5450 ipse.
1183 5378 1358 5432 Porro
1397 5374 1732 5450 aSsiinilatur
1775 5374 1862 5432 hic

263 5451 578 5506 monachus
610 5449 818 5517 ericio,
865 5451 976 5506 sive
1031 5449 1350 5514 herinaceo,
1393 5449 1534 5503 varia
1583 5449 1796 5503 ratione
1840 5467 1853 5502 :

270 5525 334 5578 1°
357 5531 573 5598 propter
602 5521 968 5598 innocentiam
1008 5531 1064 5577 et
1085 5521 1521 5598 simplicitatem;
1555 5522 1858 5598 2°__p_r0pier

265 5589 577 5650 cautionem
615 5602 670 5649 et
700 5591 1036 5665 prudentiam
1065 5589 1535 5665 naturalem,f_qtia
1575 5589 1678 5644 sibi
1709 5589 1856 5645 refu-

263 5665 415 5738 gium
445 5665 644 5738 quaerit
669 5662 720 5720 in
763 5665 1003 5720 cavernis
1031 5679 1126 5738 seu
1152 5662 1518 5738 foraminibus
1546 5669 1854 5738 petrarum,

264 5731 349 5793 vel
378 5731 519 5793 intia
557 5738 796 5808 seipsum
836 5752 894 5792 se
931 5735 1189 5806 recolligit
1216 5751 1278 5790 ac
1307 5731 1564 5800 revolvit,
1593 5741 1652 5788 ut
1693 5731 1855 5788 undi-

1986 5089 2231 5163 Christo,
2257 5105 2293 5163 a_
2320 5089 2568 5163 Patrilius
2601 5089 2834 5163 subinde
2875 5089 3182 5163 eXponitur.
3224 5099 3290 5150 D.
3326 5089 3576 5154 ’Basilius

1971 5160 2117 5236 apud
2141 5162 2192 5218 S.
2233 5160 2504 5216 Thomam
2539 5160 2596 5215 iu
2620 5161 2833 5236 Catena,
2875 5160 3073 5220 aurea:
3107 5169 3325 5230 Ponere,
3375 5167 3574 5236 inquit,

1969 5233 2387 5307 fundamentum
2400 5245 2563 5302 super
2571 5238 2802 5303 petram,
2816 5235 2909 5307 hoc
2921 5241 3019 5304 est,
3035 5239 3203 5292 inniti
3209 5237 3339 5307 ﬁdei
3353 5233 3573 5306 Christi,

1971 5309 2034 5359 ut
2059 5305 2346 5360 immobilis
2384 5311 2681 5374 perseveret
2703 5307 2760 5362 in
2791 5306 3055 5372 adversis,
3103 5305 3219 5364 sive
3241 5305 3571 5374 humanitus,

1968 5377 2080 5431 sive
2099 5378 2362 5432 diuinitus
2382 5378 2644 5432 accidant.

2039 5451 2062 5480 ο
2087 5449 2262 5512 Vulgo
2299 5449 2529 5518 legimus
2559 5467 2572 5504 :
2610 5451 2968 5520 Lepusculus,
3001 5452 3153 5521 plebs
3181 5452 3450 5514 invalida,
3481 5456 3580 5520 qui

1968 5521 2184 5575 collocat
2213 5522 2270 5574 in
2303 5526 2461 5589 pet-ra
2489 5522 2658 5576 cubile
2683 5538 2860 5578 suum.

2037 5590 2064 5626 ἀ
2105 5593 2185 5646 Ita
2213 5591 2495 5664 Ciaconius
2540 5591 2593 5645 in
2628 5591 2872 5664 editione
2917 5591 3290 5664 Lugdunensi,
3324 5603 3490 5664 puto,
3521 5603 3574 5652 et

1965 5664 2241 5725 Romana;
2269 5669 2324 5716 et
2350 5661 2472 5728 hoc,
2515 5661 2682 5716 credo
2703 5703 2716 5726 ,
2748 5679 2932 5732 sensu,
2963 5661 3028 5720 ac
3049 5663 3093 5718 si
3123 5661 3334 5722 dicatur
3365 5686 3376 5720 :
3411 5661 3573 5732 expe-

1967 5733 2160 5810 rientia
2209 5749 2401 5810 rerum
2437 5734 2698 5810 magistra
2747 5735 2956 5803 edocti,
3013 5736 3234 5808 quodin
3283 5733 3573 5810 proverbio

263 5823 373 5882 que
409 5810 524 5867 suis
551 5805 723 5880 spinis
766 5817 938 5866 tectus
970 5822 1035 5865 ac
1080 5805 1230 5863 tutus
1261 5816 1509 5875 maneat;
1543 5809 1604 5859 3°
1633 5813 1856 5877 prepter
1961 5813 2063 5862 est.
2105 5806 2242 5875 Quae
2273 5805 2498 5879 quidem
2543 5805 2703 5862 lectio
2733 5815 2788 5864 et
2829 5805 3164 5866 sensus—non
3193 5805 3334 5865 male
3357 5818 3576 5864 antece-
