4040 6206
483 195 588 250 S39

1560 181 1840 240 JOANNIS
1875 179 2180 237 CASSIANI
2216 179 2706 237 COLLATIONES.

3687 181 3780 240 840

485 319 796 388 affectibus]
812 315 1029 380 eruditi,
1059 330 1173 371 non
1200 321 1263 370 ut
1289 311 1614 383 audita,sed
1642 319 1928 383 tamquam
1958 325 2072 383 per-
2098 313 2152 375 Α
2211 324 2305 365 um
2348 308 2500 366 brevi
2551 322 2806 366 sermone
2856 305 3211 364 concludere!
3256 309 3327 364 Et
3372 306 3574 365 idcirco
3620 326 3785 370 unum

481 415 623 473 facta
654 412 961 485 palpemus,
1008 424 1110 465 nec
1149 417 1431 479 tamquam
1476 405 1764 462 memoriae
1792 420 2080 462 commen-

481 508 629 575 data,
668 505 765 564 sed
789 505 935 561 velut
963 502 1064 574 ipsi
1093 516 1279 558 rerum
1309 507 1523 556 naturae
1546 498 1728 567 insita,
1771 497 1840 555 de
1867 499 2079 555 interno

482 603 663 661 cordis
704 600 1075 673 parturiamus
1104 594 1329 664 affectu,
1374 601 1437 650 ut
1479 608 1676 650 eorum
1725 607 1917 649 sensus
1968 607 2081 649 non

486 705 638 754 textu
666 694 911 752 lectionis
926 735 942 762 ,
972 690 1075 748 sed
1098 689 1431 762 experientia
1464 687 1804 760 praecedente
1827 695 2081 760 penetre-

488 808 647 863 mus,
686 800 849 862 atque
891 788 971 845 ita
1008 786 1075 843 ad
1104 786 1253 842 illam
1301 784 1565 842 orationis
1614 783 2081 855 incorruptionem

490 904 647 945 mens
670 893 858 943 nostra
884 881 1182 956 perveniat,
1211 879 1283 936 ad
1311 895 1475 952 quam
1504 879 1561 935 in
1584 880 1871 952 superiore
1891 887 2082 936 tracta-

484 990 566 1049 tu,
596 987 860 1053 quantum
882 974 1147 1033 Dominus
1172 972 1373 1029 donare
1397 970 1655 1043 dignatus
1680 980 1783 1041 est,
1810 971 1948 1029 ordo
1973 970 2082 1028 col-

485 1074 707 1132 lationis
733 1067 973 1127 ascendit
999 1067 1208 1135 (Collat.
1247 1071 1283 1121 9
1312 1080 1429 1135 cap.
1461 1064 1560 1137 29)
1576 1103 1592 1131 ,
1617 1079 1740 1135 quae
1766 1080 1876 1120 non
1901 1064 2080 1120 solum

488 1165 689 1222 nullius
717 1160 972 1232 imaginis
1012 1165 1312 1228 occupatur
1342 1155 1577 1225 intuitu,
1615 1155 1711 1213 sed
1736 1155 1902 1212 etiam
1932 1155 2080 1212 nulla

483 1260 660 1327 vocis,
725 1256 871 1312 nulla
927 1253 1219 1309 verborum
1276 1250 1656 1323 prosecutione
1701 1250 2078 1323 distinguitur,

483 1352 648 1426 ignita
673 1365 801 1406 vero
831 1347 1030 1404 mentis
1072 1345 1370 1401 intentione
1396 1328 1491 1416 per
1515 1343 1856 1401 ineffabilem
1898 1344 2080 1401 cordis

480 1459 764 1503 excessum
812 1438 1212 1513 inexpugnabili
1270 1438 1494 1510 spiritus
1545 1437 1825 1493 alacritate
1862 1436 2079 1509 profer-

472 1549 586 1604 tur,
618 1550 894 1610 quamque
913 1548 1068 1589 mens
1101 1540 1260 1587 extra
1289 1546 1489 1588 omnes
1514 1546 1711 1587 sensus
1748 1546 1813 1586 ac
1844 1529 2079 1587 visibiles

470 1632 667 1692 effecta
717 1629 1005 1696 materias,
1065 1626 1356 1699 gemitibus
1416 1624 1868 1682 inenarrabilibus
1917 1634 2077 1697 atque

476 1726 724 1799 suspiriis
750 1720 1031 1797 profundit
1052 1720 1119 1776 ad
1150 1721 1345 1776 Deum.

1063 1823 1305 1881 CAPUT
1330 1823 1466 1877 ΧΠ.

519 1928 870 1997 Interrogatio
896 1921 1345 1997 quemadmodum
1368 1919 1643 1997 spiritales
1673 1920 2016 1987 cogitath

934 1992 1284 2048 immobilitcr
1304 1994 1602 2045 teneantur.

549 2101 862 2156 Germanus
897 2112 911 2147 :
952 2094 1079 2148 Non
1122 2090 1300 2146 solum
1330 2089 1488 2146 nobis
1528 2088 1884 2148 traditionem
1910 2092 2071 2165 spiri-

472 2193 600 2250 talis
627 2191 789 2261 huju
824 2202 995 2259 quam
1024 2184 1370 2257 poposcimus
1389 2184 1726 2256 disciplinae,
1759 2187 1854 2243 sed
1893 2187 2069 2260 ipsam

472 2287 631 2359 plane
668 2280 1054 2355 perfectionem
1085 2278 1220 2334 satis
1256 2285 1443 2349 aperte
1485 2287 1649 2351 atque
1687 2278 1931 2339 dilucide
1960 2300 2069 2356 pu-

470 2387 655 2435 tamus
684 2388 1014 2447 expressam.
1037 2370 1184 2442 Quid
1211 2371 1361 2427 enim
1387 2378 1567 2443 potest
1589 2387 1707 2430 esse
1735 2373 2062 2449 perfectius,

470 2473 672 2548 quidve
700 2469 1011 2538 sublimius,
1050 2482 1216 2541 quam
1253 2467 1356 2523 Dei
1386 2468 1714 2525 memoriam
1749 2477 1865 2525 tam
1907 2487 2064 2528 com-

475 2568 735 2642 pendiosa
760 2563 1111 2623 meditatione
1139 2561 1430 2634 complecti
1439 2603 1454 2627 ,
1487 2570 1649 2634 atque
1671 2572 1698 2600 ι
1719 2564 1883 2622 unius
1912 2567 2072 2623 versi-

468 2661 577 2719 culi
626 2660 963 2719 volutatione
988 2674 1021 2715 a
1060 2656 1269 2715 cunctis
1296 2656 1585 2714 visibilium
1606 2658 1860 2716 terminis
1886 2658 2070 2717 demi-

463 2771 656 2830 grare,
686 2761 741 2812 et
786 2749 1196 2827 quodammodo
1225 2748 1459 2808 affectus
1488 2752 1805 2808 orationum
1834 2760 2065 2810 cuncta-

2187 400 2335 474 quod
2355 409 2602 474 superest
2618 444 2635 470 ,
2659 401 2839 457 adhuc
2876 399 3040 457 nobis
3058 415 3342 472 precamur
3364 402 3590 473 exponi,
3611 416 3786 474 quem-

2188 495 2491 552 admodum
2537 495 2683 551 hunc
2725 493 2982 552 eumdem
3035 492 3367 551 versiculum
3413 510 3583 567 quem
3633 497 3784 556 nobis

2190 589 2309 647 vice
2334 587 2593 645 formula:
2615 587 2908 657 tradidisti,
2937 586 3205 646 stabiliter
3232 588 3471 644 retinere
3497 590 3782 662 possimus,

2190 689 2253 737 ut
2276 681 2416 738 sicut
2448 697 2542 753 per
2586 682 2687 739 Dei
2716 681 2947 754 gratiam
2974 696 3168 738 sumus
3197 697 3230 737 a
3266 682 3615 740 saecularium
3644 686 3785 759 cogi-

2190 775 2471 831 tationum
2502 775 2724 847 ineptiis
2746 774 2953 831 liberati
2973 817 2988 844 ,
3013 774 3087 831 ita
3126 773 3399 847 spiritales
3418 790 3665 850 quasque
3689 778 3785 836 im-

2193 867 2467 927 mobiliter
2486 868 2842 925 retineamus.

2758 1006 2997 1064 CAPUT
3053 1005 3217 1061 XIII.

2509 1127 2586 1180 De
2629 1124 3006 1179 mutabilitate
3048 1124 3458 1192 cogitationum.

2260 1247 2400 1303 Cum
2422 1244 2574 1302 enim
2592 1238 2620 1277 δ
2642 1245 2941 1317 capitulum
2963 1243 3249 1317 cujuslibet
3273 1244 3468 1317 psalmi
3500 1260 3658 1304 mens
3684 1263 3787 1306 no-

2185 1348 2298 1397 stra
2323 1340 2654 1413 conceperit,
2699 1339 3084 1396 insensibiliter
3111 1354 3177 1396 eo
3214 1339 3523 1410 subtracto,
3558 1340 3630 1398 ad
3654 1342 3785 1400 alte-

2185 1435 2299 1492 rius
2328 1434 2620 1505 Scripturae
2647 1442 2867 1491 textum
2898 1433 3149 1491 nesciens
3173 1422 3517 1507 stupensque
3552 1436 3785 1495 devolvi-

2185 1534 2294 1584 tur.
2352 1528 2597 1600 Cumque
2628 1526 2761 1584 illud
2800 1527 2856 1583 in
2898 1528 3194 1600 semetipsa
3238 1529 3469 1601 cmperit
3503 1530 3779 1601 volutare,

2185 1620 2422 1678 necdum
2451 1621 2544 1679 illo
2573 1620 2641 1678 ad
2670 1622 2945 1695 integrum
2990 1622 3288 1692 ventilato,
3336 1622 3531 1679 oborta
3567 1623 3781 1682 alterius

2107 1721 2156 1785 Β
2183 1715 2484 1773 testimonii
2532 1716 2819 1785 memoria,
2858 1715 3268 1775 meditationem
3297 1718 3538 1775 materias
3580 1719 3779 1791 prioris

2181 1807 2440 1879 excludit,
2465 1807 2533 1866 de
2557 1808 2660 1865 hac
2685 1825 2902 1883 quoque
2924 1809 2996 1867 ad
3029 1809 3282 1880 alteram,
3310 1811 3642 1867 subintrante
3669 1812 3774 1869 alia

2182 1901 2533 1959 meditatione
2577 1899 2924 1973 transfertur,
2969 1910 3025 1959 et
3067 1903 3144 1960 ita
3188 1903 3399 1959 animus
3445 1918 3662 1976 semper
3705 1903 3777 1962 de

2182 1995 2394 2068 psalmo
2421 2003 2632 2053 rotatas
2671 1994 2741 2053 ad
2768 1996 3067 2068 psalmum,
3096 1995 3166 2055 de
3206 1995 3480 2070 Evangelii
3525 2005 3679 2053 textu
3714 1996 3780 2055 ad

2181 2090 2426 2163 Apostoli
2468 2090 2782 2147 transiliens
2833 2090 3121 2148 lectionem
3139 2132 3155 2160 ,
3197 2091 3268 2148 de
3309 2092 3415 2148 hac
3451 2107 3676 2165 quoque
3715 2091 3779 2150 ad

2179 2185 2493 2260 prophetica
2520 2184 2809 2243 devolutus
2853 2185 3087 2260 eloquia,
3116 2195 3173 2243 et
3199 2187 3393 2244 exinde
3423 2187 3494 2244 ad
3518 2187 3777 2260 quasdam

2178 2282 2447 2355 spiritales
2486 2281 2699 2341 delatus
2728 2281 3019 2352 historias,
3053 2297 3151 2354 per
3179 2298 3346 2340 omne
3379 2282 3777 2354 Scripturarum

2177 2391 2377 2448 corpus
2401 2374 2667 2432 instabilis
2689 2391 2963 2450 vagusque
2977 2375 3248 2449 jactatur;
3272 2376 3403 2432 nihil
3425 2392 3521 2449 pro
3548 2377 3778 2434 arbitrio

2174 2484 2276 2527 suo
2321 2468 2623 2541 praevalens
2671 2469 2751 2525 vel
2787 2469 3020 2542 abjicere
3071 2471 3155 2527 vel
3205 2478 3410 2539 tenere,
3452 2486 3553 2527 nec
3614 2471 3777 2544 pleno

2175 2564 2473 2637 quidquam
2498 2563 2707 2636 judicio
2756 2572 2813 2621 et
2866 2564 3263 2623 examinatione
3304 2565 3450 2623 finiri
3473 2607 3490 2634 ,
3530 2567 3774 2640 palpator

2176 2659 2564 2717 tantummodo
2581 2659 2903 2732 spiritalium
2923 2673 3184 2717 sensuum
3203 2676 3266 2717 ac
3288 2660 3635 2733 degustator,
3661 2677 3771 2720 non

2173 2759 2463 2824 generator
2484 2767 2588 2809 nec
2624 2767 2908 2824 possessor
2933 2750 3201 2824 effectus;
3244 2748 3269 2777 θ
3307 2760 3472 2825 atqne
3512 2754 3593 2812 ita
3621 2769 3776 2814 meus

1559 2877 1817 2932 ALABDI
1853 2878 2081 2933 GAZEI
2117 2875 2674 2933 COMMENTARIUS.

467 2986 722 3042 dentibus
756 2990 810 3038 et
830 2979 1298 3053 consequentibus
1314 2978 1572 3053 cohaeret.
1606 2984 1677 3034 At
1701 2981 1938 3053 plerique
1963 2982 2053 3038 alii

2158 2998 2285 3039 rans
2307 3002 2323 3037 :
2345 2984 2474 3056 Eia,
2491 2985 2688 3053 inquit,
2712 2999 2813 3039 cur
2830 2984 3135 3040 dormites?
3154 2985 3597 3056 (lackinnansque
3620 2988 3771 3044 desu-

470 3056 677 3127 habens
720 3069 734 3106 :
780 3053 1054 3127 Magistris
1071 3050 1383 3127 affectibus
1416 3050 1816 3127 erucliti.__Quos
1842 3050 2062 3111 secutus
2099 3060 2143 3123 C
2164 3071 2285 3124 per,
2305 3070 2425 3110 cum
2437 3050 3526 3127 defeﬁsset,anhordeumvelletaccipere,
3540 3062 3770 3115 sciscita-

468 3123 855 3195 Paraphrastes
876 3118 902 3177 ἐ
928 3121 1181 3195 Eruditi,
1213 3118 1423 3195 inquit,
1470 3118 1755 3190 aﬂ'ectibus
1786 3127 2059 3194 propriis,

464 3190 745 3271 tamquam
789 3193 1087 3271 magistris,
1103 3190 1411 3271 Apalpemus
1438 3207 1543 3271 ea,
1596 3208 1702 3248 non
1756 3190 1919 3271 gigas?
1956 3212 2060 3250 au-

458 3261 610 3330 dita}
654 3273 795 3337 etc.,
845 3261 970 3337 qua:
998 3269 1052 3319 et
1096 3261 1337 3320 Gallicus
1374 3261 1640 3335 interpres
1694 3261 1861 3322 verbo
1901 3273 2078 3325 tenus

463 3345 743 3464 “fruiti:
776 3406 986 3463 scilicet
1031 3403 1281 3462 versiculi
1334 3422 1346 3460 :
1398 3409 1569 3469 Deus,
1614 3408 1678 3463 in
1723 3407 2058 3477 adjutorium

460 3494 638 3535 meum
662 3480 894 3545 intende,
921 3487 1048 3543 etc.,
1076 3477 1145 3532 de
1172 3491 1281 3547 quo
1305 3492 1469 3547 supra
1496 3476 1651 3601 SCap.
1695 3476 1803 3549 10).

531 3543 558 3580 δ
585 3549 893 3601 Canitulum
925 3563 1024 3601 oro
1053 3554 1401 3601 argumento.
1442 3562 1503 3601 ve
1552 3564 1650 3601 nro
1679 3565 1803 3601 exor

531 3543 558 3580 ³³
585 3543 1024 3619 Capitulumpro
1053 3543 1401 3619 argumento}
1430 3543 1523 3619 _vel
1550 3543 1650 3619 pro
1679 3543 1905 3605 exordio
1940 3549 2054 3607 sive

458 3616 739 3691 principio,
773 3616 1033 3691 sumitur;
1063 3616 1342 3691 quomodo
1369 3616 1649 3691 etiam'D.
1686 3619 2054 3691 Hieronymus

455 3689 769 3762 (Inerwest.
801 3689 961 3745 Hebr.
975 3693 1046 3762 et
1054 3690 1123 3762 _in
1140 3690 1249 3762 _Isa.
1280 3703 1325 3762 ᾳ.
1352 3701 1504 3762 senx
1531 3692 1582 3743 et
1616 3690 1677 3743 in
1708 3689 1906 3746 Ezech.‘
1928 3706 2049 3762 cap.

456 3756 528 3832 ir)
557 3756 685 3832 legit
708 3768 763 3816 et
780 3758 1014 3832 exponit
1033 3757 1164 3814 illud
1187 3756 1379 3832 psalmi
1409 3774 1601 3832 xxx_1_x
1637 3776 1651 3814 :
1682 3762 1747 3832 In
1775 3763 1950 3832 capite
1972 3756 2054 3818 uel

454 3829 764 3912 i_n'cap'itulo
784 3829 909 3912 libri
928 3831 1190 3912 scriptum
1211 3834 1286 3884 est
1306 3829 1496 3912 deme,
1514 3829 1569 3887 id
1585 3837 1688 3898 est,
1712 3830 1765 3885 in
1783 3829 2049 3912 principio

449 3901 732 3975 Geneseos
751 3903 832 3958 vel
854 3901 911 3955 in
935 3901 1214 3975 Scriptura
1245 3908 1452 3975 sancta,
1483 3916 1609 3972 quae
1631 3901 1935 3975 unusliber
1950 3901 2047 3975 ap-

453 3974 703 4045 pellatur.
738 3977 907 4045 Porro
935 3970 1238 4045 Dionysius
1267 3970 1373 4045 _hoc
1398 3970 1519 4045 loco
1538 3987 1641 4045 pro
1679 3973 1914 4043 capitulo
1946 3970 2050 4045 po-

450 4041 562 4102 suit
589 4060 809 4101 versum
835 4042 1064 4115 alicujus
1086 4041 1301 4115 psalmi,
1330 4058 1440 4115 quo
1470 4041 1682 4115 videtur
1722 4041 2047 4115 quemcum-

450 4131 556 4188 que
582 4133 796 4172 versum
819 4112 1111 4188 cujuslibet
1147 4112 1342 4186 psalmi
1369 4113 1691 4186 intelligere.
1736 4112 1905 4187 Quod
1945 4131 2047 4173 nec

446 4187 608 4244 velim
636 4187 964 4259 improbare.

518 4267 539 4294 ε
582 4254 732 4314 Hanc
769 4257 969 4314 mentis
1014 4254 1424 4329 instabilitatem
1467 4264 1522 4312 et
1572 4257 1945 4329 evagationem
1986 4258 2041 4314 in

446 4329 696 4402 oratione
722 4329 971 4402 deplorat
1010 4327 1177 4382 etiam
1216 4330 1294 4402 _D.
1325 4327 1697 4402 Hieronymus
1720 4327 1786 4402 in_
1810 4328 2040 4402 Dialogo

444 4397 701 4468 adversus
726 4396 1121 4468 Luciferianos,
1148 4397 1295 4452 velut
1323 4396 1619 4468 personam
1639 4398 1926 4455 hominum
1954 4396 2043 4455 in-

441 4466 772 4541 devotorum
800 4467 853 4521 in
894 4482 952 4522 se
979 4466 1373 4541 repraesentans
1413 4484 1429 4521 :
1466 4469 1560 4541 Act
1604 4473 1918 4541 orationem,
1959 4471 2043 4526 in-

441 4537 583 4611 quit,
615 4540 824 4603 assisto;
853 4552 958 4593 non
987 4552 1190 4592 orarem
1215 4540 1267 4592 si
1285 4553 1392 4592 non
1414 4539 1701 4611 crederem;
1725 4541 1820 4595 sed
1844 4537 2039 4597 si'vere

438 4609 732 4680 (hederam,
775 4611 915 4665 illud
951 4625 1058 4673 cor,
1096 4624 1199 4678 quo
1239 4612 1379 4664 Deus
1419 4609 1649 4672 videtur,
1685 4611 2034 4678 mandarem,

439 4686 687 4740 manibus
736 4683 1014 4739 tunderem
1044 4686 1252 4751 pectus,
1281 4695 1444 4754 genas
1477 4681 1729 4754 lacrymis
1767 4683 2033 4754 rigorem,

438 4771 650 4826 corpore
677 4756 1105 4819 inhorrescerem,
1135 4768 1225 4807 ore
1254 4752 1534 4826 pallerem_,
1556 4752 1792 4822 jacerem
1829 4754 1903 4808 ad
1934 4752 2037 4811 Do;

436 4824 575 4880 mini
593 4830 701 4881 mei
716 4827 896 4895 pedes,
928 4840 1114 4895 eosque
1132 4825 1261 4893 ﬂetu
1277 4824 1684 4894 perfunderem,
1707 4827 1851 4879 crine
1877 4830 2039 4896 terge-

436 4911 569 4963 rem,
589 4898 840 4951 haererem
859 4902 996 4951 certo
1016 4902 1202 4951 trunco
1222 4898 1410 4959 crucis,
1432 4911 1526 4950 nec
1539 4898 1696 4966 prius
1711 4899 2032 4963 amitterem,

430 4983 598 5037 quam
611 4968 1036 5021 misericordiam
1051 4969 1411 5036 impetrarem.
1427 4970 1577 5023 Nunc
1587 4983 1709 5023 vero
1724 4969 2033 5025 creberrime

431 5042 489 5095 in
518 5041 758 5096 oratione
780 5052 898 5093 mea
921 5051 1018 5106 per
1040 5039 1278 5106 porticus
1305 5039 1602 5103 deambula,
1634 5043 1729 5094 aut
1758 5041 1824 5094 de
1846 5042 2033 5108 fenore

430 5117 694 5190 computo,
726 5114 825 5190 aut
848 5108 1112 5190 abductus
1138 5111 1311 5190 _turpi
1329 5113 1867 5190 cog_itatione,_etiam
1882 5184 1892 5190 .
1907 5128 2029 5190 qua:

426 5179 588 5239 dictis
632 5179 983 5238 erubescenda
1022 5183 1151 5233 sunt
1187 5195 1327 5247 gero.
1367 5183 1471 5236 Ubi
1511 5186 1589 5236 est
1616 5182 1791 5249 ﬁdes?
1828 5179 2029 5237 Siccine

421 5260 685 5323 putamus
713 5266 892 5308 orasse
920 5254 1109 5305 Jonam
1121 5252 1150 5305 ?
1166 5252 1255 5307 Sic
1279 5256 1382 5306 tres
1394 5254 1629 5322 pueros?
1649 5252 1738 5307 Sic
1757 5254 2027 5323 Danielem

428 5321 569 5380 inter
587 5327 819 5396 Leones?
840 5324 929 5380 Sic
952 5323 1212 5377 latronem
1238 5321 1502 5396 incruce?
1532 5324 1614 5396 Ita
1749 5321 2025 5396 Hierony-

424 5410 570 5453 mus.
605 5398 726 5453 Hoc
752 5395 937 5468 ipsum
963 5401 1216 5465 expertus
1239 5392 1413 5468 etiam
1436 5392 1614 5468 est_§.
1642 5390 1919 5468 Hilarion,
1955 5390 2023 5452 de

424 5482 533 5538 quo
562 5469 706 5523 idem
733 5464 796 5524 D'.
831 5464 1203 5538 Hieronymus
1230 5464 1312 5536 (In
1344 5465 1471 5520 Vita
1494 5464 1809 5532 Hilarion.)
1840 5483 1852 5519 :
1886 5466 2021 5522 Ora-

425 5536 536 5601 bat,
559 5539 752 5607 inquit,
776 5539 935 5594 semel
961 5536 1070 5607 ﬁmb
1095 5539 1156 5592 in
1189 5540 1390 5591 terram
1418 5538 1626 5606 capite,
1652 5539 1704 5590 et
1726 5540 1787 5591 ut
1815 5541 2019 5593 natura

419 5609 536 5675 fert
581 5610 850 5662 hominum
864 5651 881 5671 ,
913 5609 1146 5663 abducta
1169 5608 1237 5662 ab
1260 5610 1497 5662 oratione
1519 5622 1665 5662 mens
1691 5608 1864 5664 nescio
1884 5611 2018 5678 quid

419 5679 577 5735 aliud
613 5680 900 5749 cogitabat.
930 5680 1133 5734 Insiliit
1178 5680 1336 5733 dorso
1372 5678 1490 5747 ejus
1516 5680 1749 5746 festinus
1777 5682 2016 5750 agitator

418 5750 704 5823 (diabolus)
734 5755 786 5806 et
814 5751 990 5805 latera
1017 5750 1276 5815 calcibus,
1303 5751 1554 5808 cervicem
1589 5752 1799 5823 ﬂagello
1827 5753 2014 5810 verbe-

2173 3126 2349 3197 batur.
2373 3127 2506 3182 Haec
2530 3127 2922 3197 Hieronymus.
2944 3128 3218 3184 Caeterum
3239 3128 3308 3184 de
3327 3126 3657 3197 evagatione
3676 3146 3769 3188 seu

2170 3195 2517 3254 distractione
2541 3195 2755 3253 mentis
2770 3197 2825 3252 in
2849 3198 3091 3255 oratione
3132 3198 3397 3255 videndus
3432 3195 3534 3255 hic
3571 3202 3771 3259 Turre.

2168 3276 2459 3340 crematus,
2492 3269 2585 3340 qui
2613 3268 2713 3324 hac
2744 3267 2811 3325 de
2829 3284 2887 3325 re
2904 3268 3031 3324 satis
3058 3270 3277 3340 copiose
3301 3270 3523 3326 disserit
3536 3280 3769 3331 tractatu

2168 3345 2236 3393 77
2268 3339 2322 3411 in
2346 3339 2615 3411 Regulam
2638 3343 2705 3396 D.
2730 3340 3033 3405 Benedicti,
3064 3339 3157 3396 ubi
3181 3340 3301 3397 haec
3318 3342 3460 3397 inter
3486 3343 3633 3398 alia:
3662 3348 3773 3401 No-

2164 3410 2397 3492 tandum
2413 3410 2570 3492 _quod
2592 3426 2719 3492 cum
2747 3426 2848 3492 cor
2859 3412 3236 3492 evagationem
3262 3413 3466 3492 patitur
3492 3413 3547 3468 in
3573 3416 3773 3492 oratio-

2164 3481 2348 3552 nibus,
2378 3481 2670 3552 aliquando
2697 3481 2898 3538 accidit
2924 3481 2988 3537 ei
3020 3481 3336 3539 inﬁrmitate
3366 3483 3628 3549 humana,
3660 3488 3770 3542 ali-

2164 3550 2385 3636 quando
2412 3550 2483 3636 e_x'
2507 3553 2854 3636 negligentia,
2875 3553 3164 3636 aliquando
3189 3569 3253 3610 ex
3280 3552 3586 3636 proposito.
3618 3558 3773 3636 Licet

2161 3630 2345 3677 autem
2369 3629 2554 3703 totum
2578 3623 2649 3679 Sit
2661 3623 3112 3703 reprehensibile,
3133 3623 3317 3703 tamen
3338 3623 3576 3703 tertium
3590 3631 3771 3703 magis

2162 3707 2329 3769 quam
2355 3693 2677 3769 secundum,
2703 3702 2759 3750 et
2783 3694 3084 3769 secundum
3112 3697 3280 3769 magis
3304 3712 3466 3769 quam
3490 3693 3769 3767 primum.

2162 3766 2300 3838 Item
2328 3771 2459 3838 sunt
2478 3764 2731 3838 quaedam
2756 3766 3109 3838 cogitationes
3138 3764 3543 3838 de'quibusdain
3569 3785 3778 3827 neces-

2159 3833 2337 3909 sariis,
2366 3833 2512 3909 sicut
2523 3851 2651 3909 cum
2660 3833 2952 3909 incumbit
2969 3837 3129 3894 alicui
3159 3836 3222 3894 de
3239 3833 3351 3909 quo
3375 3845 3595 3907 oportet
3624 3856 3778 3900 eum

2157 3906 2420 3981 cogitare.
2443 3908 2541 3981 _De
2566 3907 2761 3975 quibus
2804 3907 3034 3965 habetur
3078 3906 3317 3981 Sapient.
3356 3906 3425 3964 rx
3463 3926 3477 3963 :
3512 3912 3773 3970 Terrena

2155 3979 2405 4049 cogitatio
2420 3979 2676 4049 deprimit
2690 3994 2901 4035 sensum
2919 3981 3093 4035 multa
3112 3979 3445 4049 cogitantem.
3470 3980 3613 4037 Aliae
3631 3994 3773 4041 sunt

2157 4048 2430 4137 vanitatis,
2455 4048 2523 4133 de
2547 4050 2743 4120 quibus
2774 4050 3058 4134 Psalmista
3092 4070 3106 4108 :
3560 4058 3771 4137 cogita-

2157 4122 2325 4196 tiones
2335 4120 2638 4196 ]tominum,
2651 4124 2911 4191 quoniam
2923 4138 3080 4177 vana
3093 4128 3242 4178 sunt.
3261 4123 3396 4179 Aliae
3410 4131 3541 4179 sunt
3561 4120 3769 4196 iniqui-

2154 4190 2302 4277 tatis,
2328 4192 2509 4277 μ
2534 4212 2546 4248 :
2576 4190 2845 4277 Perversa
2883 4195 3539 4277 cogitationesseparant
3560 4213 3595 4250 a

2152 4262 2216 4316 In
2245 4262 2580 4338 orationibus
2624 4262 3054 4338 cavendumest
3095 4281 3127 4321 a
3168 4262 3393 4338 primis;
3443 4265 3541 4338 sed
3580 4267 3767 4338 plusa

2151 4331 2434 4408 secundis,
2472 4332 2592 4408 plus
2618 4349 2662 4408 a‘
2689 4334 2897 4408 tertiis._
2921 4339 3062 4391 Item
3106 4331 3363 4408 quaedam
3384 4331 3766 4408 cogitationes

2074 4432 2124 4495 υ
2153 4402 2489 4495 etram
2508 4402 3217 4495 ίῐξῑαξὶξξξοξιθὲεβῐιξρυιιῐυέ
3236 4402 3497 4495 sum"?
3513 4425 3579 4465 ει
3595 4410 3763 4482 αλιυδ

2153 4472 2595 4553 ρτφοεὰθῃιίρηυῐ
2622 4490 2749 4532 cum
2776 4476 2897 4553 quis
2924 4486 3051 4534 ante
3081 4472 3385 4553 orationem
3416 4480 3559 4553 adeo
3589 4472 3765 4553 vagus

2147 4552 2251 4612 est,
2281 4544 2428 4621 quod
2478 4545 2567 4621 i_lla
2616 4544 2903 4621 occasione
2927 4558 3216 4621 occurrant
3239 4551 3285 4605 ei
3326 4552 3562 4621 orando,
3612 4544 3766 4609 siEut

2144 4621 2199 4670 et
2225 4616 2545 4673 somniando
2573 4634 2697 4689 quae
2720 4618 3185 4747 eumimxediunt;
3215 4620 3471 4747 (pacmdam
3495 4616 3562 4679 ex
3592 4624 3761 4696 culpa

2146 4688 2422 4747 Drmsenti.
2453 4696 2511 4744 ut
2528 4704 2658 4745 cum
2677 4689 2906 4746 dicendo
2965 4691 3166 4747 ivinum
3192 4707 3227 4747 ο
3326 4692 3462 4747 ium.
3495 4709 3555 4747 se
3577 4709 3761 4747 occu-

2146 4688 2422 4757 prmsenti,
2453 4696 2511 4744 ut
2528 4688 2658 4745 cum
2677 4689 2906 4746 dicendo
2927 4688 3166 4748 divinum
3192 4688 3462 4759 ofﬁcium,
3495 4709 3555 4750 se
3577 4688 3762 4751 occu-

2145 4766 2240 4829 pat
2259 4758 2466 4835 i_n|aliis.
2489 4760 2735 4835 lfrimum
2758 4762 2987 4835 malum,
3005 4762 3305 4820 secundum
3328 4758 3503 4835 pejus,
3527 4765 3766 4822 tertium

2146 4830 2464 4909 pessimum.
2509 4833 2648 4887 Item
2668 4832 2896 4909 _orando
2912 4842 3208 4909 occurrunt
3235 4830 3489 4909 quaedam
3539 4837 3761 4909 cogita—

2144 4900 2321 4957 tiones
2361 4902 2521 4984 utiles
2553 4912 2610 4958 et
2640 4902 2718 4985 _de
2752 4904 3154 4985 pertinentibus
3191 4900 3268 4962 ad
3301 4900 3647 4985 orationem:
3693 4914 3763 4963 ut

2141 4986 2268 5045 cum
2296 4971 2578 5045 occasione
2606 4971 2834 5045 alicujus
2853 4975 2996 5031 verbi
3026 4977 3364 5033 occurrentis
3394 4977 3446 5033 in
3471 4971 3757 5043 oratione,

2139 5043 2343 5118 cogitat
2378 5043 2499 5118 quis
2517 5044 2720 5116 aliquid
2744 5043 2882 5118 utile
2925 5045 2994 5103 ad
3044 5046 3353 5104 faciendum
3390 5063 3755 5118 sermonem,

2141 5117 2225 5169 vel
2256 5115 2325 5171 ad
2342 5115 2654 5191 orationem
2676 5115 3112 5191 conficiendam;
3160 5119 3492 5191 quandoque
3533 5115 3761 5175 occan

2138 5195 2267 5264 runt
2294 5187 2477 5264 utiles,
2498 5187 2597 5264 _sed
2624 5187 2690 5243 de
2712 5187 3214 5264 impertipentibus’;
3238 5187 3572 5264 quandoque
3601 5207 3765 5264 qua:-

2135 5254 2263 5334 diam
2294 5258 2704 5334 impertinentes
2729 5254 3046 5334 et'inutiles,
3077 5254 3764 5334 immo-quandoque'no-

2134 5326 2285 5408 civae.
2314 5326 2515 5408 Primae
2539 5329 2744 5408 habent
2769 5326 3461 5408 aliquamAexcusationem,
3481 5326 3767 5391 secunda:

2132 5400 2427 5475 minorem,
2440 5400 2646 5475 _tertiae
2668 5400 2972 5475 minimam.
3006 5404 3320 5462 Secundum
3353 5419 3483 5475 ergo
3536 5420 3767 5475 praece-

2129 5466 2325 5548 dentes
2375 5469 2727 5548 differentias
2764 5474 3196 5548 cogitationum,
3250 5466 3445 5548 potest
3490 5466 3763 5546 adverti,

2129 5541 2348 5617 quando
2371 5542 2489 5614 plus
2507 5542 2670 5617 debet
2687 5541 2882 5601 timere
2911 5545 3037 5617 quis
3060 5541 3417 5604 conscientiae
3434 5561 3577 5617 sum,
3610 5541 3762 5605 cuni

2127 5612 2330 5686 patitur
2374 5612 2748 5686 evagationem
2796 5612 3190 5686 cogitationum
3243 5620 3298 5675 in
3329 5612 3573 5675 orando.
3604 5621 3763 5676 Hec

2125 5683 2592 5742 Turrecrematus.
2624 5686 2821 5744 Subdit
2846 5683 3039 5745 deinde
3062 5690 3278 5747 salubre
3326 5690 3612 5747 monitum
3655 5694 3749 5746 D.

2124 5754 2387 5813 Bernardi
2432 5759 2617 5829 (Serm.
2664 5762 2730 5816 47
2770 5761 2828 5816 in
2869 5762 3024 5821 Cant.
3044 5766 3095 5832 ),
3129 5761 3325 5822 eodem
3371 5772 3632 5837 spectans
3684 5762 3751 5819 in
