4040 6206
265 249 276 256 ’
306 274 400 330 ειη

305 489 452 546 velut
472 487 620 544 ebria
643 502 738 561 per
775 483 990 542 diversa
1017 483 1376 554 distrahitur,
1413 484 1627 542 nullum
1662 484 1908 544 ofﬁcium

307 590 678 654 competenter
734 579 1045 638 exsolvens.
1099 578 1262 635 Verbi
1285 578 1522 650 gratia:
1575 579 1710 637 dum
1761 591 1906 652 orat,

305 676 573 748 psalmum
599 682 697 732 aut
713 673 960 759 aliquam
974 671 1164 728 recolit
1189 671 1478 730 lectionem
1499 691 1516 741 ;
1545 672 1680 730 dum
1704 682 1908 746 cantat,

305 767 456 826 aliud
491 766 626 841 quid
666 765 967 824 meditatur
1018 781 1186 837 quam
1231 773 1414 824 textus
1453 765 1622 839 ipsius
1666 769 1911 826 continet

305 861 532 934 psalmi;
579 877 708 917 cum
754 859 1044 917 lectionem
1097 859 1310 928 recitat,
1353 857 1670 918 faciendum
1711 862 1910 936 aliquid

304 955 503 1022 voluit,
527 953 794 1010 factumve
819 951 1212 1021 reminiscitur,
1241 959 1404 1025 atque
1431 952 1486 1032 in
1510 952 1654 1010 hunc
1679 953 1907 1012 modum

303 1045 438 1104 nihil
465 1045 804 1119 disciplinate
822 1060 924 1102 nec
945 1051 1254 1118 opportune
1302 1045 1560 1119 recipitur
1588 1046 1670 1104 vel
1699 1046 1904 1118 .dimit-

304 1140 458 1208 titur,
514 1138 664 1196 velut
695 1139 935 1197 fortuitis
987 1139 1072 1213 agi
1117 1139 1369 1196 videatur
1409 1139 1740 1210 incursibus;
1778 1141 1908 1198 reti-

301 1233 463 1292 nendi
484 1248 548 1290 ea
575 1233 776 1304 quibus
804 1233 1128 1303 delectatur,
1171 1233 1254 1290 vel
1304 1234 1634 1292 immorandi
1681 1236 1759 1292 eis
1793 1251 1908 1292 non

303 1326 506 1384 habens
533 1334 884 1399 potestatem.
916 1327 1296 1384 Necessarium
1324 1343 1454 1400 ergo
1494 1327 1654 1386 nobis
1682 1337 1776 1386 est
1793 1345 1906 1400 pra:

305 1419 556 1477 omnibus
573 1433 736 1476 nosse
759 1419 1230 1492 quemadmodum
1261 1419 1379 1476 haec
1397 1419 1658 1492 spiritalia
1679 1437 1903 1495 compeo

306 1519 480 1570 tenter
503 1512 714 1584 explere
743 1511 1016 1585 possimus
1043 1510 1241 1579 ofﬁcia,
1267 1512 1347 1568 vel
1383 1521 1532 1569 certe
1566 1511 1712 1570 hunc
1741 1529 1905 1572 eum-

303 1603 429 1662 dem
459 1604 778 1661 versiculum
801 1619 965 1676 quem
992 1603 1152 1661 nobis
1189 1603 1304 1660 vice
1325 1602 1582 1686 formula:
1607 1606 1901 1677 tradidisti,

1424 267 1761 326 COLLATIO
1798 271 1863 327 x.
1903 299 1974 312 -
2011 271 2102 328 DE
2139 251 2516 328 ORATIONE.

306 393 524 455 mobilis
546 408 764 466 semper
785 406 852 450 ac
877 405 1014 465 vaga
1041 391 1100 447 in
1129 397 1380 462 tempore
1400 407 1620 466 quoque
1639 409 1908 467 synaxeos
1936 401 1990 466 Α

3520 279 3626 338 842

2589 395 2830 456 CAPUT
2893 399 3050 455 XIV.

2014 543 2304 614 Responsio
2337 543 2783 614 quemadmodum
2808 545 3081 600 stabilitas
3107 547 3280 603 cordis
3305 561 3398 604 seu
3421 551 3620 617 cogita-

2496 617 2702 672 tionum
2718 618 2892 686 possit
2915 619 3143 688 acquiri.

2089 772 2280 828 Isaac:
2329 769 2484 830 Licet
2507 773 2720 846 pridem
2749 789 2919 848 super
2958 773 3063 832 hac
3111 789 3172 832 re
3213 774 3616 848 disputantibus

2016 863 2178 921 nobis
2204 863 2273 921 de
2295 865 2558 923 orationis
2583 874 2752 936 statu,
2777 875 3044 940 quantum
3069 883 3218 938 reor,
3236 869 3307 924 sit
3343 868 3617 928 sufﬁcien-

2015 963 2102 1013 ter
2127 971 2466 1030 expressum,
2496 965 2682 1016 tamen
2707 960 2833 1032 quia
2859 959 3012 1018 vobis
3035 959 3154 1018 haec
3175 960 3366 1018 eadem
3391 963 3617 1035 poscitis

2015 1048 2239 1108 interari
2267 1049 2336 1108 de
2357 1049 2772 1108 conﬁrmatione
2791 1052 2975 1110 cordis
3009 1053 3240 1111 breviter
3265 1054 3560 1114 intimabo.
3591 1061 3616 1090 ³

2015 1143 2141 1200 Tria
2163 1152 2292 1201 sunt
2313 1159 2438 1217 qum
2465 1160 2654 1219 vagam
2679 1153 2929 1202 mentem
2951 1146 3206 1204 stabilem
3229 1146 3451 1219 faciunt,
3480 1149 3620 1223 vigi-

2013 1235 2122 1307 liae,
2141 1235 2425 1294 meditatio
2451 1244 2508 1294 et
2529 1232 2724 1294 oratio.
2781 1239 3028 1308 Quarum
3070 1239 3354 1296 assiduitas
3383 1249 3439 1297 et
3466 1241 3616 1314 jugis

1991 1322 2238 1387 'intentio
2259 1327 2550 1388 conferunt
2574 1330 2774 1388 animae
2814 1330 3064 1388 stabilem
3103 1330 3441 1389 ﬁrmitatem.
3481 1334 3616 1403 Qua:

2017 1429 2206 1480 tamen
2232 1422 2368 1481 alias
2390 1425 2540 1482 nullo
2577 1423 2752 1482 modo
2806 1411 3062 1498 pdterunt
3113 1425 3460 1499 apprehendi,
3511 1427 3618 1484 nisi

2011 1531 2107 1588 per
2125 1515 2328 1590 operis,
2357 1531 2469 1574 non
2495 1517 2869 1591 philargyriae,
2916 1519 3014 1576 sed
3041 1519 3210 1576 sacris
3231 1519 3463 1578 coenobii
3496 1521 3615 1578 usi—

2008 1607 2113 1666 bus
2143 1608 2374 1667 dedicati
2410 1609 2800 1684 infatigabilem
2827 1612 3114 1685 jngitatem
3157 1628 3352 1670 omnes
3391 1615 3615 1670 omnino

305 1697 656 1755 immobiliter
683 1697 977 1766 custodire,
998 1705 1062 1755 ut
1084 1697 1338 1755 omnium
1375 1713 1635 1756 sensuum
1659 1707 1812 1758 ortus
1836 1716 1901 1758 ac
1926 1774 1955 1776 _
2007 1701 2404 1760 sollicitudines
2431 1710 2487 1759 et
2511 1717 2658 1760 curae
2707 1703 2832 1760 vita:
2882 1704 3171 1776 praesentis
3222 1705 3374 1776 prius
3412 1702 3615 1761 fuerint

303 1791 426 1850 ﬁnis
449 1809 561 1850 non
589 1793 648 1850 in
669 1807 768 1850 sua
783 1791 1123 1851 volubilitate
1165 1791 1452 1864 ﬁuctuent,
1503 1793 1600 1852 sed
1625 1794 1682 1852 in
1710 1803 1897 1854 nostra
1923 1774 1973 1838 Β
2008 1795 2295 1868 abdicata,
2323 1805 2386 1854 ut
2408 1796 2478 1854 ita
2505 1796 2639 1855 illud
2659 1774 3045 1870 Apostolicum
3069 1774 3414 1870 mandatum,
3442 1787 3470 1831 ά
3491 1802 3615 1857 Sine

304 1886 506 1946 ditione
533 1887 854 1946 consistant.

2004 1893 2402 1948 intermissione
2451 1907 2626 1956 orare,
2682 1891 2960 1964 possimus
3002 1891 3251 1964 implere.
3313 1893 3612 1966 Perparum

1392 2027 1648 2084 ALARDI
1685 2028 1912 2084 GAZEI
1949 2025 2512 2116 COM/MENTARIUS.

302 2139 425 2198 haec
461 2139 670 2214 verba:
707 2142 813 2196 Vos
843 2141 1399 2214 meno,idilectissimi,
1451 2157 1596 2212 pure
1614 2158 1822 2214 semper
1841 2159 1904 2199 ac

306 2217 526 2268 strenue
536 2212 736 2282 divinis
756 2214 1006 2267 interesse
1015 2213 1271 2267 laudibus
1287 2231 1306 2278 ;
1325 2227 1483 2282 pure,
1496 2217 1559 2267 ut
1570 2212 1900 2278 nihilaliud,

305 2283 440 2354 dum
458 2281 712 2352 psallitis,
733 2299 894 2353 quam
913 2284 1302 2354 quodpsallitis
1326 2281 1602 2353 cogitetis;
1623 2300 1716 2340 nec
1733 2286 1904 2340 solum

302 2353 422 2408 dico
449 2355 698 2408 vitandas
716 2356 1060 2423 cogitationes
1080 2369 1253 2410 vanas
1283 2358 1355 2410 .et
1386 2355 1583 2410 otiosas
1611 2375 1623 2410 :
1663 2357 1904 2411 vitandae

300 2427 433 2496 sunt
459 2427 510 2496 et
536 2425 664 2488 illce,
686 2425 782 2480 illa
803 2425 1095 2480 dumtaxat
1111 2427 1262 2488 hora,
1293 2429 1344 2479 et
1365 2425 1600 2489 illoloco,
1626 2442 1763 2496 quas
1775 2429 1904 2496 ofﬁ-

299 2495 460 2550 ciales
473 2495 679 2561 fratres
690 2511 792 2566 pro
807 2498 1076 2552 communi
1086 2499 1409 2559 necessitate,
1427 2499 1589 2566 quasi
1609 2495 1904 2554 necessario

301 2567 614 2635 frequenter
630 2567 911 2622 admittere
935 2568 1338 2636 compelluntur.
1360 2567 1465 2624 Sed
1480 2583 1548 2622 ne
1569 2569 1668 2622 illa
1686 2569 1904 2638 quidem

294 2638 540 2707 profecto
569 2639 802 2708 recipere
830 2642 957 2693 tunc
980 2640 1352 2702 consuluerim,
1381 2653 1503 2707 quce
1545 2639 1690 2705 forte
1735 2641 1902 2708 paulo

301 2713 430 2762 ante
455 2710 514 2762 in
541 2709 774 2764 claustro
798 2709 1037 2764 sedentes
1059 2711 1118 2763 in
1137 2710 1312 2764 codice
1333 2710 1602 2778 legeratis.
1647 2709 1899 2764 Salubria

224 2814 261 2869 ς
297 2783 446 2869 fit???
463 2779 1708 2869 ξφπρῖηίηιεέιιφεαξεξδῖίξςτξητενρξξιέἕφφιξφ
1725 2781 1900 2869 Ϊθῖἓῖίῗζῖ

298 2851 446 2922 uitis.
470 2851 710 2921 Spiritus
719 2854 860 2906 enim
875 2857 1088 2906 sanctus
1113 2852 1208 2906 illa
1219 2853 1350 2907 hora
1359 2855 1575 2920 gratum
1584 2867 1694 2905 non
1705 2853 1900 2922 recipit

298 2921 572 2991 quidquid
589 2923 746 2976 aliud
763 2939 924 2992 quam
941 2923 1114 2985 debes,
1130 2923 1360 2992 neglecto
1376 2938 1433 2978 eo
1457 2923 1600 2992 quod
1613 2922 1787 2991 debes,
1808 2921 1902 2978 0b-

300 2992 513 3047 tuleris.
545 2994 622 3048 lta
652 2992 812 3049 divus
840 2994 1172 3049 Bernardus.

371 3071 398 3098 ⁸
427 3063 596 3135 Multa
623 3063 705 3119 his
729 3071 1093 3120 consentanea
1139 3061 1378 3133 reperies
1399 3061 1546 3133 apud
1574 3065 1643 3119 D.
1692 3064 1903 3135 Grego-

297 3133 448 3190 rium
473 3134 564 3190 lib.
610 3150 762 3190 xxvr
788 3135 980 3190 Mora].
1013 3149 1062 3189 c.
1097 3136 1166 3188 36
1191 3141 1246 3189 et
1273 3136 1364 3201 37,
1390 3140 1446 3188 et
1475 3135 1534 3190 S.
1563 3133 1901 3191 Bcrnardum

294 3203 397 3284 lib;
427 3204 496 3284 de
521 3205 766 3262 interiori
784 3205 964 3284 _domo
997 3221 1046 3284 (ξ.
1079 3207 1147 3284 54
1175 3212 1230 3259 et
1253 3218 1368 3274 seq.
1471 3271 1483 3284 ⁸
1549 3271 1560 3284 ⁸

371 3268 399 3307 ¹³
426 3277 542 3332 Hac
568 3275 830 3333 sententia
872 3275 1188 3346 continetur
1227 3289 1295 3346 ex
1327 3268 1654 3346 'exprimitnr
1689 3288 1902 3346 Ascopus

295 3353 358 3404 et
383 3356 770 3419 argumentum
791 3347 957 3418 hujus
974 3345 1298 3419 collationis,
1329 3343 1494 3419 quam
1518 3351 1574 3399 et
1584 3343 1770 3419 titulus
1788 3343 1900 3419 prae

293 3432 362 3474 se
378 3413 512 3489 AfeFt,
542 3419 804 3475 nimirum
836 3413 906 3475 de
930 3417 1189 3489 qualitate
1203 3425 1259 3489 e_t
1272 3413 1594 3489 assiduitate
1604 3413 1876 3489 orationis

293 3455 460 3560 ἓὶᾒῖἷὲ
475 3455 1517 3560 "i333};'ékﬁféd‘é'iiiiﬁ‘éﬁ‘iuaique
1554 3455 1896 3560 distulimus:
1923 3461 1969 3524 C

293 3555 514 3616 Similes
536 3577 662 3617 vero
691 3555 973 3616 sententiae
995 3559 1196 3632 passim
1227 3558 1282 3632 in
1303 3555 1597 3632 Scripturis
1620 3556 1894 3632 leguntur.

293 3632 384 3688 Ut
409 3647 488 3702 ps.
507 3647 740 3688 xxxm:
763 3630 1076 3688 Benedicam
1095 3631 1382 3702 Dominum
1403 3631 1460 3684 in
1483 3630 1894 3702 omnitempore,

293 3700 503 3774 semper
529 3705 647 3759 laus
671 3705 784 3774 ejus
813 3705 870 3758 in
897 3719 986 3759 ore
1002 3719 1133 3758 meo.
1165 3701 1292 3758 Eccl
1320 3714 1470 3757 vm:
1515 3701 1628 3755 Non
1647 3700 1898 3770 impedia-

292 3773 380 3827 ris
402 3789 558 3830 orare
584 3773 802 3845 semper.
837 3777 969 3830 Luc.
996 3789 1186 3830 xvm.
1226 3774 1444 3845 Oportet
1489 3785 1694 3845 semper
1716 3787 1892 3840 orare,

293 3847 352 3898 et
375 3860 666 3916 numquam
687 3843 922 3915 deﬁcere.
940 3847 1074 3900 Luc.
1088 3860 1169 3900 xx
1179 3860 1226 3906 1,:
1247 3843 1502 3916 Vigilate,
1514 3844 1897 3916 omnitempore

291 3912 529 3970 orantes:
561 3919 632 3969 Et
659 3931 708 3969 c.
740 3912 838 3970 ult.
869 3935 882 3968 :
905 3918 1078 3969 Erant
1103 3927 1309 3980 semper
1323 3914 1382 3963 in
1407 3912 1598 3980 templo
1617 3912 1898 3980 laudantes

289 3989 350 4057 et
379 3986 732 4057 benedicentes
762 3988 946 4057 Deum.
979 3981 1084 4037 Sed
1111 3978 1230 4057 haec
1249 3978 1525 4057 quomodo
1553 3979 1899 4057 intelligenda

293 4055 436 4126 sint,
457 4053 653 4126 merito
694 4051 978 4120 quaeritur,
1020 4065 1148 4104 cum
1185 4045 1436 4126 humana
1477 4045 1752 4126 fragilitas
1785 4064 1899 4104 non

288 4117 443 4192 ferat
469 4117 745 4192 assiduam
769 4130 824 4192 et
852 4134 1154 4192 numquam
1182 4117 1552 4192 intermissam
1571 4117 1896 4192 orationem.

295 4189 471 4262 Cujus
489 4188 818 4262 difﬁcultatis
842 4187 1024 4262 plures
1070 4189 1370 4246 solutiones
1411 4187 1902 4262 etnexplicationes

292 4259 542 4320 invenio.
570 4261 772 4330 Prima,
785 4259 1062 4332 Sémperet
1075 4259 1590 4332 sineintennissione
1612 4261 1899 4332 orandum,

290 4349 412 4405 non
441 4332 590 4405 quod
613 4329 829 4404 semper
849 4329 1174 4389 iu’oratione
1195 4329 1442 4405 occupati
1460 4345 1578 4405 esse
1601 4330 1898 4405 possimus,

290 4349 412 4392 non
441 4346 590 4405 quoa
613 4347 829 4404 semper
849 4349 905 4389 in
929 4346 1174 4389 oratione
1195 4346 1442 4456 occupati
1460 4346 1578 4386 esse
1601 4346 1898 4401 possumus,

287 4403 394 4476 sed
419 4403 566 4476 quod
591 4419 810 4476 semper
849 4411 943 4460 aut
965 4418 1142 4472 orare,
1193 4411 1287 4458 aut
1309 4417 1339 4456 a
1360 4400 1514 4476 iquid
1559 4401 1692 4476 honi
1741 4417 1903 4475 agere

290 4472 596 4532 debeamus
611 4475 628 4547 (
639 4472 873 4546 August.
901 4478 960 4530 in
978 4476 1118 4546 psal.
1134 4487 1337 4530 χχχιιι
1359 4472 1414 4544 ).’
1425 4473 1518 4528 Ille
1535 4475 1675 4528 enim
1692 4472 1902 4546 seniper

291 4552 425 4603 orat
451 4548 548 4618 qui
565 4562 774 4618 semper
799 4549 923 4602 bene
957 4549 1104 4617 agit;
1130 4551 1186 4618 et
1210 4561 1509 4618 numquam
1518 4615 1527 4618 _
1547 4549 1718 4618 cessat
1745 4562 1902 4604 orare

287 4619 398 4688 qui
422 4614 525 4674 non
551 4614 720 4674 cessdt
745 4614 1068 4686 benefacere,
1093 4617 1168 4672 ait
1191 4617 1384 4672 Glossa
1413 4614 1714 4682 ordinaria;
1734 4632 1900 4688 quam

290 4692 372 4762 1).
406 4689 648 4745 Thomas
693 4689 908 4762 clarius
935 4701 1213 4759 exponens
1251 4690 1412 4762 (2:2,
1445 4702 1500 4754 q.
1531 4691 1621 4741 83.
1667 4692 1779 4762 art.
1807 4689 1894 4762 14)

291 4758 460 4816 docet
487 4762 780 4816 orationem
819 4757 1022 4814 debere
1051 4773 1161 4814 esse
1199 4757 1499 4824 assiduam,
1530 4771 1636 4811 non
1685 4757 1898 4826 quidem

2011 2141 2450 2216 quandoquidem
2475 2149 2660 2198 actum
2688 2141 2984 2214 quemdam
3008 2139 3295 2216 manifeste
3305 2139 3610 2213 requirant,

2011 2211 2156 2270 Nam
2183 2211 2276 2286 qui
2314 2221 2441 2270 actu
2483 2221 2581 2286 aut
2605 2211 2934 2286 Anu—mquam
2979 2219 3074 2268 aut
3101 2211 3400 2286 rarissime
3429 2220 3614 2286 oraret

2011 2300 2126 2366 agn
2158 2279 2477 2366 censeretur
2519 2283 2653 2366 huic
2698 2279 2972 2366 praecepto
3012 2279 3344 2366 satisfacere,
3397 2280 3612 2366 etiamsi

2012 2352 2276 2412 affectum
2305 2355 2462 2412 illum
2486 2351 2764 2412 charitaiis
2785 2351 3062 2410 retineret.
3104 2351 3338 2408 Proinde
3381 2351 3485 2407 alia
3530 2361 3614 2409 est

2013 2424 2373 2498 expositioD.
2407 2426 2743 2498 Augustinus
2779 2425 2833 2481 in
2869 2427 2912 2498 ι.
2943 2424 3014 2480 de
3059 2425 3265 2480 Haeres.
3295 2423 3454 2498 (Cap.
3485 2423 3610 2498 57),

2011 2494 2176 2568 quam
2214 2497 2426 2568 primus
2449 2494 2554 2568 PP.
2582 2497 2841 2554 Nicolaus
2865 2495 2938 2568 Ain
2973 2509 3220 2568 respons.
3247 2494 3316 2568 ad
3361 2494 3610 2568 consulta

2009 2564 2374 2646 liulgarorum
2418 2567 2589 2646 refert
2614 2583 2679 2623 ac
2703 2565 2984 2646 sequitur
3016 2564 3178 2636 (Cap.
3203 2565 3322 2635 6|),
3367 2578 3475 2646 qua
3521 2564 3612 2646 ille

2009 2633 2206 2708 dicitur
2236 2654 2442 2708 semper
2464 2642 2516 2708 et
2539 2639 2655 2693 sine
2690 2633 3295 2708 intehnissioneorare,
3321 2633 3414 2705 qui
3461 2633 3612 2708 nullo

2009 2707 2096 2762 die
2117 2716 2268 2779 certa
2311 2702 2504 2779 orandi
2529 2716 2790 2779 tempore;
2821 2704 3208 2779 praetermittit.
3262 2702 3386 2779 Qu_o
3440 2702 3609 2759 modo

2005 2777 2176 2856 Qavid
2200 2787 2257 2835 et
2281 2776 2661 2856 Miphiboseth'
2687 2776 2901 2834 dixit'll
2928 2779 3066 2845 Reg.
3086 2844 3098 2856 _
3117 2789 3168 2856 ει.
3199 2788 3265 2856 ut
3293 2776 3406 2828 :Tu
3440 2787 3615 2856 conie-

2007 2849 2098 2920 des
2119 2865 2320 2920 panem
2344 2843 2610 2920 inmensa
2661 2864 2787 2920 mea,
2809 2843 3040 2920 semper;
3083 2843 3142 2920 id
3191 2852 3294 2912 est,
3324 2843 3610 2920 quotidie,

2012 2913 2160 2989 horis
2187 2919 2484 2977 consuetis.
2513 2920 2604 2976 Sic
2632 2921 2687 2976 S.
2721 2913 3088 2989 Hieronymus
3113 2914 3171 2970 in
3192 2930 3277 2986 ep.
3311 2913 3380 2968 22
3410 2913 3479 2970 ad
3499 2915 3614 2970 Eu-

2009 2985 2286 3061 stochium
2313 3009 2328 3046 :
2359 2992 2699 3061 Quamquam
2739 2985 3028 3060 Apostolus
3073 2985 3235 3061 orare
3269 3001 3363 3061 nos
3405 2999 3612 3061 semper

1999 3059 2210 3130 jubeat,
2243 3067 2292 3118 et
2312 3065 2514 3119 sanctis
2529 3059 2692 3118 etiam
2716 3059 2830 3132 ipse
2857 3073 3068 3132 somnus
3097 3059 3168 3112 sit
3191 3059 3404 3132 oratio;
3432 3059 3611 3132 tnmen

2009 3127 2213 3189 divisas
2232 3135 2430 3190 orandi
2447 3135 2606 3189 horas
2622 3127 2871 3188 debemus
2884 3131 3096 3191 habere,
3125 3133 3186 3183 ut
3203 3129 3254 3182 si
3275 3130 3418 3195 forte
3429 3127 3612 3197 aliquo

2009 3203 2278 3276 fuerimus
2297 3220 2450 3276 opere
2469 3205 2701 3276 detenti,
2718 3205 2900 3276 ipsum
2926 3203 3020 3276 nos
3040 3201 3114 3255 ad
3133 3201 3374 3276 afﬁnium
3405 3202 3612 3276 tempus

2008 3268 2344 3344 admoneat-
2361 3276 2419 3330 S.
2465 3275 2597 3330 item
2647 3268 2854 3344 Eligius
2896 3271 3192 3344 episcopus
3223 3268 3614 3344 _Nogiomensis

2010 3341 2205 3399 homil.
2242 3353 2299 3399 ll
2335 3344 2389 3399 in
2413 3359 2568 3400 omna
2623 3340 2845 3398 Domini
2887 3340 2983 3413 (In
3022 3340 3272 3397 Biblioth.
3303 3343 3444 3413 ,Pat‘.
3480 3344 3606 3413 tom.

2009 3414 2091 3483 ll)
2123 3433 2136 3468 :
2166 3415 2321 3482 Quis,
2343 3414 2537 3486 inquit.
2553 3418 2729 3486 potest
2747 3410 2954 3486 semper
2971 3427 3140 3477 orare,
3172 3426 3236 3464 ac
3261 3412 3375 3486 sine
3401 3410 3613 3486 defectu

2007 3488 2060 3539 et
2076 3481 2476 3540 intermissione
2495 3481 2746 3555 precibus
2783 3481 3064 3555 insistere,_
3079 3486 3142 3536 ut
3171 3496 3263 3555 nec
3297 3481 3611 3555 alimentum

2005 3556 2256 3610 sumendi
2271 3571 2366 3611 nec
2399 3551 2702 3610 dor—mandi
2731 3559 2937 3625 tempus
2974 3553 3200 3607 habeat?
3228 3553 3329 3608 Cui
3347 3565 3474 3625 ergo
3519 3551 3610 3606 di-

2001 3627 2225 3682 cendum
2254 3631 2369 3683 est:
2395 3628 2613 3698 Oportet
2649 3623 2855 3698 semper
2903 3639 3076 3698 orare,
3105 3628 3171 3698 et
3218 3638 3328 3698 non
3364 3623 3604 3698 deﬁcere,

2003 3699 2116 3754 nisi
2153 3701 2206 3754 ei
2227 3701 2325 3770 qui
2373 3694 2635 3754 canonicis
2655 3694 2799 3770 horis
2819 3695 3253 3770 quotidieJumta
3275 3695 3444 3748 ritum
3463 3694 3610 3770 eccle-

2003 3767 2589 3832 siasticce'traditionis,
2623 3769 2940 3839 psalmodiis
2971 3767 3335 3839 precibusque
3345 3767 3611 3839 consuetis

2005 3843 2288 3896 Dominum
2311 3841 2540 3896 laudare
2598 3835 2648 3894 et
2670 3854 2858 3907 rogare
2884 3835 2992 3890 non
3015 3837 3266 3889 desistit?
3289 3837 3361 3888 Et
3378 3835 3488 3907 _hoc
3531 3840 3612 3907 est

2005 3913 2148 3980 quod
2185 3915 2267 3966 ait
2299 3913 2589 3968 Psalmista
2629 3928 2645 3964 :
2687 3905 3006 3966 Benedicam
3047 3907 3330 3980 Dominum
3364 3905 3423 3956 in
3467 3906 3614 3980 omni

2007 3975 2260 4050 tempore,
2281 3997 2482 4050 semper
2507 3982 2624 4036 laus
2645 3979 2764 4050 ejus
2789 3981 2848 4032 in
2871 3975 3609 4050 ore‘meo_(Psal._x1_txm).

2006 4049 2096 4104 Sic
2109 4043 2421 4118 illefQuod
2443 4043 2683 4106 totidem'
2702 4049 2812 4103 fere
2839 4045 3016 4118 verbis
3044 4043 3212 4118 refert
3239 4044 3388 4099 Beda
3413 4043 3469 4118 in
3489 4057 3608 4118 cap.

2009 4133 2170 4174 xvut
2189 4113 2376 4175 Lucae.
2403 4122 2560 4174 Hanc
2582 4117 3092 4188 interpretationem
3104 4114 3284 4186 juvat,
3306 4113 3453 4188 quod
3480 4113 3608 4188 Act.

2010 4203 2107 4244 χιι
2127 4189 2392 4260 scriptum
2419 4197 2524 4255 est,
2549 4188 2696 4260 quod
2711 4183 2837 4260 cum
2860 4188 3063 4260 Petrus
3079 4183 3134 4239 in
3157 4183 3379 4260 carcere
3395 4183 3612 4260 detine-

2010 4267 2181 4323 retur,
2221 4255 2406 4317 Oratio
2431 4255 2688 4316 sinerinte
2713 4258 2963 4313 missione
2973 4255 3135 4327 ﬁebat
3161 4256 3231 4310 ab
3257 4256 3492 4312 Ecclesia
3509 4271 3612 4327 pro

2012 4347 2090 4387 eo.
2116 4332 2188 4386 Et
2209 4331 2508 4402 Apostolus
2529 4328 2600 4386 ad
2644 4328 3152 4402 Thessalonicenses
3182 4327 3382 4402 scribit
3407 4347 3420 4384 :
3464 4327 3613 4402 Gra-

2011 4405 2118 4458 tias
2141 4399 2358 4472 agimus
2379 4407 2484 4459 Deo
2497 4417 2703 4472 semper
2725 4415 2826 4472 pro
2845 4400 3092 4455 omnibus
3114 4399 3278 4462 vobis,
3301 4401 3612 4454 memoriam

2008 4477 2178 4530 vestri
2187 4475 2442 4540 facientes
2456 4476 2512 4530 in
2527 4473 2856 4528 orationibus
2878 4473 3073 4528 nostris
3094 4472 3208 4526 sine
3226 4473 3612 4527 intermissione

2008 4547 2064 4630 ςι
2089 4547 2268 4628 Thess.
2303 4545 2615 4630 t)._Quihus
2649 4553 2834 4630 tamen
2873 4542 3049 4630 vsrbis
3093 4541 3614 4630 nonnisscl‘udnntnr

2009 4617 2274 4691 temporis
2302 4613 2600 4691 intervalla
2643 4615 2714 4673 ad
2759 4613 3051 4691 edendnrn,
3091 4613 3499 4691 dormiendum,
3541 4621 3614 4691 _et

2005 4682 2143 4744 alia‘
2163 4687 2444 4762 charitatis
2478 4695 2594 4762 aut
2623 4695 2836 4762 naturai
2873 4685 3054 4740 ofﬁcia
3089 4682 3382 4762 implenda:
3429 4682 3613 4736 Tertia

2005 4760 2269 4816 sententia
2287 4767 2374 4816 est
2399 4759 2457 4815 in
2478 4758 2566 4814 his
2593 4756 2890 4822 vocabulis,
2930 4767 3158 4821 semper,
3185 4755 3334 4804 omni
3359 4755 3610 4820 tempore,

293 4832 585 4906 semiudum
605 4847 682 4906 se,
707 4831 1111 4906 sedsecundum
1127 4843 1347 4906 causam
1369 4822 1546 4906 suam,
1573 4828 1666 4906 lico
1683 4822 1780 4892 est,
1809 4845 1896 4885 se-
1927 4843 1978 4906 ι)
2005 4832 2058 4906 et
2103 4831 2220 4906 sine
2254 4831 2666 4906 intermissione,
2708 4825 3093 4906 hyperbnlemh
3115 4822 3409 4906 quamdam
3457 4833 3610 4906 esse;

291 4902 529 4958 cundum
559 4903 826 4970 affectum
859 4916 953 4957 seu
992 4900 1323 4956 desiderium
1350 4899 1655 4966 charitatis,
1693 4913 1762 4952 ea:
1801 4917 1900 4970 quo

287 4974 576 5044 procedere
594 4969 749 5028 debet
775 4975 970 5036 oratio,
1016 4971 1160 5044 quod
1203 4970 1433 5044 quidem
1458 4971 1518 5044 in
1559 4969 1712 5044 nobis
1751 4969 1902 5027 debet

292 5041 408 5099 esse
431 5046 762 5107 continuum,
787 5041 1044 5108 uelactu,
1071 5043 1154 5098 uel
1172 5045 1385 5097 uirtute.
1414 5042 1594 5098 Manet
1619 5041 1760 5095 enim
1796 5045 1905 5097 cir-

293 5118 385 5170 tus
404 5115 566 5184 hujus
599 5115 860 5171 desiderii
881 5117 944 5170 in
966 5113 1208 5170 omnibus
1235 5128 1357 5184 quos
1384 5128 1452 5184 ea:
1473 5111 1732 5167 charitate
1755 5114 1905 5179 faci-

292 5201 436 5240 mus.
461 5183 657 5244 Omnia
673 5191 865 5242 autem
887 5186 1134 5242 debemus
1161 5187 1220 5238 in
1242 5183 1340 5240 Dei
1359 5183 1587 5252 gloriam
1612 5184 1808 5250 facere,
1835 5189 1899 5240 ut

291 5256 506 5313 dicitur
535 5260 558 5312 l
595 5260 712 5315 Cor.
735 5274 798 5315 χ.
835 5258 987 5314 Unde
1017 5256 1361 5325 Augustinus
1394 5255 1532 5309 dicit
1579 5254 1900 5311 adProbam

295 5326 517 5401 (Epist.
542 5333 632 5384 I21
659 5329 676 5401 )
699 5346 712 5383 :
733 5331 800 5385 In
817 5331 941 5400 ipsa
962 5328 1069 5399 ﬁde
1087 5331 1140 5401 et
1157 5327 1426 5382 charitate
1441 5326 1750 5401 continuato
1767 5327 1900 5384 desi-

411 5401 448 5453 ῐο
470 5397 676 5469 semper
723 5397 972 5456 orantum
1015 5399 1122 5456 Sed
1151 5401 1271 5469 ipsa
1307 5397 1483 5453 oratio
1519 5397 1808 5453 secundum
1847 5415 1902 5455 se

294 5471 638 5542 considerata
665 5485 770 5526 non
791 5474 963 5542 potest
995 5486 1103 5528 esse
1123 5469 1372 5542 assidua,
1398 5469 1653 5542 quoniam
1699 5474 1904 5540 oportet

293 5540 428 5613 aliis
449 5541 702 5613 operibus
730 5539 994 5612 occupari.
1028 5544 1163 5598 Haec
1186 5543 1244 5613 S.
1263 5539 1524 5596 Thomas.
1557 5539 1762 5613 verum
1793 5556 1906 5597 non

292 5608 555 5686 videntur
610 5608 928 5686 hujusrnodi
990 5612 1298 5686 sententiae,
1365 5618 1440 5686 et_
1481 5608 1631 5686 quod
1679 5611 1759 5686 eis
1807 5628 1907 5668 ex-
1939 5636 1956 5647 ο

293 5681 576 5756 primitur,
602 5681 793 5756 orandi
838 5693 1195 5756 praeceptum,
1235 5683 1330 5756 Ade
1352 5681 1733 5756 sola’virtuali
1783 5698 1908 5739 ora-

297 5751 473 5823 tione,
493 5751 596 5812 seu
623 5753 822 5812 affectu
838 5751 1124 5811 charitatis
1142 5762 1199 5810 et
1220 5752 1496 5823 desiderio,
1521 5752 1650 5811 vitae
1689 5762 1914 5811 aeternae

303 5822 488 5898 (quod
507 5826 562 5882 in
581 5825 736 5883 omni
752 5841 918 5900 opere
938 5825 1088 5884 bono
1102 5824 1458 5900 supponitur)
1484 5822 1713 5898 intelligi
1727 5840 1910 5900 posse,

513 5917 778 5976 Panos.
815 5915 1028 5973 XLIX.

2005 4905 2070 4955 ut
2100 4897 2250 4954 idem
2271 4899 2364 4968 sit,
2385 4913 2602 4969 semper
2619 4891 2946 4969 orare'quod
2961 4891 3197 4969 multum
3221 4899 3288 4969 et_
3289 4891 3614 4969 frequenter

2008 4981 2189 5036 orare,
2229 4983 2326 5024 seu
2351 4963 2606 5036 orationi
2655 4963 2986 5036 incumbere,
3033 4971 3094 5036 ut
3136 4963 3212 5021 ait
3256 4967 3327 5021 D.
3365 4963 3610 5036 Benedi-

2008 5047 2131 5096 ctus
2159 5033 2250 5107 (C.
2283 5040 2316 5094 4
2352 5035 2622 5108 Regula),
2654 5035 2742 5108 vel
2771 5045 3038 5108 quantum
3074 5034 3311 5108 humana
3353 5033 3614 5108 fragilitas

2080 5109 2232 5177 titur,
2248 5117 2311 5166 ut
2329 5108 2492 5166 habet
2519 5107 2587 5164 D.
2607 5107 2889 5181 Chrysost.
2915 5107 3205 5181 Quomodo
3233 5107 3615 5181 Apostolicum

2052 5197 2118 5238 oc
2145 5175 2480 5254 praeceptum
2495 5175 2765 5252 exponere
2781 5175 2995 5254 videtur
3009 5181 3066 5236 S.
3095 5175 3525 5254 Athanasiusita
3539 5175 3615 5254 de

2005 5247 2592 5310 S.Antonio'scribens
2638 5251 2995 5322 επροσῃύχετο
3041 5255 3281 5322 συνεχῶς,
3324 5247 3498 5321 μαθὼν
3522 5250 3615 5322 Αὸτι

2007 5322 2208 5397 bene?
2250 5323 2378 5379 ἰδίαν
2406 5320 3132 5397 προσεύχεᾳθριῌᾶδιαλείπταδ
3156 5320 3170 5376 ξ
3194 5321 3249 5378 id
3285 5320 3386 5390 erit,
3419 5320 3617 5397 orabat

2007 5392 2339 5470 frequenter,
2355 5392 2568 5470 quippe
2576 5392 2672 5468 qui
2697 5393 2961 5470 didicernt
2977 5392 3127 5466 quod
3148 5400 3424 5470 Oporteret
3441 5393 3618 5464 priva-

2009 5463 2251 5538 tim—sine
2275 5463 2879 5538 interinissidneorare.
2893 5463 3161 5538 Quartae}
3171 5463 3619 5538 verissima’expo-

2009 5537 2134 5596 sitio
2152 5545 2262 5608 est,
2288 5537 2394 5596 illis
2422 5537 2601 5594 verbis
2628 5536 2763 5593 nihil
2789 5535 2937 5608 aliud
2971 5534 3260 5608 signiﬁcari
3280 5550 3452 5608 quam
3482 5534 3621 5594 con-

2012 5616 2222 5682 stanter
2243 5606 2298 5666 et
2313 5617 2721 5682 perseveranter
2744 5607 3012 5664 orandum
3025 5606 3180 5682 esse;
3205 5615 3260 5682 et
3285 5606 3398 5666 non
3421 5606 3621 5682 debere

2017 5695 2144 5750 nos,
2170 5680 2215 5738 si
2240 5678 2426 5754 statim
2447 5695 2562 5738 non
2587 5694 2946 5754 assequamur
2970 5678 3120 5754 quod
3147 5679 3404 5754 petimus,
3431 5679 3627 5754 despe:

2017 5747 2140 5828 nare
2175 5760 2230 5810 et
2266 5753 2522 5828 animum
2572 5747 2830 5828 abjicére,
2868 5747 3163 5828 quodest
3187 5753 3430 5828 deﬁcere,
3477 5747 3624 5828 apud

2020 5825 2228 5882 Lucam
2259 5825 2412 5897 (Luc.
2434 5821 2659 5900 xuii);
2695 5825 2867 5884 immo
2884 5821 3074 5898 magis
3099 5839 3164 5882 ac
3186 5821 3362 5894 magis
3399 5822 3623 5888 instare,

3263 5915 3330 5966 21
