4040 6206
415 280 518 338 843
1488 276 1772 334 JOANNIS
1807 276 2115 336 CASSIANl
2152 277 2644 336 COLLATIONES.
3623 284 3731 341 844

407 422 647 479 namque
682 413 821 473 orat,
847 405 1090 479 quisquis
1108 405 1202 462 illo
1222 411 1438 461 tantum
1467 412 1740 476 tempore,
1770 421 1879 477 quo
1917 421 2014 478 ge-
2040 409 2094 472 Α
2121 406 2440 480 cipientibus
2459 404 2762 477 tradiderat
2775 404 3140 479 retinendam,
3172 404 3508 463 admirantes
3531 406 3733 466 admoo

407 517 519 560 nua
543 501 852 569 ﬂectuntur,
885 516 1040 558 orare
1058 500 1358 557 consuevit.
1384 500 1699 572 Numquam
1716 516 1842 557 vero
1866 509 2009 569 orat,
2116 499 2274 570 dum,
2294 510 2349 557 et
2383 501 2625 558 excolere
2652 499 2991 563 tenacissime
3019 499 3313 572 cupientes,
3346 505 3541 572 utpote
3559 518 3741 574 quam

336 650 341 667 ί
409 597 659 671 quisquis
683 596 845 653 etiam
865 595 1018 662 ﬂexis
1045 595 1274 667 genibus
1306 594 1621 666 evagatione
1666 593 1851 650 cordis
1875 611 2011 667 qua-
2114 592 2560 667 compendiosam
2598 610 2660 650 ac
2686 593 2899 650 facilem
2927 592 3309 664 credebamus,
3356 592 3731 653 difﬁciliorem

409 690 685 761 licumque
701 688 1035 746 distrahitur.
1076 690 1149 744 Et
1190 687 1391 745 idcirco
1441 688 1631 762 quales
1664 697 1884 745 orantes
1911 704 2015 745 vo-
2117 691 2253 749 satis
2270 689 2339 747 ad
2358 690 2759 747 observandum
2782 688 2996 760 experti
3021 702 3233 757 sumus,
3256 703 3425 760 quam
3455 688 3586 746 illud
3607 698 3730 749 stu-

412 782 596 840 lumus
619 782 865 853 inveniri,
887 783 1021 839 tales
1046 798 1150 839 nos
1184 797 1302 840 esse
1345 790 1600 855 opportet
1634 790 1759 839 ante
1796 791 2016 856 tempus
2118 782 2275 840 dium
2312 790 2565 840 nostrum
2588 798 2697 855 quo
2725 780 3040 839 solebamus
3063 789 3222 837 antea
3244 797 3341 854 per
3376 798 3544 840 omne
3582 784 3733 842 Scri-

414 877 624 935 orandi.
647 881 881 934 Necesse
904 884 986 934 est
996 877 1142 933 enim
1169 885 1410 935 mentem
1452 876 1506 933 in
1530 884 1778 949 tempore
1806 878 2019 950 suppli-
2119 884 2407 948 pturarum
2434 890 2633 947 corpus
2655 875 2859 947 absque
2879 874 3043 931 ullius
3064 876 3486 947 perseverantiae
3511 875 3726 935 vinculo

416 971 644 1028 cationis
679 987 795 1028 sum
831 970 900 1027 de
937 978 1082 1027 statu
1131 970 1471 1042 praecedente
1512 969 1760 1035 formari,
1806 970 2016 1042 illisque
2122 969 2264 1026 varia
2287 968 2487 1042 passim
2513 967 2864 1025 meditatione
2889 968 3219 1026 discurrere.
3282 972 3507 1026 Constat
3559 971 3741 1044 igitur

415 1079 538 1120 eam
564 1064 986 1137 cogitationibus
1020 1072 1294 1131 orantem,
1338 1061 1421 1118 vel
1449 1062 1539 1119 ad.
1561 1062 1800 1118 coelestia
1850 1062 2017 1119 subli-
2123 1063 2401 1120 neminem
2427 1077 2649 1135 prorsus
2672 1061 2744 1119 oh
2778 1062 3111 1135 imperitiam
3156 1062 3455 1119 litterarum
3482 1079 3515 1120 a
3547 1064 3734 1136 perfe-

411 1159 574 1229 mari,
599 1159 684 1214 vel
704 1158 772 1213 ad
800 1166 1017 1213 terrena
1040 1156 1305 1230 demergi,
1337 1156 1534 1229 quibus
1552 1166 1683 1213 ante
1711 1157 2019 1214 orationem
2125 1156 2305 1213 ctione
2333 1157 2514 1215 cordis
2540 1156 2776 1227 excludi,
2801 1173 2905 1215 nec
2923 1158 3286 1214 rusticitatem
3317 1159 3507 1216 obesse
3547 1159 3619 1217 ad
3641 1176 3741 1217 ca-

411 1250 575 1307 fuerit
596 1251 906 1306 immorata.
932 1252 1059 1305 Huc
1085 1265 1258 1322 usque
1273 1249 1440 1306 abbas
1469 1252 1619 1307 Isaac
1647 1251 1892 1307 attonitis
1922 1268 2044 1333 no-.
2133 1253 2457 1325 pessendam
2477 1251 2658 1309 cordis
2677 1261 2841 1324 atque
2867 1252 3065 1309 anima;
3085 1252 3400 1325 puritatem,
3426 1268 3554 1325 quae
3579 1269 3741 1312 com-

413 1343 497 1399 bis
519 1343 820 1399 secundum
861 1343 1211 1399 collationem
1255 1343 1324 1400 de
1356 1344 1619 1400 orationis
1644 1345 1901 1417 qualitate
1935 1345 2026 1403 di-
2135 1346 2548 1419 pendiosissime
2565 1346 2773 1418 adjacet
2800 1347 3029 1412 cunctis,
3051 1345 3097 1402 si
3136 1345 3303 1403 modo
3331 1361 3526 1403 sanam
3564 1355 3619 1403 ct
3658 1349 3743 1404 in-

411 1437 594 1509 gessit.
626 1437 794 1508 Cujus
829 1436 1135 1493 doetrinam
1170 1447 1380 1509 super“
1420 1437 1564 1495 illius
1598 1437 1840 1509 praedicti
1867 1440 2029 1496 versi‘
2135 1443 2347 1509 tegram
2372 1436 2573 1492 mentis
2591 1436 2949 1492 intentionem
2988 1434 3108 1507 jugi
3147 1434 3218 1491 ad
3258 1439 3445 1493 Deum
3488 1436 3739 1494 versiculi

412 1531 520 1587 culi
539 1530 914 1609 meditatione,
961 1545 1127 1603 quam
1164 1531 1312 1587 velut
1338 1530 1745 1587 informationis
1786 1532 1908 1587 loco
1937 1531 2025 1587 in-
2131 1530 2294 1602 hujus
2314 1529 2671 1587 meditatione
2703 1529 3060 1587 servaverint.

1512 1658 1769 1713 ALARDI
1804 1658 2029 1714 GAZJEI
2067 1657 2630 1714 COMMENTARIUS.

408 1761 644 1836 pulsare,
674 1761 872 1818 iterum
896 1761 1275 1836 atqueiterum
1300 1777 1456 1836 orare
1490 1778 1556 1836 ac
1583 1771 1809 1836 petere,
1841 1764 2013 1819 donec
2120 1763 2292 1836 horis,
2318 1762 2789 1836 sed_quacumqu_e
2829 1759 3015 1836 oblata
3058 1761 3353 1816 occasione
3394 1769 3515 1817 tum
3543 1770 3735 1832 noctu,

409 1832 603 1906 saltem
623 1840 845 1906 propter
872 1835 1287 1906 improbitatem,
1315 1833 1369 1889 id
1392 1842 1493 1906 est,
1512 1832 2008 1906 importunitatem,
2118 1842 2239 1891 tum
2268 1832 2497 1890 interdiu
2525 1832 2761 1889 orationi
2792 1833 3117 1906 vacandum.

411 1850 603 1890 saltem
623 1850 845 1905 propter
872 1850 1287 1958 zrzzgrooztatem,
1315 1850 1369 1889 ια
1392 1850 1493 1902 eSt,
1512 1850 2008 1906 importunitatem,
2118 1850 2239 1891 tum
2268 1850 2497 1890 interdiu
2525 1850 2761 1889 orationi
2792 1850 3117 1888 vacandum.

411 1905 848 1986 obtineamus,~si
871 1906 1041 1986 no_is_
1061 1906 1327 1986 expediat.
1362 1904 1431 1986 ld_
1461 1906 1612 1986 enim
1664 1904 1882 1986 proprie
1930 1905 2014 1986 si-
2049 1979 2089 1986 _
2125 1979 2164 1986 _
2190 1909 2215 1938 ⁸
2240 1906 2500 1986 Nempe;
2518 1909 2678 1985 Deus,
2707 1907 2765 1986 in
2791 1904 3131 1986 adiutorium
3150 1905 3583 1986 meumlg'ateizde,
3616 1913 3729 1961 etc.

410 1976 670 2048 gnificant
696 1978 798 2048 illa:
821 1976 1096 2048 parabolae
1124 1974 1191 2032 de
1218 1976 1375 2031 vidua
1417 1974 1834 2045 instante—apud
1859 1974 2016 2046 judi-
2048 1979 2097 2040 B
2122 1979 2207 2048 De
2236 1974 2398 2048 cujus
2413 1974 2653 2048 efﬁcacia
2683 1984 2739 2031 et
2757 1975 3047 2048 multiplici
3073 1992 3177 2048 usu
3209 1990 3274 2029 ac
3298 1976 3520 2048 utilitate
3563 1991 3734 2045 supe-

412 2045 557 2116 cem,
597 2056 653 2102 et
693 2047 761 2103 de
815 2045 1010 2127 amico,
1040 2046 1616 2127 importunelpetente
1654 2055 1767 2127 tres
1808 2045 2009 2127 panes;
2120 2045 2542 2127 rius~fusissime
2577 2045 2836 2104 disseruit
2866 2045 2956 2102 hic
2978 2046 3300 2102 anachoreta
3339 2046 3487 2117 (cap.
3518 2052 3588 2101 10
3638 2048 3743 2102 hu-

412 2132 650 2190 quorum
689 2116 939 2188 exemplo
978 2115 1168 2172 docuit
1210 2115 1455 2174 Christus
1483 2132 1596 2171 non
1630 2115 1827 2172 solum
1854 2116 2016 2173 certis
2112 2118 2207 2186 jus
2225 2118 2468 2188 Collat.).

1181 2401 1287 2514 οῖ
1293 2400 1821 2514 οΑπΝ
1826 2404 1999 2515 IS
2084 2404 2965 2516 CASSIANI

1622 2590 1950 2652 ABBATIS
1995 2591 2523 2653 MASSILIENSIS

894 2750 2524 2912 COLLATIONUM
2662 2756 3237 2910 XXIV

1742 2985 2407 3111 COLLECTIO

1569 3177 1642 3231 IN
1688 3177 1887 3234 TRES
1937 3180 2241 3235 PARTES
2289 3181 2578 3237 DIVISA.

1528 3478 1873 3569 PARS
1943 3478 2362 3570 SECUN
2376 3482 2597 3592 DA,

1886 3685 2249 3724 COMPLECTENS

494 3803 797 3867 SEPTEM
842 3802 1068 3867 ALIAS
1112 3801 1678 3883 COLLATIONES,
1730 3804 2047 3870 PATRUM
2095 3808 2177 3870 IN
2222 3806 2609 3872 THEBAIDE
2655 3809 2960 3874 AEGYPTI
3009 3811 3634 3877 CONSISTENTIUM.

1789 4080 2327 4222 illmrfatio.

1335 4292 1420 4342 AD
1456 4290 1854 4345 HONORATUM
1891 4294 2247 4348 EPISCOPUM
2284 4296 2365 4347 ET
2399 4297 2791 4350 EUCHERIUM.

405 4428 545 4481 Cum
577 4426 837 4481 virtutum
875 4425 1219 4498 perfectionis
1272 4436 1485 4496 vestrae,
1536 4445 1642 4501 qua
1682 4431 1829 4487 velut
1874 4448 2003 4489 ma-
2108 4432 2333 4490 diuntur
2378 4436 2629 4507 exemplo
2671 4437 2762 4493 vix
2805 4445 3006 4509 queant
3042 4438 3312 4507 aemulari,
3361 4446 3557 4495 tamen
3608 4454 3727 4508 vos,

405 4532 510 4590 gna
555 4517 805 4588 quaedam
861 4518 1143 4575 luminaria
1196 4520 1254 4576 in
1298 4521 1405 4577 hoc
1441 4523 1650 4579 mundo
1703 4524 2010 4582 admirabili
2118 4532 2143 4560 ⁸
2170 4528 2395 4585 osancti
2414 4528 2627 4599 fratres,
2656 4533 2937 4589 Houorate
2963 4542 3020 4589 et
3048 4534 3307 4601 Eucheri,
3331 4541 3481 4590 tanta
3512 4534 3725 4591 illorum

401 4612 916 4687 claritatefulgetis,
966 4614 1127 4671 multi
1168 4625 1481 4674 sanctorum
1523 4618 1616 4690 qui
1658 4626 1838 4675 vestro
1886 4636 2013 4676 eru—
2120 4622 2434 4679 sublimium
2472 4624 2738 4695 virorum,
2766 4632 2810 4684 ‘a
2855 4627 3054 4700 quibus
3076 4628 3272 4700 'prima
3326 4628 3735 4685 anachoreseos

1488 4742 1751 4798 ALARDI
1792 4744 2023 4801 (ΞΑΖᾹΣΙ
2060 4746 2626 4806 COMMENTARIUS.

467 4858 494 4882 α
530 4851 664 4928 '_1‘res
707 4847 1339 4932 collationumordines
1360 4848 1478 4932 sive
1524 4850 1724 4932 classes
1770 4852 2000 4932 instituit
2028 4860 2073 4924 ο
2102 4856 2353 4913 nondum
2408 4858 2630 4929 quidem
2657 4858 2738 4932 _id
2797 4859 3087 4932 temporis
3128 4860 3469 4932 episcopum,
3519 4865 3721 4932 postea

399 4917 710 5004 Cassianus,
752 4928 812 4973 ut
831 4920 958 5004 alias
973 4920 1187 5001 dictum
1211 4929 1293 5004 est
1319 4921 1417 4989 (In
1448 4928 1470 4976 1
1494 4926 1720 5004 prce/at.
1752 4926 1930 5004 collat:
1954 4929 1993 4994 ),
2037 4917 2072 4924 ⁷
2104 4936 2288 4984 tamen
2310 4917 2554 5004 creatum
2584 4917 3385 5004 episcopum‘Lugduuensem,
3407 4917 3717 5004 designari;

398 4994 455 5064 et
497 4987 781 5064 unicuique
830 4989 986 5043 classi
1072 4987 1350 5064 propriam
1403 4987 1804 5064 pra—stationem,
1854 4987 1998 5053 velut

396 5057 708 5139 liminarem
753 5068 808 5115 et
850 5057 1315 5139 nuncupatoriam
1370 5057 1668 5139 epistolam
1731 5057 1989 5139 praeﬁxit.

395 5133 528 5203 Post
567 5132 797 5203 primam
846 5130 1065 5201 itaque'
1088 5132 1317 5203 classem
1370 5130 1617 5194 Helladio
1654 5130 1992 5195 et'Leontio

396 5202 652 5271 dicatam,
692 5220 832 5260 nova
852 5203 971 5274 jam
993 5202 1308 5274 praefatione
1332 5206 1680 5264 Honoratum
1707 5220 1763 5264 et
1785 5211 1996 5265 Euche—

395 5276 562 5342 rium,
590 5278 729 5332 viros
782 5273 1020 5342 sanctos,
1041 5273 1142 5330 sibi
1175 5283 1339 5333 notos
1385 5293 1450 5334 ac
1494 5279 1800 5343 familiares,
1850 5280 1992 5335 salu-

396 5352 495 5412 tat,
526 5346 708 5417 eisque
736 5344 1032 5419 secundam
1068 5346 1324 5419 classem,
1374 5347 1481 5419 hoc
1518 5358 1621 5416 est,
1671 5356 1876 5419 septem
1904 5364 1990 5406 se-

396 5424 622 5487 quentes
666 5417 982 5474 collationes
1027 5417 1197 5474 trium
1249 5418 1700 5475 anachoretarum
1734 5417 1802 5473 in
1857 5421 1996 5478 The-

397 5484 568 5545 Baidis
641 5489 929 5545 solitudine
1003 5489 1335 5563 degentium,
1400 5498 1698 5562 nuncupat.
1760 5491 1992 5618 (iuinam

397 5570 524 5612 vero
584 5560 783 5616 fuerint
817 5562 909 5618 illi.
971 5564 1288 5618 Honoratus
1327 5561 1531 5618 scilicet
1575 5570 1630 5617 et
1671 5563 1783 5618 Euc
1825 5564 1990 5618 erius.

393 5570 524 5638 vero
584 5560 788 5638 fuerint
817 5562 909 5627 illi,
971 5560 1288 5638 Honoratus
1327 5561 1531 5619 scilicet
1575 5560 1630 5617 et
1671 5560 1990 5638 Eucherius,

394 5631 494 5683 etsi
517 5638 667 5703 certo
700 5631 979 5689 afﬁrmare
1028 5649 1141 5689 non
1166 5634 1363 5703 ausim,
1408 5640 1595 5689 tamen
1640 5649 1704 5689 ex
1752 5631 1990 5691 circum;

391 5698 604 5777 stautils
640 5708 694 5755 et
735 5703 1140 5777 conditionibus
1166 5703 1255 5759 hic
1292 5698 1563 5777 expressis
1610 5704 1798 5761 videor
1847 5706 1989 5763 mihi

390 5770 539 5828 haud
559 5770 991 5842 improbabiliter
1017 5775 1287 5843 colligere,
1305 5770 1655 5833 Honoratum
1677 5777 1838 5834 illum
1860 5787 1992 5836 tunc

391 5843 658 5917 temporis
683 5843 1013 5916 episcopum
1050 5843 1455 5918 Arelatensem;
1486 5849 1820 5909 Eucherium
1857 5866 1988 5908 vero

2107 5006 2398 5073 utrumque
2422 5000 2595 5056 virum
2622 5000 2913 5073 sanctum,
2969 5000 3447 5073 quemadmodum
3499 5000 3721 5057 sanctos

2106 5085 2200 5125 eos
2219 5070 2469 5127 nominat
2486 5072 2808 5145 Cassianus,
2852 5070 3148 5145 utrumque
3193 5074 3303 5145 ipsi
3323 5073 3582 5130 Cassiano
3618 5086 3725 5126 co-

2104 5150 2378 5218 aetaneum
2401 5151 2455 5218 et
2482 5143 2537 5197 in
2551 5144 2727 5201 Gallia
2748 5160 2844 5201 seu
2858 5143 3153 5218 Gallicanis
3170 5143 3420 5218 partibus
3436 5149 3717 5218 agentem,

2104 5228 2283 5287 eoque
2311 5213 2519 5269 facilius
2544 5224 2760 5287 notum,
2791 5232 2900 5287 quo
2922 5213 3184 5271 vicinum:
3211 5218 3352 5271 Nam
3384 5213 3721 5287 Eucherium

2103 5294 2250 5356 certe
2272 5285 2376 5339 hoc
2400 5296 2669 5356 tempore,
2701 5285 2826 5343 cuni
2855 5287 2952 5343 has
2973 5289 3022 5343 ei
3052 5288 3371 5343 collationes
3421 5285 3723 5356 Cassianus

2103 5353 2394 5431 dedicaret,
2420 5353 2676 5431 nondum,
2693 5358 2968 5431 exstitisse
3013 5360 3354 5431 episcopum,
3386 5358 3522 5412 satis
3561 5355 3724 5412 colli-

2102 5425 2250 5501 gitur
2276 5435 2396 5481 tum
2420 5442 2489 5501 ex
2517 5429 2887 5501 inscriptione,
2915 5429 3008 5485 ubi
3040 5425 3555 5501 solus'Honoratus
3609 5441 3724 5482 no-

2103 5496 2345 5572 minatur
2386 5496 2702 5572 episclopus,
2748 5496 2879 5572 tum'
2920 5516 2987 5555 ex
3033 5500 3349 5572 praefatione
3395 5499 3445 5553 iu
3497 5504 3722 5568 septem

2102 5567 2323 5643 ultimas
2358 5567 2693 5639 collationes,
2719 5571 2811 5629 ubi
2859 5567 3109 5629 similiter
3160 5571 3443 5643 proﬁtetur
3503 5567 3725 5627 Auctor

2100 5653 2159 5726 se
2187 5639 2287 5726 has
2314 5651 2518 5713 septem
2548 5643 3066 5726 collationes__beato
3087 5639 3376 5726 _episcopo
3418 5644 3721 5726 Honorem

2100 5712 2529 5785 sanctoquoque
2578 5712 2786 5771 famulo
2836 5714 3038 5771 Christi
3087 5712 3358 5770 Eucherio
3401 5713 3714 5769 dedicasse.

2100 5783 2186 5837 De
2211 5783 2491 5857 utriusque
2521 5801 2682 5857 porro
2720 5787 3010 5843 sanctitate
3057 5786 3203 5842 nulla
3232 5793 3316 5840 est
3360 5785 3717 5857 ambiguitas,

2100 5868 2227 5910 cum
2255 5854 2692 5914 illius—memoria
2728 5865 2789 5914 l7
2830 5858 3132 5927 Februarii,
3172 5857 3336 5929 hujus
3375 5854 3717 5914 vero—sexto
