4034 6212
271 201 376 256 849

269 429 519 500 positum
571 424 877 483 solitudinis
919 423 1246 494 custodivit,
1290 431 1354 481 ut
1397 425 1532 480 nihil
1607 423 1677 480 de
1721 439 1870 496 prat-

263 531 441 586 teritae
477 525 800 584 humilitatis
825 533 1019 582 tenore
1059 524 1342 592 laxaverit,
1393 533 1491 582 aut
1542 523 1611 583 de
1643 523 1863 598 adjecto

264 629 368 688 sibi
399 630 608 688 honore
634 628 916 687 blanditus
935 627 1010 685 sit
1036 647 1052 696 ;
1099 643 1210 684 non
1239 627 1390 684 enim
1426 635 1714 700 tamquam
1745 625 1894 685 ido-r

264 745 433 789 neum
459 747 518 789 se
545 731 616 787 ab
659 729 808 787 istud
849 727 1094 786 ofﬁcium
1136 728 1444 786 testabatur
1475 728 1734 796 ascitum,
1765 727 1866 786 sed

265 832 416 890 velut
449 831 734 906 indignum
761 830 831 890 ad
863 830 955 888 illa
983 827 1379 888 anachoreseos
1403 829 1684 903 disciplina
1722 846 1864 905 que—

264 936 488 995 rebatur
511 936 816 1008 expulsum,
845 949 912 992 eo
939 933 1086 1006 quod
1122 933 1347 1007 triginta
1376 943 1586 1006 septem
1619 934 1776 990 annis
1807 933 1865 990 in

263 1039 457 1098 eadem
476 1047 874 1108 commoratus,
895 1037 964 1096 ad
988 1037 1283 1112 puritatem
1310 1045 1480 1095 tanta:
1510 1035 1865 1110 professionis

264 1157 608 1216 nequaquam
654 1140 938 1215 pervenire
1002 1141 1304 1214 potuisset;
1327 1139 1418 1196 hic
1444 1140 1608 1213 igitur
1643 1155 1772 1196 cum
1807 1139 1864 1196 in

259 1243 573 1316 supradicta
599 1243 905 1311 Thenneso,
935 1257 1045 1314 quo
1071 1257 1197 1298 eum
1225 1240 1459 1314 eligendi
1487 1241 1599 1297 illic
1627 1239 1864 1312 episcopi

259 1359 427 1402 causa
461 1344 810 1418 perduxerat,
856 1343 943 1416 pie
969 1359 1072 1400 nos
1119 1350 1280 1415 atque
1309 1341 1710 1400 humanissime
1736 1357 1859 1399 sus-

259 1448 516 1519 cepisset,
545 1445 727 1518 agnito
774 1444 1047 1503 desiderio
1076 1453 1288 1510 nostro,
1321 1458 1432 1517 quo
1484 1452 1703 1502 sanctos
1751 1445 1866 1500 Pa-

258 1557 371 1606 tres
398 1548 563 1606 etiam
597 1549 655 1604 in
687 1548 1038 1604 ulterioribus
1067 1546 1280 1620 Egypti
1322 1547 1570 1620 partibus
1588 1547 1862 1621 inquirere

261 1649 710 1708 desiderabamus
745 1670 763 1707 ε
802 1651 1002 1715 venite,
1061 1649 1259 1722 inquit,
1315 1658 1372 1707 et
1409 1650 1590 1709 videte
1638 1651 1860 1708 interim

259 1766 416 1810 senes
453 1751 600 1809 haud
641 1752 805 1824 longe
835 1767 866 1809 a
891 1759 1084 1808 nostro
1113 1751 1444 1808 monasterio
1473 1751 1857 1822 consistentes,

259 1871 499 1930 quorum
531 1856 604 1913 ita
631 1864 685 1912 et
706 1856 996 1928 antiquitas
1017 1857 1077 1912 in
1107 1853 1433 1926 corporibus
1446 1854 1564 1927 jam
1596 1855 1858 1923 curvatis,

258 1966 314 2015 et
341 1957 598 2016 sanctitas
626 1958 685 2014 in
732 1957 848 2030 ipso
879 1961 1040 2015 etiam
1073 1957 1244 2033 fulget
1265 1967 1510 2032 aspectu,
1537 1967 1600 2016 ut
1618 1957 1704 2016 vel
1743 1957 1863 2016 sola

1310 195 1648 254 COLLATIO
1683 199 1773 254 XI.
1811 225 1886 238 ——
1919 195 2010 251 DE
2045 193 2536 252 PERFECTIONE.

270 323 472 398 Oppido
499 321 682 392 datus,
707 328 857 377 tanta
887 319 1226 380 districtione
1265 323 1420 378 omni
1456 337 1576 380 avo
1601 336 1708 380 suo
1746 336 1870 395 pro-
1890 326 1946 390 Α

3473 207 3576 262 850

2565 319 2811 380 CAPUT
2865 325 2968 380 III.

2044 414 2342 485 Descriptio
2360 415 2524 470 erewni
2548 417 2612 469 in
2626 431 2734 486 qua
2759 417 3224 474 commorabantur
3249 417 3574 484 Chaeremon,

2505 488 2746 544 Nesteros
2781 493 2833 544 et
2872 490 3081 559 Joseph.

2045 578 2277 650 Sumpto
2324 577 2549 651 itaque‘
2595 579 2794 638 baculo
2834 589 2888 638 et
2909 597 3056 654 pera,
3105 589 3168 640 ut
3203 581 3312 641 illic
3369 583 3576 640 cunctis

1982 673 2131 729 viam
2157 672 2584 745 ingredientibus
2623 675 2910 737 monachis
2945 677 3116 736 moris
3143 685 3250 750 est,
3274 675 3344 734 ad
3385 677 3576 734 civita-

1971 777 2089 826 tem
2116 785 2220 828 nos
2245 785 2429 844 suam,
2451 770 2506 828 id
2529 780 2614 828 est
2660 773 3024 848 Panephysim
3076 773 3284 832 itineris
3320 773 3432 832 dux
3455 775 3572 847 ipse

1973 863 2248 937 perduxit.
2266 867 2406 923 Cum
2425 875 2620 937 terras,
2646 867 2820 924 immo
2841 869 3008 926 etiam
3033 870 3307 943 contiguae
3332 869 3568 942 regionis

1973 959 2266 1032 plurimam
2291 967 2501 1032 partem
2533 961 2812 1033 quondam
2858 963 3327 1034 opulentissimam
3363 961 3570 1036 (siqui-

1971 1053 2100 1114 dem
2129 1069 2197 1110 ex
2230 1069 2290 1109 ea
2320 1061 2553 1123 cunctae,
2583 1061 2645 1110 ut
2663 1052 2811 1111 fama
2825 1062 2924 1123 est,
2958 1055 3173 1128 regioni
3195 1056 3350 1112 cibus
3368 1054 3572 1113 submi-

1969 1146 2321 1217 nistrabatur)
2366 1148 2655 1218 repentino
2715 1155 3038 1204 terrmmotu
3077 1163 3370 1206 excussum
3420 1164 3572 1206 mare

1970 1239 2330 1312 transgressis
2363 1239 2627 1296 limitibus
2653 1240 2963 1312 occupavit,
3015 1248 3180 1311 atque
3205 1241 3278 1296 ita
3309 1240 3560 1313 collapsis

1969 1331 2145 1391 ferme
2171 1331 2432 1389 omnibus
2459 1332 2613 1402 vicis,
2639 1333 2854 1404 opimas
2879 1332 3012 1390 olim
3041 1340 3214 1389 terras
3236 1331 3388 1389 salsis
3411 1332 3574 1404 palu-

1969 1426 2133 1484 dibus
2157 1426 2476 1498 supertexit.
2506 1436 2570 1483 ut
2595 1428 2622 1462 δ
2661 1425 2797 1483 illud
2827 1425 2975 1498 quod
3024 1426 3080 1482 in
3111 1426 3322 1498 psalmo
3349 1424 3572 1498 spirita-

1968 1517 2094 1575 liter
2111 1518 2432 1575 decantatur
2453 1539 2468 1576 :
2489 1521 2673 1575 Posuit
2693 1521 2918 1588 [lumina
2935 1520 2995 1574 in
3015 1519 3304 1582 desertum,
3327 1523 3378 1574 et
3392 1521 3572 1574 exitus

1967 1629 2232 1684 aquarum
2247 1615 2304 1668 in
2332 1615 2503 1676 sitim,
2523 1616 2728 1668 terram
2745 1614 3093 1681 fructiferam
3137 1615 3196 1667 in
3217 1614 3566 1682 salsuginem,

1891 1720 1942 1784 Β
1970 1724 2005 1762 a
2031 1708 2246 1763 malitia
2271 1707 2700 1762 inhabitantium
2720 1707 2778 1761 in
2803 1723 2865 1763 ea
2891 1707 3062 1776 (Psal.
3095 1705 3236 1778 ενι),
3262 1705 3567 1762 secundum

1968 1800 2204 1857 litteram
2231 1799 2299 1856 de
2339 1799 2429 1856 illa
2476 1807 2668 1872 putent
2715 1799 2937 1873 regione
2986 1798 3344 1873 praedictum;
3386 1797 3443 1854 in
3487 1797 3570 1856 his

1971 1895 2138 1967 igitur
2173 1894 2308 1950 locis
2335 1893 2510 1950 multa
2535 1895 2591 1950 in
2606 1893 2993 1968 huncmodum
3023 1891 3222 1965 oppida
3247 1891 3570 1948 eminentio-

1973 1985 2128 2044 ribus
2173 1985 2404 2042 tumulis
2443 1986 2725 2056 collocata,
2775 1985 2978 2060 fugatis
3003 1983 3420 2054 habitatoribus,
3451 1984 3566 2041 elu-

257 2061 646 2133 contemplatio
727 2076 921 2118 eorum
994 2078 1250 2137 magnam
1305 2063 1640 2120 intuentibus
1700 2062 1846 2134 possi

1978 2079 2090 2138 vies
2112 2079 2200 2137 illa
2222 2079 2370 2136 velut
2407 2079 2610 2137 insulas
2663 2080 2812 2150 fecit,
2840 2096 2963 2152 quae
3001 2079 3364 2138 desideratam
3414 2095 3572 2136 sece-

259 2161 518 2220 οοιιῖθπθ
543 2160 871 2232 ἆοοῐτίυδων
900 2179 931 2220 ³
972 2163 1168 2235 ιιυίδυε
1197 2165 1252 2222 id
1279 2164 1429 2238 (ἰυοά
1457 2179 1558 2237 εεο
1590 2163 1856 2220 amissum
1963 2173 2216 2232 dentibus
2247 2174 2448 2232 sanctis
2468 2173 2818 2232 solitudinem
2845 2174 3110 2246 praebent,
3141 2173 3197 2229 in
3227 2172 3424 2246 quibus
3455 2179 3567 2230 tres

259 2267 448 2337 doleo,
474 2267 730 2340 quodque
771 2268 988 2326 tradere
1009 2270 1125 2344 jam
1165 2271 1442 2344 perditum
1482 2285 1719 2342 nequeo,
1746 2285 1856 2326 non
1961 2283 2140 2338 senes,
2190 2268 2245 2326 id
2300 2277 2403 2338 est,
2449 2278 2471 2305 ε
2521 2267 2868 2328 Chaeremon.
2917 2269 3178 2325 Nesteros
3227 2275 3283 2323 et
3335 2265 3563 2340 Joseph,

256 2381 374 2430 tam
402 2371 580 2430 verbis
603 2387 770 2445 quam
799 2373 919 2446 ipso
948 2384 1154 2433 sancta:
1177 2377 1302 2433 vitae
1325 2373 1544 2432 diseatis
1582 2374 1852 2447 exemplo.

255 2477 434 2538 Credo
457 2471 642 2537 autem
689 2479 928 2552 in0piam
958 2496 1135 2538 meam
1165 2481 1269 2538 hoc
1291 2481 1476 2539 studio
1519 2481 1857 2554 aliquatenus

253 2586 666 2674 sublevandam,
695 2588 740 2644 si
789 2589 1186 2662 inquirentibus
1209 2589 1366 2647 vobis
1401 2589 1550 2646 illam
1579 2591 1854 2663 evangeli-

253 2709 378 2754 cam
388 2693 740 2766 margaritam
765 2696 980 2764 (Matth.
1003 2697 1162 2767 xm),
1209 2710 1376 2769 quam
1398 2697 1513 2769 ipse
1530 2711 1643 2752 non
1655 2694 1854 2766 habeo,

255 2805 450 2860 saltem
463 2797 752 2874 providero
775 2801 864 2858 ubi
877 2817 997 2859 eam
1019 2801 1368 2860 commodius
1393 2802 1744 2875 comparetis.

1961 2361 2308 2419 anachoreta:
2335 2360 2698 2434 antiquissimi
2739 2360 3137 2418 consistebant.

2575 2455 2817 2512 CAPUT
2855 2457 2950 2512 ιν.

2127 2552 2206 2606 De
2222 2545 2418 2604 abbate
2441 2549 2793 2611 Charemone,
2819 2551 2870 2604 et
2897 2550 3235 2604 excusatione
3275 2547 3390 2618 ejus

2393 2633 2550 2689 super
2575 2620 2852 2688 postulata
2867 2619 3133 2674 doctrina.

2031 2711 2222 2780 Itaque
2259 2707 2453 2765 beatus
2493 2708 2804 2765 Archebius
2842 2709 3082 2781 primum
3119 2724 3220 2765 nos
3266 2706 3560 2780 perducere

1961 2801 2031 2860 ad
2065 2790 2535 2882 4Chaaremonem
2574 2801 2786 2870 maluit,
2831 2802 2926 2875 qui
2973 2810 3031 2860 et
3069 2801 3400 2859 monasterio
3447 2801 3564 2874 ejus

1357 2943 1612 2999 ALABDI
1648 2943 1874 3000 GAZEI
1911 2943 2471 3000 COMMENTARIUS.

328 3073 354 3103 α
401 3064 664 3140 Baculum
695 3073 752 3122 et
795 3081 1004 3140 peram,
1059 3073 1153 3140 aut
1183 3065 1362 3140 verius
1399 3068 1678 3138 penulam,
1709 3069 1851 3125 inter
1883 3073 1928 3137 (ζ
1961 3068 2110 3138 dam,
2135 3069 2338 3140 siveea
2364 3066 2656 3140 exsiccavit
2678 3073 2733 3140 et
2756 3065 2885 3124 fecit
2911 3067 3058 3140 rivos
3090 3065 3383 3140 ﬂuviorum
3430 3080 3560 3122 exa-

249 3138 634 3210 JEgyptiorum
680 3137 1083 3210 monachorum
1128 3137 1368 3210 habitus,
1404 3137 1503 3194 seu
1551 3139 1846 3210 gestamina

247 3208 527 3280 recensuit
545 3208 831 3265 Cassianus
856 3208 949 3264 lib.
979 3223 1002 3264 ι
1023 3208 1201 3264 lnstit.
1235 3223 1358 3280 cap.
1376 3215 1410 3264 8
1439 3215 1492 3262 et
1519 3208 1578 3264 9:
1613 3211 1845 3266 Ultimus

249 3278 450 3352 inquit,
482 3280 696 3335 habitus
721 3295 924 3352 eorum,
948 3280 1108 3352 pellis
1143 3278 1390 3349 caprina,
1413 3295 1532 3348 quae
1549 3280 1766 3352 melotes
1794 3286 1845 3336 et

242 3352 723 3423 peraappellatur,
741 3355 792 3406 et
821 3351 1038 3423 baculus
1070 3367 1089 3423 ξ
1105 3365 1225 3423 qua:
1244 3351 1564 3421 gestantnad
1581 3352 1842 3406 imitatio-

247 3421 373 3477 nem
387 3421 569 3478 eorum
588 3424 685 3493 qui
693 3422 1048 3493 professionis
1069 3421 1232 3490 hujus
1247 3425 1660 3493 prteﬁgurauere
1670 3423 1840 3480 lineas

250 3493 316 3547 in
354 3495 534 3549 Veteri
571 3491 924 3560 Testamento,
968 3492 1028 3546 id
1073 3497 1170 3562 est,
1196 3491 1584 3562 prophetan
1625 3494 1762 3548 Elia:
1787 3498 1839 3550 et

245 3564 458 3632 Elisai;
481 3563 594 3636 ubi
615 3562 868 3636 penulam
925 3561 1104 3636 potius
1146 3561 1434 3636 legendum
1462 3577 1579 3636 esse
1613 3563 1833 3619 monui-

247 3648 399 3690 mus.
427 3632 648 3706 Deindér
677 3632 963 3706 utriusque
996 3632 1266 3706 rationem
1295 3632 1844 3706 etsignilicationem

245 3704 471 3777 exponit
503 3705 810 3770 Cassianus,
843 3704 1056 3777 penula;
1101 3704 1322 3776 quidem
1360 3704 1650 3762 his—verbis
1685 3724 1700 3762 :
1741 3708 1849 3774 Qui

503 3779 666 3861 pellis
716 3776 950 3861 caprina
991 3779 1282 3861 signiﬁcat,
1305 3779 1654 3861 'mortiﬁcata
1695 3780 1844 3833 omni

241 3847 546 3918 petulantia
573 3847 876 3904 carnalium
899 3851 1214 3916 passionum
1231 3847 1420 3918 debere
1443 3862 1526 3901 eos
1557 3849 1617 3902 in
1639 3863 1846 3903 sum-ma

249 3915 514 3975 uirtutum
530 3921 800 3990 gravitate
825 3915 1234 3990 consistere,gnec
1252 3915 1551 3990 quidquam
1570 3919 1845 3990 petulcum

245 3991 331 4044 uel
348 3985 583 4046 calidum
599 3988 902 4058 juventutis
916 3985 1568 4058 acmobilitatisgntiquce
1585 3987 1644 4038 in
1664 4001 1843 4041 eorum

407 4078 465 4116 re
489 4052 752 4124 residere;
775 4055 950 4110 baculi
980 4069 1121 4126 vero
1156 4052 1268 4126 sic:
1297 4052 1462 4126 Cujus
1481 4058 1703 4122 gestatio
1732 4059 1844 4126 spi-

246 4123 526 4187 ritualiter
543 4131 717 4184 manet
736 4123 1049 4194 numquam
1084 4123 1270 4178 debere
1304 4139 1390 4179 eos
1414 4124 1558 4178 inter
1585 4128 1664 4180 tot
1689 4123 1838 4182 obla-

244 4207 452 4257 trantes
469 4200 723 4253 uitiorum
739 4211 891 4251 canes
911 4200 961 4250 et
973 4195 1267 4268 invisibiles
1291 4196 1660 4268 nequitiarum
1681 4199 1840 4268 spiri-

241 4273 481 4328 tualium
508 4269 702 4322 bestias
724 4269 949 4322 inemes
969 4267 1226 4331 incedere,
1251 4265 1345 4322 sed
1372 4268 1634 4324 irruentes
1653 4265 1740 4326 eds
1758 4283 1842 4325 re-

245 4341 481 4408 tundere
507 4341 676 4394 crucis
699 4339 995 4408 signaculo,
1025 4345 1133 4395 etc.

319 4403 349 4443 δ
375 4409 667 4482 Quomodo
696 4403 796 4482 SS.
826 4403 1028 4482 Patres
1047 4407 1380 4482 spiritaliter,
1413 4407 1468 4464 id
1497 4416 1598 4475 est,
1631 4408 1832 4482 allego-

238 4454 796 4552 τίωξῖἷξῖὀίἷιῖἇξῶ
817 4454 1150 4537 idemid};
1163 4454 1836 4537 'Eééfén’aé'etws'ieﬁii't'aie
1863 4454 1914 4516 D

241 4551 568 4627 Synagogaa,
592 4566 686 4627 seu
711 4551 1090 4627 devocatione
1115 4551 1362 4627 gentium
1383 4558 1439 4627 et
1457 4551 1841 4627 reprobatione

243 4621 572 4682 Jhdaior'um
603 4621 882 4695 (Basilius,
915 4621 1464 4695 HieronfLAAugustu
1510 4621 1758 4693 Prosper.
1787 4624 1838 4695 );

240 4709 387 4751 unus
413 4695 530 4751 vice
567 4692 818 4750 omnium
844 4693 1109 4764 loquatur
1137 4692 1509 4764 Hieronymus
1531 4695 1614 4757 (In
1637 4692 1836 4750 Habac.

241 4781 362 4836 cap.
388 4764 484 4836 ιιι)
507 4768 812 4836 Postquam,
837 4763 1013 4836 inquit
1035 4765 1292 4836 pommus
1310 4763 1457 4818 uertit
1473 4764 1530 4816 in
1556 4764 1838 4836 mundum,

239 4833 734 4906 et’comp'letumwest
769 4833 925 4890 illud
951 4835 1095 4905 quod
1129 4833 1276 4888 dixit
1313 4837 1372 4888 in
1417 4835 1708 4902 Evangelia
1737 4855 1750 4890 :
1777 4838 1841 4906 In

231 4905 512 4977 judicium
539 4921 630 4975 ego
658 4909 717 4961 in
737 4906 996 4960 mundum
1007 4908 1172 4960 istum
1197 4906 1338 4968 ueni,
1361 4908 1425 4959 ut
1447 4906 1549 4974 qui
1573 4919 1679 4958 non
1695 4905 1842 4961 uide-

243 4977 398 5045 bant,
418 4977 662 5032 viderent
689 4996 708 5045 ;
739 4981 790 5032 et
807 4979 904 5046 qui
938 4977 1216 5040 videbant,
1245 4977 1374 5030 caeci
1411 4979 1598 5045 ﬁerent
1619 4977 1838 5042 (Matth.

239 5047 329 5120 Χ).
364 5049 511 5120 Tunc
534 5052 679 5104 terra
713 5049 900 5115 Israel,
946 5048 1014 5103 de
1044 5063 1152 5120 qua
1179 5047 1340 5120 ﬂuvii
1362 5049 1487 5101 ante
1519 5047 1838 5120 manabant,

241 5117 298 5175 et
321 5119 624 5188 irrigabant
647 5121 956 5174 universum
965 5119 1166 5174 Iudaeis
1171 5117 1452 5187 populum,
1473 5119 1646 5184 aruit,
1659 5121 1712 5172 et
1728 5120 1843 5184 fon-

241 5193 322 5245 tes
341 5191 487 5246 illius
502 5191 746 5246 obturati
757 5193 904 5245 sunt.
929 5190 1210 5246 Uniuersus
1239 5192 1418 5243 autem
1433 5188 1594 5256 orbis,
1612 5190 1709 5258 qui
1724 5193 1845 5244 erat

237 5260 478 5317 desertus
500 5266 552 5316 et
584 5262 804 5326 sterilis,
829 5265 884 5317 et
919 5275 1092 5331 aquas
1123 5259 1529 5331 praedicationis
1549 5261 1842 5316 Dominicce

241 5346 352 5402 non
389 5332 640 5400 habebat,
669 5347 854 5388 uersus
879 5330 1044 5388 estin
1059 5330 1291 5402 paludes
1313 5346 1611 5401 aquarum,-
1643 5335 1693 5387 et
1711 5335 1844 5402 quot

243 5401 482 5460 doctores
510 5405 709 5470 emisit,
740 5407 816 5459 tot
854 5403 1041 5458 habuit
1062 5401 1119 5458 et

241 5487 442 5546 nymus
469 5473 889 5546 spiritaliter,-ut
909 5473 996 5529 hic
1023 5472 1247 5546 dicitur,
1261 5472 1444 5546 locum
1463 5473 1619 5546 illum
1647 5471 1842 5546 psalmi

241 5543 540 5616 esponens.
571 5546 844 5616 Caeterum
879 5559 989 5616 non
1031 5552 1113 5601 est
1153 5543 1392 5616 dubium
1440 5543 1663 5616 eadem:
1673 5545 1839 5600 verba

240 5612 460 5688 proprie
487 5623 544 5672 et
577 5613 876 5688 secundum
906 5614 1145 5670 litteram
1169 5613 1397 5688 intelligi
1437 5629 1595 5688 posse
1614 5612 1684 5670 de
1711 5629 1836 5688 vera

242 5684 304 5767 ξι
344 5684 580 5767 ’egtterna
602 5686 947 5767 _muta_tionq,_
971 5701 1080 5767 qua
1130 5689 1313 5767 Deus
1328 5684 1623 5767 aliquando
1649 5687 1837 5767 posuit

241 5757 471 5826 ﬂumina
487 5761 547 5814 in
579 5757 868 5824 desertum,
893 5756 952 5816 id
979 5755 1080 5827 est,
1097 5756 1370 5815 convertit
1389 5755 1619 5816 ﬂumina
1646 5755 1704 5812 in
1727 5755 1835 5813 ari-

1162 5405 1359 5471 fontes,
1389 5409 1493 5458 etc.
1517 5403 1605 5459 Sic
1645 5402 1842 5458 Hiero-

1957 3155 2189 3208 rescere,
2221 3139 2313 3196 ubi
2341 3140 2489 3210 prius
2541 3137 2882 3195 abundanter
2907 3137 3269 3194 decurrebant
3288 3156 3335 3210 ε⁸
3359 3145 3414 3194 et
3447 3141 3560 3210 ter-

1952 3227 2073 3266 ram
2106 3206 2462 3279 fructiferam
2501 3213 2757 3266 convertit
2793 3213 2852 3266 in
2885 3211 3234 3279 salsuginem,
3284 3206 3341 3264 id
3367 3217 3472 3278 est,
3501 3207 3559 3264 in

1951 3289 2173 3352 terram,
2205 3281 2466 3352 sterilem,
2497 3281 2668 3352 qualis
2695 3289 2780 3336 est
2797 3289 2948 3352 terra
2995 3289 3185 3352 operta
3228 3279 3360 3352 sale,
3396 3279 3557 3351 idque

1951 3351 2025 3406 ob
2073 3351 2340 3407 malitiam
2366 3361 2422 3406 et
2444 3349 2744 3421 nequitiam
2793 3349 3121 3421 incolarum.
3176 3351 3344 3420 Cuius
3372 3349 3558 3421 mutae

1947 3421 2115 3492 tionis
2143 3422 2455 3492 exemplum
2507 3419 2773 3476 habemus
2805 3420 2862 3475 in
2893 3421 3090 3478 Genesi
3143 3419 3267 3491 cap.
3313 3435 3430 3487 xu,
3459 3419 3556 3476 ubi

1942 3490 2146 3549 dicitur
2175 3511 2188 3548 :
2211 3490 2445 3550 Eleuatis
2467 3493 2600 3547 Loth
2617 3493 2786 3547 oculis
2816 3492 2957 3546 uidit
2971 3507 3177 3547 omnem
3198 3490 3399 3546 terram
3415 3492 3556 3546 circa

1942 3567 2210 3634 regionem
2223 3565 2494 3626 Jordanis,
2510 3579 2630 3633 qua
2644 3565 2892 3618 universa
2905 3563 3558 3632 irrigabatur,antequam

1953 3637 2279 3692 subverteret
2305 3637 2563 3692 Dominus
2591 3635 2876 3692 Sodomam
2912 3638 2963 3690 et
3013 3633 3380 3696 Gomorrham,
3409 3634 3552 3688 sicut

1991 3709 2246 3763 aradisus
2290 3708 2522 3763 Domini.
2571 3707 2732 3762 Hauc
2780 3719 2909 3760 vero
2950 3713 3159 3761 terram
3204 3703 3464 3776 irriguum
3499 3711 3556 3760 et

1944 3722 2290 3832 ﬁuctiferam
2314 3777 2489 3832 instar
2514 3776 2768 3832 paradisi.
2793 3778 2945 3831 Deus
2977 3775 3238 3832 sulphure
3261 3782 3315 3830 et
3336 3775 3457 3832 igne
3487 3773 3556 3830 de

1973 3776 2290 3835 'ructiferam
2314 3777 2489 3833 instar
2514 3776 2768 3847 paradisi.
2793 3778 2945 3831 Deus
2977 3775 3238 3847 sulphure
3261 3773 3325 3830 et
3336 3773 3557 3847 igneude

1955 3849 2097 3905 coelo
2122 3848 2367 3906 demisso
2409 3843 2586 3904 totam
2631 3847 2874 3913 siccavit,
2905 3855 2960 3901 et
2992 3843 3325 3916 sempiterna
3353 3843 3554 3900 sterili-

1954 3925 2064 3990 tate
2091 3919 2394 3986 damnavit,
2422 3926 2484 3974 ut
2513 3917 2714 3990 legitur
2748 3916 2979 3990 Genesis
3009 3913 3142 3972 x1x‘.
3190 3913 3350 3971 Addit
3385 3928 3554 3990 porro

1951 3989 2024 4042 D.
2052 3983 2442 4060 Hieronymus,
2475 3983 2772 4058 ubi'supra,
2799 3987 3072 4060 haeciquaa
3117 3983 3418 4060 sequuntur
3448 3983 3556 4060 huc

1951 4059 2245 4128 spectantia
2262 4056 2294 4112 ἐ
2320 4061 2566 4126 Legimus
2591 4061 2648 4112 in
2659 4056 2755 4112 his
2790 4063 2890 4126 qui
2915 4056 2982 4112 de
3003 4057 3348 4128 mirabilibus
3368 4056 3546 4122 confe-

1949 4126 2134 4183 cerunt
2149 4129 2441 4190 uolumina,
2463 4133 2514 4182 et
2531 4130 2630 4196 qui
2639 4129 2976 4196 olympiadas
2993 4129 3212 4184 Gracia:
3225 4126 3304 4180 ad
3317 4129 3553 4180 nostram

1945 4213 2115 4270 usque
2132 4199 2442 4270 memoriam
2457 4198 2847 4270 perduxerunt,
2873 4201 3190 4270 eapunentes
3209 4197 3344 4266 quid
3361 4197 3421 4250 in
3439 4198 3552 4251 sin-

1946 4268 2091 4338 gulis
2113 4271 2271 4324 annis
2285 4269 2412 4324 noui
2431 4268 2684 4322 acciderit
2713 4271 2770 4322 in
2789 4268 3006 4337 mundo,
3021 4268 3166 4338 quod
3187 4269 3328 4322 inter
3363 4271 3554 4323 caetera

1947 4345 2257 4396 terrmnotu
2278 4341 2552 4410 eruperint
2571 4341 2819 4408 ﬂumina,
2851 4355 2974 4410 quae
2995 4347 3120 4394 ante
3146 4355 3252 4394 non
3277 4339 3546 4406 fuerant;

1948 4416 2000 4467 et
2023 4427 2242 4468 rursum
2263 4411 2378 4465 alia
2398 4411 2653 4480 absorpta
2677 4412 2805 4474 sint,
2836 4416 2887 4466 et
2914 4425 3132 4482 pessum
3169 4411 3362 4477 ierint;
3411 4411 3554 4480 quod

1947 4483 2146 4539 scilicet
2156 4497 2334 4538 omnes
2343 4485 2611 4537 terrarum
2631 4497 2796 4544 venae,
2822 4485 2983 4552 quasi
2999 4484 3058 4536 in
3081 4482 3551 4552 humano'corpore

1947 4556 2284 4626 sanguinem,
2314 4555 2394 4608 ita
2406 4555 2464 4608 in
2479 4568 2534 4608 se
2547 4553 2782 4609 habeant
2801 4554 3023 4609 latentes
3049 4569 3224 4624 aquas
3251 4569 3371 4626 quae
3391 4557 3550 4608 terrce

1945 4625 2284 4680 conbussione
2301 4628 2632 4695 rumpantur
2646 4629 2698 4695 et
2711 4630 2930 4680 manent
2943 4627 3000 4679 in
3009 4627 3254 4695 ﬂumina.
3270 4625 3554 4695 Hactenus

1945 4696 2020 4776 ρ.
2043 4691 2440 4776 Hieronymus:
2460 4698 2535 4776 At
2547 4695 2615 4751 de
2631 4694 2796 4776 hisnet
2823 4691 3092 4776 ejusmodi
3129 4691 3546 4776 mutationibus,

1945 4759 2568 4840 terr-armotibus,_maris
2615 4773 2682 4840 et
2699 4759 2990 4840 ﬂuminum
3017 4759 3417 4840 eruptionibus,
3441 4759 3551 4840 .in-

1949 4836 2081 4892 sulis
2101 4836 2230 4891 inde
2251 4829 2445 4900 enatis,
2465 4842 2522 4890 et
2552 4834 2714 4888 terris
2731 4829 3346 4902 absorptis,rde'quibus
3371 4829 3552 4902 agitur

1947 4905 2005 4962 in
2033 4905 2140 4962 hoc
2162 4921 2308 4977 cap.,
2348 4902 2608 4959 videndus
2632 4910 2716 4958 est
2757 4900 2962 4960 Plinius
2986 4901 3079 4958 lib.
3111 4900 3373 4958 IrNatur.
3401 4900 3546 4958 Hist.

1949 4991 2070 5048 cap.
2105 4981 2175 5048 ϐξ
2199 4984 2256 5031 et
2280 4981 2549 5048 sequente

2021 5043 2044 5082 δ
2062 5045 2260 5102 Tribus
2288 5043 2436 5118 hisce
2466 5043 2824 5118 panachoretis
2869 5052 3078 5118 septem
3100 5043 3436 5118 icollationes
3458 5057 3546 5099 se-

1949 5124 2178 5188 quentes
2191 5115 2504 5189 seattribuit
2515 5113 3395 5189 Cassianus,nempe;Chaeremoni
3411 5121 3550 5184 tres,

1948 5187 2224 5270 Noster-oti
2247 5187 2416 5270 duas,
2438 5195 2496 5243 et
2511 5187 2714 5270 ioseph
2743 5187 2938 5270 itidem
2961 5187 3120 5270 ἁμὲς.

2020 5259 2048 5298 ει
2074 5263 2268 5316 Monet
2309 5258 2597 5316 Ciaconius
2641 5257 2712 5314 ita
2769 5258 3116 5316 scribendum
3161 5257 3268 5314 hoc
3319 5269 3550 5324 nomen,

1949 5329 2072 5403 quia
2096 5401 2103 5403 ξ
2129 5331 2320 5390 Graece
2359 5330 2628 5403 scribitur
2662 5330 2948 5402 Χαιρεμὼν,
3003 5327 3329 5403 Αι--Βιιίᾶαῖ
3371 5326 3552 5401 magis

1949 5398 2265 5474 acquiesco,
2279 5401 2370 5474 qui
2393 5401 2660 5474 Χαιρήμων
2686 5398 2846 5474 legit;
2879 5410 2940 5458 ut
2981 5400 3159 5456 media
3175 5398 3549 5474 producatur,

1949 5491 1979 5539 η
2031 5471 2311 5543 Graecoin
2353 5488 2382 5528 e
2421 5471 2678 5528 Latinum
2731 5471 2981 5543 longum,
3019 5471 3268 5543 ut_sole_t,
3307 5475 3542 5543 mutato.

1946 5544 2120 5614 Porro
2147 5543 2216 5599 de
2248 5542 2358 5598 hoc
2385 5543 2741 5614 Chaeremone
2782 5540 3166 5614 intelligendus
3187 5541 3398 5614 videtur
3417 5540 3545 5614 Pal-

1945 5612 2124 5670 ladius
2147 5614 2422 5680 (Lamiae.
2466 5617 2579 5682 92),
2608 5612 2742 5669 dum
2781 5611 2902 5668 haec
2935 5611 3125 5668 scribit
3163 5611 3405 5670 :Accidit
3433 5613 3550 5668 illis

1944 5685 2152 5753 diebus,
2178 5689 2241 5740 ut
2271 5685 2576 5742 Charemon
2599 5686 2920 5740 exercitator
2955 5683 3141 5740 sedens
3175 5684 3470 5746 decederet,
3497 5687 3548 5738 et

1941 5759 2278 5814 inueniretur
2298 5761 2540 5814 mortuus
2558 5758 2618 5812 in
2633 5755 2905 5822 cathedra,
2931 5759 2982 5812 et
3003 5759 3324 5828 tenensopus
3351 5757 3412 5810 in
3438 5767 3556 5809 ma-
