4040 6206
440 216 535 272 851

440 449 568 491 cum
591 441 617 470 ⁸
640 431 1016 489 centenarium
1054 431 1182 486 vitae
1210 445 1413 485 annum
1436 428 1629 501 spiritu
1655 435 1873 484 tantum
1918 427 2037 483 ala-

442 544 534 585 cer
584 528 933 597 excessisset,
984 525 1060 582 ita
1108 524 1335 581 dorsum
1376 525 1493 596 ejus
1541 522 1802 595 temporis
1860 520 2039 578 fuerat

445 628 712 679 vetustate
776 628 941 693 atque
1000 617 1311 675 orationum
1346 616 1579 690 jugitate
1626 624 1931 685 curvatum,
1977 622 2041 672 ut

444 715 596 788 quasi
623 714 680 770 in
733 714 1049 786 primaevam
1104 710 1355 769 redactus
1394 709 1699 779 infantiam,
1754 708 2041 766 submissis

443 823 507 869 ac
525 806 790 880 protentis
806 814 1116 863 terratenus
1133 804 1384 862 manibus
1403 803 1838 878 progrederetur.
1861 801 2042 875 Hujus

443 900 607 974 igitur
643 906 697 956 et
725 899 938 956 vultum
980 896 1285 955 mirabilem
1328 906 1383 955 et
1401 898 1673 955 incessum
1722 896 1927 969 pariter
1954 896 2044 952 in-

445 1002 661 1051 tuentes
675 992 971 1067 (siquidem
997 993 1226 1049 defectis
1247 991 1695 1064 mortiﬁcatisque
1714 990 1834 1064 jam
1861 990 2046 1046 omni—

445 1087 550 1144 bus
589 1086 875 1155 membris,
921 1102 1265 1158 nequaquam
1303 1100 1589 1142 censuram
1643 1085 1933 1156 prmterita:
1956 1083 2047 1140 di-

445 1182 749 1240 strictionis
770 1182 1069 1255 amiserat),
1092 1198 1219 1237 cum
1242 1196 1556 1237 sermonem
1567 1186 1727 1253 atque
1744 1179 2047 1236 doctrinam

447 1276 763 1350 suppliciter
788 1291 1154 1348 posceremus,
1186 1289 1250 1330 ac
1276 1272 1609 1330 desiderium
1640 1280 1856 1329 tantum
1878 1272 2044 1344 spiri-

450 1373 642 1429 talium
688 1362 1095 1429 institutionum
1123 1382 1343 1426 causam
1368 1368 1534 1426 fuisse
1579 1367 1845 1425 adventus
1870 1366 2044 1424 nostri

450 1473 902 1538 protestaremur,
945 1463 1179 1537 graviter
1202 1463 1289 1518 ille
1335 1461 1610 1534 suspirans
1641 1480 1655 1517 :
1690 1459 1833 1533 Quid
1873 1460 2046 1531 vobis,

454 1559 552 1627 ait,
587 1574 814 1631 possum
837 1556 1091 1614 conferre
1115 1555 1398 1621 doctrinae,
1427 1570 1556 1612 cum
1597 1552 1935 1610 imbecillitas
1958 1568 2049 1609 se-

452 1654 684 1710 nectutis
712 1662 774 1709 ut
813 1653 1051 1725 rigorem
1067 1651 1355 1724 pristinum
1381 1648 1659 1718 relaxavit,
1689 1648 1761 1704 ita
1795 1645 2050 1719 loquendi

1490 218 1501 233 ‘
1522 205 1801 263 JOANNIS
1837 205 2139 263 CASSIANI
2175 198 2661 261 COLLATIONES.

441 340 683 415 propior,
705 346 760 395 et
791 337 1008 396 duobus
1044 335 1166 393 aliis
1200 335 1509 407 provectior
1529 342 1671 390 esset
1698 341 1878 389 aetate.
1899 335 2040 390 Nam
2068 335 2122 399 Α

3649 192 3755 248 852

2740 322 2984 381 CAPUT
3037 321 3133 376 VI.

2142 433 2438 506 Propositio
2484 428 2695 486 abbatis
2738 425 3113 506 (ξζξωνεξυιοηὶξ,
3185 418 3332 491 quod
3371 418 3557 476 tribus
3577 418 3756 476 modis

2712 498 2852 552 vitia
2866 497 3176 550 vincantur.

2219 608 2585 677 Tuncbeatus
2611 602 2979 661 Chaeremon:
3027 598 3157 655 Tria
3194 604 3346 666 sunt,
3376 597 3583 670 inquit,
3634 610 3759 669 qua

2149 703 2354 762 faciunt
2383 699 2632 758 homines
2651 714 2680 754 a
2708 697 2850 754 vitiis
2880 703 3210 766 temperare,
3248 690 3303 746 id
3326 699 3434 761 est,
3461 698 3560 747 aut
3576 698 3758 748 metus

2152 798 2438 873 gehennae,
2481 793 2593 850 sive
2640 790 2994 866 praesentium
3035 787 3244 863 legum,
3283 793 3380 840 aut
3431 798 3555 857 spes
3595 791 3761 856 atque

2153 889 2484 949 desiderium
2509 886 2659 961 regni
2690 885 2982 949 caelorum,
3023 887 3121 935 aut
3155 875 3387 934 affectus
3409 876 3539 934 boni
3588 876 3763 952 ipsius

2157 999 2422 1056 amorque
2448 983 2736 1038 virtutum.
2785 980 2927 1035 Nam
2955 976 3124 1030 timor
3179 972 3250 1028 ita
3277 971 3400 1028 mali
3435 971 3765 1044 contagium

2154 1078 2350 1152 legitur
2379 1076 2650 1135 exsecrari
2680 1094 2693 1131 :
2724 1077 2903 1131 Timor
2936 1072 3157 1128 Domini
3173 1069 3287 1124 odit
3321 1068 3583 1123 malitiam
3614 1066 3766 1139 (Pro-

2155 1169 2302 1224 verb.
2336 1170 2484 1237 Vill).
2514 1169 2648 1238 Spes
2693 1163 2883 1231 etiam,
2921 1160 3175 1217 vitiorum
3218 1156 3471 1213 omnium
3516 1155 3771 1213 excludit

2151 1263 2451 1319 incursum.
2481 1264 2598 1321 Non
2635 1259 2785 1315 enim
2809 1258 3117 1326 delinquatt
3139 1267 3319 1308 omnes
3349 1254 3448 1322 qui
3467 1255 3693 1323 sperant
3710 1253 3771 1306 in

2153 1373 2271 1412 eum
2300 1356 2464 1425 (Psal.
2495 1355 2712 1423 xxx").
2743 1356 2910 1409 Amer
2934 1363 3152 1422 quoque
3180 1346 3403 1403 ruinam
3426 1361 3543 1402 non
3572 1344 3771 1402 metuit

2155 1457 2525 1523 peccatorum,
2555 1445 2683 1520 quia
2713 1455 2734 1481 °
2756 1445 3005 1502 Charitas
3048 1456 3353 1511 numquam
3400 1439 3551 1495 cadit
3573 1438 3618 1511 (ι
3648 1439 3768 1497 Cor.

2157 1548 2318 1611 xui).
2336 1546 2407 1598 Et
2430 1543 2631 1599 iterum
2656 1561 2668 1597 :
2692 1542 2942 1598 Charitas
2966 1539 3133 1608 operit
3151 1534 3563 1591 multitudinem
3583 1547 3773 1604 pecca-

2162 1642 2337 1694 torum
2362 1639 2404 1704 (I
2426 1639 2570 1693 Petr.
2585 1634 2687 1706 ιν).
2712 1636 2783 1689 Et
2806 1632 3007 1689 idcirco
3024 1628 3521 1701 beatusApostolus
3544 1641 3775 1684 omnem

455 1762 672 1819 quoque
704 1723 907 1804 ademit
936 1723 1231 1803 ﬁduciam?
1262 1741 1744 1814 Quemadmodum
1776 1742 1923 1798 enim
1950 1739 2050 1797 do-
2081 1747 2128 1810 Β
2161 1732 2349 1788 salutis
2378 1744 2654 1787 summam
2680 1728 2908 1784 istarum
2928 1725 3098 1780 trium
3125 1723 3393 1778 virtutum
3417 1735 3774 1777 consumma-

455 1856 579 1899 cere
619 1856 972 1914 praesumam,
1002 1839 1148 1911 quod
1175 1841 1289 1911 ipse
1318 1854 1433 1894 non
1469 1834 1644 1905 facio;
1671 1845 1765 1891 aut
1791 1835 1961 1891 alium
1998 1832 2055 1889 in

457 1949 524 1991 eo
555 1933 848 2002 instruam,
880 1932 1027 2005 quod
1056 1948 1144 1988 me
1159 1931 1276 2003 jam
1307 1931 1490 1987 minus
1539 1928 1615 1985 vel
1648 1927 1876 2000 tepidius
1903 1942 2055 1983 exer-

457 2041 586 2085 cere
615 2031 924 2101 cognosco?
950 2026 1037 2082 Ob
1059 2041 1224 2097 quam
1244 2040 1361 2079 rem
1386 2022 1602 2079 nullum
1623 2020 1899 2093 juniorem
1921 2018 2055 2075 mihi

457 2119 511 2177 in
542 2120 683 2177 hanc
721 2136 891 2191 usque
932 2127 1150 2174 aetatem
1177 2116 1487 2173 cohabitare
1515 2113 1760 2187 permisi,
1787 2128 1858 2171 ne
1884 2128 2059 2169 exem-

464 2214 555 2283 plo
580 2228 706 2268 meo
723 2211 944 2267 alterius
970 2208 1237 2265 districtio
1270 2209 1561 2265 laxaretur.
1581 2210 1895 2280 Numquam
1910 2207 2059 2263 enim

461 2306 567 2361 erit
590 2304 783 2361 efﬁcax
812 2303 1139 2360 instituentis
1179 2302 1495 2376 auctoritas,
1531 2302 1636 2360 nisi
1681 2318 1803 2360 eam
1855 2301 2059 2361 effectu

467 2398 650 2472 operis
677 2399 761 2456 sui
788 2397 941 2455 cordi
971 2396 1219 2454 afﬁxerit
1248 2396 1536 2454 audientis.

1081 2492 1323 2548 CAPUT
1372 2493 1440 2547 v.
1750 2548 1770 2572 .

563 2594 638 2647 De
666 2588 1000 2660 responsione
1024 2590 1206 2642 nostra
1233 2590 1415 2641 contra
1439 2585 1828 2641 excusationem
1850 2583 1986 2655 ejus.

534 2683 623 2739 Ad
638 2681 757 2739 haec
776 2697 881 2738 nos
895 2697 1007 2737 non
1030 2679 1290 2736 mediocri
1305 2678 1625 2736 confusione
1637 2677 1974 2750 compuncti,
1992 2676 2064 2735 ita

458 2775 842 2848 respondimus
875 2794 887 2830 :
926 2773 1084 2830 Licet
1122 2771 1379 2830 sufﬁcere
1411 2771 1569 2828 nobis
1609 2771 1680 2828 ad
1723 2787 1945 2829 omnem
1982 2770 2062 2826 in-

461 2870 831 2928 structionem
864 2867 1057 2925 debeat
1087 2869 1168 2924 vel
1186 2867 1290 2923 loci
1323 2867 1483 2922 istius
1515 2864 1828 2934 difﬁcultas,
1854 2865 1935 2919 vel
1949 2864 2061 2934 ipsa

462 2963 632 3019 etiam
677 2961 922 3017 solitaria
950 2959 1126 3015 adhuc
1166 2959 1297 3026 vita,
1347 2971 1514 3027 quam
1543 2955 1805 3026 juventus
1842 2969 2061 3026 quoque

466 3054 695 3111 robusta
726 3054 811 3108 vix
862 3060 1046 3124 posset
1073 3051 1328 3116 tolerare,
1356 3063 1481 3121 qua:
1517 3063 1619 3105 nos
1653 3048 1840 3117 etiam,
1888 3055 1941 3105 te
1981 3055 2062 3103 ta-

2162 1826 2314 1881 tione
2335 1822 2667 1880 concludens
2697 1841 2713 1876 :
2760 1823 2934 1888 Nunc,
2964 1817 3159 1890 inquit,
3190 1819 3406 1872 manent
3432 1815 3584 1887 ﬁdes,
3613 1830 3767 1885 spes,

2163 1920 2396 1974 charitas
2431 1938 2446 1973 :
2473 1919 2581 1972 tria
2610 1917 2718 1971 hac
2749 1917 2794 1983 (Ι
2823 1916 2941 1971 Cor.
2970 1912 3133 1984 xm).
3162 1898 3193 1942 δ
3217 1909 3370 1967 Fides
3392 1922 3630 1980 namque
3654 1915 3775 1976 est,

2164 2028 2284 2085 quae
2310 2009 2481 2068 futuri
2500 2008 2691 2083 judicii
2740 2024 2803 2064 ac
2848 2005 3242 2079 suppliciorum
3297 2010 3445 2058 metu
3492 1999 3768 2057 vitiorum

2167 2108 2293 2165 facit
2312 2107 2559 2181 contagia
2582 2104 2836 2163 declinari
2863 2124 2878 2173 ;
2910 2118 3053 2176 spes,
3081 2116 3205 2174 quae
3247 2108 3499 2155 mentem
3524 2104 3778 2154 nostram

2166 2202 2236 2260 de
2263 2200 2624 2275 praesentibus
2680 2213 2931 2267 avocans,
2974 2196 3259 2253 universas
3303 2191 3553 2265 corporis
3611 2190 3775 2249 volu-

2169 2303 2348 2367 ptates
2372 2293 2674 2352 caelestium
2722 2291 3077 2365 praemiorum
3139 2285 3539 2359 exspectatione
3574 2291 3780 2341 conte-

2169 2390 2343 2457 mnit;
2377 2388 2638 2457 charitas,
2662 2402 2786 2461 quin
2817 2402 2921 2443 nos
2943 2384 3013 2441 ad
3040 2398 3289 2440 amorem
3311 2379 3509 2446 Christi
3531 2388 3586 2436 et
3603 2379 3782 2452 spiri-

2168 2483 2359 2540 talium
2385 2483 2653 2539 virtutum
2682 2480 2928 2537 fructum
2956 2478 3158 2535 mentis
3188 2476 3388 2534 ardore
3411 2471 3777 2545 succendens,

2169 2576 2434 2650 quidquid
2461 2575 2564 2633 illis
2604 2574 2941 2632 contrarium
2987 2582 3090 2643 est,
3141 2578 3260 2628 toto
3299 2568 3429 2626 facit
3455 2567 3582 2626 odio
3613 2566 3783 2624 dete-

2168 2672 2318 2728 stari.
2342 2673 2478 2742 Quae
2494 2670 2621 2735 tria,
2646 2668 2775 2726 licet
2797 2667 2867 2725 ad
2891 2683 3068 2724 unum
3094 2665 3262 2721 ﬁnem
3289 2661 3519 2720 tendere
3548 2659 3781 2718 videan-

2169 2772 2279 2833 tur,
2304 2771 2602 2837 provocant
2637 2763 2781 2819 enim
2819 2778 2922 2817 nos
2949 2777 2977 2818 a
3024 2759 3188 2816 rebus
3239 2757 3440 2814 illicitis
3484 2754 3782 2825 abstinere,

2166 2859 2381 2929 magnis
2410 2865 2594 2912 tamen
2634 2856 2971 2913 excellentiae
3004 2870 3119 2911 suae
3143 2852 3405 2927 gradibus
3436 2851 3501 2907 ab
3531 2848 3781 2906 invicem

2167 2950 2528 3023 disparantur.
2558 2953 2687 3007 Duo
2727 2966 2966 3023 namque
3002 2948 3290 3021 superiora
3334 2945 3556 3020 proprie
3576 2943 3786 3001 homi-

2170 3060 2303 3102 num
2344 3053 2475 3101 sunt
2523 3060 2717 3102 eorum
2740 3044 2832 3118 qui
2856 3044 2926 3101 ad
2967 3042 3278 3117 profectum
3317 3040 3625 3108 tendentes,
3645 3054 3783 3097 nec-

466 3154 643 3213 cente,
671 3146 801 3202 satis
831 3144 1156 3216 abundeque
1181 3143 1454 3198 instruunt
1477 3150 1642 3215 atque
1664 3153 2060 3216 compungunt,
2092 3150 2136 3214 (ι
2172 3141 2304 3198 dum
2339 3140 2602 3199 affectum
2635 3156 2936 3214 concepere
2972 3141 3265 3196 virtutum.
3300 3138 3546 3195 Tertium
3564 3136 3785 3211 specia-

469 3254 730 3311 rogamus
763 3226 951 3294 tamen
972 3245 1039 3293 ut
1087 3235 1460 3293 taciturnitate
1504 3235 1788 3309 paululum
1834 3246 2067 3309 praeter-

352 3324 371 3335 '
468 3330 657 3400 missa,
684 3345 748 3386 ea
775 3328 935 3386 nobis
968 3328 1145 3402 potius
1183 3328 1467 3401 dignanter
1506 3326 1781 3397 infundas,
1812 3344 1908 3400 per
1945 3344 2068 3400 quae

468 3423 610 3480 hanc
638 3438 804 3496 quam
846 3422 1100 3479 videmus
1128 3423 1186 3478 in
1221 3430 1276 3479 te
1303 3422 1557 3479 virtutem
1586 3438 1698 3478 non
1744 3430 1861 3478 tam
1889 3422 2069 3479 imita-

470 3519 615 3574 tione
643 3518 954 3589 complecti,
1007 3533 1172 3589 quam
1209 3516 1570 3573 admiratione
1604 3516 1887 3588 possimus.
1928 3519 2068 3573 Nam

471 3610 683 3666 etiamsi
707 3610 976 3666 revelatus
1005 3610 1100 3665 tibi
1129 3619 1284 3681 tepor
1313 3618 1502 3666 noster
1527 3611 1819 3681 impetrare
1847 3610 1900 3667 id
1923 3610 2071 3681 quod

475 3704 784 3775 expetimus
843 3718 958 3759 non
1009 3711 1269 3772 meretur,
1332 3702 1495 3758 debet
1530 3702 1637 3758 hoc
1669 3703 1867 3758 saltem
1919 3703 2072 3761 labor

478 3797 615 3853 tanti
637 3795 846 3853 itineris
883 3796 1152 3865 obtinere,
1193 3796 1342 3868 quod
1367 3797 1473 3853 huc
1498 3797 1525 3834 τι
1564 3796 1632 3854 de
1681 3796 2071 3855 Bethleemitici

2177 3235 2300 3293 liter
2324 3236 2426 3292 Dei
2452 3244 2553 3306 est,
2576 3243 2631 3292 et
2667 3251 2861 3293 eorum
2882 3235 2973 3306 qui
2997 3235 3053 3291 in
3078 3249 3201 3291 sese
3231 3243 3253 3271 ο
3272 3233 3569 3306 imaginem
3587 3232 3688 3289 Dei
3717 3247 3787 3290 ac

2175 3329 2586 3387 similitudinem
2612 3338 2956 3403 receperunt.
2984 3329 3082 3385 Ille
3128 3343 3373 3401 namque
3399 3327 3546 3385 solus
3567 3342 3629 3384 ea
3651 3341 3790 3399 qua:

2177 3425 2323 3481 bona
2351 3432 2501 3495 sunt,
2540 3425 2689 3481 nullo
2741 3431 2914 3493 metu,
2943 3422 3089 3478 nulla
3114 3421 3567 3480 remunerationis
3603 3422 3790 3495 gratia

2178 3526 2527 3591 provocante,
2577 3518 2672 3575 sed
2720 3519 2838 3574 solo
2884 3516 3144 3573 bonitatis
3220 3514 3425 3573 affectu
3469 3523 3785 3587 operatur:

2179 3614 2372 3669 Omnia
2410 3612 2579 3676 enim,
2611 3620 2667 3667 et
2688 3614 2765 3669 ait
2792 3612 3078 3680 Salomon,
3112 3616 3363 3681 operatus
3404 3615 3484 3667 est
3516 3612 3789 3666 Dominus

2172 3710 2394 3776 propter
2410 3708 2750 3776 semetipsum
2767 3706 2943 3779 (Prov.
2974 3704 3127 3777 xvr).
3154 3707 3279 3761 Sua:
3296 3716 3530 3773 namque
3554 3701 3794 3758 bonita-

2180 3796 2252 3855 tis
2280 3798 2529 3867 obtentu,
2546 3814 2767 3856 omnem
2780 3798 3055 3855 bonorum
3072 3800 3282 3871 copiam
3303 3794 3476 3869 dignis
3501 3792 3795 3867 indignis-

474 3889 713 3946 cmnobii
739 3890 1089 3959 rudimentis,
1128 3890 1480 3948 institutionis
1511 3898 1702 3948 vestra:
1729 3889 1992 3947 desiderio
2021 3900 2075 3948 et
2181 3908 2288 3965 que
2317 3893 2565 3966 largitur,
2611 3894 2737 3965 quia
2776 3909 2878 3950 nec
2916 3892 3126 3967 fatigari
3165 3890 3368 3969 injuriis
3424 3896 3629 3963 potest,
3672 3904 3796 3949 nec

478 3982 754 4055 profectus
781 3986 957 4042 nostri
985 4000 1192 4054 amore,
1214 3985 1643 4057 properavimus.

2183 3985 2559 4058 iniquitatibus
2602 3986 2893 4073 hominum
2918 3986 3244 4060 passibiliter
3281 3982 3608 4060 promoveri,
3628 3998 3789 4042 sem-

1554 4140 1809 4197 ALARDI
1842 4140 2069 4198 GAZzEI
2105 4141 2667 4200 COMMENTARIUS.

475 4276 652 4333 nibus.
682 4275 796 4347 Ubi
840 4275 939 4332 tria
978 4285 1240 4344 notantur
1278 4297 1289 4331 :
1322 4281 1380 4333 1°
1410 4278 1619 4345 ἅσπησις
1660 4278 1716 4335 id
1735 4287 1840 4347 est,
1866 4279 2075 4336 exerci-

475 4347 631 4413 tatio,
658 4346 803 4418 unde
828 4347 1174 4418 exercitator,
1205 4347 1258 4403 id
1283 4356 1387 4418 est,
1416 4358 1596 4404 asceta
1636 4346 1867 4418 dicitur;
1908 4355 1967 4404 2°
1987 4366 2074 4407 se-

474 4388 668 4493 necttis
687 4416 994 4493 decrepita,
1025 4417 1096 4493 ob
1132 4390 1299 4487 q’uam
1328 4388 1888 4493 Cbmremuo;
1908 4388 2077 4493 20;;-

2181 4281 2397 4362 cpncilii
2424 4280 2731 4362 Triden_tini
2764 4280 2919 4362 (S_ess.
2972 4279 3022 4350 6)
3060 4279 3117 4335 in
3155 4278 3373 4362 decreto
3398 4278 3487 4362 de

2185 4350 2343 4434 tione_
2361 4366 2478 4434 cap.
2498 4354 2610 4434 6,..u
2620 4351 2673 4405 bi
2699 4349 2897 4434 modus
2916 4349 3338 4434 praeparationis
3348 4349 3418 4406 ad
3438 4349 3795 4434 justiﬁcatio-

2183 4436 2308 4475 nem
2330 4419 2416 4475 hic
2427 4419 2677 4477 'traditur
2696 4442 2708 4476 :
2736 4419 3114 4492 Disponunt'ur
3139 4419 3495 4492 (peccatores)
3516 4421 3593 4476 ad
3612 4424 3793 4492 ipsam

479 4485 641 4562 batur
665 4502 705 4562 ;_
728 4489 793 4562 βο.
836 4485 1162 4541 Αεείάυἰιεέ
1201 4487 1385 4562 operis
1422 4504 1597 4562 usque
1648 4490 1718 4546 ad
1766 4485 2078 4547 extremum
2148 4533 2154 4538 .
2174 4492 2476 4561 justitiam,
2496 4492 2627 4546 dum
2646 4485 2866 4548 excitati
2894 4495 3085 4548 divina
3106 4485 3308 4562 gratia,
3338 4498 3390 4548 et
3406 4485 3796 4562 adjutiﬁdem

480 4554 626 4627 vitm,
652 4553 745 4627 ubi
780 4553 1063 4610 inventum
1093 4553 1327 4627 opus'in
1346 4553 1620 4615 manibus.

552 4633 578 4661 ⁸
598 4626 681 4682 De
718 4625 820 4681 hac
843 4633 1088 4682 veterum
1116 4625 1515 4683 monachorum
1543 4637 1600 4683 et
1624 4627 2076 4688 anachoretarum

480 4697 828 4771 longaevitate
864 4713 1036 4769 usque
1061 4706 1115 4771 et
1158 4698 1303 4771 ultra
1346 4698 1720 4771 centenariam
1757 4708 1995 4771 aetatem,
2027 4703 2082 4759 in

479 4769 696 4827 summa
733 4770 858 4826 vitae
894 4770 1233 4840 austeritate,
1262 4770 1425 4827 latius
1472 4770 1685 4843 egimus
1705 4769 1777 4829 ad
1812 4772 1993 4830 collat.
2045 4780 2077 4830 3

477 4856 597 4897 ean.
628 4847 675 4896 1.

700 4928 1031 4997 Aquoﬂsupra,
1060 4913 1128 4997 ad
1155 4929 1274 4987 cap.
1308 4918 1331 4969 1
1366 4912 1528 4997 h‘ujus
1556 4914 1765 4997 09"th
1791 4912 1908 4997 ubi,
1931 4916 2075 4974 velut

471 4984 929 5060 antonomastice,
962 4992 1186 5041 vocatur
1220 4984 1551 5043 coenobium
1578 4985 1769 5060 Syriae,
1809 4985 1936 5056 quia
1960 5002 2072 5046 cte-

470 5050 602 5108 teris
630 5051 961 5124 praecellens.

542 5123 719 5207 °._Non
742 5123 921 5207 placet
956 5123 1125 5207 modo
1153 5126 1565 5207 conjec-turahin
1610 5129 1788 5201 priore
1828 5128 2069 5207 editione

466 5194 664 5268 posita,
677 5194 1160 5269 scilicetmendum
1172 5194 1308 5269 esse,
1324 5200 1575 5257 Charitas
1584 5194 1879 5269 numquam
1896 5203 2064 5264 cadit,

467 5265 831 5349 proexcidit,’
852 5274 923 5349 ‘ut
946 5265 1113 5349 habet
1161 5267 1379 5349 vulgata
1430 5270 1594 5349 lectio
1639 5265 1909 5341 Apostoli,
1938 5273 2067 5341 quia

469 5336 618 5392 cadit
639 5344 693 5392 et
717 5337 914 5393 excidit
943 5337 1090 5393 idem
1121 5336 1320 5409 valent,
1352 5348 1409 5396 et
1430 5340 1518 5397 hic
1543 5336 1756 5396 Auctor
1777 5354 1889 5395 non
1915 5336 2069 5397 sém-

468 5421 569 5481 per
588 5416 770 5481 servat
807 5408 973 5481 verba
1017 5408 1331 5481 Scripturai.
1377 5414 1446 5481 Et
1497 5424 1625 5466 vero
1671 5410 1846 5466 utitur
1873 5409 2067 5470 eadem

465 5478 653 5549 phrasi
685 5486 926 5555 capito
961 5478 1333 5555 hujus—collat.
1381 5480 1526 5555 Alibi
1573 5496 1712 5555 vero
1749 5482 1968 5555 (Coliat.
2013 5492 2064 5552 1,

464 5563 589 5627 cap.
618 5551 702 5623 tt)
733 5551 1351 5627 :‘Charitasfnumquam
1371 5554 1599 5621 accidet,
1619 5553 1715 5609 ubi
1747 5551 1803 5609 id
1834 5551 2067 5627 explicaé

462 5624 923 5746 quomodo
944 5625 1157 5681 scilicet
1191 5624 1426 5682 charitas
1448 5639 1763 5698 numquam
1791 5624 1951 5683 cadat
1968 5635 2068 5684 aut

455 5704 691 5747 excidat.

528 5732 724 5820 3.‘Iﬂiutiic
776 5761 899 5821 loco
941 5774 1066 5838 apte
1118 5768 1368 5839 congruit
1413 5773 1469 5823 et
1511 5776 1777 5827 consonat
1824 5732 2078 5828 doctrina

2184 4579 2252 4618 ea:
2273 4563 2471 4617 auditu
2491 4566 2857 4635 concipientes,
2891 4566 3052 4619 libere
3070 4568 3348 4618 mouentur
3371 4566 3432 4617 in
3456 4567 3647 4627 Deum,
3668 4579 3796 4619 cre-

2186 4635 2366 4689 dentes
2382 4650 2507 4689 rera
2520 4651 2626 4690 esse
2637 4652 2758 4706 qua:
2772 4635 3036 4690 ditinitus
3047 4636 3279 4690 revelata
3289 4639 3341 4689 et
3343 4638 3617 4705 promissa
3630 4641 3765 4690 sunt
3777 4654 3795 4701 ς

2110 4708 2159 4770 Ι)
2189 4709 2350 4773 atque
2364 4706 2504 4777 illud
2533 4709 2587 4761 in
2600 4709 2817 4777 primis,
2844 4724 2877 4760 a
2892 4710 2995 4761 Deo
2999 4707 3300 4776 justiﬁeari
3311 4708 3539 4776 impium
3556 4721 3797 4776 pergrao

2191 4778 2321 4831 tiam
2352 4776 2487 4846 ejus,
2513 4776 2613 4848 per
2630 4779 3046 4847 redemptionem
3069 4794 3190 4848 qum
3216 4781 3299 4832 est
3326 4779 3383 4832 in
3413 4777 3624 4834 Christo
3641 4779 3796 4842 Iesu,

2186 4851 2235 4903 et
2270 4848 2401 4902 dum
2418 4853 2717 4918 peccatores
2736 4866 2790 4904 se
2817 4864 2926 4903 esse
2938 4849 3316 4917 intelligentes,
3347 4848 3603 4903 adicitur
3615 4848 3800 4917 justi-

2184 4920 2274 4973 tice
2286 4921 2499 4982 timore,
2514 4936 2618 4990 quo
2630 4921 2837 4975 utiliter
2847 4921 3243 4983 concutiuntur,
3264 4918 3338 4974 ad
3347 4918 3795 4975 considerandam

2181 4992 2283 5045 Dei
2308 4992 2740 5046 misericordiam
2763 5007 2817 5046 se
2851 4991 3193 5046 convertenda
3224 4990 3284 5044 id
3302 5006 3450 5060 spem
3474 4991 3792 5060 eriguntur,

2176 5061 2400 5133 ﬁdentes
2432 5064 2593 5117 Deum
2611 5063 2721 5118 sibi
2740 5066 2971 5133 propter
3009 5062 3283 5119 Christum
3316 5058 3610 5133 propitium
3633 5058 3790 5133 fore,

2176 5131 2434 5215 illumque
2455 5131 2927 5215 tamquam’omnis
2942 5132 3179 5204 justitice
3201 5131 3434 5201 fontem,
3443 5132 3669 5200 diligere
3698 5131 3793 5187 in-

2174 5208 2586 5358 cialiiifééiacégp
2613 5284 2681 5358 et
2725 5274 3129 5358 similitudinem
3168 5274 3276 5358 Dei
3313 5273 3402 5331 hic
3441 5272 3640 5358 accipit
3661 5273 3803 5358 Au-

2175 5351 2295 5417 ctor
2325 5344 2431 5417 pro
2450 5345 2754 5402 imitatione
2774 5345 3036 5417 bonitatis
3072 5346 3293 5413 divinae,
3322 5361 3429 5417 qua
3453 5344 3628 5400 homo
3660 5345 3793 5417 _l_)eo

2174 5412 2525 5486 assimilatur,
2557 5424 2613 5472 et
2656 5418 2849 5474 similis
2908 5415 3168 5485 efﬁcitur,
3230 5412 3291 5474 ut
3309 5412 3377 5473 ex
3422 5412 3797 5486 sequentibus

2174 5484 2397 5569 patebit,
2412 5489 2730 5615 (praesertim
2766 5505 2888 5563 cap.
2918 5495 2954 5546 9
2979 5496 3035 5544 et
3076 5483 3378 5561 lo..ltaque
3417 5483 3793 5557 imaginemet

2183 5558 2410 5614 simtlttu
2450 5558 2597 5615 inem
2622 5560 2721 5615 Dei
2746 5559 2804 5615 in
2832 5576 2890 5615 se
2908 5567 3252 5615 receperunt.
3280 5559 3371 5615 aui
3391 5556 3635 5614 divinam
3677 5557 3792 5613 bo-

2183 5556 2597 5632 similitudinem
2622 5560 2721 5632 Dei
2746 5559 2804 5615 in
2827 5556 2890 5632 r’se
2908 5567 3252 5632 receperunt,
3280 5556 3371 5632 Qui
3391 5556 3635 5632 divinam
3677 5557 3792 5632 b9-

2181 5629 2411 5713 nitatem
2440 5631 2949 5714 stheneﬁcentiam,
2993 5628 3249 5714 omnibus
3277 5628 3461 5714 hbonis
3498 5636 3556 5687 et
3600 5628 3790 5714 malis,

2183 5701 2371 5773 amicis
2401 5708 2465 5773 et
2491 5701 2747 5773 inimicis
2782 5702 3169 5760 benefaciendo
3196 5701 3501 5771 imitantur,
3551 5701 3638 5758 vel
3690 5701 3788 5773 qui

2185 5770 2578 5844 perfectionem
2606 5772 2880 5832 charitatis
2899 5774 3211 5847 attigerunt.
