  <div class='ocr_page' id='page_1' title='image "/cluster/home/n/w/nwhite01/storage/ocr_20150623/49/hvd.32044096580709/436.png"; bbox 0 0 4040 6206; ppageno 0'>
   <div class='ocr_carea' id='block_1_1' title="bbox 267 283 360 340">
    <p class='ocr_par' dir='ltr' id='par_1_1' title="bbox 267 283 360 340">
     <span class='ocr_line' id='line_1_1' title="bbox 267 283 360 340; baseline -0.011 0"><span class='ocrx_word' id='word_1_1' title='bbox 267 283 360 340; x_wconf 82' lang='lat'><strong>857</strong></span> 
     </span>
    </p>
   </div>
   <div class='ocr_carea' id='block_1_2' title="bbox 1290 280 2534 343">
    <p class='ocr_par' dir='ltr' id='par_1_2' title="bbox 1290 280 2534 343">
     <span class='ocr_line' id='line_1_2' title="bbox 1290 280 2534 343; baseline 0.004 -5"><span class='ocrx_word' id='word_1_2' title='bbox 1290 280 1632 340; x_wconf 79' lang='lat' dir='ltr'><strong>COLLATIO</strong></span> <span class='ocrx_word' id='word_1_3' title='bbox 1669 285 1760 340; x_wconf 81' lang='lat' dir='ltr'><strong>XI.</strong></span> <span class='ocrx_word' id='word_1_4' title='bbox 1797 313 1871 326; x_wconf 89' lang='lat'><strong><em>—</em></strong></span> <span class='ocrx_word' id='word_1_5' title='bbox 1907 285 1998 341; x_wconf 85' lang='lat' dir='ltr'><strong>DE</strong></span> <span class='ocrx_word' id='word_1_6' title='bbox 2033 284 2534 343; x_wconf 82' lang='lat' dir='ltr'><strong>PERFECTIONE.</strong></span> 
     </span>
    </p>
   </div>
   <div class='ocr_carea' id='block_1_3' title="bbox 3415 269 3574 354">
    <p class='ocr_par' dir='ltr' id='par_1_3' title="bbox 3415 269 3574 354">
     <span class='ocr_line' id='line_1_3' title="bbox 3415 269 3574 354; baseline 0.013 -2"><span class='ocrx_word' id='word_1_7' title='bbox 3415 269 3424 275; x_wconf 77' lang='grc'><strong>’</strong></span> <span class='ocrx_word' id='word_1_8' title='bbox 3469 298 3574 354; x_wconf 80' lang='lat'><strong>858</strong></span> 
     </span>
    </p>
   </div>
   <div class='ocr_carea' id='block_1_4' title="bbox 265 402 3578 487">
    <p class='ocr_par' dir='ltr' id='par_1_4' title="bbox 265 402 3578 487">
     <span class='ocr_line' id='line_1_4' title="bbox 265 402 3578 487; baseline 0.004 -23"><span class='ocrx_word' id='word_1_9' title='bbox 265 419 488 464; x_wconf 87' lang='lat' dir='ltr'><strong>suarum</strong></span> <span class='ocrx_word' id='word_1_10' title='bbox 519 402 937 472; x_wconf 81' lang='lat' dir='ltr'><strong>conscientiam,</strong></span> <span class='ocrx_word' id='word_1_11' title='bbox 973 403 1047 461; x_wconf 90' lang='lat' dir='ltr'><strong>illi</strong></span> <span class='ocrx_word' id='word_1_12' title='bbox 1075 403 1424 478; x_wconf 85' lang='lat' dir='ltr'><strong>potissimum</strong></span> <span class='ocrx_word' id='word_1_13' title='bbox 1473 406 1696 464; x_wconf 87' lang='lat' dir='ltr'><strong>studere</strong></span> <span class='ocrx_word' id='word_1_14' title='bbox 1727 421 1862 466; x_wconf 88' lang='lat' dir='ltr'><strong>con-</strong></span> <span class='ocrx_word' id='word_1_15' title='bbox 1887 413 1942 476; x_wconf 75' lang='grc' dir='ltr'><strong>Α</strong></span> <span class='ocrx_word' id='word_1_16' title='bbox 1973 417 2197 482; x_wconf 82' lang='lat' dir='ltr'><strong>propter</strong></span> <span class='ocrx_word' id='word_1_17' title='bbox 2217 407 2349 468; x_wconf 92' lang='lat' dir='ltr'><strong>boni</strong></span> <span class='ocrx_word' id='word_1_18' title='bbox 2373 409 2542 484; x_wconf 80' lang='lat' dir='ltr'><strong>ipsius</strong></span> <span class='ocrx_word' id='word_1_19' title='bbox 2585 409 2948 470; x_wconf 81' lang='lat' dir='ltr'><strong>delectabitur</strong></span> <span class='ocrx_word' id='word_1_20' title='bbox 2981 411 3346 487; x_wconf 83' lang='lat' dir='ltr'><strong>voluntatem;</strong></span> <span class='ocrx_word' id='word_1_21' title='bbox 3387 433 3454 475; x_wconf 89' lang='lat' dir='ltr'><strong>ac</strong></span> <span class='ocrx_word' id='word_1_22' title='bbox 3503 419 3578 476; x_wconf 89' lang='lat' dir='ltr'><strong>si-</strong></span> 
     </span>
    </p>
   </div>
   <div class='ocr_carea' id='block_1_5' title="bbox 265 497 1861 572">
    <p class='ocr_par' dir='ltr' id='par_1_5' title="bbox 265 497 1861 572">
     <span class='ocr_line' id='line_1_5' title="bbox 265 497 1861 572; baseline 0.003 -16"><span class='ocrx_word' id='word_1_23' title='bbox 265 497 454 568; x_wconf 88' lang='lat' dir='ltr'><strong>tendit,</strong></span> <span class='ocrx_word' id='word_1_24' title='bbox 483 513 644 570; x_wconf 88' lang='lat' dir='ltr'><strong>quem</strong></span> <span class='ocrx_word' id='word_1_25' title='bbox 671 499 838 554; x_wconf 85' lang='lat' dir='ltr'><strong>etiam</strong></span> <span class='ocrx_word' id='word_1_26' title='bbox 859 498 1262 572; x_wconf 84' lang='lat' dir='ltr'><strong>circumveniri,</strong></span> <span class='ocrx_word' id='word_1_27' title='bbox 1300 515 1402 557; x_wconf 86' lang='lat' dir='ltr'><strong>nec</strong></span> <span class='ocrx_word' id='word_1_28' title='bbox 1427 498 1564 572; x_wconf 85' lang='lat' dir='ltr'><strong>falli,</strong></span> <span class='ocrx_word' id='word_1_29' title='bbox 1592 516 1698 560; x_wconf 84' lang='lat' dir='ltr'><strong>nec</strong></span> <span class='ocrx_word' id='word_1_30' title='bbox 1721 501 1861 562; x_wconf 86' lang='lat' dir='ltr'><strong>sub-</strong></span> 
     </span>
    </p>
   </div>
   <div class='ocr_carea' id='block_1_6' title="bbox 264 589 1113 665">
    <p class='ocr_par' dir='ltr' id='par_1_6' title="bbox 264 589 1113 665">
     <span class='ocr_line' id='line_1_6' title="bbox 264 589 1113 665; baseline 0 -17"><span class='ocrx_word' id='word_1_31' title='bbox 264 589 530 663; x_wconf 83' lang='lat' dir='ltr'><strong>terfugere</strong></span> <span class='ocrx_word' id='word_1_32' title='bbox 554 603 614 648; x_wconf 91' lang='lat' dir='ltr'><strong>se</strong></span> <span class='ocrx_word' id='word_1_33' title='bbox 630 605 790 664; x_wconf 83' lang='lat' dir='ltr'><strong>posse</strong></span> <span class='ocrx_word' id='word_1_34' title='bbox 813 592 1113 665; x_wconf 81' lang='lat' dir='ltr'><strong>cognoscit.</strong></span> 
     </span>
    </p>
   </div>
   <div class='ocr_carea' id='block_1_7' title="bbox 877 694 1242 754">
    <p class='ocr_par' dir='ltr' id='par_1_7' title="bbox 877 694 1242 754">
     <span class='ocr_line' id='line_1_7' title="bbox 877 694 1242 754; baseline 0 -2"><span class='ocrx_word' id='word_1_35' title='bbox 877 694 1120 752; x_wconf 79' lang='lat' dir='ltr'><strong>CAPUT</strong></span> <span class='ocrx_word' id='word_1_36' title='bbox 1161 697 1242 754; x_wconf 84' lang='grc' dir='ltr'><strong>Χ.</strong></span> 
     </span>
    </p>
   </div>
   <div class='ocr_carea' id='block_1_8' title="bbox 263 791 1860 866">
    <p class='ocr_par' dir='ltr' id='par_1_8' title="bbox 263 791 1860 866">
     <span class='ocr_line' id='line_1_8' title="bbox 263 791 1860 866; baseline 0.001 -18"><span class='ocrx_word' id='word_1_37' title='bbox 263 793 412 861; x_wconf 87' lang='lat' dir='ltr'><strong>Quod</strong></span> <span class='ocrx_word' id='word_1_38' title='bbox 426 793 694 866; x_wconf 72' lang='lat' dir='ltr'><strong>perfectio</strong></span> <span class='ocrx_word' id='word_1_39' title='bbox 708 791 997 866; x_wconf 78' lang='lat' dir='ltr'><strong>charitatis</strong></span> <span class='ocrx_word' id='word_1_40' title='bbox 1011 794 1086 848; x_wconf 95' lang='lat' dir='ltr'><strong>sit</strong></span> <span class='ocrx_word' id='word_1_41' title='bbox 1105 808 1206 864; x_wconf 89' lang='lat' dir='ltr'><strong>pro</strong></span> <span class='ocrx_word' id='word_1_42' title='bbox 1232 794 1469 849; x_wconf 83' lang='lat' dir='ltr'><strong>inimicis</strong></span> <span class='ocrx_word' id='word_1_43' title='bbox 1487 807 1664 859; x_wconf 85' lang='lat' dir='ltr'><strong>orare,</strong></span> <span class='ocrx_word' id='word_1_44' title='bbox 1690 797 1860 866; x_wconf 88' lang='lat' dir='ltr'><strong>etquo</strong></span> 
     </span>
    </p>
   </div>
   <div class='ocr_carea' id='block_1_9' title="bbox 438 863 1675 936">
    <p class='ocr_par' dir='ltr' id='par_1_9' title="bbox 438 863 1675 936">
     <span class='ocr_line' id='line_1_9' title="bbox 438 863 1675 936; baseline 0.004 -19"><span class='ocrx_word' id='word_1_45' title='bbox 438 863 637 918; x_wconf 86' lang='lat' dir='ltr'><strong>indicio</strong></span> <span class='ocrx_word' id='word_1_46' title='bbox 658 865 842 918; x_wconf 88' lang='lat' dir='ltr'><strong>anima</strong></span> <span class='ocrx_word' id='word_1_47' title='bbox 866 864 1092 920; x_wconf 87' lang='lat' dir='ltr'><strong>necdum</strong></span> <span class='ocrx_word' id='word_1_48' title='bbox 1106 863 1370 936; x_wconf 77' lang='lat' dir='ltr'><strong>purgata</strong></span> <span class='ocrx_word' id='word_1_49' title='bbox 1403 870 1675 922; x_wconf 88' lang='lat' dir='ltr'><strong>noscatur.</strong></span> 
     </span>
    </p>
   </div>
   <div class='ocr_carea' id='block_1_10' title="bbox 333 967 1858 1042">
    <p class='ocr_par' dir='ltr' id='par_1_10' title="bbox 333 967 1858 1042">
     <span class='ocr_line' id='line_1_10' title="bbox 333 967 1858 1042; baseline 0.001 -18"><span class='ocrx_word' id='word_1_50' title='bbox 333 969 511 1038; x_wconf 88' lang='lat' dir='ltr'><strong>Quem</strong></span> <span class='ocrx_word' id='word_1_51' title='bbox 540 973 745 1022; x_wconf 89' lang='lat' dir='ltr'><strong>statum</strong></span> <span class='ocrx_word' id='word_1_52' title='bbox 773 967 820 1024; x_wconf 88' lang='lat' dir='ltr'><strong>si</strong></span> <span class='ocrx_word' id='word_1_53' title='bbox 835 968 960 1040; x_wconf 86' lang='lat' dir='ltr'><strong>quis</strong></span> <span class='ocrx_word' id='word_1_54' title='bbox 984 967 1054 1025; x_wconf 89' lang='lat' dir='ltr'><strong>de</strong></span> <span class='ocrx_word' id='word_1_55' title='bbox 1077 967 1354 1042; x_wconf 66' lang='lat' dir='ltr'><strong>adiutorio</strong></span> <span class='ocrx_word' id='word_1_56' title='bbox 1373 969 1626 1039; x_wconf 77' lang='lat' dir='ltr'><strong>Dei,non&#39;</strong></span> <span class='ocrx_word' id='word_1_57' title='bbox 1649 969 1720 1026; x_wconf 88' lang='lat' dir='ltr'><strong>de</strong></span> <span class='ocrx_word' id='word_1_58' title='bbox 1735 978 1858 1027; x_wconf 91' lang='lat' dir='ltr'><strong>stu-</strong></span> 
     </span>
    </p>
   </div>
   <div class='ocr_carea' id='block_1_11' title="bbox 259 1057 1860 1138">
    <p class='ocr_par' dir='ltr' id='par_1_11' title="bbox 259 1057 1860 1138">
     <span class='ocr_line' id='line_1_11' title="bbox 259 1057 1860 1138; baseline 0.002 -22"><span class='ocrx_word' id='word_1_59' title='bbox 259 1057 332 1116; x_wconf 88' lang='lat' dir='ltr'><strong>dii</strong></span> <span class='ocrx_word' id='word_1_60' title='bbox 373 1060 456 1116; x_wconf 91' lang='lat' dir='ltr'><strong>sui</strong></span> <span class='ocrx_word' id='word_1_61' title='bbox 505 1058 692 1118; x_wconf 88' lang='lat' dir='ltr'><strong>labore</strong></span> <span class='ocrx_word' id='word_1_62' title='bbox 737 1077 1098 1134; x_wconf 62' lang='lat' dir='ltr'><strong>praesumens,</strong></span> <span class='ocrx_word' id='word_1_63' title='bbox 1141 1063 1405 1122; x_wconf 89' lang='lat' dir='ltr'><strong>meruerit</strong></span> <span class='ocrx_word' id='word_1_64' title='bbox 1453 1063 1751 1138; x_wconf 86' lang='lat' dir='ltr'><strong>possidere,</strong></span> <span class='ocrx_word' id='word_1_65' title='bbox 1789 1062 1860 1120; x_wconf 89' lang='lat' dir='ltr'><strong>de</strong></span> 
     </span>
    </p>
   </div>
   <div class='ocr_carea' id='block_1_12' title="bbox 257 1151 1858 1230">
    <p class='ocr_par' dir='ltr' id='par_1_12' title="bbox 257 1151 1858 1230">
     <span class='ocr_line' id='line_1_12' title="bbox 257 1151 1858 1230; baseline 0.004 -22"><span class='ocrx_word' id='word_1_66' title='bbox 257 1151 576 1210; x_wconf 90' lang='lat' dir='ltr'><strong>conditione</strong></span> <span class='ocrx_word' id='word_1_67' title='bbox 609 1155 792 1212; x_wconf 83' lang='lat' dir='ltr'><strong>servili</strong></span> <span class='ocrx_word' id='word_1_68' title='bbox 821 1154 904 1229; x_wconf 92' lang='lat' dir='ltr'><strong>(in</strong></span> <span class='ocrx_word' id='word_1_69' title='bbox 939 1171 1046 1229; x_wconf 86' lang='lat' dir='ltr'><strong>qua</strong></span> <span class='ocrx_word' id='word_1_70' title='bbox 1091 1156 1264 1214; x_wconf 89' lang='lat' dir='ltr'><strong>timor</strong></span> <span class='ocrx_word' id='word_1_71' title='bbox 1299 1157 1414 1230; x_wconf 88' lang='lat' dir='ltr'><strong>est)</strong></span> <span class='ocrx_word' id='word_1_72' title='bbox 1443 1165 1500 1214; x_wconf 88' lang='lat' dir='ltr'><strong>et</strong></span> <span class='ocrx_word' id='word_1_73' title='bbox 1529 1155 1858 1214; x_wconf 82' lang='lat' dir='ltr'><strong>mercenaria</strong></span> 
     </span>
    </p>
   </div>
   <div class='ocr_carea' id='block_1_13' title="bbox 259 1246 1860 1332">
    <p class='ocr_par' dir='ltr' id='par_1_13' title="bbox 259 1246 1860 1332">
     <span class='ocr_line' id='line_1_13' title="bbox 259 1246 1860 1332; baseline 0.004 -30"><span class='ocrx_word' id='word_1_74' title='bbox 259 1246 376 1318; x_wconf 88' lang='lat' dir='ltr'><strong>spei</strong></span> <span class='ocrx_word' id='word_1_75' title='bbox 405 1247 701 1332; x_wconf 81' lang='lat' dir='ltr'><strong>cupiditate</strong></span> <span class='ocrx_word' id='word_1_76' title='bbox 749 1249 837 1320; x_wconf 87' lang='lat' dir='ltr'><strong>(in</strong></span> <span class='ocrx_word' id='word_1_77' title='bbox 880 1265 988 1322; x_wconf 91' lang='lat' dir='ltr'><strong>qua</strong></span> <span class='ocrx_word' id='word_1_78' title='bbox 1024 1266 1138 1308; x_wconf 93' lang='lat' dir='ltr'><strong>non</strong></span> <span class='ocrx_word' id='word_1_79' title='bbox 1181 1259 1294 1308; x_wconf 88' lang='lat' dir='ltr'><strong>tam</strong></span> <span class='ocrx_word' id='word_1_80' title='bbox 1329 1250 1542 1309; x_wconf 82' lang='lat' dir='ltr'><strong>bonitas</strong></span> <span class='ocrx_word' id='word_1_81' title='bbox 1582 1249 1860 1324; x_wconf 87' lang='lat' dir='ltr'><strong>largientis</strong></span> 
     </span>
    </p>
   </div>
   <div class='ocr_carea' id='block_1_14' title="bbox 261 1343 1858 1416">
    <p class='ocr_par' dir='ltr' id='par_1_14' title="bbox 261 1343 1858 1416">
     <span class='ocr_line' id='line_1_14' title="bbox 261 1343 1858 1416; baseline 0.003 -20"><span class='ocrx_word' id='word_1_82' title='bbox 261 1355 429 1413; x_wconf 89' lang='lat' dir='ltr'><strong>quam</strong></span> <span class='ocrx_word' id='word_1_83' title='bbox 460 1343 747 1414; x_wconf 71' lang='lat' dir='ltr'><strong>praemium</strong></span> <span class='ocrx_word' id='word_1_84' title='bbox 770 1343 1144 1400; x_wconf 84' lang='lat' dir='ltr'><strong>retributionis</strong></span> <span class='ocrx_word' id='word_1_85' title='bbox 1170 1344 1473 1416; x_wconf 83' lang='lat' dir='ltr'><strong>expetitur)</strong></span> <span class='ocrx_word' id='word_1_86' title='bbox 1519 1343 1576 1400; x_wconf 90' lang='lat' dir='ltr'><strong>in</strong></span> <span class='ocrx_word' id='word_1_87' title='bbox 1601 1343 1858 1416; x_wconf 80' lang='lat' dir='ltr'><strong>adoptio-</strong></span> 
     </span>
    </p>
   </div>
   <div class='ocr_carea' id='block_1_15' title="bbox 256 1435 1856 1511">
    <p class='ocr_par' dir='ltr' id='par_1_15' title="bbox 256 1435 1856 1511">
     <span class='ocr_line' id='line_1_15' title="bbox 256 1435 1856 1511; baseline 0.001 -20"><span class='ocrx_word' id='word_1_88' title='bbox 256 1449 386 1492; x_wconf 89' lang='lat' dir='ltr'><strong>nem</strong></span> <span class='ocrx_word' id='word_1_89' title='bbox 407 1435 633 1508; x_wconf 87' lang='lat' dir='ltr'><strong>incipiet</strong></span> <span class='ocrx_word' id='word_1_90' title='bbox 659 1437 885 1494; x_wconf 88' lang='lat' dir='ltr'><strong>transire</strong></span> <span class='ocrx_word' id='word_1_91' title='bbox 921 1437 1182 1507; x_wconf 90' lang='lat' dir='ltr'><strong>ﬁliorum,</strong></span> <span class='ocrx_word' id='word_1_92' title='bbox 1219 1437 1314 1494; x_wconf 91' lang='lat' dir='ltr'><strong>ubi</strong></span> <span class='ocrx_word' id='word_1_93' title='bbox 1355 1437 1473 1511; x_wconf 89' lang='lat' dir='ltr'><strong>jam</strong></span> <span class='ocrx_word' id='word_1_94' title='bbox 1515 1452 1629 1494; x_wconf 92' lang='lat' dir='ltr'><strong>non</strong></span> <span class='ocrx_word' id='word_1_95' title='bbox 1661 1436 1856 1507; x_wconf 88' lang='lat' dir='ltr'><strong>timor,</strong></span> 
     </span>
    </p>
   </div>
   <div class='ocr_carea' id='block_1_16' title="bbox 252 1531 1852 1606">
    <p class='ocr_par' dir='ltr' id='par_1_16' title="bbox 252 1531 1852 1606">
     <span class='ocr_line' id='line_1_16' title="bbox 252 1531 1852 1606; baseline 0.002 -21"><span class='ocrx_word' id='word_1_96' title='bbox 252 1544 364 1586; x_wconf 93' lang='lat' dir='ltr'><strong>non</strong></span> <span class='ocrx_word' id='word_1_97' title='bbox 392 1531 686 1602; x_wconf 87' lang='lat' dir='ltr'><strong>cupiditas,</strong></span> <span class='ocrx_word' id='word_1_98' title='bbox 707 1532 804 1588; x_wconf 90' lang='lat' dir='ltr'><strong>sed</strong></span> <span class='ocrx_word' id='word_1_99' title='bbox 847 1532 936 1588; x_wconf 90' lang='lat' dir='ltr'><strong>illa</strong></span> <span class='ocrx_word' id='word_1_100' title='bbox 960 1533 1216 1602; x_wconf 87' lang='lat' dir='ltr'><strong>charitas,</strong></span> <span class='ocrx_word' id='word_1_101' title='bbox 1244 1547 1369 1606; x_wconf 76' lang='lat' dir='ltr'><strong>qua:</strong></span> <span class='ocrx_word' id='word_1_102' title='bbox 1408 1547 1716 1606; x_wconf 86' lang='lat' dir='ltr'><strong>numquam</strong></span> <span class='ocrx_word' id='word_1_103' title='bbox 1761 1547 1852 1588; x_wconf 83' lang='lat' dir='ltr'><strong>ca-</strong></span> 
     </span>
    </p>
   </div>
   <div class='ocr_carea' id='block_1_17' title="bbox 253 1622 1858 1700">
    <p class='ocr_par' dir='ltr' id='par_1_17' title="bbox 253 1622 1858 1700">
     <span class='ocr_line' id='line_1_17' title="bbox 253 1622 1858 1700; baseline 0.002 -20"><span class='ocrx_word' id='word_1_104' title='bbox 253 1622 350 1688; x_wconf 87' lang='lat' dir='ltr'><strong>dit,</strong></span> <span class='ocrx_word' id='word_1_105' title='bbox 371 1623 582 1698; x_wconf 87' lang='lat' dir='ltr'><strong>jugiter</strong></span> <span class='ocrx_word' id='word_1_106' title='bbox 603 1627 939 1699; x_wconf 85' lang='lat' dir='ltr'><strong>perseverat(</strong></span> <span class='ocrx_word' id='word_1_107' title='bbox 958 1629 982 1682; x_wconf 89' lang='lat' dir='ltr'><strong>l</strong></span> <span class='ocrx_word' id='word_1_108' title='bbox 1003 1629 1121 1685; x_wconf 84' lang='lat' dir='ltr'><strong>Cor.</strong></span> <span class='ocrx_word' id='word_1_109' title='bbox 1148 1641 1273 1684; x_wconf 80' lang='lat' dir='ltr'><strong>xm</strong></span> <span class='ocrx_word' id='word_1_110' title='bbox 1290 1627 1329 1700; x_wconf 96' lang='lat'><strong>).</strong></span> <span class='ocrx_word' id='word_1_111' title='bbox 1350 1631 1436 1684; x_wconf 91' lang='lat' dir='ltr'><strong>De</strong></span> <span class='ocrx_word' id='word_1_112' title='bbox 1455 1641 1566 1700; x_wconf 92' lang='lat' dir='ltr'><strong>quo</strong></span> <span class='ocrx_word' id='word_1_113' title='bbox 1579 1627 1784 1684; x_wconf 87' lang='lat' dir='ltr'><strong>timore</strong></span> <span class='ocrx_word' id='word_1_114' title='bbox 1799 1634 1858 1683; x_wconf 87' lang='lat' dir='ltr'><strong>et</strong></span> 
     </span>
    </p>
   </div>
   <div class='ocr_carea' id='block_1_18' title="bbox 250 1715 1856 1792">
    <p class='ocr_par' dir='ltr' id='par_1_18' title="bbox 250 1715 1856 1792">
     <span class='ocr_line' id='line_1_18' title="bbox 250 1715 1856 1792; baseline 0.003 -21"><span class='ocrx_word' id='word_1_115' title='bbox 250 1715 514 1775; x_wconf 86' lang='lat' dir='ltr'><strong>charitate</strong></span> <span class='ocrx_word' id='word_1_116' title='bbox 531 1717 798 1790; x_wconf 88' lang='lat' dir='ltr'><strong>quosdam</strong></span> <span class='ocrx_word' id='word_1_117' title='bbox 823 1720 1112 1792; x_wconf 88' lang='lat' dir='ltr'><strong>increpans</strong></span> <span class='ocrx_word' id='word_1_118' title='bbox 1155 1719 1450 1788; x_wconf 85' lang='lat' dir='ltr'><strong>Dominus,</strong></span> <span class='ocrx_word' id='word_1_119' title='bbox 1479 1718 1615 1792; x_wconf 89' lang='lat' dir='ltr'><strong>quid</strong></span> <span class='ocrx_word' id='word_1_120' title='bbox 1659 1717 1856 1792; x_wconf 90' lang='lat' dir='ltr'><strong>cuique</strong></span> 
     </span>
    </p>
   </div>
   <div class='ocr_carea' id='block_1_19' title="bbox 1967 503 3576 580">
    <p class='ocr_par' dir='ltr' id='par_1_19' title="bbox 1967 503 3576 580">
     <span class='ocr_line' id='line_1_19' title="bbox 1967 503 3576 580; baseline 0.007 -20"><span class='ocrx_word' id='word_1_121' title='bbox 1967 503 2156 560; x_wconf 89' lang='lat' dir='ltr'><strong>milem</strong></span> <span class='ocrx_word' id='word_1_122' title='bbox 2179 503 2591 577; x_wconf 87' lang='lat' dir='ltr'><strong>quodammodo</strong></span> <span class='ocrx_word' id='word_1_123' title='bbox 2619 505 2900 578; x_wconf 87' lang='lat' dir='ltr'><strong>possidens</strong></span> <span class='ocrx_word' id='word_1_124' title='bbox 2921 507 3200 580; x_wconf 59' lang='lat' dir='ltr'><strong>patientia</strong></span> <span class='ocrx_word' id='word_1_125' title='bbox 3234 525 3298 568; x_wconf 88' lang='lat' dir='ltr'><strong>ac</strong></span> <span class='ocrx_word' id='word_1_126' title='bbox 3335 509 3576 572; x_wconf 89' lang='lat' dir='ltr'><strong>lenitatis</strong></span> 
     </span>
    </p>
   </div>
   <div class='ocr_carea' id='block_1_20' title="bbox 1967 594 3571 672">
    <p class='ocr_par' dir='ltr' id='par_1_20' title="bbox 1967 594 3571 672">
     <span class='ocr_line' id='line_1_20' title="bbox 1967 594 3571 672; baseline 0.006 -18"><span class='ocrx_word' id='word_1_127' title='bbox 1967 594 2248 663; x_wconf 75' lang='lat' dir='ltr'><strong>affectum,</strong></span> <span class='ocrx_word' id='word_1_128' title='bbox 2289 597 2458 655; x_wconf 89' lang='lat' dir='ltr'><strong>nullis</strong></span> <span class='ocrx_word' id='word_1_129' title='bbox 2501 597 2760 672; x_wconf 87' lang='lat' dir='ltr'><strong>deinceps</strong></span> <span class='ocrx_word' id='word_1_130' title='bbox 2805 601 3148 672; x_wconf 88' lang='lat' dir='ltr'><strong>peccantium</strong></span> <span class='ocrx_word' id='word_1_131' title='bbox 3176 602 3323 660; x_wconf 80' lang='lat' dir='ltr'><strong>vitiis</strong></span> <span class='ocrx_word' id='word_1_132' title='bbox 3373 604 3571 662; x_wconf 84' lang='lat' dir='ltr'><strong>irasce-</strong></span> 
     </span>
    </p>
   </div>
   <div class='ocr_carea' id='block_1_21' title="bbox 1968 689 3570 764">
    <p class='ocr_par' dir='ltr' id='par_1_21' title="bbox 1968 689 3570 764">
     <span class='ocr_line' id='line_1_21' title="bbox 1968 689 3570 764; baseline 0.006 -16"><span class='ocrx_word' id='word_1_133' title='bbox 1968 697 2082 760; x_wconf 84' lang='lat' dir='ltr'><strong>tur,</strong></span> <span class='ocrx_word' id='word_1_134' title='bbox 2109 690 2209 749; x_wconf 90' lang='lat' dir='ltr'><strong>sed</strong></span> <span class='ocrx_word' id='word_1_135' title='bbox 2235 691 2449 748; x_wconf 83' lang='lat' dir='ltr'><strong>veniam</strong></span> <span class='ocrx_word' id='word_1_136' title='bbox 2479 691 2680 764; x_wconf 88' lang='lat' dir='ltr'><strong>potius,</strong></span> <span class='ocrx_word' id='word_1_137' title='bbox 2709 689 3115 753; x_wconf 87' lang='lat' dir='ltr'><strong>inﬁrmitatibus</strong></span> <span class='ocrx_word' id='word_1_138' title='bbox 3137 711 3328 754; x_wconf 88' lang='lat' dir='ltr'><strong>eorum</strong></span> <span class='ocrx_word' id='word_1_139' title='bbox 3361 699 3570 756; x_wconf 88' lang='lat' dir='ltr'><strong>condo-</strong></span> 
     </span>
    </p>
   </div>
   <div class='ocr_carea' id='block_1_22' title="bbox 1968 783 3571 860">
    <p class='ocr_par' dir='ltr' id='par_1_22' title="bbox 1968 783 3571 860">
     <span class='ocr_line' id='line_1_22' title="bbox 1968 783 3571 860; baseline 0.007 -21"><span class='ocrx_word' id='word_1_140' title='bbox 1968 783 2086 840; x_wconf 90' lang='lat' dir='ltr'><strong>lens</strong></span> <span class='ocrx_word' id='word_1_141' title='bbox 2115 792 2280 856; x_wconf 88' lang='lat' dir='ltr'><strong>atque</strong></span> <span class='ocrx_word' id='word_1_142' title='bbox 2325 785 2684 858; x_wconf 88' lang='lat' dir='ltr'><strong>compatiens,</strong></span> <span class='ocrx_word' id='word_1_143' title='bbox 2733 787 3066 860; x_wconf 88' lang='lat' dir='ltr'><strong>implorabit,</strong></span> <span class='ocrx_word' id='word_1_144' title='bbox 3113 789 3458 849; x_wconf 87' lang='lat' dir='ltr'><strong>riminiscens</strong></span> <span class='ocrx_word' id='word_1_145' title='bbox 3509 809 3571 850; x_wconf 90' lang='lat' dir='ltr'><strong>se</strong></span> 
     </span>
    </p>
   </div>
   <div class='ocr_carea' id='block_1_23' title="bbox 1965 876 3566 958">
    <p class='ocr_par' dir='ltr' id='par_1_23' title="bbox 1965 876 3566 958">
     <span class='ocr_line' id='line_1_23' title="bbox 1965 876 3566 958; baseline 0.006 -26"><span class='ocrx_word' id='word_1_146' title='bbox 1965 876 2174 934; x_wconf 87' lang='lat' dir='ltr'><strong>tamdiu</strong></span> <span class='ocrx_word' id='word_1_147' title='bbox 2201 878 2465 936; x_wconf 87' lang='lat' dir='ltr'><strong>similium</strong></span> <span class='ocrx_word' id='word_1_148' title='bbox 2513 879 2827 952; x_wconf 81' lang='lat' dir='ltr'><strong>passionum</strong></span> <span class='ocrx_word' id='word_1_149' title='bbox 2878 882 3114 939; x_wconf 85' lang='lat' dir='ltr'><strong>stimulis</strong></span> <span class='ocrx_word' id='word_1_150' title='bbox 3165 884 3566 958; x_wconf 79' lang='lat' dir='ltr'><strong>impugnatum,</strong></span> 
     </span>
    </p>
   </div>
   <div class='ocr_carea' id='block_1_24' title="bbox 1963 968 3566 1044">
    <p class='ocr_par' dir='ltr' id='par_1_24' title="bbox 1963 968 3566 1044">
     <span class='ocr_line' id='line_1_24' title="bbox 1963 968 3566 1044; baseline 0.004 -16"><span class='ocrx_word' id='word_1_151' title='bbox 1963 968 2142 1028; x_wconf 88' lang='lat' dir='ltr'><strong>donec</strong></span> <span class='ocrx_word' id='word_1_152' title='bbox 2172 971 2524 1028; x_wconf 87' lang='lat' dir='ltr'><strong>miseratione</strong></span> <span class='ocrx_word' id='word_1_153' title='bbox 2551 973 2772 1029; x_wconf 87' lang='lat' dir='ltr'><strong>Domini</strong></span> <span class='ocrx_word' id='word_1_154' title='bbox 2799 973 3118 1044; x_wconf 85' lang='lat' dir='ltr'><strong>salvaretur,</strong></span> <span class='ocrx_word' id='word_1_155' title='bbox 3146 993 3247 1033; x_wconf 90' lang='lat' dir='ltr'><strong>nec</strong></span> <span class='ocrx_word' id='word_1_156' title='bbox 3288 993 3392 1034; x_wconf 90' lang='lat' dir='ltr'><strong>suo</strong></span> <span class='ocrx_word' id='word_1_157' title='bbox 3437 993 3566 1035; x_wconf 90' lang='lat' dir='ltr'><strong>eru-</strong></span> 
     </span>
    </p>
   </div>
   <div class='ocr_carea' id='block_1_25' title="bbox 1965 1064 3572 1144">
    <p class='ocr_par' dir='ltr' id='par_1_25' title="bbox 1965 1064 3572 1144">
     <span class='ocr_line' id='line_1_25' title="bbox 1965 1064 3572 1144; baseline 0.007 -26"><span class='ocrx_word' id='word_1_158' title='bbox 1965 1071 2088 1120; x_wconf 91' lang='lat' dir='ltr'><strong>tum</strong></span> <span class='ocrx_word' id='word_1_159' title='bbox 2109 1064 2294 1122; x_wconf 87' lang='lat' dir='ltr'><strong>studio</strong></span> <span class='ocrx_word' id='word_1_160' title='bbox 2319 1065 2392 1121; x_wconf 85' lang='lat' dir='ltr'><strong>ab</strong></span> <span class='ocrx_word' id='word_1_161' title='bbox 2428 1064 2838 1139; x_wconf 82' lang='lat' dir='ltr'><strong>impugnatione</strong></span> <span class='ocrx_word' id='word_1_162' title='bbox 2868 1068 3092 1138; x_wconf 83' lang='lat' dir='ltr'><strong>carnali,</strong></span> <span class='ocrx_word' id='word_1_163' title='bbox 3126 1069 3222 1128; x_wconf 88' lang='lat' dir='ltr'><strong>sed</strong></span> <span class='ocrx_word' id='word_1_164' title='bbox 3253 1069 3346 1128; x_wconf 87' lang='lat' dir='ltr'><strong>Dei</strong></span> <span class='ocrx_word' id='word_1_165' title='bbox 3389 1081 3572 1144; x_wconf 80' lang='lat' dir='ltr'><strong>prote-</strong></span> 
     </span>
    </p>
   </div>
   <div class='ocr_carea' id='block_1_26' title="bbox 1967 1156 3569 1231">
    <p class='ocr_par' dir='ltr' id='par_1_26' title="bbox 1967 1156 3569 1231">
     <span class='ocr_line' id='line_1_26' title="bbox 1967 1156 3569 1231; baseline 0.007 -19"><span class='ocrx_word' id='word_1_166' title='bbox 1967 1156 2148 1214; x_wconf 88' lang='lat' dir='ltr'><strong>ctione</strong></span> <span class='ocrx_word' id='word_1_167' title='bbox 2175 1158 2465 1228; x_wconf 90' lang='lat' dir='ltr'><strong>salvatum,</strong></span> <span class='ocrx_word' id='word_1_168' title='bbox 2493 1166 2556 1215; x_wconf 93' lang='lat' dir='ltr'><strong>ut</strong></span> <span class='ocrx_word' id='word_1_169' title='bbox 2595 1175 2708 1215; x_wconf 91' lang='lat' dir='ltr'><strong>non</strong></span> <span class='ocrx_word' id='word_1_170' title='bbox 2745 1159 3106 1231; x_wconf 88' lang='lat' dir='ltr'><strong>iracundiam,</strong></span> <span class='ocrx_word' id='word_1_171' title='bbox 3137 1161 3234 1220; x_wconf 90' lang='lat' dir='ltr'><strong>sed</strong></span> <span class='ocrx_word' id='word_1_172' title='bbox 3256 1164 3569 1223; x_wconf 87' lang='lat' dir='ltr'><strong>misericor-</strong></span> 
     </span>
    </p>
   </div>
   <div class='ocr_carea' id='block_1_27' title="bbox 1965 1247 3562 1326">
    <p class='ocr_par' dir='ltr' id='par_1_27' title="bbox 1965 1247 3562 1326">
     <span class='ocr_line' id='line_1_27' title="bbox 1965 1247 3562 1326; baseline 0.005 -20"><span class='ocrx_word' id='word_1_173' title='bbox 1965 1247 2114 1306; x_wconf 87' lang='lat' dir='ltr'><strong>diam</strong></span> <span class='ocrx_word' id='word_1_174' title='bbox 2165 1249 2476 1308; x_wconf 87' lang='lat' dir='ltr'><strong>errantibus</strong></span> <span class='ocrx_word' id='word_1_175' title='bbox 2529 1251 2852 1324; x_wconf 85' lang='lat' dir='ltr'><strong>intelligeret</strong></span> <span class='ocrx_word' id='word_1_176' title='bbox 2897 1253 3344 1326; x_wconf 88' lang='lat' dir='ltr'><strong>impendendam,</strong></span> <span class='ocrx_word' id='word_1_177' title='bbox 3403 1257 3562 1314; x_wconf 90' lang='lat' dir='ltr'><strong>illum</strong></span> 
     </span>
    </p>
   </div>
   <div class='ocr_carea' id='block_1_28' title="bbox 1965 1343 3568 1420">
    <p class='ocr_par' dir='ltr' id='par_1_28' title="bbox 1965 1343 3568 1420">
     <span class='ocr_line' id='line_1_28' title="bbox 1965 1343 3568 1420; baseline 0.005 -21"><span class='ocrx_word' id='word_1_178' title='bbox 1965 1343 2294 1400; x_wconf 85' lang='lat' dir='ltr'><strong>versiculum</strong></span> <span class='ocrx_word' id='word_1_179' title='bbox 2311 1343 2382 1400; x_wconf 91' lang='lat' dir='ltr'><strong>ad</strong></span> <span class='ocrx_word' id='word_1_180' title='bbox 2410 1348 2589 1400; x_wconf 89' lang='lat' dir='ltr'><strong>Deum</strong></span> <span class='ocrx_word' id='word_1_181' title='bbox 2617 1361 2742 1402; x_wconf 90' lang='lat' dir='ltr'><strong>cum</strong></span> <span class='ocrx_word' id='word_1_182' title='bbox 2768 1346 2923 1402; x_wconf 90' lang='lat' dir='ltr'><strong>omni</strong></span> <span class='ocrx_word' id='word_1_183' title='bbox 2952 1346 3129 1404; x_wconf 80' lang='lat' dir='ltr'><strong>cordis</strong></span> <span class='ocrx_word' id='word_1_184' title='bbox 3173 1349 3568 1420; x_wconf 82' lang='lat' dir='ltr'><strong>tranquillitate</strong></span> 
     </span>
    </p>
   </div>
   <div class='ocr_carea' id='block_1_29' title="bbox 1965 1435 3567 1512">
    <p class='ocr_par' dir='ltr' id='par_1_29' title="bbox 1965 1435 3567 1512">
     <span class='ocr_line' id='line_1_29' title="bbox 1965 1435 3567 1512; baseline 0.004 -18"><span class='ocrx_word' id='word_1_185' title='bbox 1965 1435 2261 1494; x_wconf 88' lang='lat' dir='ltr'><strong>decantans</strong></span> <span class='ocrx_word' id='word_1_186' title='bbox 2295 1456 2310 1494; x_wconf 90' lang='lat'><strong>:</strong></span> <span class='ocrx_word' id='word_1_187' title='bbox 2343 1439 2423 1493; x_wconf 87' lang='lat' dir='ltr'><strong>Tu</strong></span> <span class='ocrx_word' id='word_1_188' title='bbox 2445 1439 2710 1508; x_wconf 85' lang='lat' dir='ltr'><strong>dirupisti</strong></span> <span class='ocrx_word' id='word_1_189' title='bbox 2723 1441 2940 1494; x_wconf 87' lang='lat' dir='ltr'><strong>vincula</strong></span> <span class='ocrx_word' id='word_1_190' title='bbox 2965 1455 3106 1510; x_wconf 90' lang='lat' dir='ltr'><strong>mea,</strong></span> <span class='ocrx_word' id='word_1_191' title='bbox 3136 1441 3240 1496; x_wconf 85' lang='lat' dir='ltr'><strong>tibi</strong></span> <span class='ocrx_word' id='word_1_192' title='bbox 3257 1444 3567 1512; x_wconf 83' lang='lat' dir='ltr'><strong>sacriﬁcabo</strong></span> 
     </span>
    </p>
   </div>
   <div class='ocr_carea' id='block_1_30' title="bbox 1967 1531 3569 1604">
    <p class='ocr_par' dir='ltr' id='par_1_30' title="bbox 1967 1531 3569 1604">
     <span class='ocr_line' id='line_1_30' title="bbox 1967 1531 3569 1604; baseline 0.004 -18"><span class='ocrx_word' id='word_1_193' title='bbox 1967 1531 2198 1586; x_wconf 84' lang='lat' dir='ltr'><strong>hostiam</strong></span> <span class='ocrx_word' id='word_1_194' title='bbox 2217 1533 2400 1586; x_wconf 86' lang='lat' dir='ltr'><strong>laudis</strong></span> <span class='ocrx_word' id='word_1_195' title='bbox 2423 1531 2547 1604; x_wconf 90' lang='lat' dir='ltr'><strong>(Ps.</strong></span> <span class='ocrx_word' id='word_1_196' title='bbox 2579 1533 2746 1602; x_wconf 86' lang='lat' dir='ltr'><strong>cxv).</strong></span> <span class='ocrx_word' id='word_1_197' title='bbox 2779 1533 2870 1600; x_wconf 83' lang='lat' dir='ltr'><strong>Et,</strong></span> <span class='ocrx_word' id='word_1_198' title='bbox 2897 1535 3018 1592; x_wconf 86' lang='lat' dir='ltr'><strong>Nisi</strong></span> <span class='ocrx_word' id='word_1_199' title='bbox 3039 1535 3169 1604; x_wconf 97' lang='lat' dir='ltr'><strong>quia</strong></span> <span class='ocrx_word' id='word_1_200' title='bbox 3181 1537 3442 1592; x_wconf 84' lang='lat' dir='ltr'><strong>Dominus</strong></span> <span class='ocrx_word' id='word_1_201' title='bbox 3467 1537 3569 1593; x_wconf 86' lang='lat' dir='ltr'><strong>ad-</strong></span> 
     </span>
    </p>
   </div>
   <div class='ocr_carea' id='block_1_31' title="bbox 1951 1623 3568 1694">
    <p class='ocr_par' dir='ltr' id='par_1_31' title="bbox 1951 1623 3568 1694">
     <span class='ocr_line' id='line_1_31' title="bbox 1951 1623 3568 1694; baseline 0.004 -16"><span class='ocrx_word' id='word_1_202' title='bbox 1951 1623 2105 1694; x_wconf 84' lang='lat' dir='ltr'><strong>juvit</strong></span> <span class='ocrx_word' id='word_1_203' title='bbox 2113 1640 2214 1688; x_wconf 88' lang='lat' dir='ltr'><strong>me,</strong></span> <span class='ocrx_word' id='word_1_204' title='bbox 2234 1626 2577 1694; x_wconf 87' lang='lat' dir='ltr'><strong>paulominus</strong></span> <span class='ocrx_word' id='word_1_205' title='bbox 2604 1625 2940 1680; x_wconf 72' lang='lat' dir='ltr'><strong>habitaverat</strong></span> <span class='ocrx_word' id='word_1_206' title='bbox 2949 1628 3007 1680; x_wconf 91' lang='lat' dir='ltr'><strong>in</strong></span> <span class='ocrx_word' id='word_1_207' title='bbox 3025 1628 3240 1694; x_wconf 84' lang='lat' dir='ltr'><strong>inferno</strong></span> <span class='ocrx_word' id='word_1_208' title='bbox 3249 1630 3435 1684; x_wconf 88' lang='lat' dir='ltr'><strong>anima</strong></span> <span class='ocrx_word' id='word_1_209' title='bbox 3449 1645 3568 1686; x_wconf 86' lang='lat' dir='ltr'><strong>mea</strong></span> 
     </span>
    </p>
   </div>
   <div class='ocr_carea' id='block_1_32' title="bbox 1965 1716 3562 1791">
    <p class='ocr_par' dir='ltr' id='par_1_32' title="bbox 1965 1716 3562 1791">
     <span class='ocr_line' id='line_1_32' title="bbox 1965 1716 3562 1791; baseline 0.003 -17"><span class='ocrx_word' id='word_1_210' title='bbox 1965 1716 2138 1788; x_wconf 88' lang='lat' dir='ltr'><strong>(Psal.</strong></span> <span class='ocrx_word' id='word_1_211' title='bbox 2166 1723 2378 1785; x_wconf 80' lang='lat' dir='ltr'><strong>xcru).</strong></span> <span class='ocrx_word' id='word_1_212' title='bbox 2410 1721 2481 1774; x_wconf 87' lang='lat' dir='ltr'><strong>Et</strong></span> <span class='ocrx_word' id='word_1_213' title='bbox 2495 1718 2550 1772; x_wconf 90' lang='lat' dir='ltr'><strong>in</strong></span> <span class='ocrx_word' id='word_1_214' title='bbox 2571 1717 2674 1775; x_wconf 88' lang='lat' dir='ltr'><strong>hac</strong></span> <span class='ocrx_word' id='word_1_215' title='bbox 2692 1719 2895 1776; x_wconf 85' lang='lat' dir='ltr'><strong>mentis</strong></span> <span class='ocrx_word' id='word_1_216' title='bbox 2913 1719 3222 1776; x_wconf 88' lang='lat' dir='ltr'><strong>humilitate</strong></span> <span class='ocrx_word' id='word_1_217' title='bbox 3243 1721 3562 1791; x_wconf 88' lang='lat' dir='ltr'><strong>consistens,</strong></span> 
     </span>
    </p>
   </div>
   <div class='ocr_carea' id='block_1_33' title="bbox 250 1805 3567 1890">
    <p class='ocr_par' dir='ltr' id='par_1_33' title="bbox 250 1805 3567 1890">
     <span class='ocr_line' id='line_1_33' title="bbox 250 1805 3567 1890; baseline 0.001 -22"><span class='ocrx_word' id='word_1_218' title='bbox 250 1807 502 1884; x_wconf 54' lang='lat' dir='ltr'><strong>persona).</strong></span> <span class='ocrx_word' id='word_1_219' title='bbox 531 1813 872 1883; x_wconf 85' lang='lat' dir='ltr'><strong>conveniret,</strong></span> <span class='ocrx_word' id='word_1_220' title='bbox 901 1813 1159 1870; x_wconf 89' lang='lat' dir='ltr'><strong>ostendit.</strong></span> <span class='ocrx_word' id='word_1_221' title='bbox 1209 1817 1234 1848; x_wconf 80' lang='grc'><strong><em>⁸</em></strong></span> <span class='ocrx_word' id='word_1_222' title='bbox 1282 1815 1456 1872; x_wconf 87' lang='lat' dir='ltr'><strong>Filius</strong></span> <span class='ocrx_word' id='word_1_223' title='bbox 1493 1815 1718 1871; x_wconf 75' lang='lat' dir='ltr'><strong>honorat</strong></span> <span class='ocrx_word' id='word_1_224' title='bbox 1741 1829 1856 1886; x_wconf 84' lang='lat' dir='ltr'><strong>pa-</strong></span> <span class='ocrx_word' id='word_1_225' title='bbox 1882 1827 1932 1890; x_wconf 82' lang='grc' dir='ltr'><strong>Β</strong></span> <span class='ocrx_word' id='word_1_226' title='bbox 1959 1810 2165 1884; x_wconf 89' lang='lat' dir='ltr'><strong>poterit</strong></span> <span class='ocrx_word' id='word_1_227' title='bbox 2191 1813 2358 1868; x_wconf 89' lang='lat' dir='ltr'><strong>etiam</strong></span> <span class='ocrx_word' id='word_1_228' title='bbox 2401 1805 2430 1845; x_wconf 72' lang='grc' dir='ltr'>δ</span> <span class='ocrx_word' id='word_1_229' title='bbox 2472 1811 2857 1884; x_wconf 88' lang='lat' dir='ltr'><strong>Evangelicum</strong></span> <span class='ocrx_word' id='word_1_230' title='bbox 2885 1811 3015 1870; x_wconf 88' lang='lat' dir='ltr'><strong>illud</strong></span> <span class='ocrx_word' id='word_1_231' title='bbox 3064 1812 3418 1885; x_wconf 87' lang='lat' dir='ltr'><strong>perfectionis</strong></span> <span class='ocrx_word' id='word_1_232' title='bbox 3446 1816 3567 1872; x_wconf 75' lang='grc' dir='ltr'><strong>(οι-</strong></span> 
     </span>
    </p>
   </div>
   <div class='ocr_carea' id='block_1_34' title="bbox 248 1908 1856 1978">
    <p class='ocr_par' dir='ltr' id='par_1_34' title="bbox 248 1908 1856 1978">
     <span class='ocr_line' id='line_1_34' title="bbox 248 1908 1856 1978; baseline 0.001 -16"><span class='ocrx_word' id='word_1_233' title='bbox 248 1911 402 1971; x_wconf 86' lang='lat' dir='ltr'><strong>trem,</strong></span> <span class='ocrx_word' id='word_1_234' title='bbox 434 1911 488 1962; x_wconf 87' lang='lat' dir='ltr'><strong>et</strong></span> <span class='ocrx_word' id='word_1_235' title='bbox 511 1921 693 1963; x_wconf 88' lang='lat' dir='ltr'><strong>servus</strong></span> <span class='ocrx_word' id='word_1_236' title='bbox 725 1908 1004 1964; x_wconf 86' lang='lat' dir='ltr'><strong>dominum</strong></span> <span class='ocrx_word' id='word_1_237' title='bbox 1028 1923 1187 1964; x_wconf 88' lang='lat' dir='ltr'><strong>suum</strong></span> <span class='ocrx_word' id='word_1_238' title='bbox 1213 1911 1384 1964; x_wconf 87' lang='lat' dir='ltr'><strong>timet.</strong></span> <span class='ocrx_word' id='word_1_239' title='bbox 1414 1911 1488 1965; x_wconf 89' lang='lat' dir='ltr'><strong>Et</strong></span> <span class='ocrx_word' id='word_1_240' title='bbox 1503 1911 1556 1964; x_wconf 90' lang='lat' dir='ltr'><strong>si</strong></span> <span class='ocrx_word' id='word_1_241' title='bbox 1577 1911 1743 1966; x_wconf 88' lang='lat' dir='ltr'><strong>Pater</strong></span> <span class='ocrx_word' id='word_1_242' title='bbox 1765 1923 1856 1978; x_wconf 89' lang='lat' dir='ltr'><strong>ego</strong></span> 
     </span>
    </p>
   </div>
   <div class='ocr_carea' id='block_1_35' title="bbox 244 2004 1860 2074">
    <p class='ocr_par' dir='ltr' id='par_1_35' title="bbox 244 2004 1860 2074">
     <span class='ocr_line' id='line_1_35' title="bbox 244 2004 1860 2074; baseline 0 -16"><span class='ocrx_word' id='word_1_243' title='bbox 244 2017 386 2066; x_wconf 82' lang='lat' dir='ltr'><strong>sum,</strong></span> <span class='ocrx_word' id='word_1_244' title='bbox 409 2004 510 2059; x_wconf 89' lang='lat' dir='ltr'><strong>ubi</strong></span> <span class='ocrx_word' id='word_1_245' title='bbox 532 2007 610 2058; x_wconf 90' lang='lat' dir='ltr'><strong>est</strong></span> <span class='ocrx_word' id='word_1_246' title='bbox 633 2005 798 2059; x_wconf 85' lang='lat' dir='ltr'><strong>honor</strong></span> <span class='ocrx_word' id='word_1_247' title='bbox 823 2006 1099 2060; x_wconf 81' lang='lat' dir='ltr'><strong>meus?Et</strong></span> <span class='ocrx_word' id='word_1_248' title='bbox 1116 2005 1168 2058; x_wconf 87' lang='lat' dir='ltr'><strong>si</strong></span> <span class='ocrx_word' id='word_1_249' title='bbox 1193 2004 1455 2060; x_wconf 82' lang='lat' dir='ltr'><strong>Dominus</strong></span> <span class='ocrx_word' id='word_1_250' title='bbox 1483 2019 1575 2074; x_wconf 88' lang='lat' dir='ltr'><strong>ego</strong></span> <span class='ocrx_word' id='word_1_251' title='bbox 1591 2019 1730 2068; x_wconf 87' lang='lat' dir='ltr'><strong>sum,</strong></span> <span class='ocrx_word' id='word_1_252' title='bbox 1757 2004 1860 2059; x_wconf 90' lang='lat' dir='ltr'><strong>ubi</strong></span> 
     </span>
    </p>
   </div>
   <div class='ocr_carea' id='block_1_36' title="bbox 245 2095 1858 2168">
    <p class='ocr_par' dir='ltr' id='par_1_36' title="bbox 245 2095 1858 2168">
     <span class='ocr_line' id='line_1_36' title="bbox 245 2095 1858 2168; baseline 0.001 -18"><span class='ocrx_word' id='word_1_253' title='bbox 245 2099 323 2151; x_wconf 87' lang='lat' dir='ltr'><strong>est</strong></span> <span class='ocrx_word' id='word_1_254' title='bbox 353 2097 520 2150; x_wconf 87' lang='lat' dir='ltr'><strong>timor</strong></span> <span class='ocrx_word' id='word_1_255' title='bbox 534 2111 680 2151; x_wconf 87' lang='lat' dir='ltr'><strong>meus</strong></span> <span class='ocrx_word' id='word_1_256' title='bbox 701 2097 962 2161; x_wconf 82' lang='lat' dir='ltr'><strong>(Malach.</strong></span> <span class='ocrx_word' id='word_1_257' title='bbox 994 2111 1018 2152; x_wconf 83' lang='lat'>1</span> <span class='ocrx_word' id='word_1_258' title='bbox 1039 2095 1104 2168; x_wconf 68' lang='lat' dir='ltr'><strong>)l?</strong></span> <span class='ocrx_word' id='word_1_259' title='bbox 1131 2098 1364 2153; x_wconf 87' lang='lat' dir='ltr'><strong>Necesse</strong></span> <span class='ocrx_word' id='word_1_260' title='bbox 1377 2103 1462 2152; x_wconf 90' lang='lat' dir='ltr'><strong>est</strong></span> <span class='ocrx_word' id='word_1_261' title='bbox 1483 2095 1627 2152; x_wconf 87' lang='lat' dir='ltr'><strong>enim</strong></span> <span class='ocrx_word' id='word_1_262' title='bbox 1643 2111 1770 2154; x_wconf 90' lang='lat' dir='ltr'><strong>eum</strong></span> <span class='ocrx_word' id='word_1_263' title='bbox 1789 2095 1858 2151; x_wconf 86' lang='lat' dir='ltr'><strong>ti-</strong></span> 
     </span>
    </p>
   </div>
   <div class='ocr_carea' id='block_1_37' title="bbox 245 2188 1860 2262">
    <p class='ocr_par' dir='ltr' id='par_1_37' title="bbox 245 2188 1860 2262">
     <span class='ocr_line' id='line_1_37' title="bbox 245 2188 1860 2262; baseline 0.001 -19"><span class='ocrx_word' id='word_1_264' title='bbox 245 2203 404 2244; x_wconf 90' lang='lat' dir='ltr'><strong>mere</strong></span> <span class='ocrx_word' id='word_1_265' title='bbox 425 2188 522 2260; x_wconf 91' lang='lat' dir='ltr'><strong>qui</strong></span> <span class='ocrx_word' id='word_1_266' title='bbox 551 2204 739 2246; x_wconf 89' lang='lat' dir='ltr'><strong>servus</strong></span> <span class='ocrx_word' id='word_1_267' title='bbox 765 2197 846 2246; x_wconf 91' lang='lat' dir='ltr'><strong>est</strong></span> <span class='ocrx_word' id='word_1_268' title='bbox 863 2207 880 2260; x_wconf 86' lang='lat'><strong>;</strong></span> <span class='ocrx_word' id='word_1_269' title='bbox 919 2189 1048 2262; x_wconf 90' lang='lat' dir='ltr'><strong>quia</strong></span> <span class='ocrx_word' id='word_1_270' title='bbox 1090 2192 1255 2246; x_wconf 88' lang='lat' dir='ltr'><strong>sciens</strong></span> <span class='ocrx_word' id='word_1_271' title='bbox 1296 2190 1624 2246; x_wconf 88' lang='lat' dir='ltr'><strong>voluntatem</strong></span> <span class='ocrx_word' id='word_1_272' title='bbox 1650 2190 1860 2245; x_wconf 90' lang='lat' dir='ltr'><strong>domini</strong></span> 
     </span>
    </p>
   </div>
   <div class='ocr_carea' id='block_1_38' title="bbox 243 2281 1851 2354">
    <p class='ocr_par' dir='ltr' id='par_1_38' title="bbox 243 2281 1851 2354">
     <span class='ocr_line' id='line_1_38' title="bbox 243 2281 1851 2354; baseline 0.001 -18"><span class='ocrx_word' id='word_1_273' title='bbox 243 2281 357 2349; x_wconf 88' lang='lat' dir='ltr'><strong>sui,</strong></span> <span class='ocrx_word' id='word_1_274' title='bbox 382 2283 437 2337; x_wconf 85' lang='lat' dir='ltr'><strong>si</strong></span> <span class='ocrx_word' id='word_1_275' title='bbox 461 2297 566 2336; x_wconf 89' lang='lat' dir='ltr'><strong>non</strong></span> <span class='ocrx_word' id='word_1_276' title='bbox 582 2284 788 2351; x_wconf 83' lang='lat' dir='ltr'><strong>fecerit,</strong></span> <span class='ocrx_word' id='word_1_277' title='bbox 807 2283 971 2353; x_wconf 88' lang='lat' dir='ltr'><strong>digne</strong></span> <span class='ocrx_word' id='word_1_278' title='bbox 988 2283 1274 2354; x_wconf 79' lang='lat' dir='ltr'><strong>vapulabit</strong></span> <span class='ocrx_word' id='word_1_279' title='bbox 1283 2283 1469 2354; x_wconf 79' lang='lat' dir='ltr'><strong>plagis</strong></span> <span class='ocrx_word' id='word_1_280' title='bbox 1488 2285 1674 2340; x_wconf 88' lang='lat' dir='ltr'><strong>multis</strong></span> <span class='ocrx_word' id='word_1_281' title='bbox 1691 2285 1851 2351; x_wconf 86' lang='lat' dir='ltr'><strong>(Luc.</strong></span> 
     </span>
    </p>
   </div>
   <div class='ocr_carea' id='block_1_39' title="bbox 241 2372 1857 2448">
    <p class='ocr_par' dir='ltr' id='par_1_39' title="bbox 241 2372 1857 2448">
     <span class='ocr_line' id='line_1_39' title="bbox 241 2372 1857 2448; baseline 0.001 -19"><span class='ocrx_word' id='word_1_282' title='bbox 241 2372 396 2444; x_wconf 83' lang='lat' dir='ltr'><strong>xu).</strong></span> <span class='ocrx_word' id='word_1_283' title='bbox 428 2375 538 2430; x_wconf 91' lang='lat' dir='ltr'><strong>Per</strong></span> <span class='ocrx_word' id='word_1_284' title='bbox 565 2373 706 2430; x_wconf 92' lang='lat' dir='ltr'><strong>hanc</strong></span> <span class='ocrx_word' id='word_1_285' title='bbox 728 2374 906 2448; x_wconf 87' lang='lat' dir='ltr'><strong>itaque</strong></span> <span class='ocrx_word' id='word_1_286' title='bbox 927 2375 1250 2433; x_wconf 87' lang='lat' dir='ltr'><strong>charitatem</strong></span> <span class='ocrx_word' id='word_1_287' title='bbox 1289 2374 1536 2448; x_wconf 89' lang='lat' dir='ltr'><strong>quisquis</strong></span> <span class='ocrx_word' id='word_1_288' title='bbox 1560 2374 1630 2433; x_wconf 91' lang='lat' dir='ltr'><strong>ad</strong></span> <span class='ocrx_word' id='word_1_289' title='bbox 1657 2375 1857 2447; x_wconf 86' lang='lat' dir='ltr'><strong>imagi-</strong></span> 
     </span>
    </p>
   </div>
   <div class='ocr_carea' id='block_1_40' title="bbox 195 2449 1854 2544">
    <p class='ocr_par' dir='ltr' id='par_1_40' title="bbox 195 2449 1854 2544">
     <span class='ocr_line' id='line_1_40' title="bbox 195 2449 1854 2544; baseline 0.002 -22"><span class='ocrx_word' id='word_1_290' title='bbox 195 2449 209 2466; x_wconf 83' lang='grc'><em>’</em></span> <span class='ocrx_word' id='word_1_291' title='bbox 241 2481 374 2522; x_wconf 91' lang='lat' dir='ltr'><strong>nem</strong></span> <span class='ocrx_word' id='word_1_292' title='bbox 443 2466 557 2524; x_wconf 88' lang='lat' dir='ltr'><strong>Dei</strong></span> <span class='ocrx_word' id='word_1_293' title='bbox 603 2465 1122 2544; x_wconf 89' lang='lat' dir='ltr'><strong>similitudinemque</strong></span> <span class='ocrx_word' id='word_1_294' title='bbox 1168 2469 1496 2544; x_wconf 88' lang='lat' dir='ltr'><strong>pervenerit,</strong></span> <span class='ocrx_word' id='word_1_295' title='bbox 1540 2469 1690 2527; x_wconf 89' lang='lat' dir='ltr'><strong>bono</strong></span> <span class='ocrx_word' id='word_1_296' title='bbox 1733 2468 1854 2542; x_wconf 90' lang='lat' dir='ltr'><strong>jam</strong></span> 
     </span>
    </p>
   </div>
   <div class='ocr_carea' id='block_1_41' title="bbox 1964 1905 3568 1987">
    <p class='ocr_par' dir='ltr' id='par_1_41' title="bbox 1964 1905 3568 1987">
     <span class='ocr_line' id='line_1_41' title="bbox 1964 1905 3568 1987; baseline 0.004 -27"><span class='ocrx_word' id='word_1_297' title='bbox 1964 1905 2114 1978; x_wconf 90' lang='lat' dir='ltr'><strong>plere</strong></span> <span class='ocrx_word' id='word_1_298' title='bbox 2131 1905 2455 1987; x_wconf 87' lang='lat' dir='ltr'><strong>mandatum</strong></span> <span class='ocrx_word' id='word_1_299' title='bbox 2486 1924 2500 1961; x_wconf 89' lang='lat'><strong>:</strong></span> <span class='ocrx_word' id='word_1_300' title='bbox 2530 1907 2752 1977; x_wconf 85' lang='lat' dir='ltr'><strong>Diligite</strong></span> <span class='ocrx_word' id='word_1_301' title='bbox 2773 1909 3018 1964; x_wconf 87' lang='lat' dir='ltr'><strong>inimicos</strong></span> <span class='ocrx_word' id='word_1_302' title='bbox 3040 1912 3260 1974; x_wconf 88' lang='lat' dir='ltr'><strong>vestros,</strong></span> <span class='ocrx_word' id='word_1_303' title='bbox 3288 1913 3339 1966; x_wconf 92' lang='lat' dir='ltr'><strong>et</strong></span> <span class='ocrx_word' id='word_1_304' title='bbox 3355 1910 3568 1979; x_wconf 77' lang='lat' dir='ltr'><strong>benefa-</strong></span> 
     </span>
    </p>
   </div>
   <div class='ocr_carea' id='block_1_42' title="bbox 1964 1997 3564 2074">
    <p class='ocr_par' dir='ltr' id='par_1_42' title="bbox 1964 1997 3564 2074">
     <span class='ocr_line' id='line_1_42' title="bbox 1964 1997 3564 2074; baseline 0.004 -20"><span class='ocrx_word' id='word_1_305' title='bbox 1964 2001 2067 2054; x_wconf 89' lang='lat' dir='ltr'><strong>cite</strong></span> <span class='ocrx_word' id='word_1_306' title='bbox 2084 1997 2166 2054; x_wconf 88' lang='lat' dir='ltr'><strong>his</strong></span> <span class='ocrx_word' id='word_1_307' title='bbox 2191 2001 2291 2068; x_wconf 89' lang='lat' dir='ltr'><strong>qui</strong></span> <span class='ocrx_word' id='word_1_308' title='bbox 2317 1999 2548 2056; x_wconf 85' lang='lat' dir='ltr'><strong>oderunt</strong></span> <span class='ocrx_word' id='word_1_309' title='bbox 2573 2015 2684 2069; x_wconf 87' lang='lat' dir='ltr'><strong>vos,</strong></span> <span class='ocrx_word' id='word_1_310' title='bbox 2713 2005 2765 2056; x_wconf 91' lang='lat' dir='ltr'><strong>et</strong></span> <span class='ocrx_word' id='word_1_311' title='bbox 2804 2006 2952 2056; x_wconf 87' lang='lat' dir='ltr'><strong>orate</strong></span> <span class='ocrx_word' id='word_1_312' title='bbox 2983 2017 3088 2072; x_wconf 87' lang='lat' dir='ltr'><strong>pro</strong></span> <span class='ocrx_word' id='word_1_313' title='bbox 3121 2005 3564 2074; x_wconf 81' lang='lat' dir='ltr'><strong>persequentibus</strong></span> 
     </span>
    </p>
   </div>
   <div class='ocr_carea' id='block_1_43' title="bbox 1964 2093 3570 2170">
    <p class='ocr_par' dir='ltr' id='par_1_43' title="bbox 1964 2093 3570 2170">
     <span class='ocr_line' id='line_1_43' title="bbox 1964 2093 3570 2170; baseline 0.002 -20"><span class='ocrx_word' id='word_1_314' title='bbox 1964 2097 2016 2150; x_wconf 90' lang='lat' dir='ltr'><strong>et</strong></span> <span class='ocrx_word' id='word_1_315' title='bbox 2031 2093 2484 2150; x_wconf 80' lang='lat' dir='ltr'><strong>calumniantibus</strong></span> <span class='ocrx_word' id='word_1_316' title='bbox 2504 2110 2592 2150; x_wconf 90' lang='lat' dir='ltr'><strong>vos</strong></span> <span class='ocrx_word' id='word_1_317' title='bbox 2621 2093 2785 2168; x_wconf 89' lang='lat' dir='ltr'><strong>(Luc.</strong></span> <span class='ocrx_word' id='word_1_318' title='bbox 2807 2095 3014 2167; x_wconf 81' lang='lat' dir='ltr'><strong>v1);&#39;et</strong></span> <span class='ocrx_word' id='word_1_319' title='bbox 3039 2095 3111 2152; x_wconf 87' lang='lat' dir='ltr'><strong>ita</strong></span> <span class='ocrx_word' id='word_1_320' title='bbox 3137 2098 3162 2129; x_wconf 83' lang='lat'><em>°</em></span> <span class='ocrx_word' id='word_1_321' title='bbox 3189 2095 3258 2153; x_wconf 89' lang='lat' dir='ltr'><strong>ad</strong></span> <span class='ocrx_word' id='word_1_322' title='bbox 3283 2096 3414 2154; x_wconf 89' lang='lat' dir='ltr'><strong>illud</strong></span> <span class='ocrx_word' id='word_1_323' title='bbox 3429 2112 3570 2170; x_wconf 68' lang='lat' dir='ltr'><strong>pra:-</strong></span> 
     </span>
    </p>
   </div>
   <div class='ocr_carea' id='block_1_44' title="bbox 1962 2185 3566 2262">
    <p class='ocr_par' dir='ltr' id='par_1_44' title="bbox 1962 2185 3566 2262">
     <span class='ocr_line' id='line_1_44' title="bbox 1962 2185 3566 2262; baseline 0.002 -20"><span class='ocrx_word' id='word_1_324' title='bbox 1962 2187 2143 2243; x_wconf 88' lang='lat' dir='ltr'><strong>mium</strong></span> <span class='ocrx_word' id='word_1_325' title='bbox 2169 2185 2318 2258; x_wconf 90' lang='lat' dir='ltr'><strong>quod</strong></span> <span class='ocrx_word' id='word_1_326' title='bbox 2339 2186 2703 2260; x_wconf 87' lang='lat' dir='ltr'><strong>subjungitur,</strong></span> <span class='ocrx_word' id='word_1_327' title='bbox 2752 2187 2951 2260; x_wconf 89' lang='lat' dir='ltr'><strong>poterit</strong></span> <span class='ocrx_word' id='word_1_328' title='bbox 2974 2189 3274 2260; x_wconf 87' lang='lat' dir='ltr'><strong>pervenire,</strong></span> <span class='ocrx_word' id='word_1_329' title='bbox 3304 2205 3400 2261; x_wconf 86' lang='lat' dir='ltr'><strong>per</strong></span> <span class='ocrx_word' id='word_1_330' title='bbox 3418 2187 3566 2262; x_wconf 92' lang='lat' dir='ltr'><strong>quod</strong></span> 
     </span>
    </p>
   </div>
   <div class='ocr_carea' id='block_1_45' title="bbox 1961 2279 3568 2354">
    <p class='ocr_par' dir='ltr' id='par_1_45' title="bbox 1961 2279 3568 2354">
     <span class='ocr_line' id='line_1_45' title="bbox 1961 2279 3568 2354; baseline 0.002 -18"><span class='ocrx_word' id='word_1_331' title='bbox 1961 2295 2075 2338; x_wconf 90' lang='lat' dir='ltr'><strong>non</strong></span> <span class='ocrx_word' id='word_1_332' title='bbox 2104 2279 2284 2338; x_wconf 88' lang='lat' dir='ltr'><strong>solum</strong></span> <span class='ocrx_word' id='word_1_333' title='bbox 2305 2279 2597 2354; x_wconf 90' lang='lat' dir='ltr'><strong>imaginem</strong></span> <span class='ocrx_word' id='word_1_334' title='bbox 2637 2279 2741 2338; x_wconf 91' lang='lat' dir='ltr'><strong>Dei</strong></span> <span class='ocrx_word' id='word_1_335' title='bbox 2787 2290 2841 2338; x_wconf 86' lang='lat' dir='ltr'><strong>et</strong></span> <span class='ocrx_word' id='word_1_336' title='bbox 2865 2282 3272 2339; x_wconf 89' lang='lat' dir='ltr'><strong>similitudinem</strong></span> <span class='ocrx_word' id='word_1_337' title='bbox 3324 2282 3568 2354; x_wconf 80' lang='lat' dir='ltr'><strong>perfera-</strong></span> 
     </span>
    </p>
   </div>
   <div class='ocr_carea' id='block_1_46' title="bbox 1962 2375 3562 2450">
    <p class='ocr_par' dir='ltr' id='par_1_46' title="bbox 1962 2375 3562 2450">
     <span class='ocr_line' id='line_1_46' title="bbox 1962 2375 3562 2450; baseline 0.001 -16"><span class='ocrx_word' id='word_1_338' title='bbox 1962 2391 2112 2446; x_wconf 89' lang='lat' dir='ltr'><strong>mus,</strong></span> <span class='ocrx_word' id='word_1_339' title='bbox 2137 2392 2328 2434; x_wconf 87' lang='lat' dir='ltr'><strong>verum</strong></span> <span class='ocrx_word' id='word_1_340' title='bbox 2364 2377 2526 2433; x_wconf 90' lang='lat' dir='ltr'><strong>etiam</strong></span> <span class='ocrx_word' id='word_1_341' title='bbox 2554 2375 2652 2432; x_wconf 90' lang='lat' dir='ltr'><strong>ﬁlii</strong></span> <span class='ocrx_word' id='word_1_342' title='bbox 2674 2375 2776 2434; x_wconf 90' lang='lat' dir='ltr'><strong>Dei</strong></span> <span class='ocrx_word' id='word_1_343' title='bbox 2831 2391 3251 2450; x_wconf 88' lang='lat' dir='ltr'><strong>nuncupemur:</strong></span> <span class='ocrx_word' id='word_1_344' title='bbox 3303 2381 3374 2435; x_wconf 88' lang='lat' dir='ltr'><strong>Ut</strong></span> <span class='ocrx_word' id='word_1_345' title='bbox 3420 2381 3562 2444; x_wconf 85' lang='lat' dir='ltr'><strong>sitis,</strong></span> 
     </span>
    </p>
   </div>
   <div class='ocr_carea' id='block_1_47' title="bbox 1963 2469 3566 2544">
    <p class='ocr_par' dir='ltr' id='par_1_47' title="bbox 1963 2469 3566 2544">
     <span class='ocr_line' id='line_1_47' title="bbox 1963 2469 3566 2544; baseline 0.002 -18"><span class='ocrx_word' id='word_1_346' title='bbox 1963 2469 2160 2544; x_wconf 89' lang='lat' dir='ltr'><strong>inquit,</strong></span> <span class='ocrx_word' id='word_1_347' title='bbox 2193 2471 2303 2542; x_wconf 77' lang='lat' dir='ltr'><strong>ﬁlii</strong></span> <span class='ocrx_word' id='word_1_348' title='bbox 2326 2473 2506 2527; x_wconf 79' lang='lat' dir='ltr'><strong>Patris</strong></span> <span class='ocrx_word' id='word_1_349' title='bbox 2527 2471 2695 2527; x_wconf 88' lang='lat' dir='ltr'><strong>vestri</strong></span> <span class='ocrx_word' id='word_1_350' title='bbox 2711 2473 2812 2542; x_wconf 90' lang='lat' dir='ltr'><strong>qui</strong></span> <span class='ocrx_word' id='word_1_351' title='bbox 2839 2473 2897 2527; x_wconf 89' lang='lat' dir='ltr'><strong>in</strong></span> <span class='ocrx_word' id='word_1_352' title='bbox 2937 2472 3078 2526; x_wconf 78' lang='lat' dir='ltr'><strong>ccelis</strong></span> <span class='ocrx_word' id='word_1_353' title='bbox 3122 2474 3220 2536; x_wconf 89' lang='lat' dir='ltr'><strong>est,</strong></span> <span class='ocrx_word' id='word_1_354' title='bbox 3262 2472 3363 2542; x_wconf 86' lang='lat' dir='ltr'><strong>qui</strong></span> <span class='ocrx_word' id='word_1_355' title='bbox 3407 2472 3566 2529; x_wconf 88' lang='lat' dir='ltr'><strong>solem</strong></span> 
     </span>
    </p>
   </div>
   <div class='ocr_carea' id='block_1_48' title="bbox 1340 2604 2456 2662">
    <p class='ocr_par' dir='ltr' id='par_1_48' title="bbox 1340 2604 2456 2662">
     <span class='ocr_line' id='line_1_48' title="bbox 1340 2604 2456 2662; baseline -0.002 0"><span class='ocrx_word' id='word_1_356' title='bbox 1340 2605 1596 2662; x_wconf 83' lang='lat' dir='ltr'><strong>ALARDI</strong></span> <span class='ocrx_word' id='word_1_357' title='bbox 1633 2605 1859 2662; x_wconf 65' lang='lat' dir='ltr'><strong>GAZEI</strong></span> <span class='ocrx_word' id='word_1_358' title='bbox 1897 2604 2456 2662; x_wconf 82' lang='lat' dir='ltr'><strong>COMMENTARIUS.</strong></span> 
     </span>
    </p>
   </div>
   <div class='ocr_carea' id='block_1_49' title="bbox 239 2727 1855 2800">
    <p class='ocr_par' dir='ltr' id='par_1_49' title="bbox 239 2727 1855 2800">
     <span class='ocr_line' id='line_1_49' title="bbox 239 2727 1855 2800; baseline 0.001 -14"><span class='ocrx_word' id='word_1_359' title='bbox 239 2735 365 2786; x_wconf 88' lang='lat' dir='ltr'><strong>rant</strong></span> <span class='ocrx_word' id='word_1_360' title='bbox 391 2727 602 2786; x_wconf 84' lang='lat' dir='ltr'><strong>ethnici</strong></span> <span class='ocrx_word' id='word_1_361' title='bbox 621 2731 912 2800; x_wconf 87' lang='lat' dir='ltr'><strong>scriptores</strong></span> <span class='ocrx_word' id='word_1_362' title='bbox 944 2749 958 2786; x_wconf 91' lang='lat'><strong>:</strong></span> <span class='ocrx_word' id='word_1_363' title='bbox 981 2731 1174 2789; x_wconf 88' lang='lat' dir='ltr'><strong>Cicero</strong></span> <span class='ocrx_word' id='word_1_364' title='bbox 1194 2730 1290 2788; x_wconf 89' lang='lat' dir='ltr'><strong>lib.</strong></span> <span class='ocrx_word' id='word_1_365' title='bbox 1314 2747 1366 2788; x_wconf 86' lang='grc' dir='ltr'><strong>ιι</strong></span> <span class='ocrx_word' id='word_1_366' title='bbox 1389 2731 1855 2788; x_wconf 82' lang='lat' dir='ltr'><strong>Tusculanarum:</strong></span> 
     </span>
    </p>
   </div>
   <div class='ocr_carea' id='block_1_50' title="bbox 237 2801 1856 2871">
    <p class='ocr_par' dir='ltr' id='par_1_50' title="bbox 237 2801 1856 2871">
     <span class='ocr_line' id='line_1_50' title="bbox 237 2801 1856 2871; baseline -0.001 -12"><span class='ocrx_word' id='word_1_367' title='bbox 237 2801 490 2864; x_wconf 87' lang='lat' dir='ltr'><strong>Nullum,</strong></span> <span class='ocrx_word' id='word_1_368' title='bbox 510 2801 604 2863; x_wconf 83' lang='lat' dir='ltr'><strong>ait,</strong></span> <span class='ocrx_word' id='word_1_369' title='bbox 628 2802 900 2857; x_wconf 80' lang='lat' dir='ltr'><strong>theatrum</strong></span> <span class='ocrx_word' id='word_1_370' title='bbox 924 2805 1125 2859; x_wconf 84' lang='lat' dir='ltr'><strong>virtuti</strong></span> <span class='ocrx_word' id='word_1_371' title='bbox 1139 2805 1462 2859; x_wconf 81' lang='lat' dir='ltr'><strong>conscientia</strong></span> <span class='ocrx_word' id='word_1_372' title='bbox 1479 2803 1676 2871; x_wconf 87' lang='lat' dir='ltr'><strong>majus.</strong></span> <span class='ocrx_word' id='word_1_373' title='bbox 1709 2805 1782 2858; x_wconf 85' lang='lat' dir='ltr'><strong>Et</strong></span> <span class='ocrx_word' id='word_1_374' title='bbox 1800 2803 1856 2858; x_wconf 92' lang='lat' dir='ltr'><strong>in</strong></span> 
     </span>
    </p>
   </div>
   <div class='ocr_carea' id='block_1_51' title="bbox 237 2873 1858 2944">
    <p class='ocr_par' dir='ltr' id='par_1_51' title="bbox 237 2873 1858 2944">
     <span class='ocr_line' id='line_1_51' title="bbox 237 2873 1858 2944; baseline 0.001 -17"><span class='ocrx_word' id='word_1_375' title='bbox 237 2873 456 2944; x_wconf 79' lang='lat' dir='ltr'><strong>Catone</strong></span> <span class='ocrx_word' id='word_1_376' title='bbox 493 2889 506 2926; x_wconf 89' lang='lat'><strong>:</strong></span> <span class='ocrx_word' id='word_1_377' title='bbox 560 2873 885 2929; x_wconf 79' lang='lat' dir='ltr'><strong>Conscientia</strong></span> <span class='ocrx_word' id='word_1_378' title='bbox 925 2875 1052 2930; x_wconf 88' lang='lat' dir='ltr'><strong>bene</strong></span> <span class='ocrx_word' id='word_1_379' title='bbox 1101 2878 1234 2930; x_wconf 74' lang='lat' dir='ltr'><strong>acta:</strong></span> <span class='ocrx_word' id='word_1_380' title='bbox 1270 2877 1398 2928; x_wconf 76' lang='lat' dir='ltr'><strong>vitae</strong></span> <span class='ocrx_word' id='word_1_381' title='bbox 1455 2875 1858 2944; x_wconf 84' lang='lat' dir='ltr'><strong>multorumque</strong></span> 
     </span>
    </p>
   </div>
   <div class='ocr_carea' id='block_1_52' title="bbox 239 2941 1854 3016">
    <p class='ocr_par' dir='ltr' id='par_1_52' title="bbox 239 2941 1854 3016">
     <span class='ocr_line' id='line_1_52' title="bbox 239 2941 1854 3016; baseline 0.002 -20"><span class='ocrx_word' id='word_1_382' title='bbox 239 2941 652 3016; x_wconf 70' lang='lat' dir='ltr'><strong>benefactorum</strong></span> <span class='ocrx_word' id='word_1_383' title='bbox 670 2943 1072 3014; x_wconf 86' lang='lat' dir='ltr'><strong>jucundissima</strong></span> <span class='ocrx_word' id='word_1_384' title='bbox 1114 2949 1212 3001; x_wconf 88' lang='lat' dir='ltr'><strong>est.</strong></span> <span class='ocrx_word' id='word_1_385' title='bbox 1243 2947 1314 3001; x_wconf 87' lang='lat' dir='ltr'><strong>Et</strong></span> <span class='ocrx_word' id='word_1_386' title='bbox 1359 2944 1415 2999; x_wconf 92' lang='lat' dir='ltr'><strong>in</strong></span> <span class='ocrx_word' id='word_1_387' title='bbox 1451 2945 1705 3001; x_wconf 87' lang='lat' dir='ltr'><strong>oratione</strong></span> <span class='ocrx_word' id='word_1_388' title='bbox 1754 2941 1854 3016; x_wconf 80' lang='lat' dir='ltr'><strong>pro</strong></span> 
     </span>
    </p>
   </div>
   <div class='ocr_carea' id='block_1_53' title="bbox 237 3013 1857 3086">
    <p class='ocr_par' dir='ltr' id='par_1_53' title="bbox 237 3013 1857 3086">
     <span class='ocr_line' id='line_1_53' title="bbox 237 3013 1857 3086; baseline 0.001 -16"><span class='ocrx_word' id='word_1_389' title='bbox 237 3013 506 3070; x_wconf 87' lang='lat' dir='ltr'><strong>Cluentio</strong></span> <span class='ocrx_word' id='word_1_390' title='bbox 533 3015 634 3070; x_wconf 87' lang='lat' dir='ltr'><strong>:Si</strong></span> <span class='ocrx_word' id='word_1_391' title='bbox 665 3013 988 3084; x_wconf 75' lang='lat' dir='ltr'><strong>Optimorum</strong></span> <span class='ocrx_word' id='word_1_392' title='bbox 1026 3017 1372 3070; x_wconf 86' lang='lat' dir='ltr'><strong>consiliorum</strong></span> <span class='ocrx_word' id='word_1_393' title='bbox 1389 3020 1550 3086; x_wconf 87' lang='lat' dir='ltr'><strong>atque</strong></span> <span class='ocrx_word' id='word_1_394' title='bbox 1585 3013 1857 3084; x_wconf 74' lang='lat' dir='ltr'><strong>factorum</strong></span> 
     </span>
    </p>
   </div>
   <div class='ocr_carea' id='block_1_54' title="bbox 237 3087 1860 3154">
    <p class='ocr_par' dir='ltr' id='par_1_54' title="bbox 237 3087 1860 3154">
     <span class='ocr_line' id='line_1_54' title="bbox 237 3087 1860 3154; baseline 0.001 -15"><span class='ocrx_word' id='word_1_395' title='bbox 237 3087 390 3141; x_wconf 85' lang='lat' dir='ltr'><strong>testis</strong></span> <span class='ocrx_word' id='word_1_396' title='bbox 448 3087 514 3139; x_wconf 82' lang='lat' dir='ltr'><strong>in</strong></span> <span class='ocrx_word' id='word_1_397' title='bbox 540 3087 688 3140; x_wconf 89' lang='lat' dir='ltr'><strong>omni</strong></span> <span class='ocrx_word' id='word_1_398' title='bbox 705 3089 820 3140; x_wconf 87' lang='lat' dir='ltr'><strong>vita</strong></span> <span class='ocrx_word' id='word_1_399' title='bbox 845 3088 1166 3140; x_wconf 85' lang='lat' dir='ltr'><strong>conscientia</strong></span> <span class='ocrx_word' id='word_1_400' title='bbox 1197 3087 1390 3154; x_wconf 82' lang='lat' dir='ltr'><strong>fuerit,</strong></span> <span class='ocrx_word' id='word_1_401' title='bbox 1425 3089 1540 3141; x_wconf 86' lang='lat' dir='ltr'><strong>sine</strong></span> <span class='ocrx_word' id='word_1_402' title='bbox 1576 3087 1688 3142; x_wconf 87' lang='lat' dir='ltr'><strong>ullo</strong></span> <span class='ocrx_word' id='word_1_403' title='bbox 1713 3090 1860 3142; x_wconf 86' lang='lat' dir='ltr'><strong>metu</strong></span> 
     </span>
    </p>
   </div>
   <div class='ocr_carea' id='block_1_55' title="bbox 1962 2727 3560 2797">
    <p class='ocr_par' dir='ltr' id='par_1_55' title="bbox 1962 2727 3560 2797">
     <span class='ocr_line' id='line_1_55' title="bbox 1962 2727 3560 2797; baseline 0.001 -11"><span class='ocrx_word' id='word_1_404' title='bbox 1962 2737 2159 2797; x_wconf 89' lang='lat' dir='ltr'><strong>tatem,</strong></span> <span class='ocrx_word' id='word_1_405' title='bbox 2189 2729 2286 2786; x_wconf 91' lang='lat' dir='ltr'><strong>sed</strong></span> <span class='ocrx_word' id='word_1_406' title='bbox 2307 2744 2421 2786; x_wconf 92' lang='lat' dir='ltr'><strong>uon</strong></span> <span class='ocrx_word' id='word_1_407' title='bbox 2447 2727 2785 2785; x_wconf 85' lang='lat' dir='ltr'><strong>infallibilem</strong></span> <span class='ocrx_word' id='word_1_408' title='bbox 2805 2729 3203 2786; x_wconf 88' lang='lat' dir='ltr'><strong>certitudinem.</strong></span> <span class='ocrx_word' id='word_1_409' title='bbox 3251 2733 3376 2786; x_wconf 85' lang='lat' dir='ltr'><strong>Non</strong></span> <span class='ocrx_word' id='word_1_410' title='bbox 3414 2732 3560 2788; x_wconf 92' lang='lat' dir='ltr'><strong>enim</strong></span> 
     </span>
    </p>
   </div>
   <div class='ocr_carea' id='block_1_56' title="bbox 1962 2799 3565 2873">
    <p class='ocr_par' dir='ltr' id='par_1_56' title="bbox 1962 2799 3565 2873">
     <span class='ocr_line' id='line_1_56' title="bbox 1962 2799 3565 2873; baseline 0.001 -16"><span class='ocrx_word' id='word_1_411' title='bbox 1962 2801 2145 2857; x_wconf 89' lang='lat' dir='ltr'><strong>solum</strong></span> <span class='ocrx_word' id='word_1_412' title='bbox 2169 2801 2420 2873; x_wconf 68' lang='lat' dir='ltr'><strong>laetamur</strong></span> <span class='ocrx_word' id='word_1_413' title='bbox 2444 2809 2499 2856; x_wconf 87' lang='lat' dir='ltr'><strong>et</strong></span> <span class='ocrx_word' id='word_1_414' title='bbox 2525 2800 2824 2873; x_wconf 76' lang='lat' dir='ltr'><strong>gloriamur</strong></span> <span class='ocrx_word' id='word_1_415' title='bbox 2867 2799 2937 2856; x_wconf 91' lang='lat' dir='ltr'><strong>de</strong></span> <span class='ocrx_word' id='word_1_416' title='bbox 2965 2800 3030 2856; x_wconf 88' lang='lat' dir='ltr'><strong>iis</strong></span> <span class='ocrx_word' id='word_1_417' title='bbox 3055 2800 3217 2873; x_wconf 78' lang='lat' dir='ltr'><strong>rebus</strong></span> <span class='ocrx_word' id='word_1_418' title='bbox 3231 2815 3380 2873; x_wconf 80' lang='lat' dir='ltr'><strong>quas</strong></span> <span class='ocrx_word' id='word_1_419' title='bbox 3397 2871 3412 2873; x_wconf 98' lang='lat'>_</span> <span class='ocrx_word' id='word_1_420' title='bbox 3431 2801 3565 2873; x_wconf 83' lang='lat' dir='ltr'><strong>certi</strong></span> 
     </span>
    </p>
   </div>
   <div class='ocr_carea' id='block_1_57' title="bbox 1962 2869 3566 2940">
    <p class='ocr_par' dir='ltr' id='par_1_57' title="bbox 1962 2869 3566 2940">
     <span class='ocr_line' id='line_1_57' title="bbox 1962 2869 3566 2940; baseline 0 -12"><span class='ocrx_word' id='word_1_421' title='bbox 1962 2886 2157 2928; x_wconf 89' lang='lat' dir='ltr'><strong>sumus</strong></span> <span class='ocrx_word' id='word_1_422' title='bbox 2181 2887 2284 2928; x_wconf 89' lang='lat' dir='ltr'><strong>nos</strong></span> <span class='ocrx_word' id='word_1_423' title='bbox 2316 2869 2644 2940; x_wconf 56' lang='lat' dir='ltr'><strong>haberefvel</strong></span> <span class='ocrx_word' id='word_1_424' title='bbox 2673 2869 2983 2938; x_wconf 85' lang='lat' dir='ltr'><strong>habituros;</strong></span> <span class='ocrx_word' id='word_1_425' title='bbox 3028 2870 3124 2926; x_wconf 89' lang='lat' dir='ltr'><strong>sed</strong></span> <span class='ocrx_word' id='word_1_426' title='bbox 3166 2869 3333 2926; x_wconf 76' lang='lat' dir='ltr'><strong>etiam</strong></span> <span class='ocrx_word' id='word_1_427' title='bbox 3381 2871 3450 2928; x_wconf 88' lang='lat' dir='ltr'><strong>de</strong></span> <span class='ocrx_word' id='word_1_428' title='bbox 3497 2872 3566 2928; x_wconf 89' lang='lat' dir='ltr'><strong>iis</strong></span> 
     </span>
    </p>
   </div>
   <div class='ocr_carea' id='block_1_58' title="bbox 1963 2940 3578 3014">
    <p class='ocr_par' dir='ltr' id='par_1_58' title="bbox 1963 2940 3578 3014">
     <span class='ocr_line' id='line_1_58' title="bbox 1963 2940 3578 3014; baseline 0.002 -17"><span class='ocrx_word' id='word_1_429' title='bbox 1963 2957 2097 3014; x_wconf 85' lang='lat' dir='ltr'><strong>quas</strong></span> <span class='ocrx_word' id='word_1_430' title='bbox 2126 2942 2208 2998; x_wconf 85' lang='lat' dir='ltr'><strong>vel</strong></span> <span class='ocrx_word' id='word_1_431' title='bbox 2237 2957 2338 2998; x_wconf 89' lang='lat' dir='ltr'><strong>nos</strong></span> <span class='ocrx_word' id='word_1_432' title='bbox 2372 2941 2572 3014; x_wconf 87' lang='lat' dir='ltr'><strong>habere</strong></span> <span class='ocrx_word' id='word_1_433' title='bbox 2616 2941 2966 3014; x_wconf 83' lang='lat' dir='ltr'><strong>conﬁdimus,</strong></span> <span class='ocrx_word' id='word_1_434' title='bbox 3003 2941 3086 2996; x_wconf 88' lang='lat' dir='ltr'><strong>vel</strong></span> <span class='ocrx_word' id='word_1_435' title='bbox 3126 2940 3410 3014; x_wconf 82' lang='lat' dir='ltr'><strong>habituros</strong></span> <span class='ocrx_word' id='word_1_436' title='bbox 3431 2957 3578 3014; x_wconf 76' lang='lat' dir='ltr'><strong>esse</strong></span> 
     </span>
    </p>
   </div>
   <div class='ocr_carea' id='block_1_59' title="bbox 1963 3011 3574 3085">
    <p class='ocr_par' dir='ltr' id='par_1_59' title="bbox 1963 3011 3574 3085">
     <span class='ocr_line' id='line_1_59' title="bbox 1963 3011 3574 3085; baseline 0.002 -17"><span class='ocrx_word' id='word_1_437' title='bbox 1963 3011 2268 3085; x_wconf 64' lang='lat' dir='ltr'><strong>speramus,</strong></span> <span class='ocrx_word' id='word_1_438' title='bbox 2297 3013 2553 3085; x_wconf 81' lang='lat' dir='ltr'><strong>quamvis</strong></span> <span class='ocrx_word' id='word_1_439' title='bbox 2590 3027 2699 3085; x_wconf 79' lang='lat' dir='ltr'><strong>non</strong></span> <span class='ocrx_word' id='word_1_440' title='bbox 2729 3011 2854 3085; x_wconf 22' lang='lat' dir='ltr'><strong>Asine</strong></span> <span class='ocrx_word' id='word_1_441' title='bbox 2877 3011 3097 3085; x_wconf 73' lang='lat' dir='ltr'><strong>_t_im_ore</strong></span> <span class='ocrx_word' id='word_1_442' title='bbox 3138 3021 3250 3085; x_wconf 71' lang='lat' dir='ltr'><strong>aut</strong></span> <span class='ocrx_word' id='word_1_443' title='bbox 3277 3012 3574 3071; x_wconf 84' lang='lat' dir='ltr'><strong>formidine</strong></span> 
     </span>
    </p>
   </div>
   <div class='ocr_carea' id='block_1_60' title="bbox 1963 3082 3575 3156">
    <p class='ocr_par' dir='ltr' id='par_1_60' title="bbox 1963 3082 3575 3156">
     <span class='ocr_line' id='line_1_60' title="bbox 1963 3082 3575 3156; baseline 0.001 -17"><span class='ocrx_word' id='word_1_444' title='bbox 1963 3082 2034 3156; x_wconf 72' lang='lat' dir='ltr'><strong>de</strong></span> <span class='ocrx_word' id='word_1_445' title='bbox 2065 3082 2342 3156; x_wconf 78' lang='lat' dir='ltr'><strong>opposito,</strong></span> <span class='ocrx_word' id='word_1_446' title='bbox 2361 3090 2424 3138; x_wconf 85' lang='lat' dir='ltr'><strong>ut</strong></span> <span class='ocrx_word' id='word_1_447' title='bbox 2447 3083 2607 3156; x_wconf 83' lang='lat' dir='ltr'><strong>vulgo</strong></span> <span class='ocrx_word' id='word_1_448' title='bbox 2635 3082 2852 3139; x_wconf 87' lang='lat' dir='ltr'><strong>dicitur.</strong></span> <span class='ocrx_word' id='word_1_449' title='bbox 2875 3082 3042 3139; x_wconf 88' lang='lat' dir='ltr'><strong>Unde</strong></span> <span class='ocrx_word' id='word_1_450' title='bbox 3061 3091 3116 3138; x_wconf 90' lang='lat' dir='ltr'><strong>et</strong></span> <span class='ocrx_word' id='word_1_451' title='bbox 3138 3082 3350 3156; x_wconf 78' lang='lat' dir='ltr'><strong>psalmo</strong></span> <span class='ocrx_word' id='word_1_452' title='bbox 3373 3099 3575 3156; x_wconf 57' lang='lat' dir='ltr'><strong>secuti:-</strong></span> 
     </span>
    </p>
   </div>
   <div class='ocr_carea' id='block_1_61' title="bbox 235 3153 3573 3227">
    <p class='ocr_par' dir='ltr' id='par_1_61' title="bbox 235 3153 3573 3227">
     <span class='ocr_line' id='line_1_61' title="bbox 235 3153 3573 3227; baseline 0 -16"><span class='ocrx_word' id='word_1_453' title='bbox 235 3170 458 3211; x_wconf 81' lang='lat' dir='ltr'><strong>summa.</strong></span> <span class='ocrx_word' id='word_1_454' title='bbox 495 3171 612 3210; x_wconf 87' lang='lat' dir='ltr'><strong>cum</strong></span> <span class='ocrx_word' id='word_1_455' title='bbox 635 3157 907 3211; x_wconf 80' lang='lat' dir='ltr'><strong>honestate</strong></span> <span class='ocrx_word' id='word_1_456' title='bbox 925 3159 1179 3212; x_wconf 84' lang='lat' dir='ltr'><strong>vivemus.</strong></span> <span class='ocrx_word' id='word_1_457' title='bbox 1200 3153 1420 3212; x_wconf 85' lang='lat' dir='ltr'><strong>Seneca</strong></span> <span class='ocrx_word' id='word_1_458' title='bbox 1461 3171 1546 3227; x_wconf 90' lang='lat' dir='ltr'><strong>ep.</strong></span> <span class='ocrx_word' id='word_1_459' title='bbox 1571 3163 1646 3227; x_wconf 16' lang='lat'><strong>43‘</strong></span> <span class='ocrx_word' id='word_1_460' title='bbox 1675 3175 1688 3211; x_wconf 91' lang='lat'>:</span> <span class='ocrx_word' id='word_1_461' title='bbox 1713 3156 1856 3224; x_wconf 83' lang='lat' dir='ltr'><strong>Quid</strong></span> <span class='ocrx_word' id='word_1_462' title='bbox 1887 3157 1932 3222; x_wconf 89' lang='lat' dir='ltr'><strong>C</strong></span> <span class='ocrx_word' id='word_1_463' title='bbox 1965 3153 2037 3210; x_wconf 88' lang='lat' dir='ltr'><strong>do</strong></span> <span class='ocrx_word' id='word_1_464' title='bbox 2059 3153 2324 3227; x_wconf 76' lang='lat' dir='ltr'><strong>juhemur</strong></span> <span class='ocrx_word' id='word_1_465' title='bbox 2345 3153 2772 3227; x_wconf 63' lang='lat' dir='ltr'><strong>exsulta}e__eum</strong></span> <span class='ocrx_word' id='word_1_466' title='bbox 2801 3161 3062 3210; x_wconf 86' lang='lat' dir='ltr'><strong>tremore.</strong></span> <span class='ocrx_word' id='word_1_467' title='bbox 3099 3153 3403 3227; x_wconf 79' lang='lat' dir='ltr'><strong>Videplura</strong></span> <span class='ocrx_word' id='word_1_468' title='bbox 3426 3155 3573 3227; x_wconf 87' lang='lat' dir='ltr'><strong>apud</strong></span> 
     </span>
    </p>
   </div>
   <div class='ocr_carea' id='block_1_62' title="bbox 231 3227 1858 3297">
    <p class='ocr_par' dir='ltr' id='par_1_62' title="bbox 231 3227 1858 3297">
     <span class='ocr_line' id='line_1_62' title="bbox 231 3227 1858 3297; baseline 0 -16"><span class='ocrx_word' id='word_1_469' title='bbox 231 3228 468 3297; x_wconf 79' lang='lat' dir='ltr'><strong>prodest</strong></span> <span class='ocrx_word' id='word_1_470' title='bbox 491 3227 771 3281; x_wconf 82' lang='lat' dir='ltr'><strong>recondere</strong></span> <span class='ocrx_word' id='word_1_471' title='bbox 790 3241 864 3289; x_wconf 89' lang='lat' dir='ltr'><strong>se,</strong></span> <span class='ocrx_word' id='word_1_472' title='bbox 894 3231 946 3281; x_wconf 90' lang='lat' dir='ltr'><strong>et</strong></span> <span class='ocrx_word' id='word_1_473' title='bbox 986 3228 1160 3282; x_wconf 87' lang='lat' dir='ltr'><strong>oculos</strong></span> <span class='ocrx_word' id='word_1_474' title='bbox 1183 3228 1457 3281; x_wconf 84' lang='lat' dir='ltr'><strong>hominum</strong></span> <span class='ocrx_word' id='word_1_475' title='bbox 1483 3242 1746 3296; x_wconf 88' lang='lat' dir='ltr'><strong>auresque</strong></span> <span class='ocrx_word' id='word_1_476' title='bbox 1775 3229 1858 3281; x_wconf 85' lang='lat' dir='ltr'><strong>vi-</strong></span> 
     </span>
    </p>
   </div>
   <div class='ocr_carea' id='block_1_63' title="bbox 237 3297 1860 3360">
    <p class='ocr_par' dir='ltr' id='par_1_63' title="bbox 237 3297 1860 3360">
     <span class='ocr_line' id='line_1_63' title="bbox 237 3297 1860 3360; baseline -0.001 -7"><span class='ocrx_word' id='word_1_477' title='bbox 237 3302 399 3354; x_wconf 79' lang='lat' dir='ltr'><strong>tare?</strong></span> <span class='ocrx_word' id='word_1_478' title='bbox 424 3301 583 3354; x_wconf 89' lang='lat' dir='ltr'><strong>Bona</strong></span> <span class='ocrx_word' id='word_1_479' title='bbox 607 3299 925 3352; x_wconf 87' lang='lat' dir='ltr'><strong>conscientia</strong></span> <span class='ocrx_word' id='word_1_480' title='bbox 941 3297 1158 3352; x_wconf 81' lang='lat' dir='ltr'><strong>turbam</strong></span> <span class='ocrx_word' id='word_1_481' title='bbox 1175 3297 1420 3360; x_wconf 85' lang='lat' dir='ltr'><strong>advocat,</strong></span> <span class='ocrx_word' id='word_1_482' title='bbox 1445 3297 1592 3351; x_wconf 89' lang='lat' dir='ltr'><strong>mala</strong></span> <span class='ocrx_word' id='word_1_483' title='bbox 1616 3299 1780 3352; x_wconf 88' lang='lat' dir='ltr'><strong>etiam</strong></span> <span class='ocrx_word' id='word_1_484' title='bbox 1799 3299 1860 3352; x_wconf 89' lang='lat' dir='ltr'><strong>in</strong></span> 
     </span>
    </p>
   </div>
   <div class='ocr_carea' id='block_1_64' title="bbox 236 3367 1859 3437">
    <p class='ocr_par' dir='ltr' id='par_1_64' title="bbox 236 3367 1859 3437">
     <span class='ocr_line' id='line_1_64' title="bbox 236 3367 1859 3437; baseline -0.001 -13"><span class='ocrx_word' id='word_1_485' title='bbox 236 3369 542 3425; x_wconf 80' lang='lat' dir='ltr'><strong>solitudine</strong></span> <span class='ocrx_word' id='word_1_486' title='bbox 579 3370 753 3423; x_wconf 69' lang='lat' dir='ltr'><strong>anxia</strong></span> <span class='ocrx_word' id='word_1_487' title='bbox 804 3372 968 3437; x_wconf 86' lang='lat' dir='ltr'><strong>atque</strong></span> <span class='ocrx_word' id='word_1_488' title='bbox 1001 3369 1230 3422; x_wconf 83' lang='lat' dir='ltr'><strong>sollicita</strong></span> <span class='ocrx_word' id='word_1_489' title='bbox 1248 3371 1344 3422; x_wconf 90' lang='lat' dir='ltr'><strong>est.</strong></span> <span class='ocrx_word' id='word_1_490' title='bbox 1385 3369 1446 3423; x_wconf 90' lang='lat' dir='ltr'><strong>Si</strong></span> <span class='ocrx_word' id='word_1_491' title='bbox 1470 3367 1688 3423; x_wconf 87' lang='lat' dir='ltr'><strong>honesta</strong></span> <span class='ocrx_word' id='word_1_492' title='bbox 1729 3371 1859 3424; x_wconf 88' lang='lat' dir='ltr'><strong>sunt</strong></span> 
     </span>
    </p>
   </div>
   <div class='ocr_carea' id='block_1_65' title="bbox 239 3437 1857 3510">
    <p class='ocr_par' dir='ltr' id='par_1_65' title="bbox 239 3437 1857 3510">
     <span class='ocr_line' id='line_1_65' title="bbox 239 3437 1857 3510; baseline -0.001 -17"><span class='ocrx_word' id='word_1_493' title='bbox 239 3455 366 3510; x_wconf 67' lang='lat' dir='ltr'><strong>qua</strong></span> <span class='ocrx_word' id='word_1_494' title='bbox 416 3441 584 3508; x_wconf 86' lang='lat' dir='ltr'><strong>facis,</strong></span> <span class='ocrx_word' id='word_1_495' title='bbox 613 3452 790 3494; x_wconf 86' lang='lat' dir='ltr'><strong>omnes</strong></span> <span class='ocrx_word' id='word_1_496' title='bbox 810 3441 1010 3504; x_wconf 88' lang='lat' dir='ltr'><strong>sciant;</strong></span> <span class='ocrx_word' id='word_1_497' title='bbox 1039 3439 1089 3493; x_wconf 88' lang='lat' dir='ltr'><strong>si</strong></span> <span class='ocrx_word' id='word_1_498' title='bbox 1113 3440 1318 3508; x_wconf 67' lang='lat' dir='ltr'><strong>nimia,</strong></span> <span class='ocrx_word' id='word_1_499' title='bbox 1337 3437 1474 3508; x_wconf 87' lang='lat' dir='ltr'><strong>quid</strong></span> <span class='ocrx_word' id='word_1_500' title='bbox 1494 3439 1662 3506; x_wconf 83' lang='lat' dir='ltr'><strong>refert</strong></span> <span class='ocrx_word' id='word_1_501' title='bbox 1681 3439 1857 3493; x_wconf 81' lang='lat' dir='ltr'><strong>nemi-</strong></span> 
     </span>
    </p>
   </div>
   <div class='ocr_carea' id='block_1_66' title="bbox 239 3510 1856 3571">
    <p class='ocr_par' dir='ltr' id='par_1_66' title="bbox 239 3510 1856 3571">
     <span class='ocr_line' id='line_1_66' title="bbox 239 3510 1856 3571; baseline -0.001 -7"><span class='ocrx_word' id='word_1_502' title='bbox 239 3525 369 3564; x_wconf 86' lang='lat' dir='ltr'><strong>nem</strong></span> <span class='ocrx_word' id='word_1_503' title='bbox 394 3512 550 3571; x_wconf 88' lang='lat' dir='ltr'><strong>scire,</strong></span> <span class='ocrx_word' id='word_1_504' title='bbox 597 3525 717 3564; x_wconf 86' lang='lat' dir='ltr'><strong>cum</strong></span> <span class='ocrx_word' id='word_1_505' title='bbox 764 3514 825 3564; x_wconf 89' lang='lat' dir='ltr'><strong>tu</strong></span> <span class='ocrx_word' id='word_1_506' title='bbox 847 3511 985 3564; x_wconf 87' lang='lat' dir='ltr'><strong>scias</strong></span> <span class='ocrx_word' id='word_1_507' title='bbox 1001 3512 1030 3564; x_wconf 83' lang='lat'><strong><em>?</em></strong></span> <span class='ocrx_word' id='word_1_508' title='bbox 1049 3510 1093 3566; x_wconf 93' lang='lat'><em>0</em></span> <span class='ocrx_word' id='word_1_509' title='bbox 1113 3512 1172 3564; x_wconf 86' lang='lat' dir='ltr'><strong>te‘</strong></span> <span class='ocrx_word' id='word_1_510' title='bbox 1185 3511 1440 3563; x_wconf 83' lang='lat' dir='ltr'><strong>miserum</strong></span> <span class='ocrx_word' id='word_1_511' title='bbox 1462 3510 1546 3564; x_wconf 90' lang='lat' dir='ltr'><strong>!si</strong></span> <span class='ocrx_word' id='word_1_512' title='bbox 1565 3510 1856 3566; x_wconf 84' lang='lat' dir='ltr'><strong>contemnis</strong></span> 
     </span>
    </p>
   </div>
   <div class='ocr_carea' id='block_1_67' title="bbox 241 3579 1856 3653">
    <p class='ocr_par' dir='ltr' id='par_1_67' title="bbox 241 3579 1856 3653">
     <span class='ocr_line' id='line_1_67' title="bbox 241 3579 1856 3653; baseline 0.002 -20"><span class='ocrx_word' id='word_1_513' title='bbox 241 3582 400 3653; x_wconf 71' lang='lat' dir='ltr'><strong>hunc</strong></span> <span class='ocrx_word' id='word_1_514' title='bbox 413 3581 619 3653; x_wconf 74' lang='lat' dir='ltr'><strong>testem.</strong></span> <span class='ocrx_word' id='word_1_515' title='bbox 637 3579 918 3653; x_wconf 87' lang='lat' dir='ltr'><strong>_Accedant</strong></span> <span class='ocrx_word' id='word_1_516' title='bbox 935 3589 989 3637; x_wconf 90' lang='lat' dir='ltr'><strong>et</strong></span> <span class='ocrx_word' id='word_1_517' title='bbox 1027 3587 1220 3652; x_wconf 73' lang='lat' dir='ltr'><strong>poetae.</strong></span> <span class='ocrx_word' id='word_1_518' title='bbox 1267 3579 1529 3638; x_wconf 87' lang='lat' dir='ltr'><strong>Horatius</strong></span> <span class='ocrx_word' id='word_1_519' title='bbox 1555 3579 1611 3636; x_wconf 93' lang='lat' dir='ltr'><strong>in</strong></span> <span class='ocrx_word' id='word_1_520' title='bbox 1641 3580 1856 3653; x_wconf 86' lang='lat' dir='ltr'><strong>Episto-</strong></span> 
     </span>
    </p>
   </div>
   <div class='ocr_carea' id='block_1_68' title="bbox 235 3649 691 3722">
    <p class='ocr_par' dir='ltr' id='par_1_68' title="bbox 235 3649 691 3722">
     <span class='ocr_line' id='line_1_68' title="bbox 235 3649 691 3722; baseline -0.002 -16"><span class='ocrx_word' id='word_1_521' title='bbox 235 3649 310 3708; x_wconf 88' lang='lat' dir='ltr'><strong>lis</strong></span> <span class='ocrx_word' id='word_1_522' title='bbox 339 3652 558 3721; x_wconf 86' lang='lat' dir='ltr'><strong>(Epist.</strong></span> <span class='ocrx_word' id='word_1_523' title='bbox 595 3650 654 3722; x_wconf 89' lang='grc' dir='ltr'><strong>Ι)</strong></span> <span class='ocrx_word' id='word_1_524' title='bbox 679 3693 691 3705; x_wconf 95' lang='grc'><strong>.</strong></span> 
     </span>
    </p>
   </div>
   <div class='ocr_carea' id='block_1_69' title="bbox 809 3751 1492 3816">
    <p class='ocr_par' dir='ltr' id='par_1_69' title="bbox 809 3751 1492 3816">
     <span class='ocr_line' id='line_1_69' title="bbox 809 3751 1492 3816; baseline 0 -14"><span class='ocrx_word' id='word_1_525' title='bbox 809 3751 1105 3816; x_wconf 78' lang='lat' dir='ltr'><strong>Hismarus</strong></span> <span class='ocrx_word' id='word_1_526' title='bbox 1125 3753 1342 3803; x_wconf 88' lang='lat' dir='ltr'><strong>aheneus</strong></span> <span class='ocrx_word' id='word_1_527' title='bbox 1362 3755 1492 3816; x_wconf 82' lang='lat' dir='ltr'><strong>esto,</strong></span> 
     </span>
    </p>
   </div>
   <div class='ocr_carea' id='block_1_70' title="bbox 365 3813 1460 3880">
    <p class='ocr_par' dir='ltr' id='par_1_70' title="bbox 365 3813 1460 3880">
     <span class='ocr_line' id='line_1_70' title="bbox 365 3813 1460 3880; baseline -0.003 -14"><span class='ocrx_word' id='word_1_528' title='bbox 365 3813 451 3866; x_wconf 84' lang='lat' dir='ltr'><strong>Nil</strong></span> <span class='ocrx_word' id='word_1_529' title='bbox 472 3817 692 3867; x_wconf 86' lang='lat' dir='ltr'><strong>conscire</strong></span> <span class='ocrx_word' id='word_1_530' title='bbox 717 3814 832 3879; x_wconf 83' lang='lat' dir='ltr'><strong>sibi,</strong></span> <span class='ocrx_word' id='word_1_531' title='bbox 851 3815 984 3866; x_wconf 84' lang='lat' dir='ltr'><strong>nulla</strong></span> <span class='ocrx_word' id='word_1_532' title='bbox 1014 3815 1280 3880; x_wconf 85' lang='lat' dir='ltr'><strong>pallescere</strong></span> <span class='ocrx_word' id='word_1_533' title='bbox 1299 3815 1460 3878; x_wconf 86' lang='lat' dir='ltr'><strong>culpa.</strong></span> 
     </span>
    </p>
   </div>
   <div class='ocr_carea' id='block_1_71' title="bbox 233 3927 1624 4004">
    <p class='ocr_par' dir='ltr' id='par_1_71' title="bbox 233 3927 1624 4004">
     <span class='ocr_line' id='line_1_71' title="bbox 233 3927 1624 4004; baseline -0.001 -20"><span class='ocrx_word' id='word_1_534' title='bbox 233 3929 314 3984; x_wconf 79' lang='lat' dir='ltr'><strong>At</strong></span> <span class='ocrx_word' id='word_1_535' title='bbox 335 3927 411 3987; x_wconf 89' lang='lat' dir='ltr'><strong>de</strong></span> <span class='ocrx_word' id='word_1_536' title='bbox 430 3929 579 3984; x_wconf 86' lang='lat' dir='ltr'><strong>mala</strong></span> <span class='ocrx_word' id='word_1_537' title='bbox 629 3927 962 3985; x_wconf 87' lang='lat' dir='ltr'><strong>conscientia</strong></span> <span class='ocrx_word' id='word_1_538' title='bbox 992 3927 1272 3984; x_wconf 76' lang='lat' dir='ltr'><strong>Iuvenalis</strong></span> <span class='ocrx_word' id='word_1_539' title='bbox 1305 3927 1468 3982; x_wconf 87' lang='lat' dir='ltr'><strong>satira</strong></span> <span class='ocrx_word' id='word_1_540' title='bbox 1499 3929 1568 3982; x_wconf 86' lang='lat'><strong>3:</strong></span> <span class='ocrx_word' id='word_1_541' title='bbox 1616 3998 1624 4004; x_wconf 88' lang='lat'><strong>_</strong></span> 
     </span>
    </p>
   </div>
   <div class='ocr_carea' id='block_1_72' title="bbox 372 4038 1633 4114">
    <p class='ocr_par' dir='ltr' id='par_1_72' title="bbox 372 4038 1633 4114">
     <span class='ocr_line' id='line_1_72' title="bbox 372 4038 1633 4114; baseline -0.002 -24"><span class='ocrx_word' id='word_1_542' title='bbox 372 4040 988 4114; x_wconf 55' lang='lat' dir='ltr'><strong>Esempquuodcumque</strong></span> <span class='ocrx_word' id='word_1_543' title='bbox 1011 4038 1513 4114; x_wconf 42' lang='lat' dir='ltr'><strong>malocommit‘tjlnr,</strong></span> <span class='ocrx_word' id='word_1_544' title='bbox 1539 4039 1633 4114; x_wconf 73' lang='lat' dir='ltr'><strong>ipsi</strong></span> 
     </span>
    </p>
   </div>
   <div class='ocr_carea' id='block_1_73' title="bbox 245 4100 1701 4174">
    <p class='ocr_par' dir='ltr' id='par_1_73' title="bbox 245 4100 1701 4174">
     <span class='ocr_line' id='line_1_73' title="bbox 245 4100 1701 4174; baseline 0.001 -25"><span class='ocrx_word' id='word_1_545' title='bbox 245 4110 254 4161; x_wconf 75' lang='grc' dir='ltr'><strong><em>ζ</em></strong></span> <span class='ocrx_word' id='word_1_546' title='bbox 311 4111 322 4161; x_wconf 87' lang='lat'>;</span> <span class='ocrx_word' id='word_1_547' title='bbox 378 4100 627 4174; x_wconf 57' lang='lat' dir='ltr'><strong>Displicet</strong></span> <span class='ocrx_word' id='word_1_548' title='bbox 649 4100 847 4151; x_wconf 70' lang='lat' dir='ltr'><strong>auctori</strong></span> <span class='ocrx_word' id='word_1_549' title='bbox 877 4100 1065 4174; x_wconf 77' lang='lat' dir='ltr'><strong>:prima</strong></span> <span class='ocrx_word' id='word_1_550' title='bbox 1089 4101 1287 4174; x_wconf 58' lang='lat' dir='ltr'><strong>estbaic</strong></span> <span class='ocrx_word' id='word_1_551' title='bbox 1309 4100 1450 4162; x_wconf 84' lang='lat' dir='ltr'><strong>ultio,</strong></span> <span class='ocrx_word' id='word_1_552' title='bbox 1481 4100 1614 4164; x_wconf 73' lang='lat' dir='ltr'><strong>quad</strong></span> <span class='ocrx_word' id='word_1_553' title='bbox 1645 4113 1701 4152; x_wconf 88' lang='lat' dir='ltr'><strong>se</strong></span> 
     </span>
    </p>
   </div>
   <div class='ocr_carea' id='block_1_74' title="bbox 372 4161 1264 4226">
    <p class='ocr_par' dir='ltr' id='par_1_74' title="bbox 372 4161 1264 4226">
     <span class='ocr_line' id='line_1_74' title="bbox 372 4161 1264 4226; baseline -0.001 -13"><span class='ocrx_word' id='word_1_554' title='bbox 372 4161 573 4226; x_wconf 85' lang='lat' dir='ltr'><strong>Judice,</strong></span> <span class='ocrx_word' id='word_1_555' title='bbox 598 4176 746 4214; x_wconf 89' lang='lat' dir='ltr'><strong>nemo</strong></span> <span class='ocrx_word' id='word_1_556' title='bbox 767 4161 950 4213; x_wconf 80' lang='lat' dir='ltr'><strong>nocens</strong></span> <span class='ocrx_word' id='word_1_557' title='bbox 967 4161 1264 4212; x_wconf 83' lang='lat' dir='ltr'><strong>absolvitur.</strong></span> 
     </span>
    </p>
   </div>
   <div class='ocr_carea' id='block_1_75' title="bbox 230 4275 1856 4350">
    <p class='ocr_par' dir='ltr' id='par_1_75' title="bbox 230 4275 1856 4350">
     <span class='ocr_line' id='line_1_75' title="bbox 230 4275 1856 4350; baseline -0.001 -14"><span class='ocrx_word' id='word_1_558' title='bbox 230 4281 312 4336; x_wconf 87' lang='lat' dir='ltr'><strong>Et</strong></span> <span class='ocrx_word' id='word_1_559' title='bbox 341 4275 546 4336; x_wconf 89' lang='lat' dir='ltr'><strong>Cicero</strong></span> <span class='ocrx_word' id='word_1_560' title='bbox 571 4294 670 4350; x_wconf 88' lang='lat' dir='ltr'><strong>pro</strong></span> <span class='ocrx_word' id='word_1_561' title='bbox 700 4277 904 4334; x_wconf 84' lang='lat' dir='ltr'><strong>Roscio</strong></span> <span class='ocrx_word' id='word_1_562' title='bbox 925 4277 1222 4334; x_wconf 87' lang='lat' dir='ltr'><strong>Amerino:</strong></span> <span class='ocrx_word' id='word_1_563' title='bbox 1251 4279 1364 4336; x_wconf 87' lang='lat' dir='ltr'><strong>Sua</strong></span> <span class='ocrx_word' id='word_1_564' title='bbox 1403 4292 1665 4349; x_wconf 87' lang='lat' dir='ltr'><strong>quemque</strong></span> <span class='ocrx_word' id='word_1_565' title='bbox 1692 4280 1856 4348; x_wconf 87' lang='lat' dir='ltr'><strong>fraus</strong></span> 
     </span>
    </p>
   </div>
   <div class='ocr_carea' id='block_1_76' title="bbox 227 4351 1857 4421">
    <p class='ocr_par' dir='ltr' id='par_1_76' title="bbox 227 4351 1857 4421">
     <span class='ocr_line' id='line_1_76' title="bbox 227 4351 1857 4421; baseline -0.001 -14"><span class='ocrx_word' id='word_1_566' title='bbox 227 4355 284 4408; x_wconf 90' lang='lat' dir='ltr'><strong>et</strong></span> <span class='ocrx_word' id='word_1_567' title='bbox 303 4363 448 4406; x_wconf 82' lang='lat' dir='ltr'><strong>suus</strong></span> <span class='ocrx_word' id='word_1_568' title='bbox 479 4365 630 4404; x_wconf 81' lang='lat' dir='ltr'><strong>error</strong></span> <span class='ocrx_word' id='word_1_569' title='bbox 641 4352 878 4405; x_wconf 64' lang='lat' dir='ltr'><strong>maxime</strong></span> <span class='ocrx_word' id='word_1_570' title='bbox 897 4353 1082 4417; x_wconf 66' lang='lat' dir='ltr'><strong>vexat;</strong></span> <span class='ocrx_word' id='word_1_571' title='bbox 1105 4365 1264 4406; x_wconf 88' lang='lat' dir='ltr'><strong>suum</strong></span> <span class='ocrx_word' id='word_1_572' title='bbox 1277 4365 1538 4420; x_wconf 88' lang='lat' dir='ltr'><strong>quemque</strong></span> <span class='ocrx_word' id='word_1_573' title='bbox 1547 4351 1714 4406; x_wconf 84' lang='lat' dir='ltr'><strong>scelus</strong></span> <span class='ocrx_word' id='word_1_574' title='bbox 1737 4353 1857 4421; x_wconf 86' lang='lat' dir='ltr'><strong>agi—</strong></span> 
     </span>
    </p>
   </div>
   <div class='ocr_carea' id='block_1_77' title="bbox 230 4421 1854 4492">
    <p class='ocr_par' dir='ltr' id='par_1_77' title="bbox 230 4421 1854 4492">
     <span class='ocr_line' id='line_1_77' title="bbox 230 4421 1854 4492; baseline -0.001 -14"><span class='ocrx_word' id='word_1_575' title='bbox 230 4425 338 4486; x_wconf 87' lang='lat' dir='ltr'><strong>tat,</strong></span> <span class='ocrx_word' id='word_1_576' title='bbox 371 4423 722 4492; x_wconf 82' lang='lat' dir='ltr'><strong>amentiaque</strong></span> <span class='ocrx_word' id='word_1_577' title='bbox 745 4423 958 4490; x_wconf 78' lang='lat' dir='ltr'><strong>afﬁcit;</strong></span> <span class='ocrx_word' id='word_1_578' title='bbox 1002 4436 1112 4477; x_wconf 76' lang='grc' dir='ltr'><strong>εαω</strong></span> <span class='ocrx_word' id='word_1_579' title='bbox 1141 4421 1300 4476; x_wconf 72' lang='lat' dir='ltr'><strong>malta</strong></span> <span class='ocrx_word' id='word_1_580' title='bbox 1345 4423 1690 4490; x_wconf 83' lang='lat' dir='ltr'><strong>cogitationes</strong></span> <span class='ocrx_word' id='word_1_581' title='bbox 1727 4437 1854 4478; x_wconf 89' lang='lat' dir='ltr'><strong>con-</strong></span> 
     </span>
    </p>
   </div>
   <div class='ocr_carea' id='block_1_78' title="bbox 227 4493 1851 4564">
    <p class='ocr_par' dir='ltr' id='par_1_78' title="bbox 227 4493 1851 4564">
     <span class='ocr_line' id='line_1_78' title="bbox 227 4493 1851 4564; baseline -0.01 -14"><span class='ocrx_word' id='word_1_582' title='bbox 227 4494 586 4561; x_wconf 68' lang='lat' dir='ltr'><strong>scientiaeque</strong></span> <span class='ocrx_word' id='word_1_583' title='bbox 611 4493 788 4548; x_wconf 89' lang='lat' dir='ltr'><strong>animi</strong></span> <span class='ocrx_word' id='word_1_584' title='bbox 803 4493 1128 4564; x_wconf 47' lang='lat' dir='ltr'><strong>errentthce</strong></span> <span class='ocrx_word' id='word_1_585' title='bbox 1138 4497 1263 4554; x_wconf 87' lang='lat' dir='ltr'><strong>sunt</strong></span> <span class='ocrx_word' id='word_1_586' title='bbox 1279 4493 1465 4564; x_wconf 81' lang='lat' dir='ltr'><strong>impiis</strong></span> <span class='ocrx_word' id='word_1_587' title='bbox 1495 4493 1730 4564; x_wconf 65' lang='lat' dir='ltr'><strong>assidua</strong></span> <span class='ocrx_word' id='word_1_588' title='bbox 1749 4494 1851 4548; x_wconf 76' lang='grc' dir='ltr'><strong>ἀο-</strong></span> 
     </span>
    </p>
   </div>
   <div class='ocr_carea' id='block_1_79' title="bbox 228 4561 1851 4634">
    <p class='ocr_par' dir='ltr' id='par_1_79' title="bbox 228 4561 1851 4634">
     <span class='ocr_line' id='line_1_79' title="bbox 228 4561 1851 4634; baseline -0.001 -12"><span class='ocrx_word' id='word_1_589' title='bbox 228 4567 578 4634; x_wconf 78' lang='lat' dir='ltr'><strong>mesticaeque</strong></span> <span class='ocrx_word' id='word_1_590' title='bbox 594 4565 777 4631; x_wconf 73' lang='lat' dir='ltr'><strong>furiae.</strong></span> <span class='ocrx_word' id='word_1_591' title='bbox 800 4563 937 4618; x_wconf 66' lang='lat' dir='ltr'><strong>Haec</strong></span> <span class='ocrx_word' id='word_1_592' title='bbox 965 4561 1116 4634; x_wconf 87' lang='lat' dir='ltr'><strong>illide</strong></span> <span class='ocrx_word' id='word_1_593' title='bbox 1130 4561 1479 4632; x_wconf 80' lang='lat' dir='ltr'><strong>conscientia,</strong></span> <span class='ocrx_word' id='word_1_594' title='bbox 1500 4563 1770 4621; x_wconf 88' lang='lat' dir='ltr'><strong>bonarum</strong></span> <span class='ocrx_word' id='word_1_595' title='bbox 1795 4570 1851 4620; x_wconf 88' lang='lat' dir='ltr'><strong>et</strong></span> 
     </span>
    </p>
   </div>
   <div class='ocr_carea' id='block_1_80' title="bbox 231 4633 1850 4702">
    <p class='ocr_par' dir='ltr' id='par_1_80' title="bbox 231 4633 1850 4702">
     <span class='ocr_line' id='line_1_80' title="bbox 231 4633 1850 4702; baseline 0 -10"><span class='ocrx_word' id='word_1_596' title='bbox 231 4633 520 4692; x_wconf 81' lang='lat' dir='ltr'><strong>malarum</strong></span> <span class='ocrx_word' id='word_1_597' title='bbox 539 4634 818 4690; x_wconf 86' lang='lat' dir='ltr'><strong>actionum</strong></span> <span class='ocrx_word' id='word_1_598' title='bbox 843 4641 900 4688; x_wconf 86' lang='lat' dir='ltr'><strong>et</strong></span> <span class='ocrx_word' id='word_1_599' title='bbox 925 4633 1323 4702; x_wconf 88' lang='lat' dir='ltr'><strong>cogitationum</strong></span> <span class='ocrx_word' id='word_1_600' title='bbox 1353 4633 1576 4702; x_wconf 88' lang='lat' dir='ltr'><strong>arbitra,</strong></span> <span class='ocrx_word' id='word_1_601' title='bbox 1604 4641 1744 4692; x_wconf 89' lang='lat' dir='ltr'><strong>teste</strong></span> <span class='ocrx_word' id='word_1_602' title='bbox 1793 4643 1850 4692; x_wconf 90' lang='lat' dir='ltr'><strong>et</strong></span> 
     </span>
    </p>
   </div>
   <div class='ocr_carea' id='block_1_81' title="bbox 225 4703 1844 4778">
    <p class='ocr_par' dir='ltr' id='par_1_81' title="bbox 225 4703 1844 4778">
     <span class='ocr_line' id='line_1_81' title="bbox 225 4703 1844 4778; baseline 0 -15"><span class='ocrx_word' id='word_1_603' title='bbox 225 4705 442 4778; x_wconf 88' lang='lat' dir='ltr'><strong>judice,</strong></span> <span class='ocrx_word' id='word_1_604' title='bbox 481 4720 606 4776; x_wconf 81' lang='lat' dir='ltr'><strong>quae</strong></span> <span class='ocrx_word' id='word_1_605' title='bbox 635 4706 830 4763; x_wconf 84' lang='lat' dir='ltr'><strong>Graece</strong></span> <span class='ocrx_word' id='word_1_606' title='bbox 859 4703 1118 4778; x_wconf 65' lang='lat' dir='ltr'><strong>ouvvfpnts</strong></span> <span class='ocrx_word' id='word_1_607' title='bbox 1145 4703 1371 4778; x_wconf 80' lang='lat' dir='ltr'><strong>dicitur;</strong></span> <span class='ocrx_word' id='word_1_608' title='bbox 1396 4710 1639 4778; x_wconf 55' lang='lat' dir='ltr'><strong>quaegut</strong></span> <span class='ocrx_word' id='word_1_609' title='bbox 1670 4706 1745 4762; x_wconf 90' lang='lat' dir='ltr'><strong>ait</strong></span> <span class='ocrx_word' id='word_1_610' title='bbox 1771 4709 1844 4764; x_wconf 92' lang='lat' dir='ltr'><strong>D.</strong></span> 
     </span>
    </p>
   </div>
   <div class='ocr_carea' id='block_1_82' title="bbox 233 4775 1850 4848">
    <p class='ocr_par' dir='ltr' id='par_1_82' title="bbox 233 4775 1850 4848">
     <span class='ocr_line' id='line_1_82' title="bbox 233 4775 1850 4848; baseline -0.001 -14"><span class='ocrx_word' id='word_1_611' title='bbox 233 4775 619 4848; x_wconf 80' lang='lat' dir='ltr'><strong>Hieronymus</strong></span> <span class='ocrx_word' id='word_1_612' title='bbox 647 4781 740 4848; x_wconf 82' lang='lat' dir='ltr'><strong>(In</strong></span> <span class='ocrx_word' id='word_1_613' title='bbox 766 4777 958 4833; x_wconf 83' lang='lat' dir='ltr'><strong>Ezech.</strong></span> <span class='ocrx_word' id='word_1_614' title='bbox 991 4789 1093 4846; x_wconf 87' lang='lat' dir='ltr'><strong>cap</strong></span> <span class='ocrx_word' id='word_1_615' title='bbox 1115 4775 1192 4846; x_wconf 80' lang='grc' dir='ltr'><strong>ι),</strong></span> <span class='ocrx_word' id='word_1_616' title='bbox 1231 4775 1478 4848; x_wconf 81' lang='lat' dir='ltr'><strong>Scintilla</strong></span> <span class='ocrx_word' id='word_1_617' title='bbox 1517 4777 1850 4848; x_wconf 64' lang='lat' dir='ltr'><strong>conscientia</strong></span> 
     </span>
    </p>
   </div>
   <div class='ocr_carea' id='block_1_83' title="bbox 230 4845 1852 4918">
    <p class='ocr_par' dir='ltr' id='par_1_83' title="bbox 230 4845 1852 4918">
     <span class='ocr_line' id='line_1_83' title="bbox 230 4845 1852 4918; baseline 0.001 -16"><span class='ocrx_word' id='word_1_618' title='bbox 230 4850 290 4904; x_wconf 87' lang='lat' dir='ltr'><strong>in</strong></span> <span class='ocrx_word' id='word_1_619' title='bbox 317 4845 469 4904; x_wconf 79' lang='lat' dir='ltr'><strong>Cain</strong></span> <span class='ocrx_word' id='word_1_620' title='bbox 483 4845 692 4918; x_wconf 83' lang='lat' dir='ltr'><strong>quoque</strong></span> <span class='ocrx_word' id='word_1_621' title='bbox 709 4851 937 4918; x_wconf 85' lang='lat' dir='ltr'><strong>pectore,</strong></span> <span class='ocrx_word' id='word_1_622' title='bbox 955 4845 1248 4917; x_wconf 84' lang='lat' dir='ltr'><strong>postquam</strong></span> <span class='ocrx_word' id='word_1_623' title='bbox 1270 4845 1465 4918; x_wconf 80' lang='lat' dir='ltr'><strong>ejectus</strong></span> <span class='ocrx_word' id='word_1_624' title='bbox 1490 4850 1569 4902; x_wconf 86' lang='lat' dir='ltr'><strong>est</strong></span> <span class='ocrx_word' id='word_1_625' title='bbox 1595 4847 1662 4902; x_wconf 89' lang='lat' dir='ltr'><strong>de</strong></span> <span class='ocrx_word' id='word_1_626' title='bbox 1671 4862 1852 4917; x_wconf 88' lang='lat' dir='ltr'><strong>para-</strong></span> 
     </span>
    </p>
   </div>
   <div class='ocr_carea' id='block_1_84' title="bbox 233 4915 1852 4989">
    <p class='ocr_par' dir='ltr' id='par_1_84' title="bbox 233 4915 1852 4989">
     <span class='ocr_line' id='line_1_84' title="bbox 233 4915 1852 4989; baseline 0.001 -15"><span class='ocrx_word' id='word_1_627' title='bbox 233 4919 372 4989; x_wconf 86' lang='lat' dir='ltr'><strong>diso,</strong></span> <span class='ocrx_word' id='word_1_628' title='bbox 398 4915 513 4976; x_wconf 77' lang='lat' dir='ltr'><strong>non</strong></span> <span class='ocrx_word' id='word_1_629' title='bbox 550 4915 936 4987; x_wconf 32' lang='lat' dir='ltr'><strong>ecstvinguimr,</strong></span> <span class='ocrx_word' id='word_1_630' title='bbox 956 4915 1027 4972; x_wconf 22' lang='lat' dir='ltr'><strong>iet</strong></span> <span class='ocrx_word' id='word_1_631' title='bbox 1067 4915 1175 4987; x_wconf 88' lang='lat' dir='ltr'><strong>qua</strong></span> <span class='ocrx_word' id='word_1_632' title='bbox 1197 4919 1328 4989; x_wconf 81' lang='lat' dir='ltr'><strong>victi</strong></span> <span class='ocrx_word' id='word_1_633' title='bbox 1340 4915 1730 4987; x_wconf 73' lang='lat' dir='ltr'><strong>voluptatibus,</strong></span> <span class='ocrx_word' id='word_1_634' title='bbox 1765 4919 1852 4975; x_wconf 86' lang='lat' dir='ltr'><strong>vel</strong></span> 
     </span>
    </p>
   </div>
   <div class='ocr_carea' id='block_1_85' title="bbox 232 4987 1843 5071">
    <p class='ocr_par' dir='ltr' id='par_1_85' title="bbox 232 4987 1843 5071">
     <span class='ocr_line' id='line_1_85' title="bbox 232 4987 1843 5071; baseline -0.001 -25"><span class='ocrx_word' id='word_1_635' title='bbox 232 4987 445 5058; x_wconf 84' lang='lat' dir='ltr'><strong>furore,</strong></span> <span class='ocrx_word' id='word_1_636' title='bbox 473 4989 1001 5071; x_wconf 33' lang='lat' dir='ltr'><strong>ipsaque‘interdu‘m</strong></span> <span class='ocrx_word' id='word_1_637' title='bbox 1008 4991 1232 5071; x_wconf 78' lang='lat' dir='ltr'><strong>rationis</strong></span> <span class='ocrx_word' id='word_1_638' title='bbox 1241 4987 1450 5070; x_wconf 84' lang='lat' dir='ltr'><strong>decepti</strong></span> <span class='ocrx_word' id='word_1_639' title='bbox 1463 4989 1843 5071; x_wconf 68' lang='lat' dir='ltr'><strong>similitudine,</strong></span> 
     </span>
    </p>
   </div>
   <div class='ocr_carea' id='block_1_86' title="bbox 232 5059 1845 5206">
    <p class='ocr_par' dir='ltr' id='par_1_86' title="bbox 232 5059 1845 5206">
     <span class='ocr_line' id='line_1_86' title="bbox 232 5059 1845 5186; baseline -0.003 -67"><span class='ocrx_word' id='word_1_640' title='bbox 232 5075 324 5119; x_wconf 85' lang='lat' dir='ltr'><strong>nos</strong></span> <span class='ocrx_word' id='word_1_641' title='bbox 343 5059 584 5147; x_wconf 78' lang='lat' dir='ltr'><strong>peccare</strong></span> <span class='ocrx_word' id='word_1_642' title='bbox 609 5059 890 5116; x_wconf 71' lang='lat' dir='ltr'><strong>Sentimus.</strong></span> <span class='ocrx_word' id='word_1_643' title='bbox 915 5059 1191 5141; x_wconf 68' lang='lat' dir='ltr'><strong>Caeterum</strong></span> <span class='ocrx_word' id='word_1_644' title='bbox 1206 5059 1560 5141; x_wconf 79' lang='lat' dir='ltr'><strong>conscientia,</strong></span> <span class='ocrx_word' id='word_1_645' title='bbox 1580 5059 1710 5114; x_wconf 84' lang='lat' dir='ltr'><strong>licet</strong></span> <span class='ocrx_word' id='word_1_646' title='bbox 1728 5059 1845 5186; x_wconf 65' lang='lat' dir='ltr'><strong>ilpsa</strong></span> 
     </span>
     <span class='ocr_line' id='line_1_87' title="bbox 232 5128 1845 5206; baseline -0.001 -18"><span class='ocrx_word' id='word_1_647' title='bbox 232 5133 316 5206; x_wconf 66' lang='lat' dir='ltr'><strong>gui</strong></span> <span class='ocrx_word' id='word_1_648' title='bbox 345 5133 534 5206; x_wconf 79' lang='lat' dir='ltr'><strong>Ipsius</strong></span> <span class='ocrx_word' id='word_1_649' title='bbox 557 5145 889 5206; x_wconf 83' lang='lat' dir='ltr'><strong>suarumque</strong></span> <span class='ocrx_word' id='word_1_650' title='bbox 913 5137 1192 5206; x_wconf 67' lang='lat' dir='ltr'><strong>actionum</strong></span> <span class='ocrx_word' id='word_1_651' title='bbox 1215 5129 1420 5206; x_wconf 73' lang='lat' dir='ltr'><strong>arbitra</strong></span> <span class='ocrx_word' id='word_1_652' title='bbox 1439 5137 1494 5184; x_wconf 86' lang='lat' dir='ltr'><strong>et</strong></span> <span class='ocrx_word' id='word_1_653' title='bbox 1508 5128 1742 5206; x_wconf 82' lang='lat' dir='ltr'><strong>judex,__</strong></span> <span class='ocrx_word' id='word_1_654' title='bbox 1778 5145 1845 5187; x_wconf 87' lang='lat' dir='ltr'><strong>a-</strong></span> 
     </span>
    </p>
   </div>
   <div class='ocr_carea' id='block_1_87' title="bbox 231 5198 1846 5274">
    <p class='ocr_par' dir='ltr' id='par_1_87' title="bbox 231 5198 1846 5274">
     <span class='ocr_line' id='line_1_88' title="bbox 231 5198 1846 5274; baseline -0.002 -14"><span class='ocrx_word' id='word_1_655' title='bbox 231 5198 540 5260; x_wconf 73' lang='lat' dir='ltr'><strong>bettamen</strong></span> <span class='ocrx_word' id='word_1_656' title='bbox 563 5198 1142 5274; x_wconf 75' lang='lat' dir='ltr'><strong>superiofequdicem</strong></span> <span class='ocrx_word' id='word_1_657' title='bbox 1163 5208 1219 5256; x_wconf 89' lang='lat' dir='ltr'><strong>et</strong></span> <span class='ocrx_word' id='word_1_658' title='bbox 1230 5198 1526 5274; x_wconf 73' lang='lat' dir='ltr'><strong>arbitrum,</strong></span> <span class='ocrx_word' id='word_1_659' title='bbox 1547 5215 1650 5256; x_wconf 92' lang='lat' dir='ltr'><strong>nec</strong></span> <span class='ocrx_word' id='word_1_660' title='bbox 1673 5199 1846 5274; x_wconf 87' lang='lat' dir='ltr'><strong>alium</strong></span> 
     </span>
    </p>
   </div>
   <div class='ocr_carea' id='block_1_88' title="bbox 231 5271 1848 5347">
    <p class='ocr_par' dir='ltr' id='par_1_88' title="bbox 231 5271 1848 5347">
     <span class='ocr_line' id='line_1_89' title="bbox 231 5271 1848 5347; baseline -0.004 -14"><span class='ocrx_word' id='word_1_661' title='bbox 231 5287 405 5347; x_wconf 83' lang='lat' dir='ltr'><strong>quam</strong></span> <span class='ocrx_word' id='word_1_662' title='bbox 435 5271 850 5346; x_wconf 61' lang='lat' dir='ltr'><strong>Deum&#39;ipsum,</strong></span> <span class='ocrx_word' id='word_1_663' title='bbox 870 5271 962 5347; x_wconf 88' lang='lat' dir='ltr'><strong>qui</strong></span> <span class='ocrx_word' id='word_1_664' title='bbox 987 5274 1138 5328; x_wconf 87' lang='lat' dir='ltr'><strong>novit</strong></span> <span class='ocrx_word' id='word_1_665' title='bbox 1163 5271 1340 5347; x_wconf 56' lang='lat' dir='ltr'><strong>corda</strong></span> <span class='ocrx_word' id='word_1_666' title='bbox 1351 5273 1642 5347; x_wconf 81' lang='lat' dir='ltr'><strong>hominum,</strong></span> <span class='ocrx_word' id='word_1_667' title='bbox 1685 5276 1738 5347; x_wconf 90' lang='lat' dir='ltr'><strong>e_t</strong></span> <span class='ocrx_word' id='word_1_668' title='bbox 1757 5273 1848 5347; x_wconf 64' lang='lat' dir='ltr'><strong>in:</strong></span> 
     </span>
    </p>
   </div>
   <div class='ocr_carea' id='block_1_89' title="bbox 232 5341 1846 5416">
    <p class='ocr_par' dir='ltr' id='par_1_89' title="bbox 232 5341 1846 5416">
     <span class='ocr_line' id='line_1_90' title="bbox 232 5341 1846 5416; baseline -0.002 -14"><span class='ocrx_word' id='word_1_669' title='bbox 232 5341 433 5416; x_wconf 68' lang='lat' dir='ltr'><strong>felligit</strong></span> <span class='ocrx_word' id='word_1_670' title='bbox 463 5359 645 5401; x_wconf 87' lang='lat' dir='ltr'><strong>omnes</strong></span> <span class='ocrx_word' id='word_1_671' title='bbox 673 5341 1014 5416; x_wconf 77' lang='lat' dir='ltr'><strong>cogitationes</strong></span> <span class='ocrx_word' id='word_1_672' title='bbox 1039 5357 1236 5416; x_wconf 83' lang='lat' dir='ltr'><strong>eorum.</strong></span> <span class='ocrx_word' id='word_1_673' title='bbox 1287 5341 1449 5416; x_wconf 89' lang='lat' dir='ltr'><strong>Unde</strong></span> <span class='ocrx_word' id='word_1_674' title='bbox 1493 5341 1788 5415; x_wconf 85' lang='lat' dir='ltr'><strong>Apostolus</strong></span> <span class='ocrx_word' id='word_1_675' title='bbox 1819 5343 1846 5398; x_wconf 86' lang='grc' dir='ltr'><strong>Ι</strong></span> 
     </span>
    </p>
   </div>
   <div class='ocr_carea' id='block_1_90' title="bbox 233 5414 1846 5484">
    <p class='ocr_par' dir='ltr' id='par_1_90' title="bbox 233 5414 1846 5484">
     <span class='ocr_line' id='line_1_91' title="bbox 233 5414 1846 5484; baseline -0.002 -11"><span class='ocrx_word' id='word_1_676' title='bbox 233 5414 492 5474; x_wconf 83' lang='lat' dir='ltr'><strong>Corinth.</strong></span> <span class='ocrx_word' id='word_1_677' title='bbox 509 5430 573 5470; x_wconf 76' lang='grc' dir='ltr'><strong>ιν</strong></span> <span class='ocrx_word' id='word_1_678' title='bbox 601 5434 617 5470; x_wconf 91' lang='lat'><strong><em>:</em></strong></span> <span class='ocrx_word' id='word_1_679' title='bbox 646 5416 800 5474; x_wconf 85' lang='lat' dir='ltr'><strong>Nihil</strong></span> <span class='ocrx_word' id='word_1_680' title='bbox 816 5416 974 5480; x_wconf 88' lang='lat' dir='ltr'><strong>mihi,</strong></span> <span class='ocrx_word' id='word_1_681' title='bbox 999 5414 1202 5484; x_wconf 88' lang='lat' dir='ltr'><strong>inquit,</strong></span> <span class='ocrx_word' id='word_1_682' title='bbox 1219 5415 1452 5470; x_wconf 83' lang='lat' dir='ltr'><strong>conscius</strong></span> <span class='ocrx_word' id='word_1_683' title='bbox 1472 5414 1593 5468; x_wconf 84' lang='lat' dir='ltr'><strong>sum</strong></span> <span class='ocrx_word' id='word_1_684' title='bbox 1613 5433 1632 5482; x_wconf 86' lang='lat'><strong><em>;</em></strong></span> <span class='ocrx_word' id='word_1_685' title='bbox 1664 5417 1846 5470; x_wconf 86' lang='lat' dir='ltr'><strong>tamen</strong></span> 
     </span>
    </p>
   </div>
   <div class='ocr_carea' id='block_1_91' title="bbox 234 5485 1848 5560">
    <p class='ocr_par' dir='ltr' id='par_1_91' title="bbox 234 5485 1848 5560">
     <span class='ocr_line' id='line_1_92' title="bbox 234 5485 1848 5560; baseline -0.001 -18"><span class='ocrx_word' id='word_1_686' title='bbox 234 5487 289 5542; x_wconf 83' lang='lat' dir='ltr'><strong>in</strong></span> <span class='ocrx_word' id='word_1_687' title='bbox 307 5490 404 5546; x_wconf 90' lang='lat' dir='ltr'><strong>hoc</strong></span> <span class='ocrx_word' id='word_1_688' title='bbox 410 5488 756 5560; x_wconf 81' lang='lat' dir='ltr'><strong>justificatus</strong></span> <span class='ocrx_word' id='word_1_689' title='bbox 775 5503 887 5560; x_wconf 82' lang='lat' dir='ltr'><strong>non</strong></span> <span class='ocrx_word' id='word_1_690' title='bbox 903 5502 1040 5542; x_wconf 87' lang='lat' dir='ltr'><strong>sum.</strong></span> <span class='ocrx_word' id='word_1_691' title='bbox 1069 5487 1176 5554; x_wconf 85' lang='lat' dir='ltr'><strong>Qui</strong></span> <span class='ocrx_word' id='word_1_692' title='bbox 1195 5487 1336 5560; x_wconf 66' lang='lat' dir='ltr'><strong>erum</strong></span> <span class='ocrx_word' id='word_1_693' title='bbox 1361 5485 1710 5560; x_wconf 64' lang='lat' dir='ltr'><strong>judicat_me,</strong></span> <span class='ocrx_word' id='word_1_694' title='bbox 1731 5489 1848 5560; x_wconf 76' lang='lat' dir='ltr'><strong>Do-</strong></span> 
     </span>
    </p>
   </div>
   <div class='ocr_carea' id='block_1_92' title="bbox 234 5554 1840 5630">
    <p class='ocr_par' dir='ltr' id='par_1_92' title="bbox 234 5554 1840 5630">
     <span class='ocr_line' id='line_1_93' title="bbox 234 5554 1840 5630; baseline -0.003 -14"><span class='ocrx_word' id='word_1_695' title='bbox 234 5554 532 5630; x_wconf 61' lang='lat' dir='ltr'><strong>minus&#39;est.</strong></span> <span class='ocrx_word' id='word_1_696' title='bbox 550 5554 633 5630; x_wconf 72' lang='lat' dir='ltr'><strong>Et</strong></span> <span class='ocrx_word' id='word_1_697' title='bbox 659 5557 995 5630; x_wconf 67' lang='lat' dir='ltr'><strong>Augustinus</strong></span> <span class='ocrx_word' id='word_1_698' title='bbox 1013 5571 1179 5614; x_wconf 88' lang='lat' dir='ltr'><strong>serm.</strong></span> <span class='ocrx_word' id='word_1_699' title='bbox 1192 5555 1351 5630; x_wconf 13' lang='lat' dir='ltr'><strong>237de</strong></span> <span class='ocrx_word' id='word_1_700' title='bbox 1368 5554 1564 5630; x_wconf 84' lang='lat' dir='ltr'><strong>Verbis</strong></span> <span class='ocrx_word' id='word_1_701' title='bbox 1577 5555 1805 5630; x_wconf 89' lang='lat' dir='ltr'><strong>Domini</strong></span> <span class='ocrx_word' id='word_1_702' title='bbox 1826 5574 1840 5611; x_wconf 91' lang='lat'>:</span> 
     </span>
    </p>
   </div>
   <div class='ocr_carea' id='block_1_93' title="bbox 235 5627 1840 5700">
    <p class='ocr_par' dir='ltr' id='par_1_93' title="bbox 235 5627 1840 5700">
     <span class='ocr_line' id='line_1_94' title="bbox 235 5627 1840 5700; baseline -0.007 -14"><span class='ocrx_word' id='word_1_703' title='bbox 235 5629 512 5694; x_wconf 77' lang='lat' dir='ltr'><strong>Fortasse,</strong></span> <span class='ocrx_word' id='word_1_704' title='bbox 528 5628 740 5700; x_wconf 75' lang='lat' dir='ltr'><strong>inquit,</strong></span> <span class='ocrx_word' id='word_1_705' title='bbox 755 5627 832 5683; x_wconf 60' lang='lat' dir='ltr'><strong>&#39;tu</strong></span> <span class='ocrx_word' id='word_1_706' title='bbox 854 5629 992 5683; x_wconf 83' lang='lat' dir='ltr'><strong>nihil</strong></span> <span class='ocrx_word' id='word_1_707' title='bbox 1011 5630 1216 5700; x_wconf 77' lang='lat' dir='ltr'><strong>invenis</strong></span> <span class='ocrx_word' id='word_1_708' title='bbox 1253 5627 1673 5700; x_wconf 73' lang='lat' dir='ltr'><strong>inconscientia</strong></span> <span class='ocrx_word' id='word_1_709' title='bbox 1702 5629 1840 5700; x_wconf 64' lang='lat' dir='ltr'><strong>tua;</strong></span> 
     </span>
    </p>
   </div>
   <div class='ocr_carea' id='block_1_94' title="bbox 235 5695 1845 5780">
    <p class='ocr_par' dir='ltr' id='par_1_94' title="bbox 235 5695 1845 5780">
     <span class='ocr_line' id='line_1_95' title="bbox 235 5695 1845 5780; baseline -0.001 -24"><span class='ocrx_word' id='word_1_710' title='bbox 235 5701 439 5780; x_wconf 73' lang='lat' dir='ltr'><strong>invenit</strong></span> <span class='ocrx_word' id='word_1_711' title='bbox 466 5697 569 5780; x_wconf 73' lang='lat' dir='ltr'><strong>ille</strong></span> <span class='ocrx_word' id='word_1_712' title='bbox 593 5695 693 5780; x_wconf 66' lang='lat' dir='ltr'><strong>qui</strong></span> <span class='ocrx_word' id='word_1_713' title='bbox 703 5700 906 5780; x_wconf 73' lang='lat' dir='ltr'><strong>melius</strong></span> <span class='ocrx_word' id='word_1_714' title='bbox 931 5699 1114 5780; x_wconf 44' lang='lat' dir='ltr'><strong>videt;</strong></span> <span class='ocrx_word' id='word_1_715' title='bbox 1135 5701 1214 5780; x_wconf 60' lang='lat' dir='ltr'><strong>[is</strong></span> <span class='ocrx_word' id='word_1_716' title='bbox 1249 5697 1446 5780; x_wconf 77' lang='lat' dir='ltr'><strong>quibus</strong></span> <span class='ocrx_word' id='word_1_717' title='bbox 1487 5695 1845 5780; x_wconf 67' lang='lat' dir='ltr'><strong>intelligunt:</strong></span> 
     </span>
    </p>
   </div>
   <div class='ocr_carea' id='block_1_95' title="bbox 236 5769 1846 5834">
    <p class='ocr_par' dir='ltr' id='par_1_95' title="bbox 236 5769 1846 5834">
     <span class='ocr_line' id='line_1_96' title="bbox 236 5769 1846 5834; baseline -0.002 -6"><span class='ocrx_word' id='word_1_718' title='bbox 236 5769 619 5834; x_wconf 78' lang='lat' dir='ltr'><strong>testimonium</strong></span> <span class='ocrx_word' id='word_1_719' title='bbox 658 5769 792 5827; x_wconf 89' lang='lat' dir='ltr'><strong>illud</strong></span> <span class='ocrx_word' id='word_1_720' title='bbox 843 5769 957 5826; x_wconf 89' lang='lat' dir='ltr'><strong>sive</strong></span> <span class='ocrx_word' id='word_1_721' title='bbox 997 5769 1281 5834; x_wconf 77' lang='lat' dir='ltr'><strong>judicium</strong></span> <span class='ocrx_word' id='word_1_722' title='bbox 1297 5769 1460 5826; x_wconf 62' lang='lat' dir='ltr'><strong>bona</strong></span> <span class='ocrx_word' id='word_1_723' title='bbox 1497 5769 1846 5828; x_wconf 66' lang='lat' dir='ltr'><strong>conscientia</strong></span> 
     </span>
    </p>
   </div>
   <div class='ocr_carea' id='block_1_96' title="bbox 239 5837 1846 5916">
    <p class='ocr_par' dir='ltr' id='par_1_96' title="bbox 239 5837 1846 5916">
     <span class='ocr_line' id='line_1_97' title="bbox 239 5837 1846 5916; baseline -0.002 -18"><span class='ocrx_word' id='word_1_724' title='bbox 239 5851 504 5916; x_wconf 86' lang='lat' dir='ltr'><strong>magnam</strong></span> <span class='ocrx_word' id='word_1_725' title='bbox 521 5839 742 5914; x_wconf 88' lang='lat' dir='ltr'><strong>quidem</strong></span> <span class='ocrx_word' id='word_1_726' title='bbox 770 5839 969 5898; x_wconf 77' lang='lat' dir='ltr'><strong>afferre</strong></span> <span class='ocrx_word' id='word_1_727' title='bbox 993 5837 1240 5899; x_wconf 61' lang='lat' dir='ltr'><strong>laetitiam</strong></span> <span class='ocrx_word' id='word_1_728' title='bbox 1256 5847 1314 5898; x_wconf 89' lang='lat' dir='ltr'><strong>et</strong></span> <span class='ocrx_word' id='word_1_729' title='bbox 1344 5839 1514 5898; x_wconf 87' lang='lat' dir='ltr'><strong>animi</strong></span> <span class='ocrx_word' id='word_1_730' title='bbox 1535 5837 1846 5914; x_wconf 88' lang='lat' dir='ltr'><strong>tranquilli-</strong></span> 
     </span>
    </p>
   </div>
   <div class='ocr_carea' id='block_1_97' title="bbox 1965 3222 3573 3282">
    <p class='ocr_par' dir='ltr' id='par_1_97' title="bbox 1965 3222 3573 3282">
     <span class='ocr_line' id='line_1_98' title="bbox 1965 3222 3573 3282; baseline 0.001 -2"><span class='ocrx_word' id='word_1_731' title='bbox 1965 3227 2038 3280; x_wconf 92' lang='lat' dir='ltr'><strong>D.</strong></span> <span class='ocrx_word' id='word_1_732' title='bbox 2060 3222 2484 3282; x_wconf 77' lang='lat' dir='ltr'><strong>Bernardumin</strong></span> <span class='ocrx_word' id='word_1_733' title='bbox 2512 3225 2692 3282; x_wconf 86' lang='lat' dir='ltr'><strong>libello</strong></span> <span class='ocrx_word' id='word_1_734' title='bbox 2717 3224 2810 3280; x_wconf 91' lang='lat' dir='ltr'><strong>illo</strong></span> <span class='ocrx_word' id='word_1_735' title='bbox 2846 3239 2970 3280; x_wconf 89' lang='lat' dir='ltr'><strong>vere</strong></span> <span class='ocrx_word' id='word_1_736' title='bbox 3009 3239 3176 3280; x_wconf 90' lang='lat' dir='ltr'><strong>aureo</strong></span> <span class='ocrx_word' id='word_1_737' title='bbox 3215 3222 3283 3280; x_wconf 83' lang='lat' dir='ltr'><strong>de</strong></span> <span class='ocrx_word' id='word_1_738' title='bbox 3321 3222 3573 3282; x_wconf 82' lang='lat' dir='ltr'><strong>Interiori</strong></span> 
     </span>
    </p>
   </div>
   <div class='ocr_carea' id='block_1_98' title="bbox 1967 3295 3571 3366">
    <p class='ocr_par' dir='ltr' id='par_1_98' title="bbox 1967 3295 3571 3366">
     <span class='ocr_line' id='line_1_99' title="bbox 1967 3295 3571 3366; baseline 0.001 -15"><span class='ocrx_word' id='word_1_739' title='bbox 1967 3297 2173 3366; x_wconf 82' lang='lat' dir='ltr'><strong>Domo,</strong></span> <span class='ocrx_word' id='word_1_740' title='bbox 2195 3304 2252 3366; x_wconf 85' lang='lat' dir='ltr'><strong>et</strong></span> <span class='ocrx_word' id='word_1_741' title='bbox 2275 3295 2444 3351; x_wconf 88' lang='lat' dir='ltr'><strong>altero</strong></span> <span class='ocrx_word' id='word_1_742' title='bbox 2469 3295 2538 3352; x_wconf 88' lang='lat' dir='ltr'><strong>de</strong></span> <span class='ocrx_word' id='word_1_743' title='bbox 2560 3295 2904 3352; x_wconf 90' lang='lat' dir='ltr'><strong>Conscientia</strong></span> <span class='ocrx_word' id='word_1_744' title='bbox 2933 3296 3216 3366; x_wconf 90' lang='lat' dir='ltr'><strong>inscripto.</strong></span> <span class='ocrx_word' id='word_1_745' title='bbox 3264 3297 3336 3352; x_wconf 86' lang='lat' dir='ltr'><strong>Et</strong></span> <span class='ocrx_word' id='word_1_746' title='bbox 3383 3296 3571 3353; x_wconf 89' lang='lat' dir='ltr'><strong>conci-</strong></span> 
     </span>
    </p>
   </div>
   <div class='ocr_carea' id='block_1_99' title="bbox 1965 3365 2950 3437">
    <p class='ocr_par' dir='ltr' id='par_1_99' title="bbox 1965 3365 2950 3437">
     <span class='ocr_line' id='line_1_100' title="bbox 1965 3365 2950 3437; baseline 0.002 -17"><span class='ocrx_word' id='word_1_747' title='bbox 1965 3365 2098 3422; x_wconf 89' lang='lat' dir='ltr'><strong>lium</strong></span> <span class='ocrx_word' id='word_1_748' title='bbox 2126 3365 2513 3437; x_wconf 90' lang='lat' dir='ltr'><strong>Tridentinum</strong></span> <span class='ocrx_word' id='word_1_749' title='bbox 2533 3379 2667 3437; x_wconf 84' lang='lat' dir='ltr'><strong>sess.</strong></span> <span class='ocrx_word' id='word_1_750' title='bbox 2695 3368 2726 3437; x_wconf 91' lang='lat'><strong>6_</strong></span> <span class='ocrx_word' id='word_1_751' title='bbox 2748 3381 2867 3437; x_wconf 86' lang='lat' dir='ltr'><strong>cap.</strong></span> <span class='ocrx_word' id='word_1_752' title='bbox 2898 3371 2950 3437; x_wconf 75' lang='lat'><strong>9.</strong></span> 
     </span>
    </p>
   </div>
   <div class='ocr_carea' id='block_1_100' title="bbox 2035 3435 3560 3510">
    <p class='ocr_par' dir='ltr' id='par_1_100' title="bbox 2035 3435 3560 3510">
     <span class='ocr_line' id='line_1_101' title="bbox 2035 3435 3560 3510; baseline 0.003 -21"><span class='ocrx_word' id='word_1_753' title='bbox 2035 3438 2153 3510; x_wconf 56' lang='lat'><strong>{0.</strong></span> <span class='ocrx_word' id='word_1_754' title='bbox 2201 3436 2570 3510; x_wconf 80' lang='lat' dir='ltr'><strong>Hieronymus</strong></span> <span class='ocrx_word' id='word_1_755' title='bbox 2621 3435 2680 3490; x_wconf 91' lang='lat' dir='ltr'><strong>in</strong></span> <span class='ocrx_word' id='word_1_756' title='bbox 2713 3435 2863 3510; x_wconf 77' lang='lat' dir='ltr'><strong>hunc</strong></span> <span class='ocrx_word' id='word_1_757' title='bbox 2897 3435 3082 3510; x_wconf 83' lang='lat' dir='ltr'><strong>locum</strong></span> <span class='ocrx_word' id='word_1_758' title='bbox 3121 3435 3402 3510; x_wconf 69' lang='lat' dir='ltr'><strong>Malachiai</strong></span> <span class='ocrx_word' id='word_1_759' title='bbox 3433 3445 3560 3510; x_wconf 88' lang='lat' dir='ltr'><strong>post</strong></span> 
     </span>
    </p>
   </div>
   <div class='ocr_carea' id='block_1_101' title="bbox 1963 3506 3564 3579">
    <p class='ocr_par' dir='ltr' id='par_1_101' title="bbox 1963 3506 3564 3579">
     <span class='ocr_line' id='line_1_102' title="bbox 1963 3506 3564 3579; baseline 0.001 -18"><span class='ocrx_word' id='word_1_760' title='bbox 1963 3507 2135 3562; x_wconf 86' lang='lat' dir='ltr'><strong>multa</strong></span> <span class='ocrx_word' id='word_1_761' title='bbox 2160 3514 2352 3562; x_wconf 89' lang='lat' dir='ltr'><strong>notatu</strong></span> <span class='ocrx_word' id='word_1_762' title='bbox 2380 3506 2545 3579; x_wconf 87' lang='lat' dir='ltr'><strong>digna</strong></span> <span class='ocrx_word' id='word_1_763' title='bbox 2573 3525 2586 3579; x_wconf 72' lang='grc' dir='ltr'>ς</span> <span class='ocrx_word' id='word_1_764' title='bbox 2607 3510 2766 3569; x_wconf 87' lang='lat' dir='ltr'><strong>Deus,</strong></span> <span class='ocrx_word' id='word_1_765' title='bbox 2783 3507 2986 3579; x_wconf 89' lang='lat' dir='ltr'><strong>inquit,</strong></span> <span class='ocrx_word' id='word_1_766' title='bbox 3000 3509 3168 3561; x_wconf 84' lang='lat' dir='ltr'><strong>sciens</strong></span> <span class='ocrx_word' id='word_1_767' title='bbox 3187 3506 3564 3574; x_wconf 79' lang='lat' dir='ltr'><strong>differentiam</strong></span> 
     </span>
    </p>
   </div>
   <div class='ocr_carea' id='block_1_102' title="bbox 1961 3522 3560 3649">
    <p class='ocr_par' dir='ltr' id='par_1_102' title="bbox 1961 3522 3560 3649">
     <span class='ocr_line' id='line_1_103' title="bbox 1963 3522 3560 3632; baseline 0.001 -71"><span class='ocrx_word' id='word_1_768' title='bbox 1963 3522 2135 3562; x_wconf 86' lang='lat' dir='ltr'><strong>multa</strong></span> <span class='ocrx_word' id='word_1_769' title='bbox 2160 3522 2352 3562; x_wconf 76' lang='lat' dir='ltr'><strong>noratu</strong></span> <span class='ocrx_word' id='word_1_770' title='bbox 2380 3522 2545 3632; x_wconf 65' lang='lat' dir='ltr'><strong>mgna</strong></span> <span class='ocrx_word' id='word_1_771' title='bbox 2573 3522 2766 3569; x_wconf 86' lang='lat' dir='ltr'><strong>:ueus,</strong></span> <span class='ocrx_word' id='word_1_772' title='bbox 2783 3522 2986 3579; x_wconf 76' lang='lat' dir='ltr'><strong>inquit,</strong></span> <span class='ocrx_word' id='word_1_773' title='bbox 3000 3522 3168 3561; x_wconf 77' lang='lat' dir='ltr'><strong>sciens</strong></span> <span class='ocrx_word' id='word_1_774' title='bbox 3187 3522 3560 3574; x_wconf 72' lang='lat' dir='ltr'><strong>air/erentiam</strong></span> 
     </span>
     <span class='ocr_line' id='line_1_104' title="bbox 1961 3577 3560 3649; baseline 0.003 -19"><span class='ocrx_word' id='word_1_775' title='bbox 1961 3579 2070 3648; x_wconf 80' lang='lat' dir='ltr'><strong>ﬁlii</strong></span> <span class='ocrx_word' id='word_1_776' title='bbox 2093 3581 2144 3633; x_wconf 89' lang='lat' dir='ltr'><strong>et</strong></span> <span class='ocrx_word' id='word_1_777' title='bbox 2161 3579 2319 3640; x_wconf 86' lang='lat' dir='ltr'><strong>servi,</strong></span> <span class='ocrx_word' id='word_1_778' title='bbox 2345 3594 2380 3632; x_wconf 92' lang='lat' dir='ltr'><strong>a</strong></span> <span class='ocrx_word' id='word_1_779' title='bbox 2403 3581 2442 3648; x_wconf 84' lang='lat' dir='ltr'><strong>fl</strong></span> <span class='ocrx_word' id='word_1_780' title='bbox 2465 3581 2514 3632; x_wconf 88' lang='lat' dir='ltr'><strong>io</strong></span> <span class='ocrx_word' id='word_1_781' title='bbox 2533 3577 2779 3647; x_wconf 83' lang='lat' dir='ltr'><strong>gloriam,</strong></span> <span class='ocrx_word' id='word_1_782' title='bbox 2809 3594 2845 3632; x_wconf 87' lang='lat' dir='ltr'><strong>a</strong></span> <span class='ocrx_word' id='word_1_783' title='bbox 2879 3593 3028 3632; x_wconf 87' lang='lat' dir='ltr'><strong>servo</strong></span> <span class='ocrx_word' id='word_1_784' title='bbox 3062 3579 3305 3632; x_wconf 84' lang='lat' dir='ltr'><strong>timorem</strong></span> <span class='ocrx_word' id='word_1_785' title='bbox 3333 3581 3560 3649; x_wconf 60' lang='lat' dir='ltr'><strong>expetit.</strong></span> 
     </span>
    </p>
   </div>
   <div class='ocr_carea' id='block_1_103' title="bbox 1961 3649 3565 3719">
    <p class='ocr_par' dir='ltr' id='par_1_103' title="bbox 1961 3649 3565 3719">
     <span class='ocr_line' id='line_1_105' title="bbox 1961 3649 3565 3719; baseline 0 -13"><span class='ocrx_word' id='word_1_786' title='bbox 1961 3650 2297 3719; x_wconf 87' lang='lat' dir='ltr'><strong>Principium</strong></span> <span class='ocrx_word' id='word_1_787' title='bbox 2315 3650 2458 3704; x_wconf 88' lang='lat' dir='ltr'><strong>enim</strong></span> <span class='ocrx_word' id='word_1_788' title='bbox 2467 3650 2747 3718; x_wconf 77' lang='lat' dir='ltr'><strong>sapientia:</strong></span> <span class='ocrx_word' id='word_1_789' title='bbox 2765 3651 2925 3704; x_wconf 84' lang='lat' dir='ltr'><strong>timor</strong></span> <span class='ocrx_word' id='word_1_790' title='bbox 2939 3650 3178 3705; x_wconf 86' lang='lat' dir='ltr'><strong>Domini.</strong></span> <span class='ocrx_word' id='word_1_791' title='bbox 3203 3651 3272 3705; x_wconf 87' lang='lat' dir='ltr'><strong>Ut</strong></span> <span class='ocrx_word' id='word_1_792' title='bbox 3288 3649 3354 3705; x_wconf 87' lang='lat' dir='ltr'><strong>de</strong></span> <span class='ocrx_word' id='word_1_793' title='bbox 3373 3653 3565 3706; x_wconf 87' lang='lat' dir='ltr'><strong>timore</strong></span> 
     </span>
    </p>
   </div>
   <div class='ocr_carea' id='block_1_104' title="bbox 1960 3721 3223 3790">
    <p class='ocr_par' dir='ltr' id='par_1_104' title="bbox 1960 3721 3223 3790">
     <span class='ocr_line' id='line_1_106' title="bbox 1960 3721 3223 3790; baseline -0.001 -14"><span class='ocrx_word' id='word_1_794' title='bbox 1960 3735 2234 3776; x_wconf 86' lang='lat' dir='ltr'><strong>servorum</strong></span> <span class='ocrx_word' id='word_1_795' title='bbox 2261 3721 2334 3776; x_wconf 87' lang='lat' dir='ltr'><strong>ad</strong></span> <span class='ocrx_word' id='word_1_796' title='bbox 2354 3721 2591 3790; x_wconf 80' lang='lat' dir='ltr'><strong>filiorum</strong></span> <span class='ocrx_word' id='word_1_797' title='bbox 2607 3721 2838 3789; x_wconf 84' lang='lat' dir='ltr'><strong>gloriam</strong></span> <span class='ocrx_word' id='word_1_798' title='bbox 2867 3725 3223 3776; x_wconf 84' lang='lat' dir='ltr'><strong>transeamus.</strong></span> 
     </span>
    </p>
   </div>
   <div class='ocr_carea' id='block_1_105' title="bbox 2031 3791 3556 3859">
    <p class='ocr_par' dir='ltr' id='par_1_105' title="bbox 2031 3791 3556 3859">
     <span class='ocr_line' id='line_1_107' title="bbox 2031 3791 3556 3859; baseline 0.001 -13"><span class='ocrx_word' id='word_1_799' title='bbox 2031 3791 2058 3828; x_wconf 73' lang='grc' dir='ltr'>α</span> <span class='ocrx_word' id='word_1_800' title='bbox 2084 3791 2320 3847; x_wconf 88' lang='lat' dir='ltr'><strong>Dilectio</strong></span> <span class='ocrx_word' id='word_1_801' title='bbox 2345 3791 2692 3847; x_wconf 89' lang='lat' dir='ltr'><strong>inimicorum</strong></span> <span class='ocrx_word' id='word_1_802' title='bbox 2719 3791 2822 3846; x_wconf 87' lang='lat' dir='ltr'><strong>alia</strong></span> <span class='ocrx_word' id='word_1_803' title='bbox 2846 3791 3114 3859; x_wconf 89' lang='lat' dir='ltr'><strong>generalis</strong></span> <span class='ocrx_word' id='word_1_804' title='bbox 3142 3799 3196 3846; x_wconf 89' lang='lat' dir='ltr'><strong>et</strong></span> <span class='ocrx_word' id='word_1_805' title='bbox 3219 3791 3556 3859; x_wconf 90' lang='lat' dir='ltr'><strong>communis,</strong></span> 
     </span>
    </p>
   </div>
   <div class='ocr_carea' id='block_1_106' title="bbox 1959 3860 3564 3945">
    <p class='ocr_par' dir='ltr' id='par_1_106' title="bbox 1959 3860 3564 3945">
     <span class='ocr_line' id='line_1_108' title="bbox 1959 3860 3564 3945; baseline -0.001 -28"><span class='ocrx_word' id='word_1_806' title='bbox 1959 3860 2066 3945; x_wconf 77' lang='lat' dir='ltr'><strong>alia</strong></span> <span class='ocrx_word' id='word_1_807' title='bbox 2087 3862 2366 3945; x_wconf 65' lang='lat' dir='ltr'><strong>specialis;</strong></span> <span class='ocrx_word' id='word_1_808' title='bbox 2399 3861 2822 3945; x_wconf 31' lang='lat' dir='ltr'><strong>il‘lcahprzec‘epti,</strong></span> <span class='ocrx_word' id='word_1_809' title='bbox 2854 3860 2978 3945; x_wconf 57' lang='lat' dir='ltr'><strong>hmo</strong></span> <span class='ocrx_word' id='word_1_810' title='bbox 3027 3860 3262 3945; x_wconf 61' lang='lat' dir='ltr'><strong>consiliit</strong></span> <span class='ocrx_word' id='word_1_811' title='bbox 3284 3869 3338 3916; x_wconf 88' lang='lat' dir='ltr'><strong>et</strong></span> <span class='ocrx_word' id='word_1_812' title='bbox 3384 3861 3564 3931; x_wconf 83' lang='lat' dir='ltr'><strong>perfe-</strong></span> 
     </span>
    </p>
   </div>
   <div class='ocr_carea' id='block_1_107' title="bbox 1961 3931 3562 4013">
    <p class='ocr_par' dir='ltr' id='par_1_107' title="bbox 1961 3931 3562 4013">
     <span class='ocr_line' id='line_1_109' title="bbox 1961 3931 3562 4013; baseline -0.002 -24"><span class='ocrx_word' id='word_1_813' title='bbox 1961 3931 2178 4013; x_wconf 66' lang='lat' dir='ltr'><strong>ctionis,</strong></span> <span class='ocrx_word' id='word_1_814' title='bbox 2209 3941 2272 3988; x_wconf 91' lang='lat' dir='ltr'><strong>ut</strong></span> <span class='ocrx_word' id='word_1_815' title='bbox 2297 3933 2384 3988; x_wconf 88' lang='lat' dir='ltr'><strong>hic</strong></span> <span class='ocrx_word' id='word_1_816' title='bbox 2410 3931 2634 4013; x_wconf 73' lang='lat' dir='ltr'><strong>dicitur.</strong></span> <span class='ocrx_word' id='word_1_817' title='bbox 2666 3931 3114 4013; x_wconf 40' lang='lat' dir='ltr'><strong>[traicepti&#39;enim</strong></span> <span class='ocrx_word' id='word_1_818' title='bbox 3140 3938 3252 4013; x_wconf 72' lang='lat' dir='ltr'><strong>est,_</strong></span> <span class='ocrx_word' id='word_1_819' title='bbox 3293 3945 3362 4013; x_wconf 77' lang='lat' dir='ltr'><strong>ne</strong></span> <span class='ocrx_word' id='word_1_820' title='bbox 3395 3945 3562 4000; x_wconf 90' lang='lat' dir='ltr'><strong>quem</strong></span> 
     </span>
    </p>
   </div>
   <div class='ocr_carea' id='block_1_108' title="bbox 1961 3999 3565 4074">
    <p class='ocr_par' dir='ltr' id='par_1_108' title="bbox 1961 3999 3565 4074">
     <span class='ocr_line' id='line_1_110' title="bbox 1961 3999 3565 4074; baseline -0.001 -18"><span class='ocrx_word' id='word_1_821' title='bbox 1961 4001 2249 4074; x_wconf 77' lang='lat' dir='ltr'><strong>hominum</strong></span> <span class='ocrx_word' id='word_1_822' title='bbox 2269 4002 2618 4074; x_wconf 90' lang='lat' dir='ltr'><strong>quantumvis</strong></span> <span class='ocrx_word' id='word_1_823' title='bbox 2629 4002 2785 4058; x_wconf 92' lang='lat' dir='ltr'><strong>nobis</strong></span> <span class='ocrx_word' id='word_1_824' title='bbox 2804 3999 3088 4074; x_wconf 83' lang='lat' dir='ltr'><strong>inimicum</strong></span> <span class='ocrx_word' id='word_1_825' title='bbox 3103 3999 3228 4074; x_wconf 73' lang='lat' dir='ltr'><strong>odio</strong></span> <span class='ocrx_word' id='word_1_826' title='bbox 3239 3999 3565 4074; x_wconf 79' lang='lat' dir='ltr'><strong>habeamus,</strong></span> 
     </span>
    </p>
   </div>
   <div class='ocr_carea' id='block_1_109' title="bbox 1963 4071 3564 4145">
    <p class='ocr_par' dir='ltr' id='par_1_109' title="bbox 1963 4071 3564 4145">
     <span class='ocr_line' id='line_1_111' title="bbox 1963 4071 3564 4145; baseline 0 -20"><span class='ocrx_word' id='word_1_827' title='bbox 1963 4071 2102 4126; x_wconf 87' lang='lat' dir='ltr'><strong>nulli</strong></span> <span class='ocrx_word' id='word_1_828' title='bbox 2139 4071 2358 4145; x_wconf 76' lang='lat' dir='ltr'><strong>malum</strong></span> <span class='ocrx_word' id='word_1_829' title='bbox 2387 4089 2488 4145; x_wconf 89' lang='lat' dir='ltr'><strong>pro</strong></span> <span class='ocrx_word' id='word_1_830' title='bbox 2534 4075 2681 4128; x_wconf 89' lang='lat' dir='ltr'><strong>malo</strong></span> <span class='ocrx_word' id='word_1_831' title='bbox 2724 4073 3042 4145; x_wconf 76' lang='lat' dir='ltr'><strong>reddamus,</strong></span> <span class='ocrx_word' id='word_1_832' title='bbox 3087 4071 3220 4126; x_wconf 89' lang='lat' dir='ltr'><strong>nulli</strong></span> <span class='ocrx_word' id='word_1_833' title='bbox 3265 4071 3564 4145; x_wconf 84' lang='lat' dir='ltr'><strong>quidquam</strong></span> 
     </span>
    </p>
   </div>
   <div class='ocr_carea' id='block_1_110' title="bbox 1965 4141 3558 4216">
    <p class='ocr_par' dir='ltr' id='par_1_110' title="bbox 1965 4141 3558 4216">
     <span class='ocr_line' id='line_1_112' title="bbox 1965 4141 3558 4216; baseline 0.003 -22"><span class='ocrx_word' id='word_1_834' title='bbox 1965 4148 2220 4216; x_wconf 72' lang='lat' dir='ltr'><strong>qptemus</strong></span> <span class='ocrx_word' id='word_1_835' title='bbox 2239 4141 2409 4210; x_wconf 52' lang='lat' dir='ltr'><strong>mali,‘</strong></span> <span class='ocrx_word' id='word_1_836' title='bbox 2434 4151 2496 4198; x_wconf 92' lang='lat' dir='ltr'><strong>ut</strong></span> <span class='ocrx_word' id='word_1_837' title='bbox 2533 4157 2726 4216; x_wconf 74' lang='lat' dir='ltr'><strong>omnes</strong></span> <span class='ocrx_word' id='word_1_838' title='bbox 2776 4141 3046 4216; x_wconf 81' lang='lat' dir='ltr'><strong>homines,</strong></span> <span class='ocrx_word' id='word_1_839' title='bbox 3089 4141 3391 4216; x_wconf 60' lang='lat' dir='ltr'><strong>praiserﬁm</strong></span> <span class='ocrx_word' id='word_1_840' title='bbox 3412 4141 3558 4198; x_wconf 37' lang='lat' dir='ltr'><strong>’vero</strong></span> 
     </span>
    </p>
   </div>
   <div class='ocr_carea' id='block_1_111' title="bbox 1963 4209 3565 4284">
    <p class='ocr_par' dir='ltr' id='par_1_111' title="bbox 1963 4209 3565 4284">
     <span class='ocr_line' id='line_1_113' title="bbox 1963 4209 3565 4284; baseline 0.001 -17"><span class='ocrx_word' id='word_1_841' title='bbox 1963 4209 2318 4284; x_wconf 75' lang='lat' dir='ltr'><strong>Christianos,</strong></span> <span class='ocrx_word' id='word_1_842' title='bbox 2375 4209 2932 4284; x_wconf 36' lang='lat' dir='ltr'><strong>generaliucharitate</strong></span> <span class='ocrx_word' id='word_1_843' title='bbox 2981 4209 3432 4284; x_wconf 75' lang='lat' dir='ltr'><strong>complectamur,</strong></span> <span class='ocrx_word' id='word_1_844' title='bbox 3471 4219 3565 4284; x_wconf 41' lang='lat' dir='ltr'><strong>“ut</strong></span> 
     </span>
    </p>
   </div>
   <div class='ocr_carea' id='block_1_112' title="bbox 1962 4280 3554 4353">
    <p class='ocr_par' dir='ltr' id='par_1_112' title="bbox 1962 4280 3554 4353">
     <span class='ocr_line' id='line_1_114' title="bbox 1962 4280 3554 4353; baseline 0.002 -17"><span class='ocrx_word' id='word_1_845' title='bbox 1962 4280 2356 4353; x_wconf 88' lang='lat' dir='ltr'><strong>communibus</strong></span> <span class='ocrx_word' id='word_1_846' title='bbox 2386 4280 2764 4351; x_wconf 66' lang='lat' dir='ltr'><strong>&#39;orationibus,</strong></span> <span class='ocrx_word' id='word_1_847' title='bbox 2815 4280 3185 4353; x_wconf 81' lang='lat' dir='ltr'><strong>eleemosynis,</strong></span> <span class='ocrx_word' id='word_1_848' title='bbox 3257 4281 3554 4349; x_wconf 87' lang='lat' dir='ltr'><strong>beneﬁciis,</strong></span> 
     </span>
    </p>
   </div>
   <div class='ocr_carea' id='block_1_113' title="bbox 1961 4351 3560 4424">
    <p class='ocr_par' dir='ltr' id='par_1_113' title="bbox 1961 4351 3560 4424">
     <span class='ocr_line' id='line_1_115' title="bbox 1961 4351 3560 4424; baseline 0.001 -16"><span class='ocrx_word' id='word_1_849' title='bbox 1961 4367 2086 4424; x_wconf 65' lang='lat' dir='ltr'><strong>quae</strong></span> <span class='ocrx_word' id='word_1_850' title='bbox 2113 4351 2171 4408; x_wconf 92' lang='lat' dir='ltr'><strong>in</strong></span> <span class='ocrx_word' id='word_1_851' title='bbox 2199 4367 2394 4410; x_wconf 90' lang='lat' dir='ltr'><strong>omnes</strong></span> <span class='ocrx_word' id='word_1_852' title='bbox 2419 4353 2578 4424; x_wconf 89' lang='lat' dir='ltr'><strong>ﬁunt,</strong></span> <span class='ocrx_word' id='word_1_853' title='bbox 2617 4367 2730 4409; x_wconf 92' lang='lat' dir='ltr'><strong>non</strong></span> <span class='ocrx_word' id='word_1_854' title='bbox 2759 4351 3141 4418; x_wconf 80' lang='lat' dir='ltr'><strong>excludamus,</strong></span> <span class='ocrx_word' id='word_1_855' title='bbox 3169 4359 3233 4408; x_wconf 88' lang='lat' dir='ltr'><strong>ut</strong></span> <span class='ocrx_word' id='word_1_856' title='bbox 3262 4353 3338 4424; x_wconf 91' lang='lat' dir='ltr'><strong>eis</strong></span> <span class='ocrx_word' id='word_1_857' title='bbox 3365 4353 3560 4410; x_wconf 91' lang='lat' dir='ltr'><strong>saltem</strong></span> 
     </span>
    </p>
   </div>
   <div class='ocr_carea' id='block_1_114' title="bbox 1959 4421 3560 4484">
    <p class='ocr_par' dir='ltr' id='par_1_114' title="bbox 1959 4421 3560 4484">
     <span class='ocr_line' id='line_1_116' title="bbox 1959 4421 3560 4484; baseline 0.004 -6"><span class='ocrx_word' id='word_1_858' title='bbox 1959 4421 2016 4479; x_wconf 77' lang='lat' dir='ltr'><strong>in</strong></span> <span class='ocrx_word' id='word_1_859' title='bbox 2041 4431 2284 4480; x_wconf 84' lang='lat' dir='ltr'><strong>extrema</strong></span> <span class='ocrx_word' id='word_1_860' title='bbox 2319 4423 2642 4480; x_wconf 88' lang='lat' dir='ltr'><strong>necessitate</strong></span> <span class='ocrx_word' id='word_1_861' title='bbox 2668 4438 3072 4480; x_wconf 88' lang='lat' dir='ltr'><strong>succurramus.</strong></span> <span class='ocrx_word' id='word_1_862' title='bbox 3103 4423 3328 4480; x_wconf 87' lang='lat' dir='ltr'><strong>Consilii</strong></span> <span class='ocrx_word' id='word_1_863' title='bbox 3359 4440 3486 4482; x_wconf 88' lang='lat' dir='ltr'><strong>vero</strong></span> <span class='ocrx_word' id='word_1_864' title='bbox 3501 4433 3560 4484; x_wconf 88' lang='lat' dir='ltr'><strong>et</strong></span> 
     </span>
    </p>
   </div>
   <div class='ocr_carea' id='block_1_115' title="bbox 1959 4493 3555 4567">
    <p class='ocr_par' dir='ltr' id='par_1_115' title="bbox 1959 4493 3555 4567">
     <span class='ocr_line' id='line_1_117' title="bbox 1959 4493 3555 4567; baseline 0.001 -17"><span class='ocrx_word' id='word_1_865' title='bbox 1959 4493 2321 4566; x_wconf 83' lang='lat' dir='ltr'><strong>perfectionis,</strong></span> <span class='ocrx_word' id='word_1_866' title='bbox 2347 4503 2423 4567; x_wconf 14' lang='lat' dir='ltr'><strong>ut,</strong></span> <span class='ocrx_word' id='word_1_867' title='bbox 2438 4495 2527 4566; x_wconf 49' lang='lat' dir='ltr'><strong>eis:</strong></span> <span class='ocrx_word' id='word_1_868' title='bbox 2550 4502 2696 4567; x_wconf 84' lang='lat' dir='ltr'><strong>extra</strong></span> <span class='ocrx_word' id='word_1_869' title='bbox 2731 4497 3109 4567; x_wconf 9' lang='lat' dir='ltr'><strong>necessitatem,</strong></span> <span class='ocrx_word' id='word_1_870' title='bbox 3132 4495 3555 4567; x_wconf 86' lang='lat' dir='ltr'><strong>benefaciamus,</strong></span> 
     </span>
    </p>
   </div>
   <div class='ocr_carea' id='block_1_116' title="bbox 1877 4531 3558 4638">
    <p class='ocr_par' dir='ltr' id='par_1_116' title="bbox 1877 4531 3558 4638">
     <span class='ocr_line' id='line_1_118' title="bbox 1877 4531 3555 4594; baseline 0.001 -44"><span class='ocrx_word' id='word_1_871' title='bbox 1877 4531 1929 4594; x_wconf 84' lang='lat' dir='ltr'><strong>D</strong></span> <span class='ocrx_word' id='word_1_872' title='bbox 1961 4531 2321 4578; x_wconf 62' lang='lat' dir='ltr'><strong>peuewuuw,</strong></span> <span class='ocrx_word' id='word_1_873' title='bbox 2350 4531 2527 4578; x_wconf 33' lang='lat' dir='ltr'><strong>aqua</strong></span> <span class='ocrx_word' id='word_1_874' title='bbox 2550 4531 2696 4550; x_wconf 67' lang='grc' dir='ltr'><strong>ῡλιια</strong></span> <span class='ocrx_word' id='word_1_875' title='bbox 2731 4531 3111 4578; x_wconf 35' lang='lat' dir='ltr'><strong>metumtot...</strong></span> <span class='ocrx_word' id='word_1_876' title='bbox 3133 4531 3555 4579; x_wconf 57' lang='grc' dir='ltr'><strong>υῗυῦιαυιαιυυδ,</strong></span> 
     </span>
     <span class='ocr_line' id='line_1_119' title="bbox 1957 4565 3558 4638; baseline 0.002 -17"><span class='ocrx_word' id='word_1_877' title='bbox 1957 4574 2020 4621; x_wconf 91' lang='lat' dir='ltr'><strong>ut</strong></span> <span class='ocrx_word' id='word_1_878' title='bbox 2046 4580 2142 4624; x_wconf 89' lang='lat' dir='ltr'><strong>eos</strong></span> <span class='ocrx_word' id='word_1_879' title='bbox 2167 4576 2488 4623; x_wconf 78' lang='lat' dir='ltr'><strong>nominatim</strong></span> <span class='ocrx_word' id='word_1_880' title='bbox 2507 4565 2828 4638; x_wconf 89' lang='lat' dir='ltr'><strong>salutemus,</strong></span> <span class='ocrx_word' id='word_1_881' title='bbox 2859 4575 2922 4623; x_wconf 89' lang='lat' dir='ltr'><strong>ut</strong></span> <span class='ocrx_word' id='word_1_882' title='bbox 2945 4565 3277 4624; x_wconf 75' lang='lat' dir='ltr'><strong>familiariter</strong></span> <span class='ocrx_word' id='word_1_883' title='bbox 3294 4567 3558 4638; x_wconf 82' lang='lat' dir='ltr'><strong>alloqua-</strong></span> 
     </span>
    </p>
   </div>
   <div class='ocr_carea' id='block_1_117' title="bbox 1953 4637 3556 4710">
    <p class='ocr_par' dir='ltr' id='par_1_117' title="bbox 1953 4637 3556 4710">
     <span class='ocr_line' id='line_1_120' title="bbox 1953 4637 3556 4710; baseline -0.001 -17"><span class='ocrx_word' id='word_1_884' title='bbox 1953 4651 2098 4710; x_wconf 81' lang='lat' dir='ltr'><strong>mur,</strong></span> <span class='ocrx_word' id='word_1_885' title='bbox 2123 4645 2189 4710; x_wconf 88' lang='lat' dir='ltr'><strong>ut</strong></span> <span class='ocrx_word' id='word_1_886' title='bbox 2211 4638 2555 4710; x_wconf 88' lang='lat' dir='ltr'><strong>peculiariter</strong></span> <span class='ocrx_word' id='word_1_887' title='bbox 2574 4653 2672 4710; x_wconf 88' lang='lat' dir='ltr'><strong>pro</strong></span> <span class='ocrx_word' id='word_1_888' title='bbox 2696 4637 2777 4694; x_wconf 89' lang='lat' dir='ltr'><strong>eis</strong></span> <span class='ocrx_word' id='word_1_889' title='bbox 2795 4653 3044 4710; x_wconf 86' lang='lat' dir='ltr'><strong>oremus,</strong></span> <span class='ocrx_word' id='word_1_890' title='bbox 3085 4647 3146 4694; x_wconf 93' lang='lat' dir='ltr'><strong>ut</strong></span> <span class='ocrx_word' id='word_1_891' title='bbox 3177 4637 3358 4694; x_wconf 91' lang='lat' dir='ltr'><strong>modis</strong></span> <span class='ocrx_word' id='word_1_892' title='bbox 3379 4637 3556 4694; x_wconf 86' lang='lat' dir='ltr'><strong>omni-</strong></span> 
     </span>
    </p>
   </div>
   <div class='ocr_carea' id='block_1_118' title="bbox 1952 4705 3054 4781">
    <p class='ocr_par' dir='ltr' id='par_1_118' title="bbox 1952 4705 3054 4781">
     <span class='ocr_line' id='line_1_121' title="bbox 1952 4705 3054 4781; baseline -0.002 -17"><span class='ocrx_word' id='word_1_893' title='bbox 1952 4705 2056 4764; x_wconf 88' lang='lat' dir='ltr'><strong>bus</strong></span> <span class='ocrx_word' id='word_1_894' title='bbox 2086 4705 2281 4780; x_wconf 75' lang='lat' dir='ltr'><strong>quibus</strong></span> <span class='ocrx_word' id='word_1_895' title='bbox 2332 4705 2623 4781; x_wconf 79' lang='lat' dir='ltr'><strong>possumus</strong></span> <span class='ocrx_word' id='word_1_896' title='bbox 2666 4725 2760 4766; x_wconf 90' lang='lat' dir='ltr'><strong>eos</strong></span> <span class='ocrx_word' id='word_1_897' title='bbox 2781 4705 3054 4781; x_wconf 83' lang='lat' dir='ltr'><strong>juvemus.</strong></span> 
     </span>
    </p>
   </div>
   <div class='ocr_carea' id='block_1_119' title="bbox 2023 4774 3552 4857">
    <p class='ocr_par' dir='ltr' id='par_1_119' title="bbox 2023 4774 3552 4857">
     <span class='ocr_line' id='line_1_122' title="bbox 2023 4774 3552 4857; baseline -0.003 -23"><span class='ocrx_word' id='word_1_898' title='bbox 2023 4781 2044 4805; x_wconf 83' lang='lat'><strong><em>°</em></strong></span> <span class='ocrx_word' id='word_1_899' title='bbox 2065 4774 2131 4834; x_wconf 78' lang='grc' dir='ltr'><strong>Π.</strong></span> <span class='ocrx_word' id='word_1_900' title='bbox 2153 4774 2496 4857; x_wconf 75' lang='lat' dir='ltr'><strong>Augustinus</strong></span> <span class='ocrx_word' id='word_1_901' title='bbox 2518 4781 2571 4835; x_wconf 91' lang='lat' dir='ltr'><strong>in</strong></span> <span class='ocrx_word' id='word_1_902' title='bbox 2597 4774 3091 4857; x_wconf 66' lang='lat' dir='ltr'><strong>sermo&#39;ne_quin_to</strong></span> <span class='ocrx_word' id='word_1_903' title='bbox 3120 4775 3188 4857; x_wconf 78' lang='lat' dir='ltr'><strong>de</strong></span> <span class='ocrx_word' id='word_1_904' title='bbox 3221 4777 3275 4831; x_wconf 92' lang='lat' dir='ltr'><strong>S.</strong></span> <span class='ocrx_word' id='word_1_905' title='bbox 3303 4774 3552 4857; x_wconf 69' lang='lat' dir='ltr'><strong>Stepha-</strong></span> 
     </span>
    </p>
   </div>
   <div class='ocr_carea' id='block_1_120' title="bbox 1952 4845 3556 4920">
    <p class='ocr_par' dir='ltr' id='par_1_120' title="bbox 1952 4845 3556 4920">
     <span class='ocr_line' id='line_1_123' title="bbox 1952 4845 3556 4920; baseline -0.002 -17"><span class='ocrx_word' id='word_1_906' title='bbox 1952 4864 2026 4904; x_wconf 93' lang='lat' dir='ltr'><strong>no</strong></span> <span class='ocrx_word' id='word_1_907' title='bbox 2055 4845 2302 4920; x_wconf 64' lang='lat' dir='ltr'><strong>apposite</strong></span> <span class='ocrx_word' id='word_1_908' title='bbox 2325 4851 2393 4905; x_wconf 84' lang='lat' dir='ltr'><strong>ad</strong></span> <span class='ocrx_word' id='word_1_909' title='bbox 2423 4850 2574 4905; x_wconf 90' lang='lat' dir='ltr'><strong>hunc</strong></span> <span class='ocrx_word' id='word_1_910' title='bbox 2597 4849 2780 4904; x_wconf 90' lang='lat' dir='ltr'><strong>locum</strong></span> <span class='ocrx_word' id='word_1_911' title='bbox 2808 4867 2822 4902; x_wconf 90' lang='lat'><strong>:</strong></span> <span class='ocrx_word' id='word_1_912' title='bbox 2854 4845 3110 4920; x_wconf 77' lang='lat' dir='ltr'><strong>Grandis,</strong></span> <span class='ocrx_word' id='word_1_913' title='bbox 3164 4845 3369 4920; x_wconf 67' lang='lat' dir='ltr'><strong>inquit,</strong></span> <span class='ocrx_word' id='word_1_914' title='bbox 3384 4845 3556 4920; x_wconf 77' lang='lat' dir='ltr'><strong>labor</strong></span> 
     </span>
    </p>
   </div>
   <div class='ocr_carea' id='block_1_121' title="bbox 1955 4915 3552 4987">
    <p class='ocr_par' dir='ltr' id='par_1_121' title="bbox 1955 4915 3552 4987">
     <span class='ocr_line' id='line_1_124' title="bbox 1955 4915 3552 4987; baseline -0.001 -14"><span class='ocrx_word' id='word_1_915' title='bbox 1955 4923 2032 4974; x_wconf 91' lang='lat' dir='ltr'><strong>est</strong></span> <span class='ocrx_word' id='word_1_916' title='bbox 2047 4915 2296 4973; x_wconf 80' lang='lat' dir='ltr'><strong>inimicos</strong></span> <span class='ocrx_word' id='word_1_917' title='bbox 2323 4920 2566 4987; x_wconf 87' lang='lat' dir='ltr'><strong>diligere,</strong></span> <span class='ocrx_word' id='word_1_918' title='bbox 2597 4933 2700 4986; x_wconf 87' lang='lat' dir='ltr'><strong>pro</strong></span> <span class='ocrx_word' id='word_1_919' title='bbox 2731 4915 3158 4986; x_wconf 81' lang='lat' dir='ltr'><strong>persecutoribus</strong></span> <span class='ocrx_word' id='word_1_920' title='bbox 3209 4917 3552 4987; x_wconf 85' lang='lat' dir='ltr'><strong>supplicare:</strong></span> 
     </span>
    </p>
   </div>
   <div class='ocr_carea' id='block_1_122' title="bbox 1953 4989 3557 5057">
    <p class='ocr_par' dir='ltr' id='par_1_122' title="bbox 1953 4989 3557 5057">
     <span class='ocr_line' id='line_1_125' title="bbox 1953 4989 3557 5057; baseline -0.001 -13"><span class='ocrx_word' id='word_1_921' title='bbox 1953 5005 2048 5044; x_wconf 88' lang='lat' dir='ltr'><strong>nec</strong></span> <span class='ocrx_word' id='word_1_922' title='bbox 2075 5004 2171 5044; x_wconf 88' lang='lat' dir='ltr'><strong>nos</strong></span> <span class='ocrx_word' id='word_1_923' title='bbox 2205 5003 2482 5057; x_wconf 87' lang='lat' dir='ltr'><strong>negamus,</strong></span> <span class='ocrx_word' id='word_1_924' title='bbox 2510 4989 2717 5054; x_wconf 81' lang='lat' dir='ltr'><strong>fratres</strong></span> <span class='ocrx_word' id='word_1_925' title='bbox 2740 5004 2758 5040; x_wconf 91' lang='lat'><strong><em>:</em></strong></span> <span class='ocrx_word' id='word_1_926' title='bbox 2787 5001 2892 5042; x_wconf 88' lang='lat' dir='ltr'><strong>non</strong></span> <span class='ocrx_word' id='word_1_927' title='bbox 2917 5001 3120 5056; x_wconf 83' lang='lat' dir='ltr'><strong>parvus</strong></span> <span class='ocrx_word' id='word_1_928' title='bbox 3155 4989 3371 5057; x_wconf 84' lang='lat' dir='ltr'><strong>quidem</strong></span> <span class='ocrx_word' id='word_1_929' title='bbox 3403 4989 3557 5043; x_wconf 88' lang='lat' dir='ltr'><strong>labor</strong></span> 
     </span>
    </p>
   </div>
   <div class='ocr_carea' id='block_1_123' title="bbox 1955 5057 3550 5128">
    <p class='ocr_par' dir='ltr' id='par_1_123' title="bbox 1955 5057 3550 5128">
     <span class='ocr_line' id='line_1_126' title="bbox 1955 5057 3550 5128; baseline -0.001 -13"><span class='ocrx_word' id='word_1_930' title='bbox 1955 5061 2102 5114; x_wconf 88' lang='lat' dir='ltr'><strong>estin</strong></span> <span class='ocrx_word' id='word_1_931' title='bbox 2124 5058 2222 5114; x_wconf 89' lang='lat' dir='ltr'><strong>hoc</strong></span> <span class='ocrx_word' id='word_1_932' title='bbox 2243 5060 2456 5121; x_wconf 76' lang='lat' dir='ltr'><strong>sceculo,</strong></span> <span class='ocrx_word' id='word_1_933' title='bbox 2486 5057 2580 5112; x_wconf 88' lang='lat' dir='ltr'><strong>sed</strong></span> <span class='ocrx_word' id='word_1_934' title='bbox 2601 5057 2808 5126; x_wconf 85' lang='lat' dir='ltr'><strong>grande</strong></span> <span class='ocrx_word' id='word_1_935' title='bbox 2827 5059 2934 5114; x_wconf 82' lang='lat' dir='ltr'><strong>erit</strong></span> <span class='ocrx_word' id='word_1_936' title='bbox 2956 5060 3243 5128; x_wconf 81' lang='lat' dir='ltr'><strong>proemium</strong></span> <span class='ocrx_word' id='word_1_937' title='bbox 3259 5062 3318 5114; x_wconf 90' lang='lat' dir='ltr'><strong>in</strong></span> <span class='ocrx_word' id='word_1_938' title='bbox 3335 5061 3550 5127; x_wconf 87' lang='lat' dir='ltr'><strong>futuro.</strong></span> 
     </span>
    </p>
   </div>
   <div class='ocr_carea' id='block_1_124' title="bbox 1952 5130 3556 5198">
    <p class='ocr_par' dir='ltr' id='par_1_124' title="bbox 1952 5130 3556 5198">
     <span class='ocr_line' id='line_1_127' title="bbox 1952 5130 3556 5198; baseline -0.001 -12"><span class='ocrx_word' id='word_1_939' title='bbox 1952 5132 2059 5186; x_wconf 88' lang='lat' dir='ltr'><strong>Per</strong></span> <span class='ocrx_word' id='word_1_940' title='bbox 2080 5145 2311 5184; x_wconf 83' lang='lat' dir='ltr'><strong>amorem</strong></span> <span class='ocrx_word' id='word_1_941' title='bbox 2355 5130 2496 5184; x_wconf 88' lang='lat' dir='ltr'><strong>enim</strong></span> <span class='ocrx_word' id='word_1_942' title='bbox 2521 5130 2754 5184; x_wconf 87' lang='lat' dir='ltr'><strong>hominis</strong></span> <span class='ocrx_word' id='word_1_943' title='bbox 2785 5131 3015 5196; x_wconf 84' lang='lat' dir='ltr'><strong>inimici,</strong></span> <span class='ocrx_word' id='word_1_944' title='bbox 3067 5131 3311 5198; x_wconf 66' lang='lat' dir='ltr'><strong>efﬁciet-is</strong></span> <span class='ocrx_word' id='word_1_945' title='bbox 3347 5131 3556 5186; x_wconf 81' lang='lat' dir='ltr'><strong>amicus</strong></span> 
     </span>
    </p>
   </div>
   <div class='ocr_carea' id='block_1_125' title="bbox 1953 5200 3555 5270">
    <p class='ocr_par' dir='ltr' id='par_1_125' title="bbox 1953 5200 3555 5270">
     <span class='ocr_line' id='line_1_128' title="bbox 1953 5200 3555 5270; baseline -0.001 -12"><span class='ocrx_word' id='word_1_946' title='bbox 1953 5203 2056 5258; x_wconf 88' lang='lat' dir='ltr'><strong>Dei</strong></span> <span class='ocrx_word' id='word_1_947' title='bbox 2071 5218 2097 5270; x_wconf 85' lang='lat'><em>;</em></span> <span class='ocrx_word' id='word_1_948' title='bbox 2114 5203 2272 5255; x_wconf 87' lang='lat' dir='ltr'><strong>immo</strong></span> <span class='ocrx_word' id='word_1_949' title='bbox 2285 5205 2389 5254; x_wconf 85' lang='lat' dir='ltr'><strong>non</strong></span> <span class='ocrx_word' id='word_1_950' title='bbox 2401 5201 2571 5255; x_wconf 87' lang='lat' dir='ltr'><strong>solum</strong></span> <span class='ocrx_word' id='word_1_951' title='bbox 2581 5203 2806 5266; x_wconf 84' lang='lat' dir='ltr'><strong>amicus,</strong></span> <span class='ocrx_word' id='word_1_952' title='bbox 2821 5201 2914 5256; x_wconf 89' lang='lat' dir='ltr'><strong>sed</strong></span> <span class='ocrx_word' id='word_1_953' title='bbox 2927 5202 3090 5256; x_wconf 88' lang='lat' dir='ltr'><strong>etiam</strong></span> <span class='ocrx_word' id='word_1_954' title='bbox 3098 5200 3264 5270; x_wconf 83' lang='lat' dir='ltr'><strong>ﬁlius,</strong></span> <span class='ocrx_word' id='word_1_955' title='bbox 3291 5201 3427 5254; x_wconf 88' lang='lat' dir='ltr'><strong>sicut</strong></span> <span class='ocrx_word' id='word_1_956' title='bbox 3439 5202 3555 5268; x_wconf 87' lang='lat' dir='ltr'><strong>ipse</strong></span> 
     </span>
    </p>
   </div>
   <div class='ocr_carea' id='block_1_126' title="bbox 1952 5271 3553 5340">
    <p class='ocr_par' dir='ltr' id='par_1_126' title="bbox 1952 5271 3553 5340">
     <span class='ocr_line' id='line_1_129' title="bbox 1952 5271 3553 5340; baseline -0.001 -12"><span class='ocrx_word' id='word_1_957' title='bbox 1952 5273 2212 5328; x_wconf 86' lang='lat' dir='ltr'><strong>Dominus</strong></span> <span class='ocrx_word' id='word_1_958' title='bbox 2225 5271 2389 5326; x_wconf 86' lang='lat' dir='ltr'><strong>dicit:</strong></span> <span class='ocrx_word' id='word_1_959' title='bbox 2415 5271 2637 5340; x_wconf 83' lang='lat' dir='ltr'><strong>Diligite</strong></span> <span class='ocrx_word' id='word_1_960' title='bbox 2648 5273 2890 5328; x_wconf 86' lang='lat' dir='ltr'><strong>inimicos</strong></span> <span class='ocrx_word' id='word_1_961' title='bbox 2913 5275 3130 5334; x_wconf 88' lang='lat' dir='ltr'><strong>vestros,</strong></span> <span class='ocrx_word' id='word_1_962' title='bbox 3155 5271 3450 5337; x_wconf 88' lang='lat' dir='ltr'><strong>benefacite</strong></span> <span class='ocrx_word' id='word_1_963' title='bbox 3469 5271 3553 5326; x_wconf 89' lang='lat' dir='ltr'><strong>his</strong></span> 
     </span>
    </p>
   </div>
   <div class='ocr_carea' id='block_1_127' title="bbox 1953 5342 3550 5414">
    <p class='ocr_par' dir='ltr' id='par_1_127' title="bbox 1953 5342 3550 5414">
     <span class='ocr_line' id='line_1_130' title="bbox 1953 5342 3550 5414; baseline 0 -16"><span class='ocrx_word' id='word_1_964' title='bbox 1953 5345 2050 5414; x_wconf 85' lang='lat' dir='ltr'><strong>qui</strong></span> <span class='ocrx_word' id='word_1_965' title='bbox 2066 5342 2298 5414; x_wconf 86' lang='lat' dir='ltr'><strong>oderunt</strong></span> <span class='ocrx_word' id='word_1_966' title='bbox 2322 5356 2435 5414; x_wconf 90' lang='lat' dir='ltr'><strong>vos,</strong></span> <span class='ocrx_word' id='word_1_967' title='bbox 2461 5346 2524 5398; x_wconf 89' lang='lat' dir='ltr'><strong>ut</strong></span> <span class='ocrx_word' id='word_1_968' title='bbox 2541 5345 2664 5398; x_wconf 87' lang='lat' dir='ltr'><strong>sitis</strong></span> <span class='ocrx_word' id='word_1_969' title='bbox 2685 5343 2794 5411; x_wconf 78' lang='lat' dir='ltr'><strong>ﬁlii</strong></span> <span class='ocrx_word' id='word_1_970' title='bbox 2816 5345 2997 5399; x_wconf 83' lang='lat' dir='ltr'><strong>Patris</strong></span> <span class='ocrx_word' id='word_1_971' title='bbox 3011 5343 3194 5406; x_wconf 86' lang='lat' dir='ltr'><strong>vestri,</strong></span> <span class='ocrx_word' id='word_1_972' title='bbox 3223 5342 3396 5414; x_wconf 82' lang='lat' dir='ltr'><strong>quiin</strong></span> <span class='ocrx_word' id='word_1_973' title='bbox 3408 5342 3550 5398; x_wconf 58' lang='lat' dir='ltr'><strong>culis</strong></span> 
     </span>
    </p>
   </div>
   <div class='ocr_carea' id='block_1_128' title="bbox 1951 5412 3548 5486">
    <p class='ocr_par' dir='ltr' id='par_1_128' title="bbox 1951 5412 3548 5486">
     <span class='ocr_line' id='line_1_131' title="bbox 1951 5412 3548 5486; baseline -0.001 -16"><span class='ocrx_word' id='word_1_974' title='bbox 1951 5412 2030 5486; x_wconf 75' lang='lat' dir='ltr'><strong>est</strong></span> <span class='ocrx_word' id='word_1_975' title='bbox 2055 5412 2286 5486; x_wconf 85' lang='lat' dir='ltr'><strong>(Matth.</strong></span> <span class='ocrx_word' id='word_1_976' title='bbox 2316 5428 2356 5468; x_wconf 72' lang='grc' dir='ltr'><strong>ν</strong></span> <span class='ocrx_word' id='word_1_977' title='bbox 2369 5412 2409 5486; x_wconf 93' lang='grc'><strong>).</strong></span> <span class='ocrx_word' id='word_1_978' title='bbox 2453 5415 2518 5472; x_wconf 88' lang='lat' dir='ltr'><strong>Si</strong></span> <span class='ocrx_word' id='word_1_979' title='bbox 2535 5417 2587 5468; x_wconf 89' lang='lat' dir='ltr'><strong>te</strong></span> <span class='ocrx_word' id='word_1_980' title='bbox 2608 5414 2809 5484; x_wconf 84' lang='lat' dir='ltr'><strong>aliquis</strong></span> <span class='ocrx_word' id='word_1_981' title='bbox 2837 5415 2988 5468; x_wconf 91' lang='lat' dir='ltr'><strong>homo</strong></span> <span class='ocrx_word' id='word_1_982' title='bbox 3009 5413 3154 5486; x_wconf 83' lang='lat' dir='ltr'><strong>dives</strong></span> <span class='ocrx_word' id='word_1_983' title='bbox 3178 5415 3235 5468; x_wconf 87' lang='lat' dir='ltr'><strong>in</strong></span> <span class='ocrx_word' id='word_1_984' title='bbox 3249 5413 3345 5468; x_wconf 90' lang='lat' dir='ltr'><strong>hoc</strong></span> <span class='ocrx_word' id='word_1_985' title='bbox 3357 5413 3548 5468; x_wconf 62' lang='lat' dir='ltr'><strong>saeculo</strong></span> 
     </span>
    </p>
   </div>
   <div class='ocr_carea' id='block_1_129' title="bbox 1949 5484 3548 5556">
    <p class='ocr_par' dir='ltr' id='par_1_129' title="bbox 1949 5484 3548 5556">
     <span class='ocr_line' id='line_1_132' title="bbox 1949 5484 3548 5556; baseline 0.001 -16"><span class='ocrx_word' id='word_1_986' title='bbox 1949 5484 2104 5540; x_wconf 85' lang='lat' dir='ltr'><strong>vellet</strong></span> <span class='ocrx_word' id='word_1_987' title='bbox 2125 5484 2442 5555; x_wconf 85' lang='lat' dir='ltr'><strong>adoptivum</strong></span> <span class='ocrx_word' id='word_1_988' title='bbox 2452 5487 2625 5556; x_wconf 81' lang='lat' dir='ltr'><strong>ﬁlium</strong></span> <span class='ocrx_word' id='word_1_989' title='bbox 2653 5486 2851 5555; x_wconf 89' lang='lat' dir='ltr'><strong>facere,</strong></span> <span class='ocrx_word' id='word_1_990' title='bbox 2869 5484 3128 5554; x_wconf 85' lang='lat' dir='ltr'><strong>quomodo</strong></span> <span class='ocrx_word' id='word_1_991' title='bbox 3138 5485 3390 5556; x_wconf 76' lang='lat' dir='ltr'><strong>servires,</strong></span> <span class='ocrx_word' id='word_1_992' title='bbox 3411 5498 3548 5555; x_wconf 83' lang='lat' dir='ltr'><strong>quas</strong></span> 
     </span>
    </p>
   </div>
   <div class='ocr_carea' id='block_1_130' title="bbox 1951 5553 3548 5626">
    <p class='ocr_par' dir='ltr' id='par_1_130' title="bbox 1951 5553 3548 5626">
     <span class='ocr_line' id='line_1_133' title="bbox 1951 5553 3548 5626; baseline 0.001 -16"><span class='ocrx_word' id='word_1_993' title='bbox 1951 5557 2002 5610; x_wconf 89' lang='lat' dir='ltr'><strong>ei</strong></span> <span class='ocrx_word' id='word_1_994' title='bbox 2017 5553 2302 5624; x_wconf 75' lang='lat' dir='ltr'><strong>dignitates</strong></span> <span class='ocrx_word' id='word_1_995' title='bbox 2321 5553 2653 5626; x_wconf 83' lang='lat' dir='ltr'><strong>impenderes</strong></span> <span class='ocrx_word' id='word_1_996' title='bbox 2672 5559 2758 5624; x_wconf 89' lang='lat' dir='ltr'><strong>;et</strong></span> <span class='ocrx_word' id='word_1_997' title='bbox 2780 5553 3072 5618; x_wconf 74' lang='lat' dir='ltr'><strong>servorum,</strong></span> <span class='ocrx_word' id='word_1_998' title='bbox 3096 5553 3314 5624; x_wconf 88' lang='lat' dir='ltr'><strong>ejusque</strong></span> <span class='ocrx_word' id='word_1_999' title='bbox 3329 5553 3548 5612; x_wconf 75' lang='lat' dir='ltr'><strong>servitia</strong></span> 
     </span>
    </p>
   </div>
   <div class='ocr_carea' id='block_1_131' title="bbox 1950 5626 3548 5698">
    <p class='ocr_par' dir='ltr' id='par_1_131' title="bbox 1950 5626 3548 5698">
     <span class='ocr_line' id='line_1_134' title="bbox 1950 5626 3548 5698; baseline 0.001 -17"><span class='ocrx_word' id='word_1_1000' title='bbox 1950 5626 2268 5690; x_wconf 85' lang='lat' dir='ltr'><strong>durissima,</strong></span> <span class='ocrx_word' id='word_1_1001' title='bbox 2296 5631 2346 5682; x_wconf 86' lang='lat' dir='ltr'><strong>et</strong></span> <span class='ocrx_word' id='word_1_1002' title='bbox 2378 5627 2672 5698; x_wconf 86' lang='lat' dir='ltr'><strong>aliquando</strong></span> <span class='ocrx_word' id='word_1_1003' title='bbox 2700 5629 2860 5691; x_wconf 86' lang='lat' dir='ltr'><strong>etiam</strong></span> <span class='ocrx_word' id='word_1_1004' title='bbox 2905 5627 3222 5698; x_wconf 82' lang='lat' dir='ltr'><strong>turpissima</strong></span> <span class='ocrx_word' id='word_1_1005' title='bbox 3261 5629 3548 5682; x_wconf 86' lang='lat' dir='ltr'><strong>sustineres</strong></span> 
     </span>
    </p>
   </div>
   <div class='ocr_carea' id='block_1_132' title="bbox 1950 5695 3551 5770">
    <p class='ocr_par' dir='ltr' id='par_1_132' title="bbox 1950 5695 3551 5770">
     <span class='ocr_line' id='line_1_135' title="bbox 1950 5695 3551 5770; baseline -0.002 -17"><span class='ocrx_word' id='word_1_1006' title='bbox 1950 5699 2204 5762; x_wconf 88' lang='lat' dir='ltr'><strong>convicia,</strong></span> <span class='ocrx_word' id='word_1_1007' title='bbox 2233 5701 2298 5752; x_wconf 86' lang='lat' dir='ltr'><strong>ut</strong></span> <span class='ocrx_word' id='word_1_1008' title='bbox 2322 5697 2396 5752; x_wconf 89' lang='lat' dir='ltr'><strong>ad</strong></span> <span class='ocrx_word' id='word_1_1009' title='bbox 2422 5695 2677 5770; x_wconf 76' lang='lat' dir='ltr'><strong>caducam</strong></span> <span class='ocrx_word' id='word_1_1010' title='bbox 2701 5703 2752 5754; x_wconf 90' lang='lat' dir='ltr'><strong>et</strong></span> <span class='ocrx_word' id='word_1_1011' title='bbox 2771 5695 3030 5768; x_wconf 78' lang='lat' dir='ltr'><strong>fragilem</strong></span> <span class='ocrx_word' id='word_1_1012' title='bbox 3053 5696 3170 5770; x_wconf 86' lang='lat' dir='ltr'><strong>ejus</strong></span> <span class='ocrx_word' id='word_1_1013' title='bbox 3185 5698 3551 5754; x_wconf 76' lang='lat' dir='ltr'><strong>hwreditatem</strong></span> 
     </span>
    </p>
   </div>
   <div class='ocr_carea' id='block_1_133' title="bbox 1915 5769 3550 5842">
    <p class='ocr_par' dir='ltr' id='par_1_133' title="bbox 1915 5769 3550 5842">
     <span class='ocr_line' id='line_1_136' title="bbox 1915 5769 3550 5842; baseline -0.003 -17"><span class='ocrx_word' id='word_1_1014' title='bbox 1915 5772 2247 5840; x_wconf 50' lang='lat' dir='ltr'><strong>\pervenires</strong></span> <span class='ocrx_word' id='word_1_1015' title='bbox 2261 5771 2290 5824; x_wconf 81' lang='lat'><strong><em>?</em></strong></span> <span class='ocrx_word' id='word_1_1016' title='bbox 2301 5769 2450 5838; x_wconf 84' lang='lat' dir='ltr'><strong>Quod</strong></span> <span class='ocrx_word' id='word_1_1017' title='bbox 2471 5786 2597 5840; x_wconf 89' lang='lat' dir='ltr'><strong>ergo</strong></span> <span class='ocrx_word' id='word_1_1018' title='bbox 2615 5771 2706 5826; x_wconf 83' lang='lat' dir='ltr'><strong>ille</strong></span> <span class='ocrx_word' id='word_1_1019' title='bbox 2717 5771 2948 5825; x_wconf 85' lang='lat' dir='ltr'><strong>sustinet</strong></span> <span class='ocrx_word' id='word_1_1020' title='bbox 2954 5769 3176 5842; x_wconf 83' lang='lat' dir='ltr'><strong>propter</strong></span> <span class='ocrx_word' id='word_1_1021' title='bbox 3194 5771 3550 5826; x_wconf 84' lang='lat' dir='ltr'><strong>substantiam</strong></span> 
     </span>
    </p>
   </div>
   <div class='ocr_carea' id='block_1_134' title="bbox 1952 5843 3266 5914">
    <p class='ocr_par' dir='ltr' id='par_1_134' title="bbox 1952 5843 3266 5914">
     <span class='ocr_line' id='line_1_137' title="bbox 1952 5843 3266 5914; baseline -0.002 -18"><span class='ocrx_word' id='word_1_1022' title='bbox 1952 5845 2240 5906; x_wconf 81' lang='lat' dir='ltr'><strong>terrenam,</strong></span> <span class='ocrx_word' id='word_1_1023' title='bbox 2271 5845 2333 5896; x_wconf 87' lang='lat' dir='ltr'><strong>tu</strong></span> <span class='ocrx_word' id='word_1_1024' title='bbox 2353 5844 2553 5898; x_wconf 86' lang='lat' dir='ltr'><strong>sustine</strong></span> <span class='ocrx_word' id='word_1_1025' title='bbox 2558 5845 2784 5914; x_wconf 85' lang='lat' dir='ltr'><strong>propter</strong></span> <span class='ocrx_word' id='word_1_1026' title='bbox 2801 5843 2971 5898; x_wconf 86' lang='lat' dir='ltr'><strong>vitam</strong></span> <span class='ocrx_word' id='word_1_1027' title='bbox 2989 5846 3266 5898; x_wconf 70' lang='lat' dir='ltr'><strong>(sternam.</strong></span> 
     </span>
    </p>
   </div>
  </div>
