4034 6212
397 221 503 281 859
1484 214 1770 272 JOANNIS
1805 214 2112 273 CASSIANI
2148 214 2636 274 COLLATIONES.
3618 218 3729 275 860

399 360 558 401 suum
604 344 744 400 oriri
762 340 902 411 facit
926 356 1089 412 super
1109 340 1264 397 bonos
1284 342 1337 393 et
1363 337 1554 406 malos,
1588 342 1642 394 et
1679 340 1828 409 ptuit
1870 356 2030 412 super
2054 340 2231 409 Aloco
2264 339 2558 414 praedictus
2597 339 2900 414 Apostolus
2945 353 3016 406 ne
3054 338 3195 395 orari
3223 337 3449 411 quidem
3499 338 3726 412 debere,

386 439 565 510 justas
596 442 646 494 et
672 437 901 507 injustos
932 435 1159 507 (Matth.
1189 436 1287 502 v).
1321 431 1502 502 Quem
1530 430 1792 490 alfectum
1821 433 2012 493 beatus
2115 435 2430 509 pronuntiat
2462 456 2475 492 :
2509 436 2615 505 Qui
2640 439 2760 501 scit,
2787 433 3051 507 inquiens,
3075 436 3311 501 fratrem
3330 447 3497 489 suum
3504 449 3730 505 peccare

397 538 639 592 Joannes
670 538 980 589 assecutum
1003 544 1063 584 se
1091 542 1209 585 esse
1235 541 1592 599 cognoscens,
1622 528 1741 584 ait:
1769 530 1835 585 Ut
1861 531 2010 602 ﬁdu-

402 633 542 686 ciam
572 628 867 682 haheamus
895 627 955 679 in
973 624 1062 679 die
1075 624 1304 693 judicii,
1335 626 1466 693 quia
1505 626 1643 679 sicut
1663 632 1690 659 ι
1717 626 1806 680 ille
1824 630 1923 690 est,
1965 632 2018 683 et

398 736 493 775 nos
522 733 707 774 sumus
739 720 798 771 in
821 717 915 772 hoc
941 715 1142 771 mundo
1159 714 1211 787 (Ι
1226 718 1380 771 Joan.
1412 730 1475 771 tv
1490 714 1531 787 ).
1556 717 1621 771 In
1635 732 1744 788 quo
1760 717 1912 773 enim
1929 716 2012 775 in-

397 812 558 869 ﬁrma
587 818 643 865 et
660 808 869 880 fragilis
892 808 1134 865 humana
1179 816 1374 865 natura
1424 823 1563 878 esse,
1613 808 1755 865 sicut
1780 809 1869 867 ille
1910 818 2011 878 est,

400 911 602 979 potest,
626 902 727 959 nisi
755 917 813 959 se
841 902 897 958 in
918 901 1094 958 bonos
1119 909 1173 958 et
1200 901 1404 971 malos,
1437 902 1622 975 justos
1654 911 1712 959 et
1754 903 2010 977 injustas,

401 996 473 1054 ad
496 996 858 1052 imitationem
891 996 1015 1063 Dei,
1040 995 1251 1067 placida
1268 1010 1485 1069 semper
1504 996 1587 1052 sui
1617 996 1800 1055 cordis
1824 1007 2014 1056 exten-

401 1090 541 1149 derit
566 1089 866 1147 charitate?
895 1092 979 1147 Ut
996 1090 1204 1147 bonum
1237 1098 1459 1162 propter
1486 1090 1615 1147 boni
1667 1092 1838 1164 ipsius
1884 1108 2013 1166 ope-

402 1194 558 1243 retur
584 1184 866 1252 affectum,
892 1184 1219 1257 perveniens
1237 1183 1308 1241 ad
1341 1184 1495 1241 illam
1517 1200 1703 1243 veram
1754 1186 2015 1260 adoptio-

401 1294 528 1335 nem
559 1278 798 1335 ﬁliorum
828 1278 953 1346 Dei,
979 1278 1046 1335 de
1067 1294 1174 1351 qua
1214 1278 1360 1336 idem
1387 1279 1581 1337 beatus
1610 1282 1910 1353 Apostolus
1937 1281 2012 1339 ita

404 1373 725 1446 pronuntiat
752 1392 765 1426 :
798 1366 825 1404 ¹³
855 1374 1039 1430 Omnis
1089 1375 1187 1443 qui
1210 1377 1371 1429 natus
1395 1378 1559 1430 estea:
1581 1379 1705 1438 Deo,
1736 1380 2013 1445 peccatum

402 1482 508 1521 non
530 1468 685 1533 facit,
720 1468 854 1536 quia
876 1482 1053 1523 semen
1086 1469 1255 1537 ipsius
1281 1470 1339 1521 in
1382 1483 1438 1523 eo
1477 1472 1575 1531 est,
1626 1472 1676 1523 et
1699 1483 1807 1523 non
1838 1473 2015 1539 potest

399 1576 641 1630 peccare,
670 1563 925 1630 quoniam
945 1577 1013 1616 ea:
1036 1565 1141 1617 Deo
1166 1567 1328 1617 natus
1366 1566 1442 1618 est
1470 1564 1526 1629 (Ι
1568 1565 1721 1618 Joan.
1783 1568 1908 1633 ιιι).
1945 1565 2017 1619 Et

408 1654 608 1709 iterum
636 1672 649 1707 :
676 1654 881 1709 Scimus
900 1656 1032 1723 quia
1060 1657 1230 1709 omnis
1251 1657 1349 1725 qui
1376 1660 1541 1711 natus
1569 1659 1730 1711 estea:
1755 1660 1881 1720 Deo,
1909 1672 2016 1712 non

2111 535 2396 603 peccatum
2412 546 2516 586 non
2547 529 2623 587 ad
2642 534 2886 594 mortem,
2906 532 3079 601 petat,
3108 532 3161 583 et
3174 527 3465 582 dabiturei
3475 530 3731 600 eitapec-

2121 625 2268 680 carui
2290 639 2397 679 non
2417 624 2492 679 ad
2516 627 2760 679 mortem.
2785 609 2815 654 δ
2841 625 2940 678 Est
2952 624 3227 691 peccatum
3259 620 3335 674 ad
3359 623 3730 684 mortem,non

2114 732 2218 788 pro
2243 717 2337 772 illo
2372 716 2489 773 dwo
2513 720 2575 772 ut
2598 719 2744 786 roget
2766 715 2889 786 quis
2919 713 3087 786 (Ibid.
3108 712 3147 781 ).
3200 712 3481 768 Gestarum
3519 712 3586 769 de
3613 714 3729 772 illis

2122 824 2246 882 quas
2273 808 2697 883 pronuntiantur
2724 823 2841 865 non
2866 821 2985 864 esse
3025 804 3096 863 ad
3132 813 3396 873 mortem,
3437 820 3470 861 a
3526 806 3731 879 quibus

2121 903 2284 961 etiam
2309 900 2368 960 hi
2397 902 2488 976 qui
2513 901 2746 960 ﬁdeliter
2774 899 2988 959 Christo
3012 898 3355 968 deserviunt,
3381 900 3734 972 quantalibet

2119 995 2444 1068 semetipsos
2504 994 2990 1067 circumspectione
3047 990 3373 1061 custodiant,
3439 995 3735 1053 immunes

2120 1103 2239 1147 esse
2265 1103 2379 1145 non
2403 1095 2651 1160 possunt,
2680 1087 2756 1143 ita
2774 1086 2974 1144 dicitur
3000 1108 3014 1143 :
3046 1086 3112 1141 Si
3142 1085 3437 1141 dixerimus
3463 1089 3737 1157 quoniam

2115 1186 2395 1254 peccatum
2420 1197 2526 1238 non
2546 1183 2818 1246 habemus,
2839 1182 2949 1252 ipsi
2963 1195 3057 1236 nos
3074 1180 3400 1243 seducimus,
3447 1185 3505 1265 et
3528 1183 3735 1238 veritas

2118 1280 2178 1333 in
2204 1278 2354 1334 nobis
2385 1293 2491 1333 non
2510 1281 2587 1334 est
2608 1276 2667 1349 (1
2686 1279 2836 1333 Joan.
2867 1276 2946 1348 ι).
2997 1277 3071 1331 Et
3089 1274 3286 1331 iterum
3303 1293 3322 1328 :
3344 1275 3409 1332 Si
3426 1274 3731 1333 dixerimus

2120 1373 2253 1441 quia
2271 1386 2378 1426 non
2389 1372 2747 1441 peccavimus,
2780 1368 3083 1425 mendacem
3097 1369 3335 1436 facimus
3359 1384 3507 1432 eum,
3538 1374 3589 1424 et
3610 1384 3727 1424 uer-

2124 1465 2248 1521 bum
2264 1466 2377 1536 ejus
2404 1481 2511 1520 non
2532 1469 2610 1521 est
2636 1466 2699 1520 in
2726 1465 2879 1520 nobis
2909 1463 3133 1535 (Ibid.).
3177 1462 3525 1535 lmpossibilc
3562 1479 3731 1521 nam-

2119 1573 2227 1631 que
2241 1564 2325 1614 est
2349 1557 2650 1631 quemlibet
2667 1564 2986 1614 sanctorum
3003 1571 3115 1612 non
3134 1555 3191 1611 in
3209 1555 3332 1613 istis
3355 1556 3579 1612 minutis
3597 1571 3727 1629 qua:

2121 1666 2565 1725 persermonem,
2594 1667 2689 1724 per
2738 1644 3149 1724 cogitationem,
3193 1665 3292 1723 per
3338 1651 3727 1723 ignorantiam,

399 1751 602 1817 peccat,
629 1747 722 1802 sed
747 1749 1015 1815 generatio
1035 1750 1134 1803 Dei
1172 1754 1446 1804 conservat
1484 1766 1622 1814 eum,
1644 1754 1695 1806 et
1737 1751 2011 1821 malignus
2044 1766 2092 1828 Β
2122 1761 2220 1819 per
2260 1744 2607 1815 oblivionem,
2655 1761 2752 1818 per
2791 1744 3192 1814 necessitatem,
3219 1761 3317 1818 per
3366 1746 3727 1814 voluntatem,

404 1858 510 1897 non
539 1844 717 1910 tangit
762 1858 882 1897 eum
901 1844 956 1910 (Ι
984 1845 1137 1898 Joan.
1171 1844 1254 1911 v).
1305 1842 1464 1913 Quod
1493 1842 1900 1917 intelligendum
1932 1850 2018 1900 est

2121 1857 2217 1914 per
2239 1840 2617 1914 obreptionem
2643 1839 3025 1912 admittuntur,
3082 1842 3379 1899 incurrere.
3415 1843 3550 1912 Quae
3593 1841 3731 1899 licet

404 1950 519 1991 non
552 1933 620 1990 de
648 1934 802 1990 omni
829 1950 1025 2008 genere
1065 1944 1437 2008 peccatorum,
1472 1937 1570 1994 sed
1596 1945 1617 1969 °
1655 1936 1724 1993 de
1761 1935 2016 2010 capitali-
2122 1934 2192 1992 ab
2221 1933 2311 1992 illo
2336 1943 2580 2008 peccato,
2601 1934 2750 2008 quod
2764 1935 2836 1993 ad
2880 1943 3121 1993 mortem
3145 1950 3263 1993 esse
3300 1935 3519 2004 dicitur,
3547 1935 3733 1992 aliena

403 2026 511 2084 bus
540 2035 757 2084 tantum
780 2029 1105 2087 criminibus
1152 2030 1275 2087 dici.
1329 2032 1380 2085 A
1428 2031 1631 2103 quibus
1664 2046 1723 2087 se
1772 2031 2019 2103 quisquis
2123 2028 2253 2098 sint,
2279 2030 2437 2102 culpa
2466 2037 2651 2088 tamen
2673 2045 2737 2088 ac
2764 2029 3192 2103 reprehensione
3226 2045 3415 2088 carere
3441 2046 3559 2087 non
3599 2046 3733 2104 pos-

400 2117 715 2178 abstrabere
744 2130 906 2195 atque
923 2122 1228 2180 emundare
1266 2122 1526 2194 noluerit,
1569 2138 1670 2196 pro
1699 2122 1792 2180 illo
1822 2123 1883 2180 in
1907 2122 2017 2181 alio
2125 2131 2277 2181 sunt.
2301 2123 2442 2181 Cum
2469 2138 2600 2197 ergo
2629 2123 2752 2197 quis
2779 2123 2928 2182 hunc
2951 2140 3119 2198 quem
3137 2123 3495 2198 praediximus
3513 2124 3734 2183 bonita-

1504 2300 1764 2356 ALABDI
1801 2301 2028 2356 GAZAEI
2066 2299 2625 2357 COMMENTARIUS.

2123 2464 2279 2505 suum
2302 2464 2522 2519 peccare
2542 2463 2649 2503 non
2673 2447 2747 2503 ad
2769 2451 3013 2510 mortem,
3030 2450 3202 2518 petat,
3228 2453 3280 2519 et
3303 2448 3533 2503 dabitur
3551 2451 3602 2503 ei
3618 2450 3733 2504 vita

2118 2518 2369 2590 peccanti
2388 2536 2492 2590 non
2514 2520 2586 2574 ad
2604 2523 2845 2581 mortem
2877 2520 3018 2574 Nam
3048 2518 3326 2590 venialiter
3355 2534 3590 2589 peccans
3618 2536 3732 2577 non

2127 2589 2334 2646 amittit
2356 2589 2523 2646 vitam
2550 2589 2771 2671 anima},
2794 2604 2927 2671 quae.
2948 2590 3007 2644 in
3031 2589 3291 2715 gratiast
3316 2590 3584 2645 charitate
3602 2606 3732 2646 cono

2127 2661 2294 2715 sistit:
2324 2676 2435 2715 non
2460 2668 2637 2715 potest
2672 2667 2836 2715 luitur
2880 2675 2930 2715 et
2966 2675 3028 2715 re
3066 2659 3123 2715 ἀι
3174 2667 3282 2715 Vita
3330 2676 3499 2715 uuam
3547 2660 3729 2715 habet-

2125 2661 2299 2733 sistit;
2324 2676 2435 2717 non
2460 2668 2637 2733 potest
2672 2659 2836 2733 igitur
2880 2660 2930 2716 ei
2966 2659 3123 2716 reddi
3174 2660 3282 2733 vita
3330 2676 3499 2733 quam
3547 2660 3729 2718 habet.

2125 2731 2340 2788 Deinde
2379 2730 2613 2788 Ecclesia
2656 2730 2868 2788 assidue
2902 2739 3024 2786 orat
3052 2746 3150 2802 pro
3196 2730 3281 2786 his
3331 2730 3425 2802 ciui
3466 2732 3734 2790 lethaliter

473 2448 499 2477 ³
529 2446 588 2502 S.
609 2445 853 2503 Thomas
881 2447 936 2502 in
962 2448 1406 2505 Commentario:
1439 2451 1588 2506 Sicut
1607 2451 1699 2504 ille
1718 2453 1798 2504 est
1838 2450 2016 2504 chari-

406 2521 533 2590 tate
542 2518 754 2590 plenus,
793 2523 1003 2573 sanctus
1028 2525 1077 2575 et
1086 2520 1271 2590 justus
1295 2540 1311 2587 ;
1339 2523 1419 2575 ita
1443 2526 1492 2575 et
1511 2537 1605 2577 nos
1620 2535 1824 2588 sumus,
1855 2520 2014 2575 utdi-

407 2589 481 2641 cit
506 2588 693 2662 Glossa
712 2588 1099 2662 inter-linearis;
1128 2593 1232 2647 Ubi
1246 2591 1384 2647 sicut
1401 2609 1505 2647 non
1519 2593 1901 2662 cequalitatem,
1926 2591 2019 2646 sed

411 2659 706 2734 quamdam
728 2661 1146 2716 similitudinem
1196 2662 1348 2718 dicit.
1382 2667 1453 2720 Et
1475 2659 1735 2734 per—hanc
1761 2663 2018 2733 ﬁduciam

410 2731 692 2803 imitamur
697 2734 1083 2801 perfectionem
1101 2734 1403 2790 dilectionis
1414 2736 1463 2803 ej
1467 2731 1530 2790 us
1543 2738 1602 2789 in
1619 2731 1838 2797 mundo,
1854 2749 2020 2789 aman

411 2801 691 2876 do_amicos
715 2808 766 2858 et
796 2806 1054 2869 inimicos,
1094 2808 1232 2861 sicut
1269 2806 1361 2861 ille
1390 2801 1539 2876 pluit
1566 2822 1727 2876 super
1755 2806 1934 2874 justas
1966 2809 2019 2860 et

410 2872 664 2942 injustas.

476 2946 502 2979 ³³
541 2945 707 3000 Varia
756 2951 809 2999 et
848 2943 1136 3015 multiplex
1193 2944 1663 3015 expositioihujus
1706 2943 2012 3015 sententiae.

405 3015 591 3071 Prima
631 3034 644 3071 :
677 3015 870 3071 Omnis
898 3014 989 3084 qui
1009 3011 1171 3070 natus
1191 3011 1416 3086 est—Deo
1439 3014 1494 3068 id
1541 3011 1644 3077 est,
1686 3028 1783 3085 per
1837 3011 2013 3086 bapti-

408 3101 592 3143 smum
616 3095 838 3142 renatus
861 3101 927 3140 ex
956 3100 1097 3155 aqua
1121 3094 1174 3140 et
1202 3084 1403 3155 Spiritu
1425 3089 1669 3151 sancto),
1690 3084 1759 3140 ut
1782 3084 1931 3155 talis,
1962 3093 2018 3142 et

410 3166 679 3227 quatenus
701 3173 763 3212 ex
799 3158 912 3210 Deo
939 3153 1576 3227 natushest,‘peccatum
1614 3170 1725 3210 non
1774 3153 1919 3225 facit,
1967 3161 2018 3213 et

406 3224 515 3284 non
559 3232 733 3297 potest
760 3241 998 3299 peccare,
1047 3224 1250 3283 scilicet
1272 3224 1539 3283 lethaliter
1575 3227 1824 3299 (Hieron.
1854 3228 2011 3299 l.)_n

408 3301 467 3352 in
493 3296 725 3365 Joein.).
760 3296 1003 3370 Secunda
1026 3315 1047 3370 _:
1097 3300 1222 3355 Non
1238 3306 1415 3370 potest
1461 3296 1705 3370 peccare,
1750 3297 2018 3370 quamdiu

408 3383 597 3453 semen
625 3370 725 3425 Dei
757 3369 844 3453 (id
869 3377 972 3437 est,
993 3367 1343 3453 charitas'per
1361 3367 1631 3453 Spiritum
1659 3367 2017 3453 sanctumin-

409 3436 559 3514 fusa)
595 3436 778 3496 manet
800 3441 857 3496 in
897 3456 981 3496 eo.
1016 3436 1294 3514 Quamdiu
1341 3436 1488 3497 enim
1527 3442 1652 3514 quis
1696 3440 2018 3498 charitatem

410 3506 595 3584 habet,
634 3525 745 3584 non
773 3518 960 3580 peccat
986 3506 1311 3584 mortalitcr,
1338 3527 1513 3582 neque
1542 3506 1765 3582 peccare
1793 3518 1973 3584 potest
1999 3531 2012 3567 :

406 3576 500 3629 sed
521 3575 789 3653 absolute
810 3588 1008 3646 potest,
1039 3589 1093 3653 et
1142 3575 1466 3636 charitatem
1513 3575 1810 3647 a'mittere,’
1837 3584 2014 3638 immo

410 3652 464 3718 et
488 3643 739 3718 abjicere,
771 3643 826 3700 et
863 3648 1168 3718 mortaliter
1192 3665 1431 3718 peccare;
1475 3653 1740 3718 (August.
1776 3643 1940 3707 tract.
1980 3659 2015 3707 5

2124 2809 2461 2874 pecc_ant_,_ut
2486 2801 2739 2874 Christus
2788 2818 2887 2874 pro
2909 2801 3374 2874 Acruciﬁxoribus’,
3423 2802 3730 2874 Stephanus

2124 2871 2224 2945 pro
2252 2871 2646 2945 lapidantibus:
2680 2881 2736 2928 et
2758 2871 3028 2945 Dominus
3079 2873 3194 2944 ipse
3229 2873 3480 2945 przecepit
3513 2871 3729 2932 EOrate

2117 2959 2222 3014 pro
2238 2944 2676 3016 persequentibus
2695 2949 2747 2999 et
2769 2944 3342 3016 calumniantibus’vos
3369 2944 3598 3016 (Matth.
3626 2961 3665 3000 v
3682 2953 3724 3011 ).

2125 3016 2251 3097 _Non
2280 3014 2442 3097 igitur
2467 3014 2614 3097 idem
2638 3023 2721 3097 est
2734 3023 3024 3097 peccatum
3051 3014 3121 3071 ad
3142 3014 3393 3097 mortem
3432 3032 3509 3097 _ac
3547 3032 3732 3089 pecca-

2124 3092 2244 3142 tum
2283 3085 2535 3154 mortale,
2562 3085 2995 3161 ut_distinguitu_r
3032 3095 3221 3141 contra
3272 3087 3509 3161 veniale;
3549 3085 3731 3161 itaque

2125 3161 2415 3228 peccatum
2437 3172 2550 3213 non
2570 3154 2640 3228 ad
2662 3154 2899 3228 mortem
2924 3156 3069 3213 idem
3106 3172 3170 3212 ac
3192 3158 3403 3213 veniale
3435 3178 3451 3214 :
3483 3158 3581 3214 sed
3599 3154 3733 3217 inter

2124 3235 2347 3355 geccata
2389 3227 2643 3284 mortalia
2696 3227 2977 3299 quoddam
3017 3243 3189 3301 genus
3229 3230 3435 3299 peccati
3476 3245 3729 3301 queren-

2164 3315 2257 3355 um
2281 3305 2384 3355 est.
2404 3298 2551 3355 quod
2571 3299 2807 3355 Joannes
2832 3306 2992 3355 vocat
3033 3308 3319 3355 peccatum
3357 3300 3430 3355 ad
3470 3310 3727 3355 mortem.

2164 3315 2257 3371 um
2281 3305 2384 3371 est,
2404 3298 2551 3371 quod
2571 3298 2807 3355 Joannes
2832 3306 2992 3371 vocat
3023 3298 3319 3371 peccatum
3357 3300 3449 3371 ad,
3470 3298 3727 3369 mortem,

2125 3378 2182 3443 et
2200 3369 2485 3443 distinguit
2500 3386 2531 3425 a
2552 3378 2773 3441 peccato
2796 3386 2907 3426 non
2922 3370 2993 3443 ad
3019 3369 3276 3443 mortem.
3296 3370 3587 3442 Quodnam
3603 3388 3728 3429 rm

2126 3440 2264 3498 illud
2280 3440 2588 3514 sit,'a_dhuc_
2613 3441 3053 3514 controvertitur.
3099 3442 3280 3514 Graeci
3322 3440 3609 3514 peccatum
3663 3443 3730 3500 ad

2125 3520 2364 3568 mortem
2421 3511 2728 3586 intelligunt
2776 3513 3072 3586 avncmalav
3130 3512 3184 3570 id
3232 3511 3346 3586 est;
3401 3513 3726 3586 injuriarum

2125 3588 2375 3656 tenacem
2404 3582 2730 3656 memoriam
2756 3582 2810 3638 et
2834 3583 3166 3656 obstinatam
3194 3582 3728 3656 vindictaz'cupidita

2121 3658 2255 3707 tem.
2297 3654 2380 3707 Ita
2421 3652 2818 3725 OEcumenius.
2858 3654 2969 3725 Alii
3023 3664 3302 3725 peccatum
3350 3655 3405 3710 in
3451 3652 3726 3725 Spiritum

409 3717 471 3809 in
494 3718 597 3809 Ep.
618 3716 782 3809 χ,Ιοαῖῖξ
804 3718 844 3784 ).
875 3715 1163 3809 ’ξςιηξεικιλ
1192 3715 1502 3809 BLernardi‘.
1532 3715 1736 3809 (Serm.
1767 3726 1788 3775 1
1805 3722 1890 3809 με
1916 3723 2017 3809 se:
2047 3746 2092 3809 ρ
2126 3730 2398 3809 sanctum,
2430 3722 2944 3809 praesertimagnitge
2968 3715 3719 3809 vejﬁtatisjmpugqaiiopem,

403 3790 597 3867 ptuag.
618 3787 636 3854 )
661 3804 689 3867 :_
706 3790 823 3867 Non
842 3793 1046 3867 peccat,
1073 3788 1387 3867 inquit,qui
1401 3787 1562 3867 natus
1590 3796 1669 3867 est
1704 3806 1771 3845 ea:
1800 3795 1924 3867 Deo,
1956 3793 2017 3847 id
2048 3787 2092 3809 ν
2125 3807 2189 3867 ac
2216 3787 2471 3867 fraternae
2500 3787 3173 3867 charitatis‘invidentiam.
3206 3799 3279 3851 De
3291 3787 3400 3867 qud
3413 3787 3721 3867 Dominus,

407 3864 507 3922 est,
533 3859 953 3928 prwdestinatus
971 3876 1075 3916 non
1098 3859 1376 3931 permanet
1393 3863 1454 3916 in
1468 3864 1704 3931 peccato,
1721 3864 1858 3931 quia
1876 3866 2015 3918 Deus

402 3936 706 4000 praeservat
723 3947 862 3998 eum,
893 3937 956 3987 ut
976 3936 1155 4002 perire
1170 3950 1275 3988 non
1290 3937 1464 4003 possit
1501 3949 1563 3986 ea
1590 3948 1710 4003 quae
1744 3934 1877 4000 falli
1913 3950 2019 3990 non

403 4006 601 4075 potest,
630 4005 899 4071 generatio
914 4004 1155 4075 ccelestis,
1186 4006 1248 4060 id
1272 4009 1369 4068 est,
1390 4004 1799 4075 praedestinatio
1822 4008 1941 4062 Dei.

482 4076 501 4099 ‘
535 4073 603 4149 _ld
643 4082 748 4149 ﬁt,
773 4074 1153 4149 mortalibus;
1174 4073 1481 4149 quormddo
1528 4079 1621 4149 D._
1650 4075 2020 4149 Hieronymus

419 4151 477 4200 et
514 4145 853 4217 Augustinus
898 4145 1224 4203 sententiam
1253 4147 1405 4204 illam
1429 4146 1652 4203 Joannis
1714 4145 2014 4217 exponunt.

410 4216 584 4288 Porro
611 4216 829 4286 peccata
857 4218 1106 4288 capitalia
1129 4218 1344 4276 duobus
1387 4219 1564 4275 modis
1592 4218 1719 4280 dici.
1759 4216 1883 4275 alibi
1916 4236 2018 4277 no-

409 4284 646 4361 tavimus
661 4302 728 4340 ex
750 4288 803 4342 S.
823 4284 1034 4361 Thdma
1068 4290 1213 4361 (l-2,
1242 4306 1295 4359 q.
1325 4294 1417 4356 85,
1440 4306 1494 4361 a.
1515 4290 1599 4361 3).
1631 4289 1841 4346 Dicitur
1871 4291 2019 4347 enim

408 4354 635 4430 capitale
664 4371 775 4409 uno
803 4356 971 4411 modo
1000 4373 1031 4411 a
1062 4354 1484 4430 capite-proprie
1520 4354 1687 4428 dicto,
1734 4368 1789 4415 et
1820 4376 2019 4418 secun-

408 4419 696 4500 du'm_hoc,
730 4419 1182 4500 peccatum,_séu
1235 4419 1464 4496 c'rim'en,
1518 4419 1749 4500 capitale
1797 4430 2017 4500 dicitur,

409 4490 567 4580 quod
579 4490 747 4580 paena
758 4491 993 4580 “capitis,
1013 4493 1188 4580 idfst,
1213 4490 1641 4580 mortepunitiir
1658 4515 1812 4580 :_quo
1850 4490 2018 4559 modo

481 4568 700 4641 ccatum
719 4576 886 4641 omne
914 4562 1262 4641 mortiferum
1299 4562 1524 4641 capitale
1565 4562 1903 4641 intelligitur,
1957 4581 2021 4641 ut

451 4648 517 4689 oc
541 4633 685 4702 loco,
715 4634 840 4705 quia
862 4643 1103 4692 mortem
1131 4633 1297 4693 affert
1334 4633 1561 4705 animae;
1593 4638 1696 4694 alio
1741 4633 1907 4696 modo
1934 4640 2018 4697 di-

410 4705 793 4791 citur_viti.um
836 4706 1085 4791 capitale,
1106 4724 1156 4791 _a
1200 4708 1391 4791 capite,
1443 4716 1606 4791 prout
1652 4709 2019 4791 mptaphorice

409 4775 952 4850 signatprincipium
978 4775 1411 4837 veldirectivum
1445 4775 1725 4847 aliorum!
1747 4775 1906 4839 et'sic
1931 4783 2018 4840 di-

408 4848 548 4903 citur
568 4848 759 4904 vitium
796 4848 1042 4923 capitale,
1065 4867 1133 4907 ex
1159 4867 1269 4923 quo
1298 4852 1451 4923 plura
1506 4852 1610 4909 alia
1652 4852 1783 4909 vitia
1831 4855 2018 4912 oriun-

406 4926 541 5000 tur_:
573 4920 887 5000 quohmodo
926 4924 995 4977 D.
1028 4920 1327 5000 Gregpriu's
1364 4928 1553 5000 (xxiii
1615 4926 1808 5000 Moral.
1841 4942 1883 4984 c.
1914 4928 2015 5000 31,)

2126 3861 2355 3936 loquens
2379 3863 2437 3919 in
2470 3865 2783 3937 Evangelio,
2808 3865 2946 3923 dixit
2977 3885 2992 3923 :
3021 3869 3127 3935 Qui
3144 3861 3344 3923 ἀίωπᾶ
3363 3867 3585 3922 verbum
3610 3861 3725 3924 costi

2127 3939 2218 3990 tra
2246 3936 2509 4009 Spiritum
2532 3936 2796 4000 sanctum,
2826 3953 2933 3993 non
2952 3942 3255 3995 remittetur
3285 3942 3334 3994 ei
3357 3956 3522 4009 neque
3540 3941 3603 3994 in
3632 3941 3723 3995 hoc

2127 4007 2339 4079 saeculo,
2368 4023 2534 4078 neque
2554 4009 2615 4061 in
2647 4009 2840 4076 futuro
2881 4009 3109 4079 (Matth.
3142 4013 3264 4079 χι).
3297 4011 3400 4065 Alii
3419 4007 3723 4067 maximum

2125 4077 2507 4150 quodcumque
2528 4088 2810 4204 peccatum
2832 4077 3084 4149 mortale,
3114 4090 3176 4137 ut
3194 4077 3576 4149 homicidium,
3600 4098 3724 4154 per—

2126 4148 2354 4204 iurium.
2392 4150 2530 4204 sacri
2551 4150 2754 4204 cuium.
2782 4150 2887 4204 Alii
2911 4150 3144 4204 denique
3172 4162 3450 4204 peccatum
3475 4154 3546 4204 ad
3577 4169 3718 4204 mor-

2120 4148 2354 4235 ]:urium,
2369 4220 2379 4235 Ι
2389 4148 2754 4235 sacrilegium.
2782 4150 2887 4232 Alii
2911 4148 3451 4235 deniquepeccatum
3475 4154 3547 4209 ad
3565 4148 3718 4235 mor-

2127 4226 2239 4274 tem
2255 4219 2560 4297 intelligunt
2580 4219 3304 4297 ﬁnalemjmpocnitentiam,
3326 4233 3721 4297 seu_peccatum

2130 4289 2363 4347 mortale
2388 4289 2452 4346 in
2471 4306 2581 4366 quo
2598 4291 2732 4366 Aquis
2759 4291 2828 4366 ad
2862 4289 3108 4366 mortem
3131 4311 3303 4366 usque
3324 4304 3382 4352 et
3408 4289 3578 4351 ﬁnem
3606 4296 3722 4351 vitae

2126 4368 2453 4438 perseverat.
2475 4363 3015 4438 ItaAugustiuusde
3043 4363 3291 4422 Correct.
3332 4375 3387 4422 et
3424 4367 3580 4424 Grat.
3606 4382 3719 4438 cap.

2136 4434 2219 4510 l2,
2260 4438 2316 4486 et
2334 4430 2631 4510 Greggrius
2654 4430 2760 4490 ivx
2772 4434 2974 4510 Marsi.
2991 4451 3121 4510 cap.
3143 4442 3231 4493 31.
3256 4440 3547 4494 Annotant
3565 4430 3723 4510 porro

2128 4499 2747 4572 interpretes'Joannem
2770 4504 2875 4561 illis
2895 4499 3112 4563 verbis':
3143 4511 3259 4566 Non
3301 4525 3405 4572 pro
3452 4499 3718 4571 illo

2126 4575 2189 4627 ut
2220 4577 2372 4641 roget
2397 4575 2552 4655 quis,
2583 4575 3048 4655 nonninterdicere
3074 4587 3169 4655 aut
3196 4575 3489 4651 prohibere
3514 4597 3585 4655 ne
3608 4580 3694 4655 qui

2126 4657 2225 4723 pro
2246 4646 2457 4723 magnis
2482 4646 2823 4723 et__ggavibus
2874 4646 3261 4723 peccatoribiis
3284 4667 3477 4723 preces
3516 4646 3721 4719 fundat,

2127 4712 2224 4770 Sed
2253 4712 2468 4772 tantum
2516 4712 2891 4775 difﬁcultatem
2936 4712 3304 4778 exauditionis
3332 4722 3592 4787 indicare,
3626 4712 3727 4779 nec

2126 4793 2331 4861 certam
2357 4787 2675 4861 promittere
2706 4804 2768 4845 ex
2801 4798 2954 4861 parte
2990 4792 3093 4849 Dei
3122 4794 3521 4851 exauditionem
3542 4802 3596 4851 et
3631 4809 3727 4850 ve-

2124 4855 2310 4925 niam;
2341 4855 2497 4931 (ἰυδεί
2534 4858 2773 4938 diceret:
2801 4855 3016 4938 'Pa_t_ior
3055 4864 3302 4936 quidem,
3346 4866 3519 4938 immo
3556 4866 3726 4938 probo

2129 4943 2224 5004 vps
2247 4944 2347 5000 pro
2362 4930 2740 5004 peccatoribus
2769 4933 3027 4990 omnibus
3067 4930 3255 5003 orare,-
3287 4930 3396 4994 sed
3437 4930 3720 5004 non'dico,

406 4938 497 4972 tur
530 4938 541 4971 :
573 4938 682 4986 quo
711 4938 887 4998 modo
926 4938 995 4977 υ.
1028 4938 1107 4979 ur
1174 4938 1327 4980 onus
1364 4938 1553 4990 (m1
1615 4938 1808 4982 moral.
1841 4942 1883 4984 c.
1914 4938 1973 4983 3|
1998 4938 2015 5000 )
2129 4943 2224 4985 vos
2247 4944 2347 5000 pro
2369 4938 2740 5002 peccatoribus
2769 4938 3027 4990 omnibus
3067 4950 3255 5003 orare,-
3298 4938 3396 4994 sed
3437 4953 3550 4994 non
3575 4938 3720 5004 dico,

404 4995 637 5074 septem,
668 4988 960 5074 Cassianus
989 4938 1277 5062 veroegLib.
1297 5010 1350 5063 v,
1370 5000 1421 5051 et
1434 4997 1551 5052 coll.
1582 4997 1646 5067 5)
1676 5005 1802 5054 octo
1830 4999 2021 5070 posuit
2124 4997 2314 5074 idest,
2362 5016 2475 5058 non
2505 5001 2675 5074 jubgeo
2719 5018 2816 5074 pro
2852 5006 3202 5074 peccantibus
3242 5006 3312 5063 ad
3355 5019 3602 5074 mortem,
3654 5014 3723 5062 ut

407 5058 534 5114 vitia
562 5058 835 5129 capitalia.

475 5129 504 5213 ᾗ
548 5118 1105 5213 Distinguithoannes
1137 5133 1419 5213 apostolus
1455 5134 1657 5210 duplex
1694 5155 1866 5213 genus
1890 5156 2013 5213 pec-
2044 5118 2096 5180 D

403 5200 506 5277 cati
536 5218 549 5256 :
582 5200 955 5277 aliud—scilicet
992 5200 1273 5274 peccath
1306 5204 1376 5261 ad
1417 5200 1676 5277 mortem,
1694 5200 1862 5265 "aliud
1890 5200 2012 5268 non

404 5270 474 5350 ad
504 5280 758 5335 mortem.
791 5270 1081 5350 Quodnam
1097 5291 1223 5333 vero
1243 5277 1315 5332 sit
1340 5288 1626 5350 peccatum
1646 5270 1715 5350 ad
1744 5287 2006 5350 mortem,

404 5347 460 5395 et
491 5350 773 5423 peccatum
794 5343 901 5423 non
929 5343 998 5400 ad
1020 5355 1278 5423 mortem,
1334 5343 1483 5403 varia
1521 5358 1605 5405 est
1652 5343 2013 5423 interpretum

404 5414 693 5471 sententia.
723 5414 962 5484 Quidam
989 5418 1138 5473 enim
1157 5414 1579 5491 interpretantur
1621 5414 1907 5491 peccatum
1942 5422 2013 5480 ad

406 5491 643 5572 mortem
670 5501 834 5572 omne
858 5494 1141 5572 peccatum
1177 5489 1446 5557 mortale;
1487 5489 1781 5572 peccatum
1821 5501 2012 5572 autem

407 5564 517 5636 npp
543 5554 909 5636 adhinortem.
954 5561 1342 5636 quodcumque
1382 5554 1607 5636 veniale.
1650 5564 2010 5636 Sichquidem

405 5620 577 5705 abbas
604 5623 939 5705 Chaeremoq
956 5620 1062 5687 hoc
1089 5632 1231 5696 loco,
1249 5620 1335 5705 cui
1358 5640 1415 5688 et
1434 5632 1627 5705 Glossa
1657 5620 2013 5692 ordidariaet

405 5692 495 5750 alii
532 5702 792 5778 auctores
816 5692 1230 5778 suffragantur.
1273 5703 1477 5778 varum
1516 5703 1640 5778 huic
1688 5705 2012 5778 expositioni

403 5780 707 5847 repugnare
744 5769 955 5827 videtur
999 5769 1148 5844 quod
1170 5773 1451 5844 sequitur.
1507 5776 1612 5844 Qui
1639 5779 1741 5833 scit
1757 5769 2012 5847 'fratrem

2126 5068 2269 5154 ullus
2297 5079 2436 5154 oret,
2456 5068 2616 5154 quasi
2636 5068 2785 5154 certo
2814 5068 3206 5154 eiaudiendus.
3240 5068 3725 5154 Proinde

2122 5140 2259 5198 dum
2285 5140 2523 5214 quotidie
2551 5152 2672 5200 orat
2689 5153 2743 5201 et
2777 5147 3104 5204 sacriﬁcium
3158 5150 3509 5208 incruentum
3562 5147 3727 5207 offert

2122 5226 2222 5295 pro
2237 5214 2612 5295 peccatqribus
2630 5217 3149 5295 quomodocumque
3164 5222 3537 5295 peccantibus,
3552 5223 3725 5279 immo

2121 5290 2177 5361 et
2229 5298 2329 5361 pro
2380 5285 2712 5361 inﬁdelibus,
2740 5288 2963 5361 Iudaeis,
3000 5285 3296 5361 haereticis,
3340 5294 3474 5349 nihil
3516 5285 3726 5350 contra

2121 5352 2516 5436 huncdpannis
2541 5352 2848 5436 doctrinam
2873 5352 3019 5421 facit.
3052 5365 3124 5420 D.
3155 5352 3340 5422 tamen
3372 5364 3723 5436 Augustinus,

2119 5432 2177 5480 et
2199 5423 2288 5508 alii
2302 5423 2499 5508 dicunt
2531 5443 2645 5508 non
2676 5430 3089 5508 orandumpro
3145 5438 3386 5508 mortuis
3400 5423 3724 5508 iuvpeccaté

2118 5494 2362 5569 mortali,
2388 5495 2443 5553 id
2480 5506 2585 5569 est,
2614 5516 2714 5569 pro
2733 5494 3027 5560 damnatis.
3057 5508 3134 5561 At
3156 5505 3263 5564 hoc
3285 5494 3511 5565 difﬁcile‘
3532 5513 3619 5561 est
3645 5504 3727 5562 in-

2119 5517 2362 5565 mortali,
2388 5517 2443 5553 tu
2480 5517 2585 5569 esu,
2614 5517 2714 5628 Ero
2733 5517 3027 5560 damnatis.
3057 5517 3134 5561 At
3157 5517 3263 5564 hoc
3285 5517 3498 5565 diﬂlcue
3532 5517 3619 5561 est
3642 5521 3725 5587 ln-

2117 5566 2359 5655 tellectu,
2379 5584 2518 5655 cum
2538 5586 2610 5655 n_o
2652 5588 2705 5655 is.
2748 5583 2997 5655 constare
3024 5591 3137 5633 non
3181 5579 3358 5655 possit
3379 5578 3447 5636 de
3500 5577 3725 5635 altanus

2118 5642 2472 5721 conscientia,
2496 5642 2582 5721 vel
2617 5642 2818 5701 anima:
2844 5653 3014 5721 statu,
3040 5642 3347 5721 praesertim
3394 5658 3521 5721 post
3567 5663 3721 5705 mor-

2119 5716 2264 5776 tem;
2294 5712 2590 5789 Apostolus
2612 5723 2799 5771 autem
2835 5716 2969 5773 dicit
3002 5712 3023 5775 ἐ
3040 5712 3154 5787 Qui
3177 5723 3278 5777 scit
3293 5712 3532 5789 fratrem
3564 5736 3721 5778 suum

2110 5795 2351 5853 peccare,
2376 5798 2482 5840 non
2506 5784 2584 5841 ad
2604 5790 2846 5851 mortem,
2867 5796 2980 5847 etc.
