4040 6206
303 265 390 322 861
491 275 496 284 ”
1332 259 1672 321 COLLA'I‘IO
1709 261 1800 318 Xl.
1839 289 1912 304 —
1949 261 2039 316 DE
2075 257 2578 318 PERFECTIONE.

3511 269 3616 326 862

301 385 370 444 tis
392 379 654 443 affectum
703 391 762 442 et
815 383 1179 442 imitationem
1221 385 1324 442 Dei
1372 383 1538 443 fuerit
1581 393 1863 473 assecutus
1879 427 1895 456 ,
1931 391 1987 454 Α
2016 383 2338 460 imperfecta
2367 398 2490 442 esse
2515 381 2714 451 dixisti,
2742 398 2872 441 eum
2911 383 3102 457 utique
3131 385 3308 444 multo
3337 365 3487 446 aliud
3533 391 3616 448 vi-

303 489 434 540 tunc
455 477 746 537 visceribus
766 478 1070 538 Dominicaz
1087 479 1519 552 longanimitatis
1535 479 1778 548 indutus,
1803 495 1902 551 pro

301 573 742 649 persecutoribus
768 589 990 647 quoque
1021 573 1136 632 suis
1161 573 1342 632 orabit
1365 573 1639 643 similiter,
1665 572 1852 631 dicens
1883 595 1898 630 :

301 673 478 734 Pater,
503 670 716 738 ignosce
733 670 830 732 eis,
853 683 958 724 non
984 669 1129 724 enim
1147 669 1328 724 sciunt
1345 668 1481 740 quid
1506 669 1728 737 faciunt
1749 666 1898 740 (Luc.

299 764 502 830 χχιιι).
531 761 807 818 Caaterum
829 770 854 797 ι
890 761 1108 820 evidens
1131 761 1392 820 indicium
1434 769 1520 820 est
1543 761 1745 820 anima:
1766 777 1899 819 nec-

297 855 436 913 dum
459 855 721 912 vitiorum
744 855 969 914 faecibus
993 855 1262 929 eliquatae,
1285 857 1340 914 in
1361 855 1687 914 criminibus
1709 856 1901 914 alienis

300 945 503 1005 affectu
524 949 914 1007 misericordias
949 965 1066 1007 non
1097 949 1411 1020 condolere,
1441 949 1539 1008 sed
1562 949 1796 1024 rigidam
1817 949 1900 1023 ju-

297 1039 530 1098 dicantis
549 1048 739 1098 tenere
763 1057 1072 1100 censuram.
1116 1046 1257 1101 Nam
1284 1041 1758 1117 quemadmodum
1780 1058 1902 1115 per-

300 1130 593 1190 fectionem
618 1134 800 1192 cordis
835 1133 1040 1206 poterit
1078 1135 1335 1193 obtinere
1379 1135 1424 1192 is
1453 1135 1550 1210 qui
1591 1152 1706 1194 non
1733 1135 1902 1193 habet

297 1223 438 1282 illud
481 1225 632 1300 quod
681 1228 980 1300 Apostolus
1025 1227 1423 1302 plenitudinem
1459 1229 1596 1302 legis
1640 1245 1899 1288 consum-

293 1331 452 1376 mare
480 1334 641 1392 posse
660 1319 925 1393 signavit?
953 1321 1296 1378 Alterutrum
1323 1321 1593 1396 inquiens,
1619 1338 1783 1379 onera
1808 1339 1902 1378 ve-

290 1415 414 1468 stra
421 1415 656 1482 portate,
679 1417 730 1467 et
750 1415 828 1468 sic
848 1407 1140 1484 implebitis
1155 1415 1322 1484 legem
1341 1415 1544 1472 Christi
1557 1415 1761 1484 (Galat.
1788 1414 1896 1489 v1).

289 1503 403 1562 Sed
425 1519 530 1562 nec
556 1504 706 1561 illam
747 1505 1006 1562 virtutem
1033 1505 1272 1578 possidet
1297 1505 1598 1578 charitatis,
1631 1523 1756 1580 quae
1789 1526 1896 1566 non

289 1599 574 1662 irritatur,
594 1615 702 1654 non
720 1601 963 1669 inﬂatur,
983 1616 1091 1656 non
1111 1603 1314 1672 cogitat
1329 1602 1557 1670 malum;
1576 1618 1702 1675 qua:
1718 1607 1900 1659 omnia

282 1693 512 1760 suffert,
547 1695 730 1747 omnia
752 1695 985 1750 sustinet
1026 1695 1076 1763 (I
1097 1695 1216 1752 Cor.
1258 1699 1428 1763 xm).
1453 1689 1480 1728 δ
1512 1697 1698 1752 Justus
1751 1697 1900 1753 enim

2011 479 2206 538 deatur
2229 478 2300 536 de
2325 479 2400 536 eis
2424 477 2693 552 Propheta
2717 477 2976 548 sensisse,
3025 478 3208 537 dicens
3242 499 3256 535 :
3291 483 3488 538 Timete
3519 487 3617 542 Do-

2009 577 2238 638 minum,
2265 588 2441 630 omnes
2459 577 2638 632 sancti
2651 574 2788 646 ejus,
2811 577 2944 645 quia
2961 575 3101 630 nihil
3124 575 3270 632 deest
3297 578 3612 635 timentibus

2010 683 2130 723 eum
2147 668 2368 736 (Psalm.
2408 667 2650 740 χχχιιι).
2675 668 2748 723 Et
2775 667 2979 724 iterum
3003 667 3061 724 in
3089 668 3443 729 observandis
3462 671 3618 744 iusti.

2011 760 2360 819 ﬁcationibus
2378 763 2506 831 Dei,
2539 760 2920 820 retributionis
2942 776 3002 820 se
3030 763 3496 836 contemplatione
3537 763 3613 824 fa-

2007 862 2186 912 teatur
2213 855 2572 912 exercitatum
2600 873 2613 910 :
2637 856 2920 924 Inclinavi,
2943 854 3213 927 inquiens,
3237 871 3328 912 cor
3343 872 3520 912 meum
3537 858 3613 914 ad

2008 949 2288 1018 faciendas
2296 949 2708 1020 justiﬁst
2735 952 2860 1005 tuas
2877 950 2936 1004 in
2964 953 3226 1006 aeternum
3243 949 3270 985 α
3287 955 3516 1024 propter
3535 967 3617 1008 re-

2012 1045 2356 1100 tributionem
2388 1041 2610 1114 (Psalm.
2637 1041 2882 1113 cxvm).
2907 1043 2978 1098 Et
2997 1042 3294 1115 Apostolus
3321 1063 3336 1100 :
3364 1044 3518 1114 Fide,
3543 1043 3619 1101 in-

2011 1135 2150 1206 quit,
2189 1145 2210 1173 °
2237 1139 2442 1205 Moyses
2468 1135 2696 1204 grandis
2725 1135 2931 1203 factus,
2951 1137 3170 1205 negavit
3194 1151 3250 1192 se
3281 1152 3392 1192 esse
3439 1140 3617 1208 ﬁlium

2007 1231 2135 1299 ﬁliae
2161 1230 2480 1294 Pharaonis,
2509 1230 2682 1296 magis
2709 1227 2908 1296 eligens
2932 1229 3119 1297 afﬂigi
3137 1245 3252 1284 cum
3270 1232 3471 1301 populo
3493 1233 3612 1298 Dei,

2009 1339 2172 1394 quam
2187 1311 2493 1393 temporalis
2512 1321 2724 1391 peccati
2739 1320 2934 1376 habere
2941 1319 3364 1390 jucunditatem,
3383 1323 3616 1394 majores

2010 1418 2233 1474 divitias
2263 1417 2584 1472 existimans
2623 1414 2886 1470 thesauris
2914 1417 3319 1486 Egyptiorum,
3349 1418 3615 1490 imprope-

2004 1515 2150 1568 rium
2171 1509 2370 1566 Christi
2386 1507 2568 1576 (Hebr.
2587 1507 2700 1576 x1).
2725 1505 3036 1578 Aspiciebat
3053 1507 3200 1563 enim
3223 1509 3282 1564 in
3300 1523 3616 1568 remunera-

2005 1603 2237 1661 tionem.
2262 1599 2556 1671 Quomodo
2578 1615 2707 1673 ergo
2729 1598 3055 1672 imperfecta
3078 1615 3196 1658 esse
3219 1601 3487 1660 credenda
3509 1613 3614 1674 est,

2010 1711 2139 1753 cum
2163 1702 2218 1752 et
2249 1693 2446 1751 beatus
2479 1691 2660 1750 David
2681 1691 3061 1750 retributionis
3097 1693 3325 1751 obtentu
3342 1695 3616 1768 justiﬁca-

287 1785 576 1840 miseretur
613 1788 826 1842 animas
855 1803 1104 1858 pecorum
1133 1790 1304 1857 [Lips
1335 1791 1396 1844 in
1438 1805 1616 1860 marg.
1647 1797 1898 1862 peccato-
1931 1783 1979 1846 B
2009 1791 2192 1847 tiones
2229 1787 2456 1845 Domini
2479 1802 2540 1845 se
2565 1785 2756 1844 fecisse
2783 1787 3066 1860 glorietur,
3093 1795 3151 1845 et
3173 1788 3448 1862 legislator
3472 1805 3614 1863 pra:-

289 1882 437 1948 rum]
461 1894 714 1948 suorum;
733 1881 938 1936 viscera
953 1885 1134 1938 autem
1156 1884 1449 1954 impiorum
1465 1887 1582 1938 sine
1599 1886 1900 1940 misericor-

290 1971 386 2027 dia
443 1975 638 2038 (Prov.
673 1977 816 2041 xu).
869 1972 1112 2046 Ideoque
1160 1974 1355 2032 iisdem
1393 1975 1540 2033 vitiis
1570 1977 1902 2034 monachum

288 2063 580 2136 subjacere
617 2065 988 2122 certissimum
1023 2075 1136 2137 est,
1191 2083 1314 2140 qua:
1339 2067 1395 2124 in
1423 2067 1555 2139 alio,
1591 2067 1901 2127 inclementi

289 2165 463 2230 atque
488 2156 790 2214 inhumana
808 2159 1116 2228 severitate,
1146 2159 1497 2217 condemnat.
1523 2163 1642 2218 Rex
1665 2162 1812 2218 enim
1831 2163 1904 2218 ri-

293 2249 458 2324 gidus
485 2249 712 2307 incurrit
736 2250 916 2321 mala;
954 2261 976 2288 °
1007 2261 1063 2309 et
1087 2254 1194 2322 Qui
1227 2255 1448 2310 obturat
1471 2271 1630 2311 aures
1667 2271 1796 2312 suas
1840 2271 1905 2314 ne

288 2345 492 2399 audiat
504 2345 805 2414 inﬁmum,
816 2349 867 2400 et
878 2347 994 2416 ipse
1008 2347 1304 2417 invocabit,
1323 2353 1375 2404 et
1389 2363 1495 2404 non
1513 2351 1618 2406 erit
1633 2353 1734 2419 qui
1741 2366 1904 2407 exau-

287 2435 414 2492 diat
445 2452 574 2493 eum
599 2439 784 2504 (Prov.
804 2441 956 2506 xxx).

905 2541 949 2596 C
965 2541 1166 2598 APUT
1187 2543 1293 2598 XI.

286 2635 676 2704 Interrogatio,
699 2650 795 2691 cur
821 2635 1091 2712 affectum
1109 2639 1314 2695 timoris
1341 2642 1394 2695 et
1420 2641 1543 2712 spei
1563 2641 1776 2698 dixerit
1799 2642 1904 2698 im-

933 2711 1256 2779 perfectum.

352 2809 676 2866 Germanus
715 2827 728 2866 :
761 2811 1021 2867 Potenter
1043 2810 1267 2884 quidem
1315 2821 1478 2885 atque
1507 2813 1796 2888 magnifice
1832 2815 1902 2872 de

281 2902 536 2976 perfecta
588 2901 690 2959 Dei
739 2902 1000 2960 charitate
1045 2903 1346 2962 dissertum
1379 2913 1492 2975 est;
1523 2916 1904 2966 verumtamen

278 2995 418 3053 illud
438 3010 552 3052 nos
580 3004 882 3068 permovet,
914 2996 1062 3068 quod
1089 3013 1217 3054 cum
1237 3013 1365 3074 eam
1387 3005 1540 3055 tanta
1571 2999 1730 3058 laude
1759 3018 1900 3074 pra:-

277 3091 517 3160 tuleris,
549 3089 806 3146 timorem
848 3089 950 3146 Dei
991 3097 1046 3147 et
1071 3106 1229 3164 spem
1249 3073 1658 3151 retributionis"
1680 3073 1902 3154 aeternae

2007 1884 2120 1940 mia
2146 1882 2330 1940 futura
2365 1881 2729 1956 prospiciens,
2755 1881 3022 1954 sprevisse
3058 1881 3415 1956 adoptionem
3449 1885 3617 1958 regiae

2008 1977 2310 2051 dignitatis,
2363 1984 2420 2033 et
2463 1975 2823 2032 afflictionem
2859 1975 3196 2034 dirissimam
3231 1977 3616 2050 Egyptiorum

2013 2069 2283 2127 thesauris
2312 2068 2626 2142 praetulisse
2659 2067 2903 2126 dicatur?

2620 2162 2863 2220 CAPUT
2879 2163 3008 2218 ΧΠ.

2222 2257 2512 2328 Responsio
2549 2255 2617 2312 de
2655 2255 2970 2311 diversitate
2988 2256 3398 2326 perfectionum.

2083 2349 2412 2407 Chaeremon
2442 2367 2456 2406 :
2489 2348 2510 2384 ι
2558 2350 2667 2406 Pro
2707 2355 2852 2406 statu
2879 2355 3042 2422 atque
3070 2364 3330 2408 mensura
3360 2350 3620 2408 uniuscu-

2000 2443 2202 2516 jusque
2229 2443 2434 2500 mentis
2461 2441 2744 2516 Scriptura
2774 2440 2956 2498 divina
2983 2441 3051 2498 ad
3071 2441 3312 2501 diversos
3331 2442 3616 2516 perfectio-

2007 2552 2144 2593 num
2181 2535 2380 2610 gradus
2403 2535 2618 2593 arbitrii
2649 2534 2823 2592 nostri
2852 2543 3116 2607 provocat
3143 2533 3472 2594 libertatem.
3497 2540 3616 2596 Nec

2010 2633 2158 2691 enim
2185 2640 2406 2704 poterat
2429 2629 2721 2688 uniformis
2749 2627 3008 2687 omnibus
3035 2627 3388 2702 perfectionis
3412 2646 3616 2690 corona

2011 2723 2274 2798 proponi,
2302 2723 2436 2796 quia
2464 2737 2568 2780 nec
2594 2720 2849 2779 omnium
2877 2721 3168 2778 unavirtus
3186 2763 3203 2791 ,
3235 2729 3332 2778 aut
3366 2721 3616 2781 voluntas

2011 2827 2109 2874 aut
2137 2816 2314 2874 fervor
2333 2825 2439 2880 est,
2467 2823 2524 2872 et
2552 2814 2760 2872 idcirco
2792 2813 3038 2886 ipsarum
3061 2813 3477 2885 quodammodo
3496 2830 3618 2888 per—

2011 2910 2312 2968 fectionum
2359 2909 2603 2967 diversos
2658 2906 2883 2965 ordines
2930 2907 3284 2979 diversasque
3327 2923 3614 2966 mensuras

2009 3018 2192 3059 sermo
2222 3001 2436 3059 divinus
2472 2999 2734 3057 instituit.
2763 2998 2924 3070 Quod
2961 2999 3038 3055 ita
3075 3013 3192 3056 esse
3216 3007 3244 3044 8
3271 2999 3615 3072 evangelica-

2009 3111 2135 3152 rum
2161 3109 2378 3168 quoque
2418 3091 2828 3151 beatitudinum
2863 3091 3092 3148 varietas
3125 3091 3402 3150 evidenter
3427 3101 3612 3150 osten-

1395 3219 1651 3275 ALARDI
1689 3221 1914 3278 GAZ/EI
1953 3221 2512 3278 COMMENTARIUS.

349 3338 379 3368 ⁸
408 3327 692 3404 Sententia
717 3334 803 3384 est
829 3329 894 3382 D.
924 3327 1248 3400 Hieronymi
1269 3343 1402 3385 mox
1423 3329 1662 3400 citanda,
1693 3331 1902 3390 eisdem
1935 3341 1980 3404 ο
2009 3333 2230 3404 grandis
2252 3331 2458 3404 factus,
2487 3329 2545 3386 id
2582 3337 2694 3404 est,
2714 3327 2986 3404 _adultus,
3017 3335 3074 3404 et_
3099 3338 3371 3404 provectae
3399 3331 3610 3401 aetatis,

280 3399 400 3458 fere
431 3398 622 3455 verbis
648 3407 928 3470 concepta.

355 3473 384 3507 ι)
412 3471 509 3526 Sic
538 3469 905 3544 Quychius’et
929 3469 1224 3526 Ciaconius
1253 3483 1384 3526 cum
1426 3469 1564 3526 aliis.
1598 3471 1901 3544 Dionysius

279 3556 423 3597 vero
446 3548 504 3594 et
522 3539 615 3594 alii
624 3539 654 3614 '_:
665 3541 981 3614 Animabus
994 3545 1331 3611 peccatomm
1349 3557 1588 3610 suorum,
1617 3539 1898 3614 mendose,

283 3619 352 3668 ut
405 3617 564 3682 puto.
611 3610 719 3684 Alii
772 3610 1061 3683 denique:
1103 3614 1433 3684 Animarum
1467 3629 1724 3684 pecorum
1773 3610 1900 3672 suoé

282 3699 451 3762 rum,
477 3682 846 3762 etc.‘Vu_lgata
881 3682 1077 3762 autem
1119 3683 1287 3740 editio
1327 3682 1493 3762 habet
1523 3685 1679 3762 (Pro.
1718 3692 1846 3751 xu)
1881 3707 1894 3744 :

276 3755 454 3812 Novit
477 3754 661 3822 justus
675 3754 1044 3824 jumentorum
1071 3769 1290 3811 suorum
1309 3754 1543 3826 animas;
1563 3760 1767 3814 viscera
1794 3775 1898 3814 au-

281 3831 398 3882 tem
431 3827 722 3895 impiorum
745 3826 1004 3881 crudelia.

2005 3399 2322 3476 negaverit,
2351 3402 2466 3476 vel,
2495 3408 2568 3476 _ut
2615 3399 2672 3454 in
2701 3401 2908 3476 graeco
2920 3406 3036 3476 est,
3061 3399 3364 3476 horruerit,
3393 3399 3612 3476 aversa?-

2011 3468 2114 3530 tus
2137 3474 2211 3530 sit
2243 3468 2444 3543 sedici
2488 3469 2666 3525 lilium
2711 3468 2836 3543 ﬁlia}
2857 3468 3204 3543 _Pharaonis,
3231 3469 3528 3543 Aid_nequeq
3555 3473 3612 3528 iu

2015 3541 2476 3626 Exodo‘legimus,
2493 3555 2670 3626 neque
2689 3540 2832 3626 ap‘ud
2849 3538 3167 3626 Iosephum.
3195 3540 3360 3626 Unde
3382 3538 3446 3598 Si
3469 3541 3610 3623 Tho-

2011 3632 2132 3673 mas
2177 3615 2254 3672 sic
2280 3613 2706 3685 interpretatur:
2737 3613 2965 3685 Negavit
3011 3625 3066 3666 se
3111 3626 3220 3666 esse
3251 3614 3426 3682 ﬁlium
3458 3614 3608 3684 ejus,

2008 3704 2117 3744 non
2139 3688 2357 3759 quidem
2384 3683 2561 3759 verbo,
2590 3683 2705 3759 sed_
2720 3684 2888 3759 facto,
2921 3685 3053 3754 quia
3073 3687 3258 3759 contra
3284 3683 3613 3759 voluntatem

2009 3755 2314 3816 Pharaonis
2351 3756 2621 3826 interfecit
2640 3757 2950 3824 Egyptium
2965 3794 2981 3822 ,
3017 3755 3116 3824 qui
3137 3757 3477 3826 percutiebat
3505 3760 3612 3814 He-

2011 3833 2246 3897 brwum;
2287 3833 2338 3885 et
2381 3829 2726 3897 Hebrceorum
2747 3827 3029 3897 populeae
3077 3827 3358 3892 adjunazit.
3379 3827 3494 3897 _Sic
3535 3829 3608 3897 _S.

357 3905 382 3932 ο
411 3893 582 3966 Vulg.
605 3904 790 3952 textus
817 3917 830 3952 :
861 3897 1198 3966 Quiiobturat
1219 3911 1406 3950 aurem
1425 3912 1582 3952 suam
1606 3898 1681 3952 ad
1709 3899 1904 3954 clamo-
2005 3893 2273 3958 Thomas.
2303 3901 2514 3955 Verum
2539 3895 2630 3951 alii
2654 3893 2878 3951 censent
2913 3895 3142 3966 Moysen
3169 3909 3284 3966 non
3313 3893 3614 3966 solum‘fa-

278 3981 404 4022 rem
415 3965 707 4034 pauperis,
730 3969 781 4018 et
805 3968 918 4033 ipse
935 3965 1211 4034 clamabit,
1229 3968 1407 4034 etnon
1430 3967 1771 4020 exaudiatur.
1789 3968 1901 4024 Ubi

277 4037 359 4090 D.
395 4035 708 4105 Hieronym

279 4105 476 4158 tentia
492 4142 510 4163 ,
537 4107 587 4156 et
613 4103 720 4157 non
745 4116 906 4174 egeno
937 4105 1170 4174 tantum,
1191 4103 1275 4156 uel
1299 4103 1648 4174 corporaliter
1669 4108 1899 4174 inﬁrmo.

278 4176 440 4231 Nam
471 4175 526 4226 et
543 4175 640 4242 qui
655 4173 969 4227 criminibus
989 4173 1214 4227 alterius
1241 4189 1346 4228 non
1367 4175 1579 4242 affectu
1605 4173 1904 4232 misericor-

274 4245 396 4300 diae
427 4243 729 4306 condolere,
757 4243 1161 4312 sedjudicantis
1183 4245 1392 4300 mavult
1411 4250 1584 4302 tenere
1601 4262 1901 4312 censuram,

713 4047 778 4087 us
800 4032 830 4086 :"
843 4033 1196 4095 Generaliter,
1219 4032 1313 4104 ait,
1335 4034 1444 4088 hazc
1463 4036 1776 4104 accipienda
1792 4051 1904 4092 sen-

2008 3981 2098 4027 cto
2119 4013 2136 4040 ,
2165 3971 2262 4028 sed
2293 3969 2459 4026 etiam
2500 3966 2949 4040 verbisnegassg
2968 3962 3030 4040 _et
3073 3978 3132 4019 se
3153 3964 3265 4018 veri
3293 3962 3396 4040 Dei
3431 3963 3608 4020 culto-

2009 4033 2133 4111 rem
2153 4050 2210 4096 et
2227 4042 2297 4097 de
2321 4047 2482 4111 gente
2521 4045 2576 4093 et
2601 4033 2858 4111 religione
2880 4033 3245 4111 Hebraeorum
3274 4033 3458 4104 palam
3485 4050 3610 4111 pro-

2011 4104 2388 4183 fessumﬁessfe.
2433 4104 2730 4183 Quomodo
2773 4115 2958 4183 autem
2985 4104 3137 4183 _idem
3169 4104 3612 4183 .Moysesadhuc

2010 4179 2191 4236 infans
2221 4173 2497 4234 Pharaoni
2522 4175 2739 4231 oblatus
2763 4189 2795 4244 a
2824 4174 2954 4237 lilia,
2983 4173 3309 4244 impositum
3331 4173 3435 4232 sibi
3453 4175 3521 4233 ab
3545 4191 3612 4234 eo

2007 4249 2265 4307 diadema
2315 4245 2607 4320 abjecerit,
2657 4243 2996 4320 pedibusque
3036 4243 3410 4320 conculcarjt,
3447 4255 3612 4320 atque

275 4313 536 4390 ostendit
552 4329 618 4390 _s_e
635 4314 859 4390 necdum
882 4316 1134 4390 vitiorum
1149 4315 1374 4390 faecibus
1396 4318 1716 4390 eliquatum,
1737 4335 1904 4390 neque
2008 4321 2171 4378 etiam
2192 4321 2298 4376 hoc
2323 4313 2466 4390 facto
2495 4313 2775 4390 negaverit
2798 4313 3183 4390 seu—abnuerit
3223 4313 3413 4390 sedici
3437 4313 3610 4376 lilium

276 4386 503 4458 auditu
530 4385 734 4458 divina:
760 4387 1130 4458 miserationis
1159 4389 1386 4443 existere
1416 4385 1656 4458 dignum.

353 4445 385 4489 δ
419 4458 493 4510 Ι).
525 4455 893 4532 Hieronymus
915 4472 980 4532 e_x
1014 4456 1432 4532 Hebraeovertit
1456 4445 1726 4532 {Propter
1749 4466 1902 4518 ceter-

268 4545 410 4585 nam
444 4529 872 4604 retributionem.
919 4528 1094 4604 Causa
1123 4529 1352 4604 _quidem
1401 4529 1580 4604 prima
1601 4528 1718 4604 'per
1755 4548 1813 4588 se
1844 4541 1900 4604 et

163 4651 171 4656 .
273 4597 545 4676 proprie,
576 4615 674 4676 _cur
701 4598 1053 4676 applicandae
1091 4597 1169 4656 sit
1201 4597 1422 4676 animus
1449 4601 1525 4676 ad_
1551 4597 1894 4676 exsequenda

272 4670 708 4738 Deimandata,
737 4670 822 4726 est
843 4671 1155 4741 ipseADeus,
1188 4671 1300 4741 sive
1325 4671 1421 4726 Dei
1444 4670 1778 4730 voluntas’et
1798 4673 1894 4730 im-

2011 4392 2142 4472 filiae
2173 4388 2503 4472 Pharaonis,
2541 4385 2802 4472 regnique
2841 4385 3316 4472 haeredem‘lquod
3353 4403 3468 4472 non
3494 4390 3609 4472 sine

2007 4463 2192 4534 divino
2223 4471 2378 4519 motu
2397 4467 2454 4534 et
2480 4455 2738 4534 instinctu
2767 4455 2977 4534 factum
3004 4455 3150 4514 credi
3177 4455 3273 4530 par
3291 4459 3417 4534 est),
3443 4460 3608 4518 refert

2005 4533 2282 4604 Josephus
2309 4531 2574 4604 Antiquit.
2614 4544 2734 4602 cap.
2765 4533 2820 4584 6.
2970 4600 2984 4604 _
3102 4598 3114 4604 _
3181 4603 3185 4604 ν
3228 4601 3237 4604 _
3374 4531 3399 4604 ί
3452 4541 3472 4560 ⁸

2083 4605 2102 4640 ί
2138 4598 2342 4663 Textus
2367 4598 2738 4676 subobscurus
2763 4598 3156 4676 :_paraphrasis_
3173 4601 3429 4676 Dionysii
3443 4603 3606 4674 paulo

2007 4677 2225 4750 clarior,
2251 4691 2374 4750 quae
2401 4675 2483 4750 sic
2519 4673 2695 4750 habet
2713 4692 2732 4750 :_
2748 4672 3058 4750 Scriptura
3083 4672 3283 4750 _divina
3309 4672 3606 4750 excitata

273 4724 535 4814 stata,
567 4724 764 4815 namss
779 4724 894 4815 qs;
911 4724 1154 4815 aesar
1181 4724 1236 4796 a
1253 4724 1438 4815 jubet;
1457 4724 1893 4815 assignatas
1923 4724 1976 4787 ι)
2001 4724 2695 4804 ιῖδῖῑεάῖνῖοᾶοῖέῐιίδξῐνῖίξ
2713 4724 3608 4815 ξίδέίεδέάίιρατένᾳάαέβέννέέιεδξ

273 4809 453 4871 causa
491 4827 596 4868 cur
638 4809 943 4884 diligendus
987 4809 1059 4867 sit
1091 4809 1270 4884 Deus,
1298 4819 1382 4868 est
1411 4810 1525 4884 ipse
1570 4809 1750 4884 Deus,
1783 4816 1893 4872 sive

272 4884 462 4968 ipsius
489 4897 717 4940 summa
739 4881 952 4939 bonitas
983 4898 997 4936 :
1030 4881 1175 4938 unde
1199 4891 1254 4939 et
1280 4881 1501 4955 propter
1523 4881 1766 4966 seipsum
1805 4887 1893 4968 di-

270 4953 368 5030 ligi
417 4955 681 5029 jubetur.
707 4953 978 5030 “Secunda
1014 4961 1199 5009 autem
1243 4969 1408 5010 causa
1442 4961 1533 5030 _est
1581 4955 1892 5030 retributio,

271 5023 393 5082 sive
418 5023 568 5098 'spes
587 5023 966 5098 retributionis
985 5032 1226 5098 aeternae,
1254 5039 1422 5096 quam
1442 5023 1531 5081 bic
1549 5025 1714 5083 abbas
1739 5036 1894 5098 vocat

268 5093 732 5168 mercenariam,
757 5095 883 5166 quia
918 5093 1226 5168 mercedem
1257 5093 1564 5168 spectatet
1612 5097 1895 5168 proprium

268 5167 696 5248 commodum;
729 5164 840 5248 non
885 5165 1036 5248 quod
1057 5165 1255 5248 vitiosa
1283 5164 1376 5236 sit,
1406 5165 1509 5248 sed
1553 5164 1681 5240 quia
1709 5164 1894 5248 minus

267 5239 530 5323 perfecta
567 5237 1013 5323 quam‘charljtas,
1040 5251 1146 5310 qua
1173 5237 1586 5323 Deuspropter'
1599 5253 1660 5295 se
1685 5237 1892 5323 absque

267 5307 496 5392 intuitu
533 5307 802 5387 mercedis
838 5307 1102 5380 diligitur,
1130 5315 1194 5366 ut
1232 5307 1476 5366 declarat
1516 5309 1768 5384 sequenti
1796 5307 1892 5368 ca-

273 5389 408 5453 pite.

345 5462 370 5490 °
409 5450 607 5509 Verba
644 5457 776 5523 sunt
817 5449 1212 5523 Apostolorum
1261 5449 1332 5507 ad
1376 5450 1546 5510 Hebr.
1589 5467 1676 5510 xr.
1718 5454 1892 5510 Porro

275 5524 523 5597 Moysen
559 5537 593 5578 a
633 5521 742 5597 [ilia
772 5521 1070 5597 Pharaonis
1094 5531 1435 5597 susceptum,
1483 5523 1806 5597 adoptatum
1839 5533 1895 5597 et

271 5591 594 5650 educatum
625 5591 796 5665 fuisse
821 5607 884 5648 ex
904 5591 1149 5665 _bistoria
1182 5591 1352 5650 Ex’odi
1380 5591 1704 5665 notum'est.
1734 5595 1894 5665 Quod

275 5672 332 5720 et
351 5665 660 5721 confirmat
686 5665 744 5720 S.
773 5661 1080 5736 Stephanus
1100 5668 1222 5720 Act.
1252 5677 1348 5736 vn
1375 5663 1600 5722 dicens:
1631 5661 1894 5736 Erposito

275 5741 467 5792 autem
509 5736 633 5802 illo,
663 5735 886 5790 sustulit
913 5750 1033 5790 eum
1055 5735 1173 5802 ﬁlia
1199 5735 1503 5792 Pharaonis
1519 5779 1538 5802 ,
1587 5741 1640 5794 et
1661 5735 1894 5794 nutrivit

275 5819 400 5861 eum
429 5807 550 5862 sibi
573 5809 629 5860 in
649 5807 844 5878 filium.
878 5806 1111 5880 Quando
1132 5815 1321 5865 autem
1366 5815 1422 5864 et
1466 5807 1746 5882 quomodo
1767 5809 1892 5882 jam

1997 4835 2130 4874 num
2157 4821 2398 4874 diversos
2419 4817 2592 4886 juxta
2617 4827 2960 4880 mensuram,
2991 4811 3392 4879 dispositionem
3414 4815 3467 4866 et
3489 4817 3609 4870 sta-

1999 4893 2114 4944 tum
2143 4887 2668 4958 cujuslibetmentis,
2693 4889 2798 4958 etc.

2069 4967 2097 5003 ε
2123 4947 2323 5040 Tabe“
2363 4953 2743 5040 artasatis!!!
2788 4947 3339 5040 iefsnlieetiteiines
3373 4970 3602 5040 evanes-

2001 5029 2171 5096 licas,
2222 5022 2340 5106 sive
2364 5026 2420 5082 in
2459 5022 2752 5106 Evangelip
2797 5033 3264 5106 commemorabas
3292 5034 3348 5083 et
3401 5022 3602 5106 praem-

1999 5092 2174 5167 catas,
2195 5107 2252 5154 et
2268 5098 2415 5154 inter
2435 5092 2658 5167 praemia
2681 5092 2758 5152 eis
2772 5092 3106 5167 repromissa
3129 5095 3267 5153 inter
3284 5112 3342 5153 se
3365 5092 3598 5160 collata:

2003 5185 2130 5243 quae
2155 5163 2344 5243 tamen
2377 5163 2686 5243 differentia
2706 5163 3097 5243 _praimiorum
3126 5182 3252 5243 _non
3279 5175 3397 5243 tam
3445 5169 3502 5224 in
3547 5187 3604 5230 re

2000 5235 2252 5320 quamin
2281 5239 2464 5320 verbis
2497 5235 2765 5320 consistit.
2797 5237 2922 5320 Sive
2949 5236 3096 5320 enim
3126 5235 3246 5294 haec
3273 5235 3340 5320 ad
3369 5253 3603 5320 presen-

1999 5306 2115 5370 t'em
2143 5313 2312 5371 vitam
2337 5311 2666 5381 referantur,
2698 5309 2812 5366 sive
2834 5307 2909 5381 ad
2945 5306 3214 5378 futuram,
3261 5306 3447 5367 omnia
3473 5327 3602 5372 con.

2001 5391 2232 5442 currunt
2257 5393 2312 5442 et
2337 5399 2399 5442 se
2443 5390 2636 5456 mutuo
2654 5380 3108 5456 complectuntur
3130 5387 3226 5456 aut
3259 5395 3605 5456 consequun.

2003 5463 2117 5531 tur,
2158 5457 2262 5514 Sed
2314 5456 2360 5512 si
2385 5453 2702 5531 _verborum
2729 5451 2847 5509 vim
2897 5466 2994 5508 seu
3023 5451 3336 5531 emphasim
3371 5451 3601 5531 Spectas,

2004 5526 2182 5600 majus
2208 5527 2496 5600 praemium
2524 5532 2688 5600 sonat
2704 5538 2938 5596 regnum
2967 5521 3242 5580 caelorum
3272 5521 3440 5600 (quod
3467 5521 3605 5600 duo;

2000 5594 2108 5654 bus
2129 5594 2584 5680 beatitudinibus,
2608 5594 2804 5680 prima:
2829 5601 3138 5680 et‘octavas,
3174 5594 3597 5680 repromittitur)

1999 5684 2166 5743 quam
2199 5669 2468 5743 possessio
2495 5667 2681 5739 terrae,
2725 5667 3136 5743 si_ve_terreuae,
3177 5667 3290 5743 siie
3326 5667 3597 5743 caelestis,

1997 5735 2054 5813 et
2076 5741 2154 5813 sic
2181 5735 2249 5798 de
2272 5739 2508 5811 caeteris,
2539 5735 2700 5812 prout
2729 5737 2820 5797 hic
2837 5735 3384 5813 declaratur-{Neque
3409 5735 3601 5800 attinet

1998 5809 2272 5885 inquirere
2295 5829 2394 5871 cur
2415 5809 2510 5882 sex
2533 5809 2921 5871 tantummodo
2947 5809 3311 5870 beatitudines'
3332 5818 3386 5868 et
3407 5826 3596 5869 earum
