4040 6206
435 256 538 312 863

1422 248 1431 254 ”
1468 287 1475 293 -
1514 245 1796 303 JOANNIS
1830 244 2132 301 CASSIANI
2172 243 2662 302 COLLATIONES.

3637 240 3745 297 864

435 376 535 435 dit.
577 375 732 432 Licet
777 374 922 431 enim
951 373 1097 431 beati
1143 371 1397 430 dicantur
1440 386 1677 444 quorum
1709 379 1842 428 sunt
1866 386 2032 444 regna
2061 378 2113 439 Α
2142 388 2263 443 qua:
2284 372 2546 442 praecipio
2580 371 2727 425 vobis
2776 367 2982 441 (Ibid).
3008 366 3216 423 Videtis
3260 380 3392 439 ergo
3443 364 3749 438 perfectio-

443 469 711 527 caalorum
729 510 745 538 ,
774 477 831 526 et
855 468 996 526 beati
1022 467 1114 540 qui
1152 466 1507 540 possidebunt
1533 474 1766 535 terram,
1796 473 1851 523 et
1886 465 2029 521 beati

432 563 524 635 qui
550 562 979 620 consolationem
1013 560 1308 633 recipient,
1340 568 1395 617 et
1438 560 1580 618 beati
1608 560 1703 632 qui
1746 559 2031 616 saturitate

435 656 708 727 potientur
759 656 972 725 (Matth.
994 655 1078 726 v);
1105 662 1287 710 tamen
1304 653 1539 710 multum
1565 652 1839 710 credimus
1866 653 2031 708 inter-

441 763 561 806 esse
586 750 730 805 inter
754 748 1143 804 habitationem
1161 747 1311 821 regni
1342 748 1613 804 caelorum
1639 754 1695 803 et
1730 744 2032 818 possessio.

435 857 565 899 nem
592 842 734 899 illius
767 857 1123 915 quaecumque
1147 851 1229 900 est
1259 850 1417 899 terrm
1438 884 1454 909 ,
1482 850 1537 897 et
1566 842 1708 898 inter
1736 839 2037 913 perceptio-

430 948 561 990 nem
609 934 994 991 consolationis
1034 943 1090 992 et
1127 933 1531 1007 plenitudinem
1574 934 2034 1005 saturitatemque

427 1027 671 1099 iustitiae,
699 1027 1046 1101 multumque
1073 1027 1274 1085 distare
1303 1028 1442 1084 inter
1466 1028 1587 1084 illos
1612 1028 1703 1100 qui
1723 1026 2033 1084 misericor—

430 1119 577 1176 diam
612 1130 1011 1193 consequentur
1036 1129 1092 1177 et
1125 1121 1245 1177 illos
1279 1121 1370 1192 qui
1397 1120 1797 1194 gloriosissima
1829 1119 2033 1175 visione

433 1215 538 1269 Dei
565 1214 767 1286 perfrui
810 1215 1184 1271 merebuntur.
1214 1216 1347 1271 Alia
1388 1213 1534 1270 enim
1563 1216 1750 1284 gloria
1800 1216 1946 1277 solis,
1983 1217 2035 1268 et

432 1308 550 1363 alia
574 1310 747 1376 gloria
770 1309 932 1372 lunae,
958 1314 1009 1364 et
1032 1310 1148 1364 alia
1176 1310 1347 1378 gloria
1371 1311 1666 1366 stellarum.
1691 1310 1865 1367 Stella
1890 1314 2032 1366 enim

432 1415 468 1454 a
494 1401 652 1455 stella
673 1401 866 1471 differt
886 1404 943 1456 in
964 1403 1158 1470 gloria,
1186 1404 1268 1457 ita
1293 1409 1344 1459 et
1365 1406 1678 1459 resurrectio
1702 1408 2032 1459 mortuorum

435 1492 478 1567 (Ι
499 1496 617 1552 Cor.
644 1500 770 1563 xv).
793 1498 937 1554 Cum
956 1496 1122 1568 igitur
1137 1496 1293 1568 juxta
1314 1496 1461 1553 hunc
1488 1495 1718 1554 modum
1744 1498 2029 1569 Scriptura

432 1576 612 1644 divina
659 1588 913 1646 timentes
956 1591 1133 1646 Deum
1162 1589 1343 1647 laudet
1371 1599 1426 1646 et
1454 1589 1637 1646 dicat:
1670 1592 1827 1646 Beati
1853 1606 2030 1646 omnes

427 1681 526 1750 qui
545 1682 729 1736 timent
750 1685 1034 1738 Dominum
1063 1681 1277 1753 (Psalm.
1311 1682 1569 1754 cxxvn),
1610 1690 1667 1738 et
1695 1684 1908 1756 plenam
1934 1698 2033 1755 per

2135 481 2269 522 num
2297 464 2499 538 gradus
2536 479 2654 521 esse
2690 463 2963 527 diversos,
3001 466 3058 517 et
3097 459 3166 517 de
3196 460 3422 517 excelsis
3463 460 3539 516 ad
3562 461 3750 518 excel-

2135 559 2281 616 siora
2304 574 2408 616 nos
2427 574 2457 614 a
2477 557 2723 614 Domino
2749 554 3051 629 provocari,
3066 554 3145 624 {ut
3166 553 3239 610 ita
3268 553 3317 609 is
3336 553 3429 625 qui
3460 553 3519 610 in
3543 553 3747 611 timore
3776 622 3783 629 .

2140 652 2243 708 Dei
2280 651 2475 709 beatus
2512 659 2571 708 et
2607 649 2875 723 perlectus
2913 646 3207 716 exstiterit,
3239 646 3561 716 ambulans,
3601 648 3747 705 sicut

2140 746 2405 818 scriptum
2425 753 2527 813 est,
2543 746 2826 801 devirtute
2844 746 2904 799 in
2923 745 3182 799 virtutem
3198 741 3422 813 (Psalm.
3440 745 3741 813 Lxxxm),

2141 846 2199 895 et
2222 838 2294 895 de
2317 836 2648 912 perfectione
2685 838 2753 895 ad
2780 837 2944 894 aliam
2971 834 3392 910 perfectionem,
3432 834 3485 893 id
3524 844 3638 905 est,
3674 836 3745 895 de

2147 932 2357 988 timore
2377 930 2444 988 ad
2489 945 2643 1004 spem
2662 972 2678 1001 ,
2710 930 2912 988 mentis
2940 928 3218 987 alacritate
3245 927 3644 999 conscendens,
3675 928 3749 987 ad

2140 1025 2445 1083 beatiorem
2483 1026 2663 1082 denuo
2689 1033 2914 1093 statum,
2939 1023 3086 1096 quod
3116 1031 3203 1079 est
3240 1022 3470 1079 cbaritas
3489 1064 3502 1091 ,
3533 1022 3747 1080 invite-

2141 1127 2253 1176 tur.
2283 1121 2356 1175 Et
2383 1119 2477 1192 qui
2506 1117 2667 1175 fuerit
2685 1117 2859 1175 ﬁdelis
2894 1132 3083 1174 servus
3110 1132 3175 1173 ac
3201 1115 3456 1188 prudens,
3493 1116 3565 1173 ad
3590 1119 3745 1175 ami-

2141 1212 2280 1269 citiae
2320 1212 2659 1269 sodalitatem
2698 1220 2755 1267 et
2801 1212 3153 1284 adoptionem
3191 1219 3433 1267 transeat
3474 1210 3744 1270 ﬁliorum.

2139 1299 2168 1340 δ
2188 1305 2500 1364 Secundum
2528 1320 2659 1378 ergo
2683 1304 2830 1361 hunc
2852 1319 3077 1361 sensum
3107 1312 3301 1360 nostra
3323 1319 3547 1377 quoque
3563 1314 3649 1362 est
3668 1306 3748 1361 in-

2144 1400 2436 1473 telligenda
2453 1401 2745 1471 sententia,
2767 1416 2881 1457 non
2906 1399 3055 1472 quod
3070 1400 3611 1472 contemplationem
3636 1417 3747 1474 per-

2136 1502 2316 1565 petuae
2342 1494 2484 1551 illius
2510 1509 2711 1566 pinnae,
2736 1493 2819 1550 vel
2842 1493 3171 1551 beatissima:
3199 1494 3589 1564 retributionis,
3618 1509 3745 1567 qua:

2137 1588 2539 1660 repromittitur
2606 1587 2828 1656 sanctis,
2879 1588 3082 1644 nullius
3145 1588 3557 1661 pronuntiemus
3615 1604 3742 1646 esse

2138 1681 2442 1749 momenti;
2487 1679 2583 1738 sed
2612 1680 2753 1753 .quia
2802 1695 2931 1753 cum
2967 1681 3076 1737 sint
3118 1681 3305 1750 utiles,
3344 1688 3399 1737 et
3431 1689 3739 1739 sectatores

419 1772 527 1830 hoc
549 1774 652 1830 illis
675 1775 1068 1832 beatitudinem
1098 1776 1467 1849 repromittat;
1494 1776 1701 1833 iterum
1748 1784 1930 1833 tamen
1960 1776 2038 1835 di-
2064 1785 2112 1847 B
2140 1789 2271 1830 suos
2293 1773 2363 1831 ad
2390 1774 2543 1831 initia
2565 1774 2921 1832 beatitudinis
2947 1774 3324 1844 introducant,
3353 1775 3590 1832 cbaritas
3619 1793 3743 1834 rur-

417 1867 491 1924 cit
522 1888 535 1925 :
581 1871 760 1925 Timor
783 1885 889 1925 non
910 1875 989 1925 est
1009 1872 1069 1923 in
1087 1870 1387 1934 charitate,
1413 1871 1507 1926 sed
1524 1872 1771 1942 perfecta
1792 1871 2033 1927 Charitas

418 1962 570 2028 foras
582 1964 751 2018 mittit
765 1965 1027 2031 timorem,
1044 1965 1302 2032 quoniam
1320 1966 1481 2018 timor
1490 1980 1579 2034 pce
1590 1978 1717 2017 nam
1735 1962 1910 2017 habet.
1929 1964 2036 2029 Qui

425 2058 607 2109 autem
623 2056 775 2111 timet
802 2071 905 2111 non
924 2061 1004 2111 est
1016 2057 1292 2125 perfectus
1312 2057 1371 2109 in
1389 2056 1656 2109 charitate
1677 2056 1721 2119 (Ι
1741 2056 1894 2108 Joan.
1918 2059 2025 2121 IV).

425 2149 500 2203 Et
520 2164 728 2217 rursus,
747 2164 874 2204 cum
892 2149 1095 2204 servire
1115 2152 1231 2204 Deo
1254 2148 1557 2219 gloriosum
1578 2148 1669 2215 sit,
1696 2156 1752 2205 et
1775 2147 1986 2204 dicatur
2014 2168 2027 2204 :

425 2242 631 2297 Servite
657 2244 877 2297 Domino
908 2244 967 2296 in
998 2244 1185 2296 timore
1213 2243 1433 2308 (Psalm.
1468 2245 1557 2307 ιι).
1588 2243 1658 2295 Et
1688 2258 1703 2295 :
1730 2251 1755 2277 ι
1774 2244 2029 2312 Magnum

428 2336 531 2391 tibi
559 2340 638 2390 est
658 2335 842 2389 vocari
862 2348 1073 2388 servum
1096 2349 1268 2389 meum
1288 2336 1418 2401 (Isa.
1448 2348 1528 2389 η
1548 2334 1659 2402 rx).
1689 2336 1761 2389 Et
1793 2353 1807 2390 :
1837 2339 2031 2391 Beatus

424 2443 603 2484 servus
623 2429 733 2492 ille,
753 2444 927 2498 quem,
952 2443 1072 2482 cum
1087 2429 1290 2484 venerit
1307 2427 1563 2483 domi-nus
1612 2442 1740 2484 suus
1767 2431 2032 2484 invenerit

424 2523 501 2576 sic
526 2522 811 2588 facientem
831 2523 976 2589 (Luc.
997 2523 1131 2587 x11).
1158 2522 1366 2576 Tamen
1392 2518 1465 2575 ad
1489 2517 1770 2590 apostolos
1792 2518 1989 2576 dicitur
2010 2538 2023 2573 :

425 2618 545 2672 1am
569 2631 673 2671 non
701 2615 879 2671 dicam
904 2629 993 2670 vos
1017 2629 1213 2679 servos,
1235 2614 1367 2684 quia
1384 2628 1568 2669 servus
1588 2615 1756 2668 nescit
1779 2614 1920 2683 quid
1936 2615 2032 2680 fa-

426 2713 536 2768 ciat
552 2711 797 2767 dominus
811 2725 959 2766 suus.
987 2712 1093 2766 Vos
1112 2712 1294 2765 autem
1312 2708 1429 2763 dico
1452 2708 1672 2770 amicos,
1695 2709 1827 2777 quia
1847 2709 2028 2763 omnia

425 2820 769 2876 quaecumque
791 2805 984 2860 audivi
1002 2820 1036 2859 a
1058 2807 1218 2869 Patre
1238 2819 1372 2871 meo,
1391 2807 1522 2857 nota
1548 2803 1656 2870 feci
1674 2803 1822 2858 vobis
1850 2804 2023 2871 (Joan.

424 2903 552 2970 xv).
580 2901 652 2956 Et
680 2899 923 2957 iterum:
960 2900 1064 2955 Vos
1100 2898 1264 2952 amici
1288 2897 1398 2951 mei
1425 2896 1582 2959 estis,
1614 2896 1665 2950 si
1689 2896 1929 2962 feceritis
1965 2910 2028 2948 ea

2140 1883 2285 1936 sum,
2325 1868 2382 1924 in
2405 1883 2512 1940 qua
2543 1868 2753 1941 plenior
2777 1868 2977 1925 ﬁducia
3005 1878 3439 1942 perpetuumque
3449 1870 3565 1943 jam
3592 1886 3729 1943 gau-

2140 1960 2294 2017 dium
2322 1969 2423 2031 est,
2456 1976 2739 2018 assumens
2776 1977 2870 2017 eos
2893 1960 2962 2018 de
2983 1961 3187 2017 timore
3212 1962 3392 2018 servili
3428 1968 3481 2018 et
3511 1978 3731 2020 merce—

2138 2052 2290 2109 naria
2314 2067 2432 2125 spe,
2472 2052 2541 2110 ad
2564 2051 2909 2109 dilectionem
2934 2053 3036 2108 Dei
3078 2062 3135 2110 et
3177 2053 3530 2126 adoptionem
3551 2064 3738 2113 trans-

2140 2143 2247 2200 fert
2273 2144 2533 2213 ﬁliorum,
2567 2152 2622 2201 et
2653 2145 3067 2217 quodammodo
3108 2145 3460 2218 perfectiores
3505 2147 3635 2205 facit
3673 2149 3744 2206 de

2139 2238 2412 2310 perlectis.
2443 2240 2627 2296 Multa:
2651 2240 2797 2296 enim
2814 2280 2833 2310 ,
2880 2241 2958 2296 ait
2981 2242 3253 2311 Salvator,
3282 2246 3585 2299 mansiones
3609 2253 3745 2300 sunt

2139 2336 2291 2405 apud
2315 2338 2535 2411 Patrem
2553 2352 2727 2392 meum
2746 2339 2916 2404 (Ioan.
2940 2339 3100 2405 xxv).
3134 2339 3202 2392 Et
3226 2337 3350 2394 licet
3376 2338 3558 2395 omnia
3582 2348 3732 2395 astra

2137 2443 2256 2485 esse
2281 2427 2562 2485 videantur
2589 2429 2648 2485 in
2671 2430 2813 2486 coelo
2829 2472 2846 2500 ,
2887 2430 3027 2486 inter
3053 2430 3357 2487 claritatem
3385 2439 3563 2488 tamen
3598 2432 3741 2489 solis

2135 2529 2189 2577 et
2240 2522 2384 2579 luna:
2441 2529 2603 2594 atque
2653 2522 2861 2580 luciferi
2880 2565 2896 2595 ,
2966 2533 3403 2599 canet-aramque
3446 2526 3733 2584 stellarum

2133 2616 2303 2672 multa
2324 2615 2582 2673 distantia
2605 2625 2706 2673 est.
2738 2618 2809 2672 Et
2835 2616 3039 2675 idcirco
3065 2618 3256 2674 beatus
3278 2619 3593 2691 Apostolus,
3620 2635 3737 2676 non

2134 2709 2311 2765 solum
2340 2708 2521 2766 timori
2550 2726 2613 2767 ac
2632 2709 2770 2782 spei,
2811 2710 2913 2767 sed
2941 2711 3107 2768 etiam
3147 2713 3363 2768 cunctis
3385 2712 3734 2769 charismati-

2132 2800 2258 2869 bus,
2280 2816 2406 2873 quae
2423 2817 2623 2874 magna
2643 2818 2706 2858 ac
2727 2802 2961 2859 miriﬁca
2980 2802 3275 2870 habentur,
3297 2820 3419 2861 eam
3440 2803 3737 2877 praeferens

2132 2902 2155 2930 ι
2176 2908 2341 2967 supra
2370 2893 2625 2965 modum,
2654 2896 3094 2954 excellentiorem
3136 2897 3389 2955 omnibus
3407 2898 3734 2957 charitatem

1531 3046 1786 3103 ALARDI
1824 3047 2050 3102 GAZAEI
2087 3047 2646 3107 COMMENTARIUS.

425 3173 647 3247 praemia
679 3174 771 3230 hic
810 3181 1092 3230 enumeret
1116 3174 1347 3247 Auctpr,
1375 3187 1500 3247 cum
1526 3172 2020 3247 apudMatthaaum
2057 3178 2100 3242 C
2130 3176 2280 3232 hunc
2293 3175 2478 3232 locum
2489 3180 2725 3247 pertinet
2742 3198 2759 3233 :
2779 3182 3005 3237 Praemia
3020 3180 3312 3236 secundum
3330 3182 3662 3237 additionem
3682 3197 3740 3237 se

423 3243 549 3318 bcto
587 3253 1107 3318 commemorentur,
1137 3243 1287 3318 quod
1306 3244 1444 3318 satis
1462 3243 1713 3318 habuerit
1732 3244 1817 3300 bis
1836 3260 2015 3318 exem-

424 3316 545 3388 plis_
565 3315 848 3372 ostendere
905 3314 1170 3388 diversos'
1202 3323 1258 3371 et
1302 3315 1599 3387 inaequales
1657 3330 1773 3371 esse
1814 3315 2017 3388 gradus

421 3386 832 3460 perfectionum
867 3386 985 3460 (qui
1032 3402 1229 3458 scopus
1292 3394 1348 3460 et
1409 3386 2016 3460 argumentum—hujus

422 3456 582 3530 cap.),
611 3459 752 3515 sicut
784 3456 978 3515 diversi
1017 3456 1150 3530 sunt
1184 3456 1383 3530 gradus
1408 3456 1817 3530 beatitudinum
1846 3456 2018 3514 evan-

422 3474 582 3583 03%.),
611 3474 752 3515 ειουῑ
784 3474 978 3515 αινρτει
1017 3474 1150 3539 sunt
1184 3474 1383 3540 gradus
1408 3474 1817 3541 οεδιῃιιαιηυω
1846 3474 2018 3514 evan-

420 3543 486 3609 ge
508 3538 819 3609 parum,_et
842 3543 1195 3609 praemiorum
1226 3543 1302 3609 eiS
1322 3543 1789 3609 repromissomm
1807 3570 1822 3596 ,
1852 3538 2020 3609 propt

422 3598 483 3671 in
508 3599 1216 3671 Evangelio_exprimuntur.
1253 3598 1464 3671 Verum
1489 3598 1576 3654 hic
1602 3598 1912 3671 opportune
1940 3603 2014 3656 D.

421 3666 694 3724 Thomam
717 3666 1004 3725 audiemus
1025 3668 1229 3738 plenius
1258 3668 1377 3724 haec
1405 3676 1460 3723 et
1485 3666 1794 3725 accuratius
1820 3685 1887 3725 ex
1920 3686 2019 3726 ve-

417 3746 596 3811 terum
629 3743 851 3796 Palmm
897 3740 1167 3795 sententia
1213 3739 1569 3811 explicantem
1600 3739 1661 3811 in
1696 3738 1844 3795 hunc
1888 3755 2016 3795 mo-

418 3807 553 3893 dum
582 3815 702 3895 (Ol-2
730 3827 785 3880 q.
818 3815 910 3893 692
940 3826 992 3864 a.
1031 3815 1065 3865 2
1094 3814 1145 3866 et
1164 3815 1223 3893 ft)
1251 3807 2019 3935 z’Dicendum,_inquit,dquod

418 3895 558 3935 circa
583 3888 688 3935 ista
711 3896 960 3935 praemia.
987 3886 1312 3935 expositores
1332 3896 1500 3935 sacra:
1522 3882 1822 3935 Scriptura:
1889 3898 2018 3935 ivero

416 3883 558 3938 circa
583 3883 688 3938 ista
706 3883 960 3951 praemia,
987 3883 1312 3951 expositores
1332 3896 1500 3936 sacra:
1522 3882 1822 3952 Scriptura:
1851 3882 2018 3936 diver-

416 3953 620 4008 simode
645 3956 771 4008 sunt
796 3953 975 4006 locuti.
1010 3953 1242 4019 Quidam
1270 3955 1410 4006 enim
1439 3954 1620 4007 omnia
1649 3954 1755 4007 ista
1790 3956 2019 4022 praemia

415 4023 494 4079 ad
519 4026 769 4092 futuram
791 4023 1172 4094 beatitudinem
1186 4026 1452 4094 pertinere
1477 4024 1664 4078 dicunt
1688 4042 1702 4077 :
1731 4024 1869 4078 sicut
1885 4026 2017 4078 Am-

418 4094 624 4151 brosius
650 4110 811 4166 super
837 4097 1037 4166 Lucam
1068 4093 1153 4165 (In
1169 4093 1319 4166 i’cap.
1350 4094 1417 4149 de
1438 4094 1711 4150 Beatitud.
1749 4097 1887 4149 temo
1913 4096 2009 4163 V).

413 4165 758 4236 Augustinus
786 4181 909 4221 vero
929 4165 1062 4237 (Lib.
1095 4180 1117 4220 Ι
1145 4165 1211 4220 de
1231 4180 1388 4221 serm.
1419 4169 1574 4221 Dom.
1600 4168 1660 4220 in
1683 4170 1858 4221 monte
1889 4182 1933 4221 c.
1964 4171 2020 4234 9)

413 4236 547 4292 dicit
569 4255 632 4294 ea
660 4238 734 4292 ad
760 4236 1079 4307 praesentem
1105 4239 1275 4291 vitam
1298 4239 1582 4307 pertinere.
1610 4237 2019 4306 Chrysostomus

412 4313 590 4364 autem
623 4310 841 4375 (Homil.
874 4314 908 4363 6
926 4310 986 4362 in
1012 4309 1232 4374 Matth.)
1272 4310 1330 4361 in
1358 4310 1469 4363 suis
1496 4309 1737 4363 homiliis
1766 4308 2015 4377 quaedam

408 4393 593 4433 eorum
613 4380 748 4433 dicit
760 4380 1032 4447 pertinere
1060 4378 1134 4432 ad
1153 4380 1406 4448 futuram
1427 4380 1619 4442 vitam,
1642 4379 1894 4448 quaedam
1914 4395 2015 4433 au-

411 4452 516 4502 tem
543 4449 617 4517 ad
633 4451 969 4517 praesentem.
1006 4448 1097 4500 Ad
1123 4447 1275 4515 cujus
1303 4449 1631 4503 evidentiam
1650 4447 2013 4504 iconsideran~

410 4512 657 4589 dum‘est
686 4516 836 4589 quod
858 4530 975 4585 spes
1015 4512 1217 4589 futurae
1234 4518 1599 4589 beatitudinis
1617 4523 1795 4588 potest
1816 4535 1925 4575 esse
1959 4523 2016 4575 in

407 4588 509 4644 nob
517 4589 560 4642 is
565 4590 787 4658 propter
799 4587 923 4659 duo.
945 4588 1132 4641 Primo
1147 4587 1363 4658 quidem
1376 4592 1599 4659 propter
1618 4587 1867 4658 aliquam
1883 4606 2017 4659 prce.

400 4661 744 4731 parationem
757 4659 838 4714 vel
847 4658 1250 4731 dispositionem
1265 4659 1339 4713 ad
1351 4661 1608 4731 futuram
1626 4658 2019 4718 beatitudinem

405 4730 551 4803 quod
578 4735 657 4787 est
672 4746 775 4803 per
796 4730 1017 4803 modum
1037 4731 1249 4803 meriti;
1275 4731 1383 4785 alio
1417 4730 1570 4803 modo
1597 4746 1701 4803 per
1720 4732 2019 4799 quamdam

402 4800 790 4859 inchoationem
806 4800 1174 4872 imperfectam
1195 4802 1403 4869 futura
1420 4800 1774 4857 beatitudinis
1801 4803 1858 4857 in
1880 4805 2017 4860 viris

403 4877 628 4940 sanctis,
669 4878 833 4930 etiam
861 4877 918 4928 in
947 4875 1047 4929 hac
1072 4876 1209 4930 vita.
1241 4873 1423 4930 Aliter
1448 4875 1585 4928 enim
1637 4873 1869 4929 habetur
1898 4889 2016 4944 spes

403 4947 841 5013 fructiﬁcationis
850 4946 1079 5007 arboris,
1097 4961 1216 5001 cum
1234 4946 1449 5001 virescit
1460 4944 1770 5013 frondibus;
1792 4950 1843 5000 et
1852 4947 2016 5002 aliter

403 5029 523 5088 eum
540 5015 663 5086 jam
684 5014 1291 5088 primordiafructuum
1315 5018 1587 5087 incipiunt
1607 5032 1894 5088 apparere.
1925 5019 2014 5075 Sic

400 5084 573 5157 igitur
584 5102 647 5141 ea
659 5100 780 5157 quae
790 5086 851 5158 in
863 5084 980 5139 beat
986 5086 1186 5140 itudini
1191 5088 1285 5142 bus
1296 5084 1615 5157 tanguntur,
1630 5084 1905 5158 tamquam
1916 5105 2013 5144 me-

400 5156 529 5225 rita,
556 5156 685 5216 sunt
692 5156 941 5229 quadam
954 5156 1405 5229 praeparationes,
1424 5160 1507 5213 vel
1531 5156 1908 5229 dispositiones
1935 5161 2012 5215 ad

403 5231 811 5291 beatitudinem,
848 5228 932 5283 vel
951 5228 1267 5297 perfectam,
1293 5229 1376 5284 vel
1411 5228 1753 5297 inchoatam;
1795 5245 1856 5284 ea
1887 5246 2010 5286 vero

437 5317 521 5357 ua:
544 5305 823 5371 ponuntur
841 5304 1120 5369 tamquam
1134 5302 1383 5369 praemia,
1407 5305 1631 5369 possunt
1650 5315 1760 5354 esse
1788 5301 1870 5353 vel
1886 5302 2008 5369 ipsa

397 5318 521 5425 gum
544 5318 823 5371 ponuntur
841 5318 1120 5369 tamquam
1134 5318 1383 5369 prwmta,
1407 5318 1631 5369 possunt
1650 5318 1760 5354 esse
1788 5318 1869 5381 vet
1886 5318 2005 5369 ipsa

430 5372 670 5428 eatitudo
690 5372 955 5441 perfecta,
987 5374 1038 5425 et
1056 5373 1132 5425 sic
1147 5373 1419 5442 pertinent
1437 5371 1511 5424 ad
1533 5372 1787 5442 futuram
1811 5374 2005 5438 vitam;

394 5445 480 5498 vel
492 5445 680 5515 aliqua
692 5443 961 5499 inchoatio
987 5441 1358 5505 beatitudinis,
1382 5443 1520 5515 sicut
1547 5444 1620 5495 est
1643 5442 1702 5494 in
1720 5441 1865 5515 viris
1871 5456 2006 5510 per-

394 5515 556 5587 fectis
569 5513 596 5577 ξ
614 5518 670 5570 et
688 5516 766 5571 sic
788 5516 1020 5585 praemia
1043 5517 1319 5587 pertinent
1349 5513 1435 5587 ad
1445 5515 1782 5587 praesentem
1808 5514 1997 5587 vitam.

395 5577 528 5657 Cum
546 5587 687 5640 enim
706 5577 904 5655 abigatis
922 5577 1114 5657 incipit
1132 5589 1386 5657 proﬁcere
1413 5577 1472 5657 in
1484 5583 1698 5657 actibus
1720 5577 1998 5657 virtutum

392 5660 445 5711 et
456 5655 734 5719 donorum,
749 5654 925 5726 pbtest
943 5654 1156 5727 sperari
1170 5654 1243 5711 de
1253 5672 1309 5711 eo
1326 5654 1469 5726 quod
1474 5655 1752 5724 perveniet
1775 5656 1853 5710 ad
1846 5671 1999 5778 iper-

394 5727 677 5778 fectionem
696 5729 818 5778 viae.
835 5727 1357 5778 etadnerfectionem
1368 5727 1589 5778 nat-rite.
1608 5725 1744 5778 Hmc
1763 5726 1829 5778 S.
1901 5727 1997 5778 ho-

390 5727 677 5796 fectionem
696 5725 818 5790 viae,
835 5725 1589 5796 etadperfectibnempatriw.
1608 5725 1744 5781 Haec
1763 5726 1802 5780 S
1814 5767 1829 5780 .
1846 5725 1974 5781 Tho

393 5813 533 5857 mas.
575 5796 743 5857 Addit
785 5810 913 5854 vero
953 5797 1011 5853 in
1038 5798 1210 5855 altero
1247 5797 1497 5868 articulo,
1526 5796 1676 5870 quod
1713 5796 1887 5853 etiam
1921 5797 1995 5854 ad

2129 3247 2326 3323 habent
2342 3248 2415 3302 ad
2432 3250 2673 3305 invicem.
2688 3253 2829 3323 Nam
2840 3253 2968 3322 plus
2985 3256 3063 3306 est
3072 3254 3347 3322 possidere
3364 3258 3567 3308 terram
3583 3256 3743 3323 regni

2124 3320 2369 3373 calorum
2388 3335 2551 3389 quam
2567 3320 2883 3391 simpliciter
2909 3320 3118 3378 habere.
3135 3324 3310 3379 Multa
3322 3327 3463 3378 enim
3482 3320 3741 3381 habentus

2126 3405 2247 3459 qua:
2260 3405 2367 3464 non
2380 3393 2608 3464 ﬁrmiter
2626 3397 2678 3447 et
2685 3397 2909 3464 paciﬁce
2930 3394 3290 3464 possidemus.
3320 3396 3449 3450 Plus
3472 3400 3548 3450 est
3565 3398 3735 3450 etiam

2125 3461 2389 3536 consolari
2425 3463 2484 3536 in
2516 3461 2874 3536 regnaquam
2904 3461 3096 3520 habere
3122 3470 3172 3520 et
3194 3467 3502 3536 possidere;
3550 3468 3737 3521 multa

2126 3533 2269 3586 enim
2295 3547 2414 3586 cum
2440 3533 2619 3605 dolore
2637 3537 2990 3605 possidemus.
3032 3537 3161 3592 Plus
3193 3533 3271 3591 est
3299 3540 3461 3592 etiam
3488 3541 3739 3593 satumri

2126 3617 2289 3683 quam
2310 3604 2637 3683 simpliciter
2657 3608 2944 3683 consolari.
2972 3609 3111 3683 Nam
3147 3610 3413 3683 saturitas
3448 3609 3740 3683 abundap-

2126 3674 2258 3726 tiam
2287 3674 2661 3747 consolationis
2687 3679 2963 3747 importat;
2992 3679 3357 3733 misericordia
3374 3695 3496 3733 vero
3517 3680 3739 3736 excedit

2125 3744 2489 3819 saturitatem,
2515 3748 2577 3819 ut
2598 3746 2725 3814 plus
2754 3744 2957 3804 scilicet
2981 3749 3132 3804 homo
3157 3751 3382 3819 accipiat
3409 3765 3575 3818 quam
3605 3766 3739 3804 me-

2125 3815 2298 3889 ruerit
2317 3814 2720 3889 veldesiderare
2730 3822 2993 3889 potuerit.
3014 3821 3208 3876 Adhuc
3243 3814 3616 3889 autemrmajus
3637 3826 3732 3876 est

2125 3887 2295 3961 Deum
2322 3885 2527 3961 videre;
2557 3889 2696 3961 sicut
2720 3885 2895 3959 major
2917 3896 2996 3946 est
3005 3931 3025 3959 ,
3063 3894 3164 3961 qui
3191 3894 3243 3946 in
3268 3892 3418 3946 curia
3441 3885 3587 3959 regis
3611 3907 3734 3948 non

2125 3956 2296 4009 solum
2312 3957 2566 4031 prandet,
2584 3958 2677 4013 sed
2696 3956 2857 4016 etiam
2881 3956 3234 4031 facicm'regis
3253 3962 3427 4017 videt:
3453 3956 3737 4018 summam

2126 4031 2305 4103 agitem
2350 4028 2671 4103 dignitatem
2701 4033 2758 4085 in
2786 4033 2939 4087 domo
2980 4035 3130 4102 regia
3158 4028 3316 4103 'ﬁlius
3359 4036 3499 4103 regis
3544 4034 3734 4091 habet.

2127 4098 2417 4187 {lactentis
2432 4101 2640 4187 Doctor
2663 4102 2974 4187 A‘ngelicus,
3003 4098 3188 4186 immo".
3203 4098 3460 4160 divinus':
3489 4104 3583 4187 qui
3611 4106 3737 4187 qui-

2126 4166 2256 4251 dem
2279 4166 2857 4251 illam“beatitudinem
2892 4166 2969 4251 e_t'
2999 4174 3358 4251 praemiorum
3397 4166 3732 4251 varietatem

2127 4246 2182 4294 et
2205 4238 2590 4297 habitudinem
2631 4242 2699 4299 ad
2732 4259 2790 4301 se
2818 4238 3050 4302 invicem
3078 4246 3236 4302 aliter
3257 4255 3311 4302 et
3331 4246 3582 4303 subtilius
3599 4263 3734 4304 con-

2124 4309 2383 4389 sideravit
2407 4314 2953 4389 et_exposuit,_quam
2975 4315 3079 4373 hoc
3108 4318 3228 4373 loco
3251 4318 3581 4389 explicatur.

2196 4382 2506 4467 ngnpscit
2527 4382 2579 4467 et
2606 4383 2747 4467 lianc
2766 4382 3059 4467 lectionem
3098 4390 3172 4467 D.
3199 4382 3595 4467 ﬂier'onymns;
3617 4388 3731 4446 vul-

2126 4458 2250 4521 gata
2295 4461 2483 4508 autem
2535 4455 2694 4511 lectio
2738 4461 2983 4515 :Parum
3030 4462 3129 4524 est,
3159 4463 3223 4514 ut
3271 4462 3347 4516 sis
3374 4455 3515 4516 mihi
3539 4455 3730 4518 servus

2044 4556 2093 4617 D
2130 4525 2477 4617 (15304135),
2509 4534 2616 4581 etc.

2200 4584 2228 4623 δ
2256 4584 2469 4675 solutib
2489 4598 2784 4675 propositae
2808 4598 3161 4675 difﬁcultatis,
3195 4601 3481 4675 quomodo
3509 4601 3733 4660 timoris

2129 4669 2185 4748 et
2209 4663 2321 4748 spei
2352 4663 2805 4748 affectus'dixerit
2828 4663 3517 4748 imperfectosi'Nimirum
3545 4690 3732 4746 respe-

2127 4741 2220 4821 ptu
2242 4734 2546 4821 charitatis,
2574 4739 2823 4821 quamvis
2847 4734 3033 4821 .in'suo
3057 4759 3257 4815 genere
3286 4752 3348 4821 et
3365 4734 3731 4821 gradusuam

2124 4801 2359 4885 babeant
2388 4801 2774 4885 perfectionem
2801 4833 2813 4868 :
2840 4814 2901 4885 in
2923 4830 3027 4885 qua
3054 4801 3237 4871 tamen
3273 4801 3501 4871 minime
3526 4817 3732 4872 sisten-

2124 4874 2289 4959 d_um.;A
2318 4874 2413 4959 sed
2450 4881 2721 4959 gradatim
2760 4899 2792 4939 a
2810 4874 3011 4959 timdre
3043 4885 3337 4959 ad_spem,
3363 4894 3420 4959 et
3439 4903 3469 4959 a
3495 4901 3595 4957 spe
3634 4887 3729 4944 ad.

2121 4945 2950 5029 charitatem'progrediendum,
2999 4956 3149 5029 quod
3168 4945 3337 5013 etiam
3358 4945 3647 5029 dixit
3667 4965 3720 5011 7.

2161 5020 2216 5099 .‘
2243 5020 2354 5099 Cur
2376 5020 2680 5099 Apcsto'lus
2704 5020 3035 5099 charitatem'
3053 5026 3192 5082 viam
3219 5020 3595 5096 nominaverit;
3633 5028 3728 5081 in-

2120 5086 2264 5170 dicat
2288 5086 2618 5170 S._'l‘liomas
2642 5096 2826 5166 paucis
2856 5097 3033 5153 verbis
3071 5100 3210 5168 (2-2.
3250 5116 3305 5170 q.
3340 5105 3433 5163 24,
3462 5086 3671 5170 art.'4)
3712 5118 3728 5155 ε

2116 5161 2322 5244 Εαξήος
2341 5162 2575 5244 dicimur
2591 5161 2703 5244 esse
2723 5170 2972 5244 viatores,
2994 5161 3139 5244 quod
3161 5171 3221 5244 in
3242 5161 3411 5244 Deum
3425 5161 3731 5244 tendimus.

2116 5234 2217 5313 qui
2241 5236 2320 5313 est
2336 5234 2561 5313 ultimus
2576 5240 2701 5306 ﬁnis
2721 5244 2915 5313 nostra:
2941 5234 3309 5297 beatitudinis.
3338 5246 3401 5299 In
3419 5243 3524 5297 hac
3541 5247 3733 5298 autem

2114 5307 2209 5384 via
2238 5307 2387 5358 tanto
2413 5310 2591 5384 magis
2606 5311 2963 5378 procedimus,
3010 5317 3213 5381 quanto
3241 5317 3346 5369 Deo
3376 5314 3556 5382 magis
3592 5329 3729 5382 pro-

2105 5381 2468 5455 Ρξηᾳιιιξηηέξ,
2501 5381 2592 5455 cui
2609 5396 2713 5434 non
2742 5383 3216 5452 appropinquatur
3238 5381 3491 5455 passibus
3527 5381 3727 5454 cuipo-

2111 5443 2324 5526 ris,gsed
2339 5448 2633 5526 affectibus
2895 5443 3046 5508 Hane
3056 5443 3725 5526 autempropinquitatem

2109 5514 2247 5594 facit
2268 5516 2526 5594 charitas,
2559 5524 2691 5591 quia
2714 5538 2815 5592 per
2838 5526 3016 5594 ipsam
3039 5541 3186 5581 mens
3216 5514 3318 5581 ῦεο
3345 5514 3555 5580 uniti".
3588 5526 3727 5582 Ideo

2107 5586 2397 5669 épostolus
2418 5586 2735 5669 charitatem
2758 5586 2906 5650 viain
2926 5597 3191 5669 nominat,
3216 5597 3396 5652 dicens
3421 5598 3623 5669 primis
3650 5600 3732 5655 ad

2108 5657 2349 5713 Corinth.
2383 5677 2481 5719 xu
2513 5682 2530 5718 :
2561 5664 2754 5720 Adhuc
2794 5657 3218 5723 excellentiorein
3245 5670 3393 5723 viam
3421 5657 3590 5724 .vobis
3622 5669 3721 5725 de-

1981 5757 1997 5767 -
2106 5734 2371 5785 monstro.
