4040 6206
319 271 418 326 865

1345 262 1685 322 COLLATIO
1724 264 1814 320 XI.
1852 291 1927 306 —
1962 264 2053 320 DE
2091 262 2590 320 PERFECTIONE.

3519 273 3622 330 866

317 392 570 452 ostendit.
601 394 744 450 Nam
787 405 919 448 cum
963 389 1156 458 vellet,
1206 389 1423 463 expleto
1473 387 1622 446 omni
1655 387 1910 462 catalogo
1939 392 1994 455 Α
2023 386 2448 462 psalmographo
2484 407 2499 445 :
2529 391 2728 446 Timete
2751 392 3060 455 Dominum,
3087 405 3267 448 omnes
3289 396 3464 449 sancti
3485 393 3620 464 ejus,

317 485 683 562 spiritualium
721 483 1116 542 charismatum
1135 525 1152 554 ,
1197 483 1464 541 virtutum
1509 485 1628 558 ejus
1665 481 1914 541 membra

315 577 636 649 describere,
664 578 740 634 ita
765 576 1029 650 praefatus
1052 586 1135 635 est
1163 595 1176 634 :
1201 580 1274 634 Et
1291 579 1470 634 adhuc
1487 592 1652 651 supra
1683 576 1914 634 modum

315 673 734 729 eacellentiorem
757 674 902 728 viam
918 673 1078 728 vobis
1096 674 1419 730 demonstro.
1441 675 1504 730 Si
1518 673 1719 743 linguis
1738 672 1914 728 homi-

313 783 447 824 num
475 767 671 838 loquar
693 772 746 824 et
770 770 1098 838 angelorum,
1123 771 1175 824 et
1198 769 1251 822 si
1273 767 1511 824 habuero
1539 767 1909 838 prophetiam,

315 865 369 918 et
391 863 630 918 noverim
652 863 911 932 mysteria
932 864 1136 930 omnia,
1177 865 1229 917 et
1248 877 1454 917 omnem
1481 861 1783 928 scientiam,
1805 861 1915 916 etsi

315 955 550 1010 habuero
575 971 781 1011 omnem
801 957 982 1026 ﬁdem,
1006 959 1090 1012 ita
1107 961 1171 1012 ut
1192 960 1396 1012 montes
1417 957 1770 1024 transferam,
1799 954 1914 1009 etsi

317 1047 644 1105 distribuere
668 1049 881 1106 incibos
901 1065 1212 1120 pauperum
1234 1064 1410 1106 omnes
1432 1051 1721 1119 facultates
1741 1063 1908 1110 meas.

312 1145 366 1198 et
380 1144 434 1198 si
457 1143 737 1200 tradidero
753 1159 941 1214 corpus
963 1159 1139 1199 meum
1162 1145 1244 1199 ita
1261 1146 1327 1198 ut
1337 1144 1582 1207 ardeam,
1595 1143 1914 1198 charitatem

863 1279 880 1301 ,
908 1237 1051 1292 nihil
1079 1237 1221 1292 mihi
1239 1237 1462 1308 prodest
1487 1235 1531 1308 (Ι
1557 1237 1674 1294 Cor.
1725 1248 1820 1291 xu
1860 1239 1912 1290 et

311 1326 472 1388 xui).
499 1323 706 1384 Videtis
729 1342 858 1402 ergo
885 1327 1021 1384 nihil
1051 1328 1344 1400 pretiosius
1360 1368 1378 1395 ,
1407 1326 1540 1384 nihil
1574 1325 1869 1398 perfectius
1889 1366 1906 1394 ,

309 1414 562 1489 nihilque
581 1420 890 1491 sublimius,
915 1429 971 1477 et
995 1420 1078 1494 (ut
1099 1421 1173 1477 ita
1201 1420 1452 1486 dixerim)
1480 1418 1622 1476 nihil
1647 1417 1910 1475 charitate

308 1511 599 1583 perennius
627 1512 871 1570 inveniri.
906 1517 1032 1571 Sive
1071 1514 1218 1571 enim
1250 1515 1555 1587 prophetia:
1579 1514 1912 1569 evacuabun-

308 1611 419 1668 tur,
449 1609 564 1662 sive
603 1607 805 1678 linguae
843 1609 1140 1672 cessabunt,
1169 1609 1280 1663 sive
1314 1607 1542 1663 scientia
1569 1607 1915 1675 destruetur;

308 1701 550 1756 charitas
587 1710 772 1758 autem
804 1719 1102 1773 numquam
1130 1702 1342 1758 excidet
1381 1700 1599 1773 (Ibid.),
1632 1699 1751 1756 sine
1787 1714 1913 1770 qua,

2019 483 2151 551 quia
2175 481 2314 536 nihil
2339 481 2486 538 deest
2514 483 2824 539 timentibus
2848 499 2968 540 eum
2993 484 3160 551 (Psal.
3204 490 3448 551 xxvm).
3479 485 3624 556 Quid

2021 575 2171 630 enim
2194 573 2301 632 hoc
2325 575 2528 632 timore
2557 576 2862 634 Dominum
2887 577 3084 634 metuit
3102 617 3119 645 ,
3149 576 3468 650 perfectioni
3503 579 3620 652 ejus

2021 675 2234 725 certum
2279 677 2363 726 est
2384 669 2518 726 nihil
2548 669 2758 728 deesse.
2788 673 2931 728 Nam
2970 669 3041 729 de
3071 671 3164 728 illo
3195 672 3396 730 timore
3423 673 3622 746 poenali

2019 761 2300 820 evidenter
2319 763 2562 820 Joannes
2585 765 2867 837 apostolus
2880 765 3017 823 dicit
3043 785 3058 820 :
3083 769 3194 834 Qui
3217 771 3387 838 timet,
3412 784 3520 824 non
3547 775 3623 826 est

2015 858 2285 926 perfectus
2314 859 2373 913 in
2398 859 2683 923 charitate,
2704 863 2835 930 quia
2860 862 3023 916 timor
3028 875 3248 932 ptenam
3273 863 3431 918 habet
3447 861 3620 934 (Joan.

2021 953 2128 1016 ιν).
2152 949 2324 1006 Multa
2364 950 2530 1024 igitur
2561 951 2824 1008 distantia
2849 961 2934 1008 est
2968 953 3110 1010 inter
3153 954 3324 1012 istum
3361 954 3622 1014 timorem

2020 1040 2110 1096 cui
2133 1040 2263 1097 nihil
2283 1040 2456 1112 deest,
2488 1041 2584 1114 qui
2621 1042 2906 1114 sapientiae
2941 1045 3290 1119 scientiaeque
3328 1048 3622 1108 thesaurus

2017 1140 2133 1200 est;
2160 1141 2218 1190 et
2241 1133 2394 1190 illum
2427 1122 2830 1206 imperfectum,
2855 1137 2949 1207 qui
2993 1138 3318 1212 principium
3341 1145 3622 1217 sapientia

2016 1233 2384 1298 nuncupatur,
2421 1225 2627 1297 quique
2666 1240 2887 1298 plenam
2933 1227 2989 1282 in
3040 1243 3161 1286 sese
3195 1233 3479 1292 continens
3504 1277 3521 1304 ,
3551 1239 3620 1296 de

2015 1318 2386 1392 perfectorum
2413 1318 2670 1378 cordibus
2695 1321 3115 1393 superveniente
3136 1322 3466 1394 plenitudine
3489 1327 3620 1386 cha-

2014 1415 2195 1474 ritatis
2215 1415 2560 1474 extruditur:
2599 1419 2777 1473 Timor
2803 1417 2949 1474 enim
2984 1434 3091 1474 non
3111 1423 3189 1474 est
3229 1421 3294 1474 in
3331 1421 3620 1490 charitate,

2017 1510 2112 1564 sed
2134 1511 2380 1580 perfecta
2407 1511 2647 1566 charitas
2668 1513 2821 1578 foras
2849 1513 3024 1567 mittit
3056 1515 3302 1569 timorem
3326 1515 3526 1588 (Ibid).
3557 1521 3626 1575 Et

2025 1617 2210 1660 revera
2227 1644 2244 1668 ,
2285 1602 2330 1661 si
2358 1602 2688 1676 principium
2714 1604 2990 1676 sapientiae
3036 1605 3092 1660 in
3133 1605 3336 1663 timore
3371 1611 3626 1670 consistit

2027 1696 2194 1767 (Psat.
2245 1696 2364 1770 cx),
2395 1711 2524 1770 quas
2563 1697 2666 1753 erit
2693 1696 2832 1770 ejus,
2873 1697 2978 1754 nisi
3006 1697 3064 1754 in
3095 1698 3299 1756 Christi
3351 1702 3622 1762 charitate

307 1809 419 1851 non
470 1795 652 1852 solum
692 1796 784 1852 illa
831 1795 1337 1870 praecellentissima
1379 1793 1780 1851 charismatum
1815 1806 1913 1865 ge-
1943 1798 1992 1862 Β
2023 1787 2318 1862 perfectio,
2368 1805 2492 1862 qum
2543 1791 2698 1847 illum
2753 1791 2814 1847 in
2854 1806 2974 1848 sese
3019 1791 3278 1864 perfectae
3321 1793 3624 1858 dilectionis

305 1901 462 1957 nera,
491 1887 589 1946 sed
609 1889 778 1946 etiam
803 1889 1055 1962 martyrii
1079 1888 1250 1961 ipsius
1279 1887 1455 1960 gloria
1483 1895 1762 1945 vacuatur.

887 1983 1136 2038 CAPUT
1172 1981 1340 2036 XIII.

321 2078 400 2132 De
440 2076 632 2130 timore
656 2078 755 2145 qui
781 2075 849 2132 de
863 2077 1160 2145 Ocharitatis
1187 2075 1566 2144 magnitudine
1605 2079 1907 2144 generatur.

385 2166 657 2239 Quisquis
697 2167 859 2242 igitur
886 2168 941 2224 in
989 2168 1154 2240 hujus
1201 2167 1366 2224 fuerit
1407 2167 1690 2224 cbaritatis
1741 2166 1915 2239 perfe-

309 2257 496 2316 ctione
518 2257 794 2330 fundatus,
823 2277 1042 2318 necesse
1075 2270 1159 2318 est
1182 2265 1264 2332 :ut
1297 2259 1368 2318 ad
1393 2271 1420 2298 ⁸
1446 2260 1600 2318 illum
1627 2260 1916 2317 sublimio-

307 2366 429 2408 rem
461 2351 740 2410 charitatis
768 2355 1024 2412 timorem
1051 2354 1224 2429 gradu
1247 2355 1628 2412 excellentiore
1646 2369 1907 2412 conscen-

303 2444 419 2516 dat,
446 2460 616 2519 quem
641 2463 756 2504 non
781 2465 1070 2520 poenarum
1083 2456 1282 2518 terror,
1302 2463 1404 2504 nec
1425 2445 1624 2520 cupido
1646 2446 1909 2520 praemio-

303 2555 456 2609 rum,
490 2539 586 2597 sed
613 2541 819 2598 amoris
862 2550 1084 2615 generat
1111 2539 1452 2614 magnitudo,
1497 2555 1608 2614 quo
1655 2540 1739 2597 vel
1762 2541 1910 2598 Illius

302 2633 852 2706 indulgentissimum
896 2644 1132 2708 patrem,
1181 2635 1263 2692 vel
1323 2633 1556 2692 fratrem
1601 2633 1788 2704 frater,
1827 2636 1909 2692 vel

299 2728 552 2784 amicum
580 2729 814 2796 amicus,
847 2729 928 2786 vel
955 2729 1246 2803 conjugem
1269 2728 1469 2801 conjux
1498 2728 1734 2785 sollicito
1759 2744 1910 2785 reve-

298 2831 454 2881 retur
489 2821 714 2890 affectu,
744 2822 875 2880 dum
903 2822 1021 2896 ejus
1048 2839 1164 2880 non
1194 2823 1418 2880 verbera
1439 2837 1617 2894 neque
1639 2822 1904 2887 convicia,

297 2917 390 2974 sed
419 2917 517 2973 vel
541 2924 763 2973 tenuem
789 2917 1000 2974 amoris
1034 2915 1296 2973 formidat
1331 2914 1631 2984 offensam,
1663 2923 1825 2988 atque
1852 2916 1906 2972 in

299 3011 456 3069 omni
467 3009 572 3066 bus
596 3025 708 3066 non
730 3011 910 3066 solum
938 3009 1168 3079 actibus,
1199 3024 1391 3065 verum
1419 3009 1587 3066 etiam
1612 3009 1792 3066 verbis
1818 3017 1906 3065 at-

298 3104 488 3160 tonita
523 3117 742 3175 semper
763 3103 968 3175 pietate
1009 3101 1361 3169 distenditur,
1395 3117 1466 3158 ne
1493 3117 1622 3173 erga
1651 3117 1710 3158 se
1737 3117 1910 3174 quan-

2021 1883 2312 1940 continens
2351 1891 2594 1952 metum,
2623 1899 2738 1943 non
2751 1884 2868 1957 jam
2894 1884 3221 1958 principium
3240 1928 3256 1956 ,
3277 1887 3374 1945 sed
3395 1888 3619 1948 thesauo

2021 1991 2116 2032 rus
2158 1975 2444 2048 sapientia
2501 1985 2560 2034 et
2596 1977 2836 2035 scientiae
2877 1985 3256 2051 nuncupatur?
3304 1984 3377 2039 Et
3421 1983 3621 2044 idcirco

2017 2069 2216 2142 duplex
2237 2069 2455 2128 timoris
2479 2079 2564 2128 est
2577 2071 2811 2144 gradus:
2834 2087 2974 2128 unus
3000 2072 3404 2146 incipientium,
3435 2075 3494 2134 id
3512 2087 3617 2147 est,

2019 2178 2212 2221 eorum
2239 2163 2332 2236 qui
2359 2163 2538 2221 adhuc
2561 2165 2664 2221 sub
2685 2164 2820 2238 jugo
2847 2172 2905 2221 et
2925 2173 3137 2222 terrore
3163 2166 3346 2223 servili
3371 2177 3523 2239 sunt,
3549 2169 3620 2228 de

2020 2273 2131 2330 quo
2150 2257 2364 2315 dicitur:
2385 2259 2576 2316 Servus
2586 2259 2864 2315 dominum
2883 2275 3043 2314 suum
3063 2259 3616 2335 timebit(MaIaeh.t).

2017 2355 2088 2408 Et
2113 2352 2173 2407 in
2197 2351 2493 2426 Evangelia
2527 2373 2540 2408 :
2569 2355 2691 2408 Iam
2718 2367 2826 2408 non
2849 2352 2972 2408 dico
2996 2368 3088 2408 vos
3111 2368 3310 2417 servos,
3343 2356 3479 2424 quia
3505 2371 3620 2412 ser-

2015 2462 2113 2502 vus
2135 2449 2302 2504 nescit
2330 2447 2466 2518 quid
2481 2447 2652 2514 faciat
2667 2447 2920 2502 dominus
2940 2446 3054 2516 ejus
3071 2447 3240 2518 (Joan.
3263 2451 3390 2515 xv).
3419 2450 3485 2506 Et
3498 2447 3620 2508 ideo

2013 2543 2232 2608 Servus,
2263 2539 2452 2611 inquit,
2478 2556 2587 2594 non
2609 2543 2794 2594 manet
2821 2540 3049 2595 indomo
3067 2541 3126 2594 in
3152 2545 3410 2596 internum
3439 2545 3616 2610 (Joan.

2017 2637 2174 2698 νιιι).
2206 2631 2414 2688 lmbuit
2461 2631 2609 2687 enim
2635 2646 2738 2688 nos
2765 2639 2828 2688 ut
2853 2631 2922 2687 ab
2971 2631 3063 2688 illo
3109 2633 3310 2705 penali
3351 2643 3504 2691 metu
3549 2635 3620 2693 ad

2016 2725 2292 2782 charitatis
2322 2725 2694 2798 plenissimam
2721 2725 3028 2783 libertatem
3057 2734 3110 2782 et
3135 2729 3447 2786 amicorum
3471 2729 3619 2788 ﬁlio-

2013 2836 2246 2894 rumque
2293 2821 2392 2878 Dei
2421 2821 2682 2878 ﬁduciam
2729 2830 3098 2881 transeamus.
3142 2824 3392 2898 Denique
3421 2826 3622 2884 beatus

2016 2913 2316 2987 Apostolus
2353 2914 2446 2986 qui
2474 2915 2729 2972 servilem
2762 2917 2919 2972 illum
2961 2916 3180 2974 timoris
3211 2917 3445 2990 gradum
3485 2921 3621 2980 olim

2015 3007 2294 3066 charitatis
2326 3007 2626 3065 Dominicas
2666 3007 2861 3066 virtute
2885 3010 3316 3080 transcenderat,
3353 3012 3622 3086 inferiora

2016 3101 2348 3173 despiciens,
2388 3100 2690 3173 majoribus
2727 3117 2787 3158 se
2833 3101 3072 3159 ditatum
3109 3103 3274 3160 bonis
3301 3115 3333 3160 a
3377 3107 3620 3165 Domino

303 3197 731 3266 tulumcumque
751 3193 940 3250 fervor
953 3193 1263 3251 dilectionis
1285 3193 1430 3250 illius
1449 3193 1769 3265 intepescat.
1795 3195 1910 3250 Cu-
1942 3185 1988 3248 C
2017 3194 2346 3266 proﬁtetur:
2377 3197 2494 3253 Non
2513 3198 2675 3259 enim,
2705 3195 2902 3268 inquit,
2932 3197 3084 3252 dedit
3109 3199 3261 3254 nobis
3290 3201 3430 3257 Deus
3453 3205 3617 3274 spirio

300 3291 393 3364 jus
415 3289 634 3346 timoris
663 3287 1120 3361 magniﬁcentiam
1152 3285 1318 3342 Isaias
1349 3300 1490 3343 unus
1518 3285 1910 3358 prophetarum

309 3384 593 3458 eleganter
619 3381 903 3454 expressit,
928 3375 955 3412 δ
990 3383 1230 3448 Dicitur,
1260 3379 1532 3452 inquiens,
1584 3381 1781 3436 salutis
1817 3397 1910 3436 sa-

303 3479 524 3547 pientia
543 3478 596 3529 et
613 3476 836 3529 scientia
859 3491 872 3528 :
900 3475 1061 3528 timor
1083 3475 1298 3529 Domini
1323 3473 1440 3544 ipse
1477 3473 1772 3528 thesaurus
1795 3472 1912 3542 ejus

312 3572 447 3638 (Isa.
469 3571 712 3635 χχχιιι).
737 3568 863 3623 Νοιι
891 3567 1069 3638 potuit
1085 3566 1306 3624 timoris
1329 3565 1486 3622 istius
1508 3565 1827 3639 dignitatem
1846 3581 1911 3623 ac

311 3662 578 3720 meritum
603 3661 776 3734 magis
809 3659 1088 3718 evidenter
1109 3659 1414 3732 exprimere
1435 3701 1452 3729 ,
1483 3676 1649 3734 quam
1679 3671 1739 3736 ut
1764 3660 1909 3718 divi-

307 3757 415 3814 tias
443 3757 632 3814 salutis
659 3765 864 3814 nostra:
881 3799 896 3822 ,
929 3771 1054 3828 qua:
1085 3755 1144 3812 in
1175 3771 1298 3812 vera
1319 3755 1584 3827 sapientia
1613 3755 1713 3812 Dei
1741 3756 1908 3814 scien-

323 3850 512 3922 tiaque
533 3853 862 3915 consistunt,
891 3850 1096 3906 diceret
1121 3849 1222 3904 nisi
1253 3864 1286 3903 a
1307 3849 1508 3905 timore
1539 3849 1760 3906 Domini
1795 3867 1910 3908 non

315 3957 476 4014 posse
496 3944 718 3998 servari.
744 3941 830 3998 Ad
853 3942 1001 3996 hunc
1025 3941 1198 4012 igitur
1231 3948 1439 3995 metum
1451 3956 1562 3996 non
1577 3949 1908 4012 peccatores,

306 4034 406 4091 sed
448 4035 622 4090 sancti
663 4033 992 4106 propheticis
1036 4031 1338 4087 invitantur
1385 4032 1619 4104 eloquiis
1641 4071 1658 4101 ,
1700 4033 1913 4092 dicente

2017 3293 2130 3344 tum
2157 3290 2364 3344 timoris
2386 3330 2404 3352 ,
2429 3288 2528 3344 sed
2565 3291 2786 3344 virtutis
2815 3294 2868 3344 et
2893 3289 3191 3346 dilectionis
3221 3298 3274 3348 et
3314 3297 3620 3355 sobrietatis

2021 3381 2093 3452 (II
2121 3382 2356 3437 Timoth.
2388 3385 2457 3446 ι).
2490 3383 2603 3438 Eos
2633 3381 2796 3442 etiam
2818 3382 2912 3454 qui
2942 3382 3184 3455 perfecta
3208 3385 3449 3444 caelestis
3477 3388 3623 3447 illius

2017 3475 2193 3531 Patris
2217 3473 2505 3532 dilectione
2533 3474 2857 3548 ﬂagrabant,
2887 3492 3131 3548 quosque
3159 3493 3226 3534 ex
3253 3479 3422 3536 servis
3464 3482 3620 3542 ﬁlios
3711 3551 3717 3556 _

1986 3645 1990 3649 ι
2016 3565 2235 3638 adoptio
2257 3564 2437 3622 divina
2452 3566 2572 3640 jam
2601 3565 2836 3631 fecerat,
2867 3566 2973 3624 hoc
2995 3568 3323 3626 adhortatur
3352 3571 3570 3645 eloquio
3601 3594 3616 3632 :

2017 3663 2133 3721 Non
2143 3664 2282 3717 enim
2290 3663 2566 3732 accepistis
2574 3661 2832 3732 spiritum
2841 3664 3121 3719 servitutis
3133 3665 3330 3719 iterum
3341 3667 3398 3721 in
3409 3669 3618 3734 timore,

2013 3758 2108 3813 sed
2123 3756 2400 3827 accepistis
2413 3757 2675 3826 spiritum
2695 3757 3000 3826 adoptionis
3025 3757 3280 3824 ﬁliorum,
3308 3761 3368 3812 in
3389 3776 3494 3829 quo
3510 3761 3620 3816 cla-

2015 3867 2247 3914 mamus,
2279 3851 2458 3916 Abba,
2490 3852 2654 3904 Pater
2679 3849 2850 3919 (Rom.
2875 3851 3025 3915 vm).
3049 3850 3134 3903 De
3153 3848 3258 3904 hoc
3280 3850 3445 3905 etiam
3468 3859 3621 3910 metu

2017 3959 2143 4000 cum
2173 3944 2321 3999 illam
2345 3941 2726 4015 septiformem
2765 3943 3003 4014 Spiritus
3027 3942 3201 3999 sancti
3241 3943 3473 4016 gratiam
3499 3959 3624 4017 pro-

2021 4040 2184 4110 pheta
2204 4039 2564 4106 describeret,
2597 4054 2763 4110 quem
2793 4038 2816 4068 °
2848 4040 2906 4096 in
2937 4039 3159 4096 homine
3197 4039 3292 4096 illo
3333 4041 3619 4101 Dominico

1412 4140 1668 4196 ALARDI
1705 4142 1930 4200 (ἓΑΖᾹΞΙ
1968 4146 2526 4202 COMMENTARIUS.

377 4249 404 4278 ιι
435 4238 680 4297 Filialem
699 4283 714 4308 ,
741 4239 988 4296 charitati
1018 4238 1180 4295 etiam
1207 4235 1464 4308 perfectae
1501 4255 1811 4297 connexum
1855 4251 1911 4298 et

341 4327 663 4391 ermanum,
693 4327 812 4391 q_uo.
846 4325 1165 4391 noni'pcena
1193 4310 1398 4391 peccati
1423 4310 1566 4391 ,_sed
1593 4309 1802 4370 offensa
1838 4314 1909 4386 pii

352 4383 508 4450 atris,
533 4382 587 4438 id
605 4391 687 4438 est
715 4381 834 4448 Dei,
861 4381 1144 4449 metuitur,
1167 4381 1260 4450 qui
1281 4388 1336 4436 et
1352 4389 1557 4450 castus,
1583 4391 1639 4438 et
1664 4381 1906 4453 sanctus,

306 4463 365 4512 et
393 4453 1129 4525 reverentialisappellatur,
1172 4459 1229 4506 et
1261 4467 1584 4521 permanens
1635 4453 1694 4509 in
1741 4463 1907 4512 aiter-

304 4541 466 4594 num,
487 4525 644 4598 juxta
667 4523 799 4580 illud
818 4523 952 4598 regii
970 4523 1166 4598 Psaltas
1184 4525 1404 4598 :iT-imor
1427 4526 1651 4598 Domini
1662 4531 1904 4595 sumtus,

343 4593 626 4652 etmanens
638 4599 695 4651 in
705 4593 960 4650 saxulum
979 4596 1165 4666 seculi
1177 4593 1342 4664 (Psat.
1358 4597 1565 4666 xvm).
1582 4596 1696 4653 Uhi
1712 4593 1907 4655 Graiae

2017 4247 2124 4299 ista
2147 4246 2288 4300 dicet
2315 4262 2336 4299 ,ο
2372 4247 2546 4301 Timeo
2575 4246 2773 4308 virum,
2802 4260 2870 4300 ne
2891 4244 3156 4311 discedat;
3179 4245 3279 4300 illa
3315 4244 3450 4302 dicit
3479 4266 3496 4302 :
3525 4250 3619 4303 Τι-

2017 4331 2130 4371 meo
2158 4318 2373 4381 virum,
2406 4331 2472 4371 ne
2497 4316 2749 4380 damnet;
2779 4317 2890 4371 ista
2915 4316 3093 4371 dicet:
3127 4319 3304 4371 Timeo
3329 4320 3525 4382 virum,
3555 4334 3620 4374 ne

2017 4388 2248 4442 deserat.
2281 4389 2424 4444 Pone
2436 4389 2547 4442 hate
2565 4389 2625 4442 in
2639 4389 2840 4460 animo,
2871 4392 2922 4442 et
2942 4389 3176 4442 invenies
3195 4389 3440 4444 timorem
3461 4405 3618 4460 quem

2015 4460 2166 4526 foras
2187 4461 2358 4514 mittit
2368 4460 2608 4531 charitas
2633 4463 2715 4513 :et
2737 4459 2908 4531 alium
2925 4461 3160 4514 timorem
3173 4459 3620 4531 castum,peivna-

2017 4535 2226 4586 nentem
2248 4533 2304 4585 in
2324 4530 2579 4587 secutum
2591 4531 2790 4586 seaculi.
2807 4530 2966 4586 Illum
2991 4531 3234 4585 timorem
3242 4530 3484 4600 perfecta
3498 4533 3620 4587 cha-

2015 4604 2152 4656 ritas
2166 4601 2320 4670 foras
2336 4605 2526 4665 mittit,
2553 4603 2687 4672 quia
2707 4603 2798 4657 ille
2809 4604 2969 4656 timor
2979 4606 3297 4656 tormentum
3312 4603 3488 4672 habet,
3511 4606 3618 4656 tor-

329 4669 512 4750 egitur
537 4667 688 4750 dyvbg
720 4666 774 4722 id
793 4675 917 4750 εει,
951 4664 1354 4750 ιιιυιιάυβηειιῐ
1378 4664 1722 4750 αιδῐιιέηιιοιι
1752 4668 1910 4750 ᾅγιος.
1941 4677 1991 4739 D
2020 4664 2214 4750 quetur
2227 4664 3195 4750 conscientiajgeccatorumincndum
3207 4670 3620 4750 ζαθέᾳ-θείμειὶ-

308 4739 488 4818 ΨάθΔ
529 4746 744 4818 castum
787 4739 1068 4818 timorem
1117 4739 1324 4806 passim
1370 4739 1914 4818 vocat.Augustinus
2019 4739 2218 4813 ficatio.
2246 4746 2504 4818 Stimulat
2530 4739 2622 4799 ille
2651 4747 2832 4818 timor,
2857 4741 2951 4818 sed
2979 4740 3454 4818 intrat‘charilas,
3497 4755 3618 4818 quae

309 4809 511 4878 (TI'GCt.
543 4815 578 4864 9
608 4811 668 4863 in
689 4810 866 4878 Epist.
898 4811 1075 4879 Joan.)
1105 4804 1342 4879 eumque
1383 4804 1633 4879 familiari
1665 4804 1915 4879 Exemplo

309 4875 362 4951 et
385 4879 519 4936 huic
547 4880 671 4935 loco
701 4875 1070 4951 respondente
1103 4875 1338 4951 duarum
1363 4876 1660 4951 mulierum
1695 4879 1770 4934 ita
1800 4875 1916 4951 dis-

308 4949 559 5024 tinguita
589 4949 775 5024 servili
796 4947 837 5024 ‘:
862 4952 980 5024 Non
1012 4953 1182 5024 potes,
1221 4947 1445 5024 inquit,
1491 4948 1683 5003 melius
1711 4949 1914 5024 expla-

307 5020 438 5095 nare
459 5020 606 5095 quid
645 5023 861 5076 intersit
879 5023 1027 5095 inter
1052 5021 1186 5074 duos
1208 5022 1447 5085 timores,
1477 5035 1642 5088 quam
1669 5022 1720 5095 si
1733 5037 1908 5091 ponas

306 5093 438 5150 duas
466 5093 720 5150 mulieres
745 5094 1058 5156 maritatas;
1075 5106 1308 5160 quarum
1327 5105 1491 5144 unam
1507 5093 1794 5147 constituas
1811 5108 1906 5147 vo-

307 5163 498 5221 lentem
527 5168 713 5234 facere
749 5163 1098 5228 adulterium,
1117 5161 1224 5234 sed
1271 5164 1423 5216 timet
1457 5176 1522 5216 ne
1559 5161 1848 5234 damnetur
1873 5179 1910 5218 a

309 5233 534 5293 marito.
549 5238 722 5292 Timet
736 5236 1016 5299 maritum;
1037 5233 1131 5288 sed
1149 5234 1280 5302 quia
1290 5236 1442 5287 amat
1455 5235 1768 5302 nequitiam,
1792 5233 1909 5289 ideo

310 5309 460 5363 timet
487 5309 774 5372 maritum;
797 5306 923 5360 huic
941 5319 1047 5358 non
1070 5309 1230 5373 grata
1245 5309 1344 5374 est,
1371 5304 1465 5360 sed
1482 5319 1700 5359 onerosa
1723 5307 1914 5360 mariti

303 5382 626 5446 praesentia;
652 5382 704 5433 et
729 5381 781 5432 si
795 5378 938 5444 forte
952 5377 1086 5430 vivit
1102 5379 1366 5446 nequiter,
1388 5377 1538 5430 timet
1563 5379 1821 5431 maritum
1845 5392 1911 5432 ne

311 5452 511 5506 veniat.
540 5449 693 5506 Tales
707 5451 834 5502 sunt
847 5449 944 5518 qui
953 5449 1144 5502 timent
1159 5447 1300 5502 diem
1309 5447 1529 5518 judicii.
1557 5449 1661 5503 Fac
1681 5448 1910 5503 alteram

309 5535 491 5576 amare
509 5522 712 5583 virum,
745 5523 796 5574 et
822 5518 1010 5575 debere
1034 5519 1122 5574 illi
1143 5522 1314 5574 castos
1339 5518 1642 5588 amplexus,
1673 5519 1828 5573 nulla
1855 5535 1910 5574 se

313 5591 621 5646 adulterina
642 5591 989 5646 immunditia
1002 5591 1274 5645 maculare
1292 5589 1441 5645 velle.
1467 5589 1579 5660 Ista
1597 5593 1749 5659 optat
1769 5605 1910 5660 pra:-

311 5663 538 5717 sentiam
569 5664 695 5717 viri.
725 5665 796 5718 Et
815 5662 1076 5732 quomodo
1098 5662 1478 5717 discernuntur
1499 5659 1608 5715 duo
1631 5662 1730 5714 isti
1748 5659 1910 5716 timo-

315 5745 394 5786 res
412 5735 440 5786 ?
467 5733 572 5788 Illa
595 5736 776 5799 timet;
805 5738 855 5788 et
882 5734 993 5788 ista
1013 5735 1185 5788 timet.
1223 5735 1342 5789 Jam
1365 5746 1490 5802 ergo
1513 5733 1911 5802 interrogentur

319 5818 486 5871 quare
511 5807 775 5861 timeant?
801 5805 908 5860 Illa
933 5804 1076 5860 dicet
1107 5821 1120 5858 :
1169 5805 1341 5860 Timeo
1376 5805 1574 5874 virum,
1600 5818 1665 5860 ne
1687 5805 1906 5870 veniat;

2022 4811 2199 4888 sanat
2216 4815 2362 4883 quod
2385 4815 2632 4888 vulnerat
2673 4815 2867 4888 timor;
2896 4811 3058 4888 timor
3084 4811 3260 4888 autem
3282 4813 3461 4888 castus
3483 4811 3621 4888 facit

2023 4879 2366 4938 securitatem
2411 4886 2474 4936 in
2505 4885 2706 4936 animo.
2752 4881 2887 4936 Haec
2932 4879 3286 4950 Augustinus.
3333 4879 3468 4936 Vide
3513 4881 3616 4937 alia

2025 4952 2274 5023 exempla
2301 4951 2448 5023 apud
2467 4951 2726 5023 eumdem
2753 4949 3102 5023 serm._18_’de
3131 4949 3324 5023 verbis
3345 4951 3613 5023 Apostoli.

2086 5023 2114 5058 δ
2157 5019 2369 5078 Divitis:
2417 5020 2607 5078 salutis
2641 5037 2792 5077 more
2835 5020 3103 5077 Hebraico
3123 5061 3136 5087 ,
3169 5019 3226 5077 id
3251 5031 3334 5077 est
3355 5062 3372 5089 ,
3399 5019 3616 5082 'divitia:

2016 5091 2283 5150 salutares
2313 5099 2374 5163 et
2407 5106 2578 5159 verae,
2609 5091 2867 5163 sapientia
2911 5099 2966 5148 et
2999 5092 3254 5163 scientia;
3301 5093 3471 5148 timor
3509 5109 3614 5150 au-

2019 5172 2133 5236 tem
2156 5161 2382 5219 Domini
2412 5167 2594 5236 castus
2617 5161 2890 5236 et‘tilialis,
2913 5177 3140 5236 magnus
3161 5161 3468 5232 thesaurus,
3487 5165 3616 5236 quia

2017 5235 2078 5292 in
2099 5249 2171 5292 eo
2191 5241 2476 5307 tamquam
2505 5234 2560 5290 in
2589 5235 2772 5290 arcula
2791 5234 2988 5292 divitia:
3009 5232 3276 5290 virtutum
3298 5232 3614 5295 recondun-

2016 5315 2108 5364 tur
2132 5322 2196 5362 ac
2223 5315 2532 5362 servantur.

2087 5376 2112 5408 ⁸
2151 5381 2357 5435 Praeter
2401 5377 2815 5434 annotationem
2864 5375 3106 5434 Ciaconii
3137 5375 3270 5433 satis
3305 5384 3614 5438 accuratam

2017 5447 2338 5522 de‘hcmine
2361 5447 2678 5522 Dominico,
2695 5463 2863 5522 quam
2888 5448 3058 5522 lector
3083 5447 3322 5520 requiret
3342 5463 3450 5522 suo
3471 5451 3612 5522 loco,

2017 5517 2306 5592 subjiciam
2357 5519 2604 5592 paucula
2643 5517 2768 5590 quas
2825 5519 2893 5592 de
2948 5517 3615 5592 eademjinomenclatura

2017 5589 2238 5662 aliunde
2267 5589 2485 5662 collegi.
2515 5589 2766 5662 Primum
2794 5607 2808 5645 :
2839 5589 3310 5662 veteressubinde
3331 5590 3614 5652 Christum

2018 5659 2309 5736 hominem
2356 5659 2716 5736 Dominicum
2746 5661 3046 5736 appellasse
3075 5661 3328 5736 leguntur
3371 5665 3614 5736 (Magist.

2016 5733 2164 5790 Sent.
2191 5734 2288 5788 lib.
2319 5748 2416 5802 ιιι,
2445 5735 2578 5791 dist.
2602 5739 2636 5790 8
2660 5735 2690 5802 ς
2714 5733 2898 5802 Μξςε.
2931 5733 3110 5790 Thom.
3130 5733 3215 5792 ιιι
3239 5733 3416 5806 ρανιζ,
3441 5733 3611 5806 q._46,

2017 5809 2127 5860 art.
2153 5811 2184 5861 7
2208 5827 2223 5874 ς
2243 5801 2466 5877 Gregor.
2489 5807 2625 5866 Naz.
2658 5801 2802 5864 orat.
2827 5809 2941 5874 5i).
2966 5806 3084 5862 Hac
3107 5801 3260 5863 enim
3273 5818 3402 5859 voce
3420 5801 3611 5858 crebro
