  <div class='ocr_page' id='page_1' title='image "/cluster/home/n/w/nwhite01/storage/ocr_20150623/49/hvd.32044096580709/441.png"; bbox 0 0 4040 6206; ppageno 0'>
   <div class='ocr_carea' id='block_1_1' title="bbox 393 281 2606 349">
    <p class='ocr_par' dir='ltr' id='par_1_1' title="bbox 393 281 2606 349">
     <span class='ocr_line' id='line_1_1' title="bbox 393 281 2606 349; baseline -0.005 0"><span class='ocrx_word' id='word_1_1' title='bbox 393 294 492 349; x_wconf 79' lang='lat'><strong><em>867</em></strong></span> <span class='ocrx_word' id='word_1_2' title='bbox 1463 287 1742 345; x_wconf 81' lang='lat' dir='ltr'><strong>JOANNIS</strong></span> <span class='ocrx_word' id='word_1_3' title='bbox 1776 287 2080 344; x_wconf 84' lang='lat' dir='ltr'><strong><em>CASSIANI</em></strong></span> <span class='ocrx_word' id='word_1_4' title='bbox 2116 282 2501 343; x_wconf 78' lang='lat' dir='ltr'><strong><em>COLLATION</em></strong></span> <span class='ocrx_word' id='word_1_5' title='bbox 2507 281 2606 339; x_wconf 82' lang='lat' dir='ltr'><strong><em>ES.</em></strong></span> 
     </span>
    </p>
   </div>
   <div class='ocr_carea' id='block_1_2' title="bbox 394 410 2071 485">
    <p class='ocr_par' dir='ltr' id='par_1_2' title="bbox 394 410 2071 485">
     <span class='ocr_line' id='line_1_2' title="bbox 394 410 2071 485; baseline -0.003 -13"><span class='ocrx_word' id='word_1_6' title='bbox 394 415 696 472; x_wconf 90' lang='lat' dir='ltr'><strong><em>secundum</em></strong></span> <span class='ocrx_word' id='word_1_7' title='bbox 721 414 1119 471; x_wconf 90' lang='lat' dir='ltr'><strong><em>lncarnationis</em></strong></span> <span class='ocrx_word' id='word_1_8' title='bbox 1145 411 1612 485; x_wconf 84' lang='lat' dir='ltr'><strong><em>dispensationem</em></strong></span> <span class='ocrx_word' id='word_1_9' title='bbox 1643 410 1990 469; x_wconf 82' lang='lat' dir='ltr'><strong><em>descendisse</em></strong></span> <span class='ocrx_word' id='word_1_10' title='bbox 2018 416 2071 478; x_wconf 80' lang='grc' dir='ltr'><strong>Α</strong></span> 
     </span>
    </p>
   </div>
   <div class='ocr_carea' id='block_1_3' title="bbox 392 506 1992 579">
    <p class='ocr_par' dir='ltr' id='par_1_3' title="bbox 392 506 1992 579">
     <span class='ocr_line' id='line_1_3' title="bbox 392 506 1992 579; baseline -0.004 -13"><span class='ocrx_word' id='word_1_11' title='bbox 392 524 506 566; x_wconf 89' lang='lat' dir='ltr'><strong><em>non</em></strong></span> <span class='ocrx_word' id='word_1_12' title='bbox 551 508 777 566; x_wconf 92' lang='lat' dir='ltr'><strong><em>dubium</em></strong></span> <span class='ocrx_word' id='word_1_13' title='bbox 818 516 922 577; x_wconf 90' lang='lat' dir='ltr'><strong><em>est,</em></strong></span> <span class='ocrx_word' id='word_1_14' title='bbox 976 506 1307 579; x_wconf 76' lang='lat' dir='ltr'><strong><em>dixissetque</em></strong></span> <span class='ocrx_word' id='word_1_15' title='bbox 1340 524 1353 562; x_wconf 91' lang='lat'><strong>:</strong></span> <span class='ocrx_word' id='word_1_16' title='bbox 1394 509 1466 563; x_wconf 88' lang='lat' dir='ltr'><strong><em>Et</em></strong></span> <span class='ocrx_word' id='word_1_17' title='bbox 1493 507 1791 576; x_wconf 86' lang='lat' dir='ltr'><strong><em>requiescet</em></strong></span> <span class='ocrx_word' id='word_1_18' title='bbox 1829 522 1992 575; x_wconf 84' lang='lat' dir='ltr'><strong><em>super</em></strong></span> 
     </span>
    </p>
   </div>
   <div class='ocr_carea' id='block_1_4' title="bbox 391 601 1985 675">
    <p class='ocr_par' dir='ltr' id='par_1_4' title="bbox 391 601 1985 675">
     <span class='ocr_line' id='line_1_4' title="bbox 391 601 1985 675; baseline -0.003 -15"><span class='ocrx_word' id='word_1_19' title='bbox 391 621 509 661; x_wconf 83' lang='lat' dir='ltr'><strong><em>eum</em></strong></span> <span class='ocrx_word' id='word_1_20' title='bbox 533 608 757 675; x_wconf 89' lang='lat' dir='ltr'><strong><em>spiritus</em></strong></span> <span class='ocrx_word' id='word_1_21' title='bbox 778 606 1012 671; x_wconf 90' lang='lat' dir='ltr'><strong><em>Domini,</em></strong></span> <span class='ocrx_word' id='word_1_22' title='bbox 1040 604 1270 673; x_wconf 76' lang='lat' dir='ltr'><strong><em>spiritus</em></strong></span> <span class='ocrx_word' id='word_1_23' title='bbox 1289 604 1570 672; x_wconf 74' lang='lat' dir='ltr'><strong><em>sapientia:</em></strong></span> <span class='ocrx_word' id='word_1_24' title='bbox 1593 605 1643 655; x_wconf 90' lang='lat' dir='ltr'><strong><em>et</em></strong></span> <span class='ocrx_word' id='word_1_25' title='bbox 1668 601 1985 664; x_wconf 86' lang='lat' dir='ltr'><strong><em>intellectus,</em></strong></span> 
     </span>
    </p>
   </div>
   <div class='ocr_carea' id='block_1_5' title="bbox 390 696 1993 769">
    <p class='ocr_par' dir='ltr' id='par_1_5' title="bbox 390 696 1993 769">
     <span class='ocr_line' id='line_1_5' title="bbox 390 696 1993 769; baseline -0.002 -17"><span class='ocrx_word' id='word_1_26' title='bbox 390 699 620 769; x_wconf 74' lang='lat' dir='ltr'><strong><em>spiritus</em></strong></span> <span class='ocrx_word' id='word_1_27' title='bbox 638 698 851 752; x_wconf 78' lang='lat' dir='ltr'><strong><em>consilii</em></strong></span> <span class='ocrx_word' id='word_1_28' title='bbox 868 700 918 750; x_wconf 89' lang='lat' dir='ltr'><strong><em>et</em></strong></span> <span class='ocrx_word' id='word_1_29' title='bbox 933 696 1302 763; x_wconf 83' lang='lat' dir='ltr'><strong><em>fortitudinis,</em></strong></span> <span class='ocrx_word' id='word_1_30' title='bbox 1315 696 1544 765; x_wconf 80' lang='lat' dir='ltr'><strong><em>spiritus</em></strong></span> <span class='ocrx_word' id='word_1_31' title='bbox 1565 696 1798 750; x_wconf 64' lang='lat' dir='ltr'><strong><em>scientia:</em></strong></span> <span class='ocrx_word' id='word_1_32' title='bbox 1813 698 1865 748; x_wconf 87' lang='lat' dir='ltr'><strong><em>et</em></strong></span> <span class='ocrx_word' id='word_1_33' title='bbox 1878 696 1993 764; x_wconf 88' lang='lat' dir='ltr'><strong><em>pie-</em></strong></span> 
     </span>
    </p>
   </div>
   <div class='ocr_carea' id='block_1_6' title="bbox 391 784 1993 861">
    <p class='ocr_par' dir='ltr' id='par_1_6' title="bbox 391 784 1993 861">
     <span class='ocr_line' id='line_1_6' title="bbox 391 784 1993 861; baseline -0.004 -16"><span class='ocrx_word' id='word_1_34' title='bbox 391 791 557 857; x_wconf 84' lang='lat' dir='ltr'><strong><em>tatis;</em></strong></span> <span class='ocrx_word' id='word_1_35' title='bbox 578 789 877 846; x_wconf 87' lang='lat' dir='ltr'><strong><em>novissime</em></strong></span> <span class='ocrx_word' id='word_1_36' title='bbox 900 789 1045 844; x_wconf 86' lang='lat' dir='ltr'><strong><em>velut</em></strong></span> <span class='ocrx_word' id='word_1_37' title='bbox 1062 788 1322 861; x_wconf 88' lang='lat' dir='ltr'><strong><em>quiddam</em></strong></span> <span class='ocrx_word' id='word_1_38' title='bbox 1347 788 1685 859; x_wconf 70' lang='lat' dir='ltr'><strong><em>praecipuum</em></strong></span> <span class='ocrx_word' id='word_1_39' title='bbox 1710 784 1891 841; x_wconf 94' lang='lat' dir='ltr'><strong><em>intulit</em></strong></span> <span class='ocrx_word' id='word_1_40' title='bbox 1907 784 1993 840; x_wconf 88' lang='lat' dir='ltr'><strong><em>di-</em></strong></span> 
     </span>
    </p>
   </div>
   <div class='ocr_carea' id='block_1_7' title="bbox 392 879 1989 954">
    <p class='ocr_par' dir='ltr' id='par_1_7' title="bbox 392 879 1989 954">
     <span class='ocr_line' id='line_1_7' title="bbox 392 879 1989 954; baseline -0.004 -16"><span class='ocrx_word' id='word_1_41' title='bbox 392 898 547 939; x_wconf 89' lang='lat' dir='ltr'><strong><em>cens:</em></strong></span> <span class='ocrx_word' id='word_1_42' title='bbox 562 886 635 939; x_wconf 87' lang='lat' dir='ltr'><strong><em>Et</em></strong></span> <span class='ocrx_word' id='word_1_43' title='bbox 653 884 881 954; x_wconf 87' lang='lat' dir='ltr'><strong><em>replebit</em></strong></span> <span class='ocrx_word' id='word_1_44' title='bbox 892 900 1012 938; x_wconf 87' lang='lat' dir='ltr'><strong><em>eum</em></strong></span> <span class='ocrx_word' id='word_1_45' title='bbox 1027 884 1263 953; x_wconf 75' lang='lat' dir='ltr'><strong><em>spiritus</em></strong></span> <span class='ocrx_word' id='word_1_46' title='bbox 1277 884 1485 937; x_wconf 84' lang='lat' dir='ltr'><strong><em>timoris</em></strong></span> <span class='ocrx_word' id='word_1_47' title='bbox 1498 881 1719 936; x_wconf 84' lang='lat' dir='ltr'><strong><em>Domini</em></strong></span> <span class='ocrx_word' id='word_1_48' title='bbox 1728 882 1855 943; x_wconf 89' lang='lat' dir='ltr'><strong><em>(Isa.</em></strong></span> <span class='ocrx_word' id='word_1_49' title='bbox 1878 879 1965 949; x_wconf 73' lang='grc' dir='ltr'><strong><em>χι)</em></strong></span> <span class='ocrx_word' id='word_1_50' title='bbox 1976 918 1989 932; x_wconf 94' lang='grc'><strong>.</strong></span> 
     </span>
    </p>
   </div>
   <div class='ocr_carea' id='block_1_8' title="bbox 394 972 1992 1049">
    <p class='ocr_par' dir='ltr' id='par_1_8' title="bbox 394 972 1992 1049">
     <span class='ocr_line' id='line_1_8' title="bbox 394 972 1992 1049; baseline -0.003 -19"><span class='ocrx_word' id='word_1_51' title='bbox 394 978 459 1031; x_wconf 88' lang='lat' dir='ltr'><strong><em>In</em></strong></span> <span class='ocrx_word' id='word_1_52' title='bbox 500 991 610 1048; x_wconf 91' lang='lat' dir='ltr'><strong><em>quo</em></strong></span> <span class='ocrx_word' id='word_1_53' title='bbox 656 977 914 1049; x_wconf 86' lang='lat' dir='ltr'><strong><em>primitus</em></strong></span> <span class='ocrx_word' id='word_1_54' title='bbox 954 975 1088 1031; x_wconf 90' lang='lat' dir='ltr'><strong><em>illud</em></strong></span> <span class='ocrx_word' id='word_1_55' title='bbox 1126 975 1443 1046; x_wconf 85' lang='lat' dir='ltr'><strong><em>diligentius</em></strong></span> <span class='ocrx_word' id='word_1_56' title='bbox 1494 982 1575 1029; x_wconf 91' lang='lat' dir='ltr'><strong><em>est</em></strong></span> <span class='ocrx_word' id='word_1_57' title='bbox 1626 972 1948 1028; x_wconf 90' lang='lat' dir='ltr'><strong><em>intuendum</em></strong></span> <span class='ocrx_word' id='word_1_58' title='bbox 1977 1013 1992 1039; x_wconf 92' lang='lat'><strong><em>,</em></strong></span> 
     </span>
    </p>
   </div>
   <div class='ocr_carea' id='block_1_9' title="bbox 392 1065 1995 1142">
    <p class='ocr_par' dir='ltr' id='par_1_9' title="bbox 392 1065 1995 1142">
     <span class='ocr_line' id='line_1_9' title="bbox 392 1065 1995 1142; baseline -0.004 -17"><span class='ocrx_word' id='word_1_59' title='bbox 392 1080 417 1105; x_wconf 70' lang='grc'>⁸</span> <span class='ocrx_word' id='word_1_60' title='bbox 445 1069 591 1142; x_wconf 91' lang='lat' dir='ltr'><strong><em>quod</em></strong></span> <span class='ocrx_word' id='word_1_61' title='bbox 605 1086 716 1126; x_wconf 94' lang='lat' dir='ltr'><strong><em>non</em></strong></span> <span class='ocrx_word' id='word_1_62' title='bbox 744 1070 943 1126; x_wconf 82' lang='lat' dir='ltr'><strong><em>dixerit</em></strong></span> <span class='ocrx_word' id='word_1_63' title='bbox 976 1090 988 1125; x_wconf 93' lang='lat'>:</span> <span class='ocrx_word' id='word_1_64' title='bbox 1014 1072 1083 1124; x_wconf 86' lang='lat' dir='ltr'><strong><em>Et</em></strong></span> <span class='ocrx_word' id='word_1_65' title='bbox 1104 1069 1410 1140; x_wconf 86' lang='lat' dir='ltr'><strong><em>requiescet</em></strong></span> <span class='ocrx_word' id='word_1_66' title='bbox 1437 1082 1601 1138; x_wconf 89' lang='lat' dir='ltr'><strong><em>super</em></strong></span> <span class='ocrx_word' id='word_1_67' title='bbox 1624 1081 1752 1121; x_wconf 91' lang='lat' dir='ltr'><strong><em>eum</em></strong></span> <span class='ocrx_word' id='word_1_68' title='bbox 1775 1065 1995 1136; x_wconf 88' lang='lat' dir='ltr'><strong><em>spiritus</em></strong></span> 
     </span>
    </p>
   </div>
   <div class='ocr_carea' id='block_1_10' title="bbox 387 1158 1993 1232">
    <p class='ocr_par' dir='ltr' id='par_1_10' title="bbox 387 1158 1993 1232">
     <span class='ocr_line' id='line_1_10' title="bbox 387 1158 1993 1232; baseline -0.004 -12"><span class='ocrx_word' id='word_1_69' title='bbox 387 1163 601 1220; x_wconf 88' lang='lat' dir='ltr'><strong><em>timoris</em></strong></span> <span class='ocrx_word' id='word_1_70' title='bbox 629 1164 881 1231; x_wconf 87' lang='lat' dir='ltr'><strong><em>Domini,</em></strong></span> <span class='ocrx_word' id='word_1_71' title='bbox 923 1164 1061 1219; x_wconf 90' lang='lat' dir='ltr'><strong><em>sicut</em></strong></span> <span class='ocrx_word' id='word_1_72' title='bbox 1090 1163 1158 1219; x_wconf 91' lang='lat' dir='ltr'><strong><em>de</em></strong></span> <span class='ocrx_word' id='word_1_73' title='bbox 1187 1162 1291 1217; x_wconf 85' lang='lat' dir='ltr'><strong><em>illis</em></strong></span> <span class='ocrx_word' id='word_1_74' title='bbox 1322 1160 1592 1232; x_wconf 84' lang='lat' dir='ltr'><strong><em>prioribus</em></strong></span> <span class='ocrx_word' id='word_1_75' title='bbox 1619 1159 1826 1216; x_wconf 80' lang='lat' dir='ltr'><strong><em>dixerat</em></strong></span> <span class='ocrx_word' id='word_1_76' title='bbox 1855 1182 1868 1224; x_wconf 91' lang='lat'><strong>;</strong></span> <span class='ocrx_word' id='word_1_77' title='bbox 1897 1158 1993 1214; x_wconf 88' lang='lat' dir='ltr'><strong><em>sed</em></strong></span> 
     </span>
    </p>
   </div>
   <div class='ocr_carea' id='block_1_11' title="bbox 392 1256 1993 1329">
    <p class='ocr_par' dir='ltr' id='par_1_11' title="bbox 392 1256 1993 1329">
     <span class='ocr_line' id='line_1_11' title="bbox 392 1256 1993 1329; baseline -0.004 -15"><span class='ocrx_word' id='word_1_78' title='bbox 392 1260 654 1329; x_wconf 82' lang='lat' dir='ltr'><strong><em>Replebit,</em></strong></span> <span class='ocrx_word' id='word_1_79' title='bbox 680 1257 872 1328; x_wconf 89' lang='lat' dir='ltr'><strong><em>inquit,</em></strong></span> <span class='ocrx_word' id='word_1_80' title='bbox 915 1273 1035 1311; x_wconf 89' lang='lat' dir='ltr'><strong><em>eum</em></strong></span> <span class='ocrx_word' id='word_1_81' title='bbox 1063 1258 1292 1327; x_wconf 81' lang='lat' dir='ltr'><strong><em>spiritus</em></strong></span> <span class='ocrx_word' id='word_1_82' title='bbox 1318 1258 1523 1310; x_wconf 85' lang='lat' dir='ltr'><strong><em>timoris</em></strong></span> <span class='ocrx_word' id='word_1_83' title='bbox 1552 1256 1785 1309; x_wconf 84' lang='lat' dir='ltr'><strong><em>Domini.</em></strong></span> <span class='ocrx_word' id='word_1_84' title='bbox 1817 1256 1993 1308; x_wconf 88' lang='lat' dir='ltr'><strong><em>Tanta</em></strong></span> 
     </span>
    </p>
   </div>
   <div class='ocr_carea' id='block_1_12' title="bbox 393 1346 1992 1423">
    <p class='ocr_par' dir='ltr' id='par_1_12' title="bbox 393 1346 1992 1423">
     <span class='ocr_line' id='line_1_12' title="bbox 393 1346 1992 1423; baseline -0.003 -16"><span class='ocrx_word' id='word_1_85' title='bbox 393 1352 541 1407; x_wconf 86' lang='lat' dir='ltr'><strong><em>enim</em></strong></span> <span class='ocrx_word' id='word_1_86' title='bbox 568 1351 830 1407; x_wconf 86' lang='lat' dir='ltr'><strong><em>ubertatis</em></strong></span> <span class='ocrx_word' id='word_1_87' title='bbox 873 1351 990 1423; x_wconf 90' lang='lat' dir='ltr'><strong><em>ejus</em></strong></span> <span class='ocrx_word' id='word_1_88' title='bbox 1020 1359 1102 1407; x_wconf 90' lang='lat' dir='ltr'><strong><em>est</em></strong></span> <span class='ocrx_word' id='word_1_89' title='bbox 1126 1348 1447 1422; x_wconf 87' lang='lat' dir='ltr'><strong><em>magnitudo</em></strong></span> <span class='ocrx_word' id='word_1_90' title='bbox 1475 1391 1489 1417; x_wconf 93' lang='lat'><strong><em>,</em></strong></span> <span class='ocrx_word' id='word_1_91' title='bbox 1537 1357 1597 1405; x_wconf 91' lang='lat' dir='ltr'><strong><em>ut</em></strong></span> <span class='ocrx_word' id='word_1_92' title='bbox 1627 1363 1789 1420; x_wconf 90' lang='lat' dir='ltr'><strong><em>quem</em></strong></span> <span class='ocrx_word' id='word_1_93' title='bbox 1823 1346 1992 1403; x_wconf 88' lang='lat' dir='ltr'><strong><em>semel</em></strong></span> 
     </span>
    </p>
   </div>
   <div class='ocr_carea' id='block_1_13' title="bbox 391 1441 1994 1516">
    <p class='ocr_par' dir='ltr' id='par_1_13' title="bbox 391 1441 1994 1516">
     <span class='ocr_line' id='line_1_13' title="bbox 391 1441 1994 1516; baseline -0.002 -17"><span class='ocrx_word' id='word_1_94' title='bbox 391 1458 491 1500; x_wconf 90' lang='lat' dir='ltr'><strong><em>sua</em></strong></span> <span class='ocrx_word' id='word_1_95' title='bbox 527 1444 725 1499; x_wconf 89' lang='lat' dir='ltr'><strong><em>virtute</em></strong></span> <span class='ocrx_word' id='word_1_96' title='bbox 751 1444 1089 1516; x_wconf 89' lang='lat' dir='ltr'><strong><em>possederit,</em></strong></span> <span class='ocrx_word' id='word_1_97' title='bbox 1119 1460 1231 1499; x_wconf 93' lang='lat' dir='ltr'><strong><em>non</em></strong></span> <span class='ocrx_word' id='word_1_98' title='bbox 1264 1451 1495 1515; x_wconf 88' lang='lat' dir='ltr'><strong><em>partem,</em></strong></span> <span class='ocrx_word' id='word_1_99' title='bbox 1530 1442 1625 1498; x_wconf 93' lang='lat' dir='ltr'><strong><em>sed</em></strong></span> <span class='ocrx_word' id='word_1_100' title='bbox 1654 1449 1829 1497; x_wconf 89' lang='lat' dir='ltr'><strong><em>totam</em></strong></span> <span class='ocrx_word' id='word_1_101' title='bbox 1876 1441 1994 1513; x_wconf 88' lang='lat' dir='ltr'><strong><em>ejus</em></strong></span> 
     </span>
    </p>
   </div>
   <div class='ocr_carea' id='block_1_14' title="bbox 393 1536 1993 1610">
    <p class='ocr_par' dir='ltr' id='par_1_14' title="bbox 393 1536 1993 1610">
     <span class='ocr_line' id='line_1_14' title="bbox 393 1536 1993 1610; baseline -0.003 -16"><span class='ocrx_word' id='word_1_102' title='bbox 393 1544 620 1610; x_wconf 88' lang='lat' dir='ltr'><strong><em>occupet</em></strong></span> <span class='ocrx_word' id='word_1_103' title='bbox 656 1548 919 1594; x_wconf 90' lang='lat' dir='ltr'><strong><em>mentem.</em></strong></span> <span class='ocrx_word' id='word_1_104' title='bbox 970 1543 1084 1595; x_wconf 81' lang='lat' dir='ltr'><strong><em>Nec</em></strong></span> <span class='ocrx_word' id='word_1_105' title='bbox 1129 1537 1424 1593; x_wconf 88' lang='lat' dir='ltr'><strong><em>immerito.</em></strong></span> <span class='ocrx_word' id='word_1_106' title='bbox 1488 1536 1568 1592; x_wconf 82' lang='lat' dir='ltr'><strong><em>Illi</em></strong></span> <span class='ocrx_word' id='word_1_107' title='bbox 1617 1536 1820 1592; x_wconf 86' lang='lat' dir='ltr'><strong><em>etenim</em></strong></span> <span class='ocrx_word' id='word_1_108' title='bbox 1869 1548 1993 1607; x_wconf 57' lang='lat' dir='ltr'><strong><em>quae</em></strong></span> 
     </span>
    </p>
   </div>
   <div class='ocr_carea' id='block_1_15' title="bbox 390 1630 1991 1703">
    <p class='ocr_par' dir='ltr' id='par_1_15' title="bbox 390 1630 1991 1703">
     <span class='ocr_line' id='line_1_15' title="bbox 390 1630 1991 1703; baseline -0.002 -17"><span class='ocrx_word' id='word_1_109' title='bbox 390 1646 693 1703; x_wconf 88' lang='lat' dir='ltr'><strong><em>numquam</em></strong></span> <span class='ocrx_word' id='word_1_110' title='bbox 723 1631 937 1688; x_wconf 85' lang='lat' dir='ltr'><strong><em>excidet</em></strong></span> <span class='ocrx_word' id='word_1_111' title='bbox 957 1631 1243 1688; x_wconf 65' lang='lat' dir='ltr'><strong><em>cohaerens</em></strong></span> <span class='ocrx_word' id='word_1_112' title='bbox 1265 1630 1543 1699; x_wconf 89' lang='lat' dir='ltr'><strong><em>charitati,</em></strong></span> <span class='ocrx_word' id='word_1_113' title='bbox 1572 1646 1685 1685; x_wconf 90' lang='lat' dir='ltr'><strong><em>non</em></strong></span> <span class='ocrx_word' id='word_1_114' title='bbox 1704 1630 1884 1686; x_wconf 89' lang='lat' dir='ltr'><strong><em>solum</em></strong></span> <span class='ocrx_word' id='word_1_115' title='bbox 1906 1644 1991 1684; x_wconf 88' lang='lat' dir='ltr'><strong><em>re-</em></strong></span> 
     </span>
    </p>
   </div>
   <div class='ocr_carea' id='block_1_16' title="bbox 391 1722 1993 1798">
    <p class='ocr_par' dir='ltr' id='par_1_16' title="bbox 391 1722 1993 1798">
     <span class='ocr_line' id='line_1_16' title="bbox 391 1722 1993 1798; baseline -0.002 -18"><span class='ocrx_word' id='word_1_116' title='bbox 391 1725 523 1796; x_wconf 89' lang='lat' dir='ltr'><strong><em>plet,</em></strong></span> <span class='ocrx_word' id='word_1_117' title='bbox 553 1725 649 1782; x_wconf 92' lang='lat' dir='ltr'><strong><em>sed</em></strong></span> <span class='ocrx_word' id='word_1_118' title='bbox 691 1725 854 1781; x_wconf 91' lang='lat' dir='ltr'><strong><em>etiam</em></strong></span> <span class='ocrx_word' id='word_1_119' title='bbox 895 1734 1155 1798; x_wconf 88' lang='lat' dir='ltr'><strong><em>perpetua</em></strong></span> <span class='ocrx_word' id='word_1_120' title='bbox 1198 1732 1253 1780; x_wconf 89' lang='lat' dir='ltr'><strong><em>et</em></strong></span> <span class='ocrx_word' id='word_1_121' title='bbox 1294 1722 1642 1796; x_wconf 91' lang='lat' dir='ltr'><strong><em>inseparabili</em></strong></span> <span class='ocrx_word' id='word_1_122' title='bbox 1672 1738 1799 1779; x_wconf 88' lang='lat' dir='ltr'><strong><em>eum</em></strong></span> <span class='ocrx_word' id='word_1_123' title='bbox 1829 1736 1993 1795; x_wconf 81' lang='lat' dir='ltr'><strong><em>quem</em></strong></span> 
     </span>
    </p>
   </div>
   <div class='ocr_carea' id='block_1_17' title="bbox 390 1816 2070 1897">
    <p class='ocr_par' dir='ltr' id='par_1_17' title="bbox 390 1816 2070 1897">
     <span class='ocr_line' id='line_1_17' title="bbox 390 1816 2070 1897; baseline -0.004 -19"><span class='ocrx_word' id='word_1_124' title='bbox 390 1821 595 1893; x_wconf 85' lang='lat' dir='ltr'><strong><em>ceperit</em></strong></span> <span class='ocrx_word' id='word_1_125' title='bbox 639 1820 883 1893; x_wconf 89' lang='lat' dir='ltr'><strong><em>possidet</em></strong></span> <span class='ocrx_word' id='word_1_126' title='bbox 911 1820 1171 1892; x_wconf 89' lang='lat' dir='ltr'><strong><em>jugitate,</em></strong></span> <span class='ocrx_word' id='word_1_127' title='bbox 1216 1819 1380 1874; x_wconf 91' lang='lat' dir='ltr'><strong><em>nullis</em></strong></span> <span class='ocrx_word' id='word_1_128' title='bbox 1411 1818 1616 1875; x_wconf 65' lang='lat' dir='ltr'><strong><em>laetitiae</em></strong></span> <span class='ocrx_word' id='word_1_129' title='bbox 1640 1816 1988 1889; x_wconf 87' lang='lat' dir='ltr'><strong><em>temporalis,</em></strong></span> <span class='ocrx_word' id='word_1_130' title='bbox 2024 1836 2070 1897; x_wconf 80' lang='grc' dir='ltr'><strong>Β</strong></span> 
     </span>
    </p>
   </div>
   <div class='ocr_carea' id='block_1_18' title="bbox 390 1908 1992 1987">
    <p class='ocr_par' dir='ltr' id='par_1_18' title="bbox 390 1908 1992 1987">
     <span class='ocr_line' id='line_1_18' title="bbox 390 1908 1992 1987; baseline -0.005 -17"><span class='ocrx_word' id='word_1_131' title='bbox 390 1916 473 1972; x_wconf 93' lang='lat' dir='ltr'><strong><em>vel</em></strong></span> <span class='ocrx_word' id='word_1_132' title='bbox 531 1915 875 1987; x_wconf 83' lang='lat' dir='ltr'><strong><em>voluptatum</em></strong></span> <span class='ocrx_word' id='word_1_133' title='bbox 926 1912 1384 1969; x_wconf 86' lang='lat' dir='ltr'><strong><em>oblectationibus</em></strong></span> <span class='ocrx_word' id='word_1_134' title='bbox 1424 1912 1773 1968; x_wconf 89' lang='lat' dir='ltr'><strong><em>imminutus.</em></strong></span> <span class='ocrx_word' id='word_1_135' title='bbox 1833 1908 1992 1978; x_wconf 86' lang='lat' dir='ltr'><strong><em>Quod</em></strong></span> 
     </span>
    </p>
   </div>
   <div class='ocr_carea' id='block_1_19' title="bbox 390 2002 1994 2082">
    <p class='ocr_par' dir='ltr' id='par_1_19' title="bbox 390 2002 1994 2082">
     <span class='ocr_line' id='line_1_19' title="bbox 390 2002 1994 2082; baseline -0.005 -18"><span class='ocrx_word' id='word_1_136' title='bbox 390 2024 804 2082; x_wconf 87' lang='lat' dir='ltr'><strong><em>nonnumquam</em></strong></span> <span class='ocrx_word' id='word_1_137' title='bbox 835 2008 932 2070; x_wconf 87' lang='lat' dir='ltr'><strong><em>illi,</em></strong></span> <span class='ocrx_word' id='word_1_138' title='bbox 981 2009 1071 2079; x_wconf 87' lang='lat' dir='ltr'><strong><em>qui</em></strong></span> <span class='ocrx_word' id='word_1_139' title='bbox 1102 2006 1249 2062; x_wconf 89' lang='lat' dir='ltr'><strong><em>foras</em></strong></span> <span class='ocrx_word' id='word_1_140' title='bbox 1277 2005 1536 2072; x_wconf 89' lang='lat' dir='ltr'><strong><em>mittitur,</em></strong></span> <span class='ocrx_word' id='word_1_141' title='bbox 1564 2003 1749 2059; x_wconf 89' lang='lat' dir='ltr'><strong><em>timori</em></strong></span> <span class='ocrx_word' id='word_1_142' title='bbox 1778 2002 1994 2057; x_wconf 85' lang='lat' dir='ltr'><strong><em>evenire</em></strong></span> 
     </span>
    </p>
   </div>
   <div class='ocr_carea' id='block_1_20' title="bbox 394 2095 1993 2171">
    <p class='ocr_par' dir='ltr' id='par_1_20' title="bbox 394 2095 1993 2171">
     <span class='ocr_line' id='line_1_20' title="bbox 394 2095 1993 2171; baseline -0.003 -14"><span class='ocrx_word' id='word_1_143' title='bbox 394 2102 698 2159; x_wconf 85' lang='lat' dir='ltr'><strong><em>consuevit.</em></strong></span> <span class='ocrx_word' id='word_1_144' title='bbox 733 2102 837 2157; x_wconf 88' lang='lat' dir='ltr'><strong><em>Hic</em></strong></span> <span class='ocrx_word' id='word_1_145' title='bbox 861 2111 943 2156; x_wconf 90' lang='lat' dir='ltr'><strong><em>est</em></strong></span> <span class='ocrx_word' id='word_1_146' title='bbox 968 2101 1129 2171; x_wconf 82' lang='lat' dir='ltr'><strong><em>igitur</em></strong></span> <span class='ocrx_word' id='word_1_147' title='bbox 1154 2098 1499 2171; x_wconf 87' lang='lat' dir='ltr'><strong><em>perfectionis</em></strong></span> <span class='ocrx_word' id='word_1_148' title='bbox 1526 2098 1717 2161; x_wconf 85' lang='lat' dir='ltr'><strong><em>timor,</em></strong></span> <span class='ocrx_word' id='word_1_149' title='bbox 1749 2110 1859 2166; x_wconf 92' lang='lat' dir='ltr'><strong><em>quo</em></strong></span> <span class='ocrx_word' id='word_1_150' title='bbox 1885 2095 1993 2153; x_wconf 91' lang='lat' dir='ltr'><strong><em>ho-</em></strong></span> 
     </span>
    </p>
   </div>
   <div class='ocr_carea' id='block_1_21' title="bbox 392 2189 1990 2264">
    <p class='ocr_par' dir='ltr' id='par_1_21' title="bbox 392 2189 1990 2264">
     <span class='ocr_line' id='line_1_21' title="bbox 392 2189 1990 2264; baseline -0.003 -15"><span class='ocrx_word' id='word_1_151' title='bbox 392 2210 488 2249; x_wconf 91' lang='lat' dir='ltr'><strong><em>mo</em></strong></span> <span class='ocrx_word' id='word_1_152' title='bbox 516 2195 602 2249; x_wconf 91' lang='lat' dir='ltr'><strong><em>ille</em></strong></span> <span class='ocrx_word' id='word_1_153' title='bbox 637 2194 955 2249; x_wconf 89' lang='lat' dir='ltr'><strong><em>Dominicus</em></strong></span> <span class='ocrx_word' id='word_1_154' title='bbox 978 2234 996 2264; x_wconf 95' lang='lat'><strong><em>,</em></strong></span> <span class='ocrx_word' id='word_1_155' title='bbox 1027 2194 1118 2264; x_wconf 88' lang='lat' dir='ltr'><strong><em>qui</em></strong></span> <span class='ocrx_word' id='word_1_156' title='bbox 1147 2208 1259 2247; x_wconf 91' lang='lat' dir='ltr'><strong><em>non</em></strong></span> <span class='ocrx_word' id='word_1_157' title='bbox 1285 2193 1464 2247; x_wconf 88' lang='lat' dir='ltr'><strong><em>solum</em></strong></span> <span class='ocrx_word' id='word_1_158' title='bbox 1491 2189 1757 2246; x_wconf 84' lang='lat' dir='ltr'><strong><em>redimere</em></strong></span> <span class='ocrx_word' id='word_1_159' title='bbox 1798 2189 1990 2245; x_wconf 62' lang='lat' dir='ltr'><strong><em>humao</em></strong></span> 
     </span>
    </p>
   </div>
   <div class='ocr_carea' id='block_1_22' title="bbox 389 2282 1992 2357">
    <p class='ocr_par' dir='ltr' id='par_1_22' title="bbox 389 2282 1992 2357">
     <span class='ocr_line' id='line_1_22' title="bbox 389 2282 1992 2357; baseline -0.003 -15"><span class='ocrx_word' id='word_1_160' title='bbox 389 2302 527 2342; x_wconf 90' lang='lat' dir='ltr'><strong><em>num</em></strong></span> <span class='ocrx_word' id='word_1_161' title='bbox 550 2301 722 2357; x_wconf 86' lang='lat' dir='ltr'><strong><em>genus</em></strong></span> <span class='ocrx_word' id='word_1_162' title='bbox 770 2285 864 2341; x_wconf 90' lang='lat' dir='ltr'><strong><em>sed</em></strong></span> <span class='ocrx_word' id='word_1_163' title='bbox 892 2285 1056 2340; x_wconf 87' lang='lat' dir='ltr'><strong><em>etiam</em></strong></span> <span class='ocrx_word' id='word_1_164' title='bbox 1105 2284 1347 2356; x_wconf 65' lang='lat' dir='ltr'><strong><em>praebere</em></strong></span> <span class='ocrx_word' id='word_1_165' title='bbox 1377 2291 1601 2340; x_wconf 82' lang='lat' dir='ltr'><strong><em>venerat</em></strong></span> <span class='ocrx_word' id='word_1_166' title='bbox 1640 2282 1992 2355; x_wconf 85' lang='lat' dir='ltr'><strong><em>perfectionis</em></strong></span> 
     </span>
    </p>
   </div>
   <div class='ocr_carea' id='block_1_23' title="bbox 389 2376 1992 2451">
    <p class='ocr_par' dir='ltr' id='par_1_23' title="bbox 389 2376 1992 2451">
     <span class='ocr_line' id='line_1_23' title="bbox 389 2376 1992 2451; baseline -0.002 -17"><span class='ocrx_word' id='word_1_167' title='bbox 389 2378 629 2434; x_wconf 90' lang='lat' dir='ltr'><strong><em>formam</em></strong></span> <span class='ocrx_word' id='word_1_168' title='bbox 680 2387 843 2451; x_wconf 90' lang='lat' dir='ltr'><strong><em>atque</em></strong></span> <span class='ocrx_word' id='word_1_169' title='bbox 884 2378 1126 2450; x_wconf 81' lang='lat' dir='ltr'><strong><em>exempla</em></strong></span> <span class='ocrx_word' id='word_1_170' title='bbox 1173 2378 1471 2446; x_wconf 90' lang='lat' dir='ltr'><strong><em>virtutum,</em></strong></span> <span class='ocrx_word' id='word_1_171' title='bbox 1526 2377 1766 2450; x_wconf 89' lang='lat' dir='ltr'><strong><em>repletus</em></strong></span> <span class='ocrx_word' id='word_1_172' title='bbox 1824 2376 1992 2433; x_wconf 81' lang='lat' dir='ltr'><strong><em>fuisse</em></strong></span> 
     </span>
    </p>
   </div>
   <div class='ocr_carea' id='block_1_24' title="bbox 393 2471 1991 2544">
    <p class='ocr_par' dir='ltr' id='par_1_24' title="bbox 393 2471 1991 2544">
     <span class='ocr_line' id='line_1_24' title="bbox 393 2471 1991 2544; baseline 0 -18"><span class='ocrx_word' id='word_1_173' title='bbox 393 2479 669 2528; x_wconf 86' lang='lat' dir='ltr'><strong><em>narratur.</em></strong></span> <span class='ocrx_word' id='word_1_174' title='bbox 721 2473 882 2528; x_wconf 87' lang='lat' dir='ltr'><strong><em>Illum</em></strong></span> <span class='ocrx_word' id='word_1_175' title='bbox 931 2472 1076 2527; x_wconf 92' lang='lat' dir='ltr'><strong><em>enim</em></strong></span> <span class='ocrx_word' id='word_1_176' title='bbox 1105 2471 1357 2528; x_wconf 87' lang='lat' dir='ltr'><strong><em>servilem</em></strong></span> <span class='ocrx_word' id='word_1_177' title='bbox 1396 2472 1786 2544; x_wconf 89' lang='lat' dir='ltr'><strong><em>suppliciorum</em></strong></span> <span class='ocrx_word' id='word_1_178' title='bbox 1817 2471 1991 2526; x_wconf 91' lang='lat' dir='ltr'><strong><em>timo-</em></strong></span> 
     </span>
    </p>
   </div>
   <div class='ocr_carea' id='block_1_25' title="bbox 392 2564 1992 2637">
    <p class='ocr_par' dir='ltr' id='par_1_25' title="bbox 392 2564 1992 2637">
     <span class='ocr_line' id='line_1_25' title="bbox 392 2564 1992 2637; baseline -0.001 -17"><span class='ocrx_word' id='word_1_179' title='bbox 392 2579 537 2632; x_wconf 88' lang='lat' dir='ltr'><strong><em>rem,</em></strong></span> <span class='ocrx_word' id='word_1_180' title='bbox 560 2580 721 2620; x_wconf 88' lang='lat' dir='ltr'><strong><em>verus</em></strong></span> <span class='ocrx_word' id='word_1_181' title='bbox 745 2564 846 2621; x_wconf 90' lang='lat' dir='ltr'><strong><em>Dei</em></strong></span> <span class='ocrx_word' id='word_1_182' title='bbox 895 2565 1087 2633; x_wconf 83' lang='lat' dir='ltr'><strong><em>Filius,</em></strong></span> <span class='ocrx_word' id='word_1_183' title='bbox 1122 2567 1230 2633; x_wconf 82' lang='lat' dir='ltr'><strong><em>Qui</em></strong></span> <span class='ocrx_word' id='word_1_184' title='bbox 1261 2570 1540 2637; x_wconf 86' lang='lat' dir='ltr'><strong><em>peccatum</em></strong></span> <span class='ocrx_word' id='word_1_185' title='bbox 1567 2581 1673 2620; x_wconf 88' lang='lat' dir='ltr'><strong><em>non</em></strong></span> <span class='ocrx_word' id='word_1_186' title='bbox 1712 2567 1872 2633; x_wconf 83' lang='lat' dir='ltr'><strong><em>fecit,</em></strong></span> <span class='ocrx_word' id='word_1_187' title='bbox 1899 2580 1992 2619; x_wconf 88' lang='lat' dir='ltr'><strong><em>nec</em></strong></span> 
     </span>
    </p>
   </div>
   <div class='ocr_carea' id='block_1_26' title="bbox 392 2658 1988 2731">
    <p class='ocr_par' dir='ltr' id='par_1_26' title="bbox 392 2658 1988 2731">
     <span class='ocr_line' id='line_1_26' title="bbox 392 2658 1988 2731; baseline -0.001 -16"><span class='ocrx_word' id='word_1_188' title='bbox 392 2658 547 2715; x_wconf 85' lang='lat' dir='ltr'><strong><em>dolus</em></strong></span> <span class='ocrx_word' id='word_1_189' title='bbox 565 2661 810 2716; x_wconf 70' lang='lat' dir='ltr'><strong><em>inventus</em></strong></span> <span class='ocrx_word' id='word_1_190' title='bbox 834 2663 914 2715; x_wconf 88' lang='lat' dir='ltr'><strong><em>est</em></strong></span> <span class='ocrx_word' id='word_1_191' title='bbox 939 2662 997 2714; x_wconf 87' lang='lat' dir='ltr'><strong><em>in</em></strong></span> <span class='ocrx_word' id='word_1_192' title='bbox 1026 2676 1112 2715; x_wconf 87' lang='lat' dir='ltr'><strong><em>ore</em></strong></span> <span class='ocrx_word' id='word_1_193' title='bbox 1133 2661 1252 2730; x_wconf 84' lang='lat' dir='ltr'><strong><em>ejus</em></strong></span> <span class='ocrx_word' id='word_1_194' title='bbox 1278 2663 1328 2729; x_wconf 89' lang='grc' dir='ltr'><strong><em>(Ι</em></strong></span> <span class='ocrx_word' id='word_1_195' title='bbox 1344 2663 1490 2717; x_wconf 90' lang='lat' dir='ltr'><strong><em>Petr.</em></strong></span> <span class='ocrx_word' id='word_1_196' title='bbox 1518 2660 1587 2731; x_wconf 87' lang='lat'><strong><em>11)</em></strong></span> <span class='ocrx_word' id='word_1_197' title='bbox 1607 2703 1622 2731; x_wconf 93' lang='lat'><strong><em>,</em></strong></span> <span class='ocrx_word' id='word_1_198' title='bbox 1648 2659 1849 2717; x_wconf 90' lang='lat' dir='ltr'><strong><em>habere</em></strong></span> <span class='ocrx_word' id='word_1_199' title='bbox 1876 2674 1988 2715; x_wconf 92' lang='lat' dir='ltr'><strong><em>non</em></strong></span> 
     </span>
    </p>
   </div>
   <div class='ocr_carea' id='block_1_27' title="bbox 396 2753 589 2824">
    <p class='ocr_par' dir='ltr' id='par_1_27' title="bbox 396 2753 589 2824">
     <span class='ocr_line' id='line_1_27' title="bbox 396 2753 589 2824; baseline -0.005 -15"><span class='ocrx_word' id='word_1_200' title='bbox 396 2753 589 2824; x_wconf 89' lang='lat' dir='ltr'><strong><em>potuit.</em></strong></span> 
     </span>
    </p>
   </div>
   <div class='ocr_carea' id='block_1_28' title="bbox 3598 282 3705 338">
    <p class='ocr_par' dir='ltr' id='par_1_28' title="bbox 3598 282 3705 338">
     <span class='ocr_line' id='line_1_28' title="bbox 3598 282 3705 338; baseline 0.009 -1"><span class='ocrx_word' id='word_1_201' title='bbox 3598 282 3705 338; x_wconf 87' lang='lat'><strong><em>868</em></strong></span> 
     </span>
    </p>
   </div>
   <div class='ocr_carea' id='block_1_29' title="bbox 2678 407 3118 463">
    <p class='ocr_par' dir='ltr' id='par_1_29' title="bbox 2678 407 3118 463">
     <span class='ocr_line' id='line_1_29' title="bbox 2678 407 3118 463; baseline -0.009 0"><span class='ocrx_word' id='word_1_202' title='bbox 2678 407 2925 463; x_wconf 82' lang='lat' dir='ltr'><strong>CAPUT</strong></span> <span class='ocrx_word' id='word_1_203' title='bbox 2966 407 3118 461; x_wconf 78' lang='lat' dir='ltr'><strong><em>XIV.</em></strong></span> 
     </span>
    </p>
   </div>
   <div class='ocr_carea' id='block_1_30' title="bbox 2274 501 3522 573">
    <p class='ocr_par' dir='ltr' id='par_1_30' title="bbox 2274 501 3522 573">
     <span class='ocr_line' id='line_1_30' title="bbox 2274 501 3522 573; baseline -0.006 -13"><span class='ocrx_word' id='word_1_204' title='bbox 2274 505 2635 573; x_wconf 84' lang='lat' dir='ltr'><strong><em>Interrogatio</em></strong></span> <span class='ocrx_word' id='word_1_205' title='bbox 2660 501 2727 556; x_wconf 86' lang='lat' dir='ltr'><strong><em>de</em></strong></span> <span class='ocrx_word' id='word_1_206' title='bbox 2753 502 3206 556; x_wconf 84' lang='lat' dir='ltr'><strong><em>consummatione</em></strong></span> <span class='ocrx_word' id='word_1_207' title='bbox 3230 501 3522 555; x_wconf 83' lang='lat' dir='ltr'><strong><em>castitatis.</em></strong></span> 
     </span>
    </p>
   </div>
   <div class='ocr_carea' id='block_1_31' title="bbox 2171 593 3705 667">
    <p class='ocr_par' dir='ltr' id='par_1_31' title="bbox 2171 593 3705 667">
     <span class='ocr_line' id='line_1_31' title="bbox 2171 593 3705 667; baseline -0.003 -12"><span class='ocrx_word' id='word_1_208' title='bbox 2171 598 2519 655; x_wconf 87' lang='lat' dir='ltr'><strong><em>Germanus:</em></strong></span> <span class='ocrx_word' id='word_1_209' title='bbox 2556 595 2693 667; x_wconf 88' lang='lat' dir='ltr'><strong><em>Quia</em></strong></span> <span class='ocrx_word' id='word_1_210' title='bbox 2727 595 2797 651; x_wconf 90' lang='lat' dir='ltr'><strong><em>de</em></strong></span> <span class='ocrx_word' id='word_1_211' title='bbox 2826 593 3162 667; x_wconf 82' lang='lat' dir='ltr'><strong><em>perfectione</em></strong></span> <span class='ocrx_word' id='word_1_212' title='bbox 3184 593 3471 649; x_wconf 89' lang='lat' dir='ltr'><strong><em>charitatis</em></strong></span> <span class='ocrx_word' id='word_1_213' title='bbox 3519 608 3705 650; x_wconf 86' lang='lat' dir='ltr'><strong><em>sermo</em></strong></span> 
     </span>
    </p>
   </div>
   <div class='ocr_carea' id='block_1_32' title="bbox 2097 687 3707 762">
    <p class='ocr_par' dir='ltr' id='par_1_32' title="bbox 2097 687 3707 762">
     <span class='ocr_line' id='line_1_32' title="bbox 2097 687 3707 762; baseline 0 -16"><span class='ocrx_word' id='word_1_214' title='bbox 2097 688 2338 762; x_wconf 88' lang='lat' dir='ltr'><strong><em>digestus</em></strong></span> <span class='ocrx_word' id='word_1_215' title='bbox 2356 698 2462 759; x_wconf 86' lang='lat' dir='ltr'><strong><em>est,</em></strong></span> <span class='ocrx_word' id='word_1_216' title='bbox 2493 689 2746 745; x_wconf 88' lang='lat' dir='ltr'><strong><em>volumus</em></strong></span> <span class='ocrx_word' id='word_1_217' title='bbox 2771 688 2937 745; x_wconf 87' lang='lat' dir='ltr'><strong><em>etiam</em></strong></span> <span class='ocrx_word' id='word_1_218' title='bbox 2974 688 3042 745; x_wconf 92' lang='lat' dir='ltr'><strong><em>de</em></strong></span> <span class='ocrx_word' id='word_1_219' title='bbox 3071 687 3335 743; x_wconf 84' lang='lat' dir='ltr'><strong><em>castitatis</em></strong></span> <span class='ocrx_word' id='word_1_220' title='bbox 3376 687 3487 744; x_wconf 83' lang='lat' dir='ltr'><strong><em>ﬁne</em></strong></span> <span class='ocrx_word' id='word_1_221' title='bbox 3523 687 3707 761; x_wconf 86' lang='lat' dir='ltr'><strong><em>aliqua</em></strong></span> 
     </span>
    </p>
   </div>
   <div class='ocr_carea' id='block_1_33' title="bbox 2100 780 3706 854">
    <p class='ocr_par' dir='ltr' id='par_1_33' title="bbox 2100 780 3706 854">
     <span class='ocr_line' id='line_1_33' title="bbox 2100 780 3706 854; baseline 0.001 -16"><span class='ocrx_word' id='word_1_222' title='bbox 2100 782 2326 839; x_wconf 88' lang='lat' dir='ltr'><strong><em>liberius</em></strong></span> <span class='ocrx_word' id='word_1_223' title='bbox 2352 782 2641 839; x_wconf 86' lang='lat' dir='ltr'><strong><em>sciscitari.</em></strong></span> <span class='ocrx_word' id='word_1_224' title='bbox 2692 784 2817 839; x_wconf 85' lang='lat' dir='ltr'><strong><em>Non</em></strong></span> <span class='ocrx_word' id='word_1_225' title='bbox 2847 780 2994 838; x_wconf 89' lang='lat' dir='ltr'><strong><em>enim</em></strong></span> <span class='ocrx_word' id='word_1_226' title='bbox 3022 780 3362 853; x_wconf 85' lang='lat' dir='ltr'><strong><em>ambigimus</em></strong></span> <span class='ocrx_word' id='word_1_227' title='bbox 3391 781 3528 838; x_wconf 89' lang='lat' dir='ltr'><strong><em>illud</em></strong></span> <span class='ocrx_word' id='word_1_228' title='bbox 3561 797 3706 854; x_wconf 71' lang='lat' dir='ltr'><strong><em>prae-</em></strong></span> 
     </span>
    </p>
   </div>
   <div class='ocr_carea' id='block_1_34' title="bbox 2102 874 3705 949">
    <p class='ocr_par' dir='ltr' id='par_1_34' title="bbox 2102 874 3705 949">
     <span class='ocr_line' id='line_1_34' title="bbox 2102 874 3705 949; baseline 0.001 -17"><span class='ocrx_word' id='word_1_229' title='bbox 2102 877 2312 933; x_wconf 89' lang='lat' dir='ltr'><strong><em>celsum</em></strong></span> <span class='ocrx_word' id='word_1_230' title='bbox 2340 874 2622 949; x_wconf 80' lang='lat' dir='ltr'><strong><em>fastigium</em></strong></span> <span class='ocrx_word' id='word_1_231' title='bbox 2648 875 2925 932; x_wconf 88' lang='lat' dir='ltr'><strong><em>charitatis</em></strong></span> <span class='ocrx_word' id='word_1_232' title='bbox 2945 917 2960 944; x_wconf 93' lang='lat'><strong><em>,</em></strong></span> <span class='ocrx_word' id='word_1_233' title='bbox 2992 891 3090 948; x_wconf 88' lang='lat' dir='ltr'><strong><em>per</em></strong></span> <span class='ocrx_word' id='word_1_234' title='bbox 3112 891 3278 947; x_wconf 88' lang='lat' dir='ltr'><strong><em>quam</em></strong></span> <span class='ocrx_word' id='word_1_235' title='bbox 3303 876 3446 932; x_wconf 91' lang='lat' dir='ltr'><strong><em>sicut</em></strong></span> <span class='ocrx_word' id='word_1_236' title='bbox 3469 876 3579 933; x_wconf 87' lang='lat' dir='ltr'><strong><em>huc</em></strong></span> <span class='ocrx_word' id='word_1_237' title='bbox 3609 892 3705 934; x_wconf 87' lang='lat' dir='ltr'><strong><em>us-</em></strong></span> 
     </span>
    </p>
   </div>
   <div class='ocr_carea' id='block_1_35' title="bbox 2103 968 3708 1042">
    <p class='ocr_par' dir='ltr' id='par_1_35' title="bbox 2103 968 3708 1042">
     <span class='ocr_line' id='line_1_35' title="bbox 2103 968 3708 1042; baseline 0.001 -16"><span class='ocrx_word' id='word_1_238' title='bbox 2103 986 2211 1042; x_wconf 90' lang='lat' dir='ltr'><strong><em>que</em></strong></span> <span class='ocrx_word' id='word_1_239' title='bbox 2230 969 2522 1027; x_wconf 89' lang='lat' dir='ltr'><strong><em>disscrtum</em></strong></span> <span class='ocrx_word' id='word_1_240' title='bbox 2542 978 2643 1039; x_wconf 89' lang='lat' dir='ltr'><strong><em>est,</em></strong></span> <span class='ocrx_word' id='word_1_241' title='bbox 2674 968 2743 1026; x_wconf 89' lang='lat' dir='ltr'><strong><em>ad</em></strong></span> <span class='ocrx_word' id='word_1_242' title='bbox 2767 969 3059 1042; x_wconf 78' lang='lat' dir='ltr'><strong><em>imaginem</em></strong></span> <span class='ocrx_word' id='word_1_243' title='bbox 3106 969 3209 1025; x_wconf 90' lang='lat' dir='ltr'><strong><em>Dei</em></strong></span> <span class='ocrx_word' id='word_1_244' title='bbox 3247 969 3708 1028; x_wconf 86' lang='lat' dir='ltr'><strong><em>similitudinem-</em></strong></span> 
     </span>
    </p>
   </div>
   <div class='ocr_carea' id='block_1_36' title="bbox 2103 1061 3705 1135">
    <p class='ocr_par' dir='ltr' id='par_1_36' title="bbox 2103 1061 3705 1135">
     <span class='ocr_line' id='line_1_36' title="bbox 2103 1061 3705 1135; baseline 0.001 -15"><span class='ocrx_word' id='word_1_245' title='bbox 2103 1079 2210 1135; x_wconf 88' lang='lat' dir='ltr'><strong><em>que</em></strong></span> <span class='ocrx_word' id='word_1_246' title='bbox 2244 1062 2651 1132; x_wconf 86' lang='lat' dir='ltr'><strong><em>conscenditur,</em></strong></span> <span class='ocrx_word' id='word_1_247' title='bbox 2693 1063 2809 1119; x_wconf 85' lang='lat' dir='ltr'><strong><em>sine</em></strong></span> <span class='ocrx_word' id='word_1_248' title='bbox 2846 1063 3109 1119; x_wconf 87' lang='lat' dir='ltr'><strong><em>castitatis</em></strong></span> <span class='ocrx_word' id='word_1_249' title='bbox 3153 1061 3483 1134; x_wconf 81' lang='lat' dir='ltr'><strong><em>perfectione</em></strong></span> <span class='ocrx_word' id='word_1_250' title='bbox 3513 1065 3705 1122; x_wconf 85' lang='lat' dir='ltr'><strong><em>subsi-</em></strong></span> 
     </span>
    </p>
   </div>
   <div class='ocr_carea' id='block_1_37' title="bbox 2099 1156 3707 1230">
    <p class='ocr_par' dir='ltr' id='par_1_37' title="bbox 2099 1156 3707 1230">
     <span class='ocr_line' id='line_1_37' title="bbox 2099 1156 3707 1230; baseline 0.001 -16"><span class='ocrx_word' id='word_1_251' title='bbox 2099 1165 2242 1214; x_wconf 86' lang='lat' dir='ltr'><strong><em>stere</em></strong></span> <span class='ocrx_word' id='word_1_252' title='bbox 2261 1157 2488 1213; x_wconf 91' lang='lat' dir='ltr'><strong><em>omnino</em></strong></span> <span class='ocrx_word' id='word_1_253' title='bbox 2516 1172 2627 1213; x_wconf 91' lang='lat' dir='ltr'><strong><em>non</em></strong></span> <span class='ocrx_word' id='word_1_254' title='bbox 2669 1171 2862 1230; x_wconf 89' lang='lat' dir='ltr'><strong><em>posse,</em></strong></span> <span class='ocrx_word' id='word_1_255' title='bbox 2906 1156 3004 1213; x_wconf 89' lang='lat' dir='ltr'><strong><em>sed</em></strong></span> <span class='ocrx_word' id='word_1_256' title='bbox 3032 1164 3217 1212; x_wconf 89' lang='lat' dir='ltr'><strong><em>utrum</em></strong></span> <span class='ocrx_word' id='word_1_257' title='bbox 3264 1157 3339 1212; x_wconf 89' lang='lat' dir='ltr'><strong><em>ita</em></strong></span> <span class='ocrx_word' id='word_1_258' title='bbox 3379 1157 3499 1229; x_wconf 85' lang='lat' dir='ltr'><strong><em>ejus</em></strong></span> <span class='ocrx_word' id='word_1_259' title='bbox 3523 1160 3707 1230; x_wconf 88' lang='lat' dir='ltr'><strong><em>possit</em></strong></span> 
     </span>
    </p>
   </div>
   <div class='ocr_carea' id='block_1_38' title="bbox 2102 1250 3695 1323">
    <p class='ocr_par' dir='ltr' id='par_1_38' title="bbox 2102 1250 3695 1323">
     <span class='ocr_line' id='line_1_38' title="bbox 2102 1250 3695 1323; baseline 0.003 -17"><span class='ocrx_word' id='word_1_260' title='bbox 2102 1252 2431 1323; x_wconf 86' lang='lat' dir='ltr'><strong><em>perpetuitas</em></strong></span> <span class='ocrx_word' id='word_1_261' title='bbox 2457 1251 2722 1319; x_wconf 90' lang='lat' dir='ltr'><strong><em>obtineri,</em></strong></span> <span class='ocrx_word' id='word_1_262' title='bbox 2764 1259 2826 1307; x_wconf 91' lang='lat' dir='ltr'><strong><em>ut</em></strong></span> <span class='ocrx_word' id='word_1_263' title='bbox 2849 1266 3152 1322; x_wconf 88' lang='lat' dir='ltr'><strong><em>numquam</em></strong></span> <span class='ocrx_word' id='word_1_264' title='bbox 3180 1250 3419 1307; x_wconf 88' lang='lat' dir='ltr'><strong><em>libidinis</em></strong></span> <span class='ocrx_word' id='word_1_265' title='bbox 3448 1252 3695 1310; x_wconf 85' lang='lat' dir='ltr'><strong><em>titillatio</em></strong></span> 
     </span>
    </p>
   </div>
   <div class='ocr_carea' id='block_1_39' title="bbox 2103 1342 3683 1417">
    <p class='ocr_par' dir='ltr' id='par_1_39' title="bbox 2103 1342 3683 1417">
     <span class='ocr_line' id='line_1_39' title="bbox 2103 1342 3683 1417; baseline 0.003 -17"><span class='ocrx_word' id='word_1_266' title='bbox 2103 1345 2470 1417; x_wconf 85' lang='lat' dir='ltr'><strong><em>integritatem</em></strong></span> <span class='ocrx_word' id='word_1_267' title='bbox 2501 1345 2674 1402; x_wconf 89' lang='lat' dir='ltr'><strong><em>nostri</em></strong></span> <span class='ocrx_word' id='word_1_268' title='bbox 2709 1345 2891 1402; x_wconf 92' lang='lat' dir='ltr'><strong><em>cordis</em></strong></span> <span class='ocrx_word' id='word_1_269' title='bbox 2929 1342 3148 1401; x_wconf 87' lang='lat' dir='ltr'><strong><em>infestet</em></strong></span> <span class='ocrx_word' id='word_1_270' title='bbox 3169 1386 3185 1414; x_wconf 92' lang='lat'><strong><em>,</em></strong></span> <span class='ocrx_word' id='word_1_271' title='bbox 3214 1354 3271 1402; x_wconf 90' lang='lat' dir='ltr'><strong><em>et</em></strong></span> <span class='ocrx_word' id='word_1_272' title='bbox 3305 1347 3383 1402; x_wconf 89' lang='lat' dir='ltr'><strong><em>ita</em></strong></span> <span class='ocrx_word' id='word_1_273' title='bbox 3428 1347 3683 1404; x_wconf 88' lang='lat' dir='ltr'><strong><em>valeamu</em></strong></span> 
     </span>
    </p>
   </div>
   <div class='ocr_carea' id='block_1_40' title="bbox 2102 1436 3705 1513">
    <p class='ocr_par' dir='ltr' id='par_1_40' title="bbox 2102 1436 3705 1513">
     <span class='ocr_line' id='line_1_40' title="bbox 2102 1436 3705 1513; baseline 0.003 -20"><span class='ocrx_word' id='word_1_274' title='bbox 2102 1439 2170 1494; x_wconf 91' lang='lat' dir='ltr'><strong><em>ab</em></strong></span> <span class='ocrx_word' id='word_1_275' title='bbox 2198 1438 2302 1495; x_wconf 90' lang='lat' dir='ltr'><strong><em>hac</em></strong></span> <span class='ocrx_word' id='word_1_276' title='bbox 2350 1438 2602 1511; x_wconf 89' lang='lat' dir='ltr'><strong><em>passione</em></strong></span> <span class='ocrx_word' id='word_1_277' title='bbox 2644 1437 2847 1494; x_wconf 78' lang='lat' dir='ltr'><strong><em>cameli</em></strong></span> <span class='ocrx_word' id='word_1_278' title='bbox 2890 1436 3144 1509; x_wconf 85' lang='lat' dir='ltr'><strong><em>degentes</em></strong></span> <span class='ocrx_word' id='word_1_279' title='bbox 3191 1438 3246 1492; x_wconf 92' lang='lat' dir='ltr'><strong><em>in</em></strong></span> <span class='ocrx_word' id='word_1_280' title='bbox 3281 1454 3515 1512; x_wconf 87' lang='lat' dir='ltr'><strong><em>corpore</em></strong></span> <span class='ocrx_word' id='word_1_281' title='bbox 3551 1457 3705 1513; x_wconf 88' lang='lat' dir='ltr'><strong><em>pere-</em></strong></span> 
     </span>
    </p>
   </div>
   <div class='ocr_carea' id='block_1_41' title="bbox 2102 1531 3703 1606">
    <p class='ocr_par' dir='ltr' id='par_1_41' title="bbox 2102 1531 3703 1606">
     <span class='ocr_line' id='line_1_41' title="bbox 2102 1531 3703 1606; baseline 0.002 -18"><span class='ocrx_word' id='word_1_282' title='bbox 2102 1532 2322 1606; x_wconf 80' lang='lat' dir='ltr'><strong><em>grinari,</em></strong></span> <span class='ocrx_word' id='word_1_283' title='bbox 2362 1540 2425 1588; x_wconf 87' lang='lat' dir='ltr'><strong><em>ut</em></strong></span> <span class='ocrx_word' id='word_1_284' title='bbox 2447 1547 2752 1603; x_wconf 89' lang='lat' dir='ltr'><strong><em>numquam</em></strong></span> <span class='ocrx_word' id='word_1_285' title='bbox 2789 1531 3191 1588; x_wconf 90' lang='lat' dir='ltr'><strong><em>incentivorum</em></strong></span> <span class='ocrx_word' id='word_1_286' title='bbox 3234 1534 3467 1591; x_wconf 69' lang='lat' dir='ltr'><strong><em>aestibus</em></strong></span> <span class='ocrx_word' id='word_1_287' title='bbox 3501 1535 3703 1592; x_wconf 84' lang='lat' dir='ltr'><strong><em>adura-</em></strong></span> 
     </span>
    </p>
   </div>
   <div class='ocr_carea' id='block_1_42' title="bbox 2103 1621 2789 1691">
    <p class='ocr_par' dir='ltr' id='par_1_42' title="bbox 2103 1621 2789 1691">
     <span class='ocr_line' id='line_1_42' title="bbox 2103 1621 2789 1691; baseline -0.004 -8"><span class='ocrx_word' id='word_1_288' title='bbox 2103 1642 2250 1691; x_wconf 90' lang='lat' dir='ltr'><strong><em>mur,</em></strong></span> <span class='ocrx_word' id='word_1_289' title='bbox 2274 1621 2528 1682; x_wconf 87' lang='lat' dir='ltr'><strong><em>volumus</em></strong></span> <span class='ocrx_word' id='word_1_290' title='bbox 2555 1625 2789 1683; x_wconf 89' lang='lat' dir='ltr'><strong><em>edoceri.</em></strong></span> 
     </span>
    </p>
   </div>
   <div class='ocr_carea' id='block_1_43' title="bbox 2687 1720 3109 1776">
    <p class='ocr_par' dir='ltr' id='par_1_43' title="bbox 2687 1720 3109 1776">
     <span class='ocr_line' id='line_1_43' title="bbox 2687 1720 3109 1776; baseline 0.002 -1"><span class='ocrx_word' id='word_1_291' title='bbox 2687 1720 2933 1776; x_wconf 83' lang='lat' dir='ltr'><strong>CAPUT</strong></span> <span class='ocrx_word' id='word_1_292' title='bbox 2981 1722 3109 1776; x_wconf 82' lang='lat' dir='ltr'><strong><em>XV.</em></strong></span> 
     </span>
    </p>
   </div>
   <div class='ocr_carea' id='block_1_44' title="bbox 2456 1814 3367 1885">
    <p class='ocr_par' dir='ltr' id='par_1_44' title="bbox 2456 1814 3367 1885">
     <span class='ocr_line' id='line_1_44' title="bbox 2456 1814 3367 1885; baseline 0.003 -18"><span class='ocrx_word' id='word_1_293' title='bbox 2456 1814 2660 1868; x_wconf 88' lang='lat' dir='ltr'><strong><em>Dilatio</em></strong></span> <span class='ocrx_word' id='word_1_294' title='bbox 2685 1814 3038 1883; x_wconf 63' lang='lat' dir='ltr'><strong><em>expositionis</em></strong></span> <span class='ocrx_word' id='word_1_295' title='bbox 3058 1815 3367 1885; x_wconf 75' lang='lat' dir='ltr'><strong><em>postulatae.</em></strong></span> 
     </span>
    </p>
   </div>
   <div class='ocr_carea' id='block_1_45' title="bbox 2173 1908 3701 1979">
    <p class='ocr_par' dir='ltr' id='par_1_45' title="bbox 2173 1908 3701 1979">
     <span class='ocr_line' id='line_1_45' title="bbox 2173 1908 3701 1979; baseline 0.001 -14"><span class='ocrx_word' id='word_1_296' title='bbox 2173 1908 2501 1967; x_wconf 74' lang='lat' dir='ltr'><strong><em>Chaeremon</em></strong></span> <span class='ocrx_word' id='word_1_297' title='bbox 2526 1924 2539 1961; x_wconf 93' lang='lat'>:</span> <span class='ocrx_word' id='word_1_298' title='bbox 2569 1910 2821 1965; x_wconf 65' lang='lat' dir='ltr'><strong><em>Summa:</em></strong></span> <span class='ocrx_word' id='word_1_299' title='bbox 2858 1908 3079 1979; x_wconf 90' lang='lat' dir='ltr'><strong><em>quidem</em></strong></span> <span class='ocrx_word' id='word_1_300' title='bbox 3106 1908 3446 1965; x_wconf 85' lang='lat' dir='ltr'><strong><em>beatitudinis</em></strong></span> <span class='ocrx_word' id='word_1_301' title='bbox 3472 1926 3537 1967; x_wconf 90' lang='lat' dir='ltr'><strong><em>ac</em></strong></span> <span class='ocrx_word' id='word_1_302' title='bbox 3583 1911 3701 1967; x_wconf 89' lang='lat' dir='ltr'><strong><em>sin-</em></strong></span> 
     </span>
    </p>
   </div>
   <div class='ocr_carea' id='block_1_46' title="bbox 2102 2001 3706 2077">
    <p class='ocr_par' dir='ltr' id='par_1_46' title="bbox 2102 2001 3706 2077">
     <span class='ocr_line' id='line_1_46' title="bbox 2102 2001 3706 2077; baseline 0.002 -19"><span class='ocrx_word' id='word_1_303' title='bbox 2102 2002 2305 2074; x_wconf 90' lang='lat' dir='ltr'><strong><em>gularis</em></strong></span> <span class='ocrx_word' id='word_1_304' title='bbox 2342 2011 2425 2058; x_wconf 90' lang='lat' dir='ltr'><strong><em>est</em></strong></span> <span class='ocrx_word' id='word_1_305' title='bbox 2464 2001 2665 2069; x_wconf 90' lang='lat' dir='ltr'><strong><em>meriti,</em></strong></span> <span class='ocrx_word' id='word_1_306' title='bbox 2717 2002 2789 2058; x_wconf 90' lang='lat' dir='ltr'><strong><em>ita</em></strong></span> <span class='ocrx_word' id='word_1_307' title='bbox 2828 2002 2994 2058; x_wconf 91' lang='lat' dir='ltr'><strong><em>istum</em></strong></span> <span class='ocrx_word' id='word_1_308' title='bbox 3026 2019 3123 2074; x_wconf 88' lang='lat' dir='ltr'><strong><em>per</em></strong></span> <span class='ocrx_word' id='word_1_309' title='bbox 3152 2019 3315 2077; x_wconf 89' lang='lat' dir='ltr'><strong><em>quem</em></strong></span> <span class='ocrx_word' id='word_1_310' title='bbox 3341 2004 3579 2060; x_wconf 91' lang='lat' dir='ltr'><strong><em>Domino</em></strong></span> <span class='ocrx_word' id='word_1_311' title='bbox 3603 2021 3706 2061; x_wconf 87' lang='lat' dir='ltr'><strong><em>co-</em></strong></span> 
     </span>
    </p>
   </div>
   <div class='ocr_carea' id='block_1_47' title="bbox 2100 2094 3708 2169">
    <p class='ocr_par' dir='ltr' id='par_1_47' title="bbox 2100 2094 3708 2169">
     <span class='ocr_line' id='line_1_47' title="bbox 2100 2094 3708 2169; baseline 0.004 -20"><span class='ocrx_word' id='word_1_312' title='bbox 2100 2094 2372 2151; x_wconf 69' lang='lat' dir='ltr'><strong><em>hazremus</em></strong></span> <span class='ocrx_word' id='word_1_313' title='bbox 2390 2094 2653 2151; x_wconf 85' lang='lat' dir='ltr'><strong><em>affectum</em></strong></span> <span class='ocrx_word' id='word_1_314' title='bbox 2672 2136 2687 2164; x_wconf 94' lang='lat'><strong><em>,</em></strong></span> <span class='ocrx_word' id='word_1_315' title='bbox 2720 2096 2800 2150; x_wconf 87' lang='lat' dir='ltr'><strong><em>vel</em></strong></span> <span class='ocrx_word' id='word_1_316' title='bbox 2821 2095 3028 2152; x_wconf 86' lang='lat' dir='ltr'><strong><em>discere</em></strong></span> <span class='ocrx_word' id='word_1_317' title='bbox 3041 2097 3249 2169; x_wconf 88' lang='lat' dir='ltr'><strong><em>jugiter</em></strong></span> <span class='ocrx_word' id='word_1_318' title='bbox 3289 2098 3367 2154; x_wconf 91' lang='lat' dir='ltr'><strong><em>vel</em></strong></span> <span class='ocrx_word' id='word_1_319' title='bbox 3398 2096 3620 2167; x_wconf 88' lang='lat' dir='ltr'><strong><em>docere,</em></strong></span> <span class='ocrx_word' id='word_1_320' title='bbox 3648 2108 3708 2156; x_wconf 88' lang='lat' dir='ltr'><strong><em>ut</em></strong></span> 
     </span>
    </p>
   </div>
   <div class='ocr_carea' id='block_1_48' title="bbox 2102 2188 3704 2262">
    <p class='ocr_par' dir='ltr' id='par_1_48' title="bbox 2102 2188 3704 2262">
     <span class='ocr_line' id='line_1_48' title="bbox 2102 2188 3704 2262; baseline 0.004 -19"><span class='ocrx_word' id='word_1_321' title='bbox 2102 2188 2383 2245; x_wconf 86' lang='lat' dir='ltr'><strong><em>meditatio</em></strong></span> <span class='ocrx_word' id='word_1_322' title='bbox 2413 2189 2530 2260; x_wconf 88' lang='lat' dir='ltr'><strong><em>ejus</em></strong></span> <span class='ocrx_word' id='word_1_323' title='bbox 2555 2188 2859 2245; x_wconf 91' lang='lat' dir='ltr'><strong><em>secundum</em></strong></span> <span class='ocrx_word' id='word_1_324' title='bbox 2892 2190 3310 2262; x_wconf 88' lang='lat' dir='ltr'><strong><em>Psalmograpbi</em></strong></span> <span class='ocrx_word' id='word_1_325' title='bbox 3354 2194 3704 2262; x_wconf 86' lang='lat' dir='ltr'><strong><em>sententiam,</em></strong></span> 
     </span>
    </p>
   </div>
   <div class='ocr_carea' id='block_1_49' title="bbox 2100 2281 3703 2355">
    <p class='ocr_par' dir='ltr' id='par_1_49' title="bbox 2100 2281 3703 2355">
     <span class='ocr_line' id='line_1_49' title="bbox 2100 2281 3703 2355; baseline 0.004 -19"><span class='ocrx_word' id='word_1_326' title='bbox 2100 2296 2296 2337; x_wconf 89' lang='lat' dir='ltr'><strong><em>omnes</em></strong></span> <span class='ocrx_word' id='word_1_327' title='bbox 2317 2283 2446 2338; x_wconf 59' lang='lat' dir='ltr'><strong><em>vitae</em></strong></span> <span class='ocrx_word' id='word_1_328' title='bbox 2475 2290 2681 2338; x_wconf 68' lang='lat' dir='ltr'><strong><em>nostrae</em></strong></span> <span class='ocrx_word' id='word_1_329' title='bbox 2701 2281 2815 2337; x_wconf 89' lang='lat' dir='ltr'><strong><em>dies</em></strong></span> <span class='ocrx_word' id='word_1_330' title='bbox 2838 2291 3134 2355; x_wconf 88' lang='lat' dir='ltr'><strong><em>noctesque</em></strong></span> <span class='ocrx_word' id='word_1_331' title='bbox 3158 2293 3455 2341; x_wconf 87' lang='lat' dir='ltr'><strong><em>consumat</em></strong></span> <span class='ocrx_word' id='word_1_332' title='bbox 3484 2284 3703 2355; x_wconf 77' lang='lat' dir='ltr'><strong><em>(Psalm.</em></strong></span> 
     </span>
    </p>
   </div>
   <div class='ocr_carea' id='block_1_50' title="bbox 2102 2375 3701 2442">
    <p class='ocr_par' dir='ltr' id='par_1_50' title="bbox 2102 2375 3701 2442">
     <span class='ocr_line' id='line_1_50' title="bbox 2102 2375 3701 2442; baseline 0.003 -11"><span class='ocrx_word' id='word_1_333' title='bbox 2102 2378 2166 2442; x_wconf 94' lang='lat'><strong><em>1),</em></strong></span> <span class='ocrx_word' id='word_1_334' title='bbox 2197 2383 2255 2430; x_wconf 89' lang='lat' dir='ltr'><strong><em>et</em></strong></span> <span class='ocrx_word' id='word_1_335' title='bbox 2274 2383 2520 2431; x_wconf 88' lang='lat' dir='ltr'><strong><em>mentem</em></strong></span> <span class='ocrx_word' id='word_1_336' title='bbox 2567 2383 2813 2431; x_wconf 84' lang='lat' dir='ltr'><strong><em>nostram</em></strong></span> <span class='ocrx_word' id='word_1_337' title='bbox 2843 2375 3226 2434; x_wconf 88' lang='lat' dir='ltr'><strong><em>insatiabiliter</em></strong></span> <span class='ocrx_word' id='word_1_338' title='bbox 3250 2379 3577 2435; x_wconf 88' lang='lat' dir='ltr'><strong><em>esurientem</em></strong></span> <span class='ocrx_word' id='word_1_339' title='bbox 3617 2380 3701 2436; x_wconf 88' lang='lat' dir='ltr'><strong><em>si-</em></strong></span> 
     </span>
    </p>
   </div>
   <div class='ocr_carea' id='block_1_51' title="bbox 2098 2469 3705 2545">
    <p class='ocr_par' dir='ltr' id='par_1_51' title="bbox 2098 2469 3705 2545">
     <span class='ocr_line' id='line_1_51' title="bbox 2098 2469 3705 2545; baseline 0.003 -21"><span class='ocrx_word' id='word_1_340' title='bbox 2098 2470 2437 2541; x_wconf 88' lang='lat' dir='ltr'><strong><em>tientemque</em></strong></span> <span class='ocrx_word' id='word_1_341' title='bbox 2482 2469 2756 2541; x_wconf 89' lang='lat' dir='ltr'><strong><em>justitiam</em></strong></span> <span class='ocrx_word' id='word_1_342' title='bbox 2805 2470 3040 2527; x_wconf 74' lang='lat' dir='ltr'><strong><em>cmlestis</em></strong></span> <span class='ocrx_word' id='word_1_343' title='bbox 3087 2470 3250 2543; x_wconf 90' lang='lat' dir='ltr'><strong><em>hujus</em></strong></span> <span class='ocrx_word' id='word_1_344' title='bbox 3292 2472 3395 2527; x_wconf 90' lang='lat' dir='ltr'><strong><em>cibi</em></strong></span> <span class='ocrx_word' id='word_1_345' title='bbox 3442 2481 3705 2545; x_wconf 87' lang='lat' dir='ltr'><strong><em>perpetua</em></strong></span> 
     </span>
    </p>
   </div>
   <div class='ocr_carea' id='block_1_52' title="bbox 2098 2563 3705 2623">
    <p class='ocr_par' dir='ltr' id='par_1_52' title="bbox 2098 2563 3705 2623">
     <span class='ocr_line' id='line_1_52' title="bbox 2098 2563 3705 2623; baseline 0.002 -4"><span class='ocrx_word' id='word_1_346' title='bbox 2098 2563 2468 2619; x_wconf 89' lang='lat' dir='ltr'><strong><em>ruminatione</em></strong></span> <span class='ocrx_word' id='word_1_347' title='bbox 2489 2571 2779 2620; x_wconf 87' lang='lat' dir='ltr'><strong><em>sustentet.</em></strong></span> <span class='ocrx_word' id='word_1_348' title='bbox 2809 2564 2916 2621; x_wconf 88' lang='lat' dir='ltr'><strong><em>Sed</em></strong></span> <span class='ocrx_word' id='word_1_349' title='bbox 2943 2566 2969 2600; x_wconf 69' lang='grc' dir='ltr'>δ</span> <span class='ocrx_word' id='word_1_350' title='bbox 3005 2566 3401 2623; x_wconf 89' lang='lat' dir='ltr'><strong><em>consulendum</em></strong></span> <span class='ocrx_word' id='word_1_351' title='bbox 3430 2575 3515 2623; x_wconf 66' lang='lat' dir='ltr'><strong><em>est</em></strong></span> <span class='ocrx_word' id='word_1_352' title='bbox 3541 2568 3705 2623; x_wconf 87' lang='lat' dir='ltr'><strong><em>etiam</em></strong></span> 
     </span>
    </p>
   </div>
   <div class='ocr_carea' id='block_1_53' title="bbox 2099 2657 3703 2734">
    <p class='ocr_par' dir='ltr' id='par_1_53' title="bbox 2099 2657 3703 2734">
     <span class='ocr_line' id='line_1_53' title="bbox 2099 2657 3703 2734; baseline 0.003 -22"><span class='ocrx_word' id='word_1_353' title='bbox 2099 2657 2345 2729; x_wconf 83' lang='lat' dir='ltr'><strong><em>iumento</em></strong></span> <span class='ocrx_word' id='word_1_354' title='bbox 2376 2658 2623 2730; x_wconf 89' lang='lat' dir='ltr'><strong><em>corporis</em></strong></span> <span class='ocrx_word' id='word_1_355' title='bbox 2666 2658 2841 2713; x_wconf 87' lang='lat' dir='ltr'><strong><em>nostri</em></strong></span> <span class='ocrx_word' id='word_1_356' title='bbox 2890 2658 3195 2715; x_wconf 86' lang='lat' dir='ltr'><strong><em>secundum</em></strong></span> <span class='ocrx_word' id='word_1_357' title='bbox 3247 2660 3703 2734; x_wconf 87' lang='lat' dir='ltr'><strong><em>benignissimam</em></strong></span> 
     </span>
    </p>
   </div>
   <div class='ocr_carea' id='block_1_54' title="bbox 2093 2750 3691 2823">
    <p class='ocr_par' dir='ltr' id='par_1_54' title="bbox 2093 2750 3691 2823">
     <span class='ocr_line' id='line_1_54' title="bbox 2093 2750 3691 2823; baseline 0.001 -15"><span class='ocrx_word' id='word_1_358' title='bbox 2093 2751 2388 2808; x_wconf 88' lang='lat' dir='ltr'><strong><em>Salvatoris</em></strong></span> <span class='ocrx_word' id='word_1_359' title='bbox 2427 2750 2597 2808; x_wconf 90' lang='lat' dir='ltr'><strong><em>nostri</em></strong></span> <span class='ocrx_word' id='word_1_360' title='bbox 2642 2750 3062 2823; x_wconf 88' lang='lat' dir='ltr'><strong><em>providentiam,</em></strong></span> <span class='ocrx_word' id='word_1_361' title='bbox 3096 2768 3164 2808; x_wconf 91' lang='lat' dir='ltr'><strong><em>ne</em></strong></span> <span class='ocrx_word' id='word_1_362' title='bbox 3224 2752 3447 2811; x_wconf 82' lang='lat' dir='ltr'><strong><em>deﬁciat</em></strong></span> <span class='ocrx_word' id='word_1_363' title='bbox 3492 2756 3550 2811; x_wconf 89' lang='lat' dir='ltr'><strong><em>in</em></strong></span> <span class='ocrx_word' id='word_1_364' title='bbox 3589 2754 3691 2811; x_wconf 89' lang='lat' dir='ltr'><strong><em>via.</em></strong></span> 
     </span>
    </p>
   </div>
   <div class='ocr_carea' id='block_1_55' title="bbox 1490 2953 2601 3011">
    <p class='ocr_par' dir='ltr' id='par_1_55' title="bbox 1490 2953 2601 3011">
     <span class='ocr_line' id='line_1_55' title="bbox 1490 2953 2601 3011; baseline -0.003 -1"><span class='ocrx_word' id='word_1_365' title='bbox 1490 2956 1743 3011; x_wconf 80' lang='lat' dir='ltr'><strong><em>ALARDI</em></strong></span> <span class='ocrx_word' id='word_1_366' title='bbox 1783 2955 2007 3009; x_wconf 74' lang='grc' dir='ltr'><strong><em>ΟΑΖΑΞΙ</em></strong></span> <span class='ocrx_word' id='word_1_367' title='bbox 2047 2953 2601 3009; x_wconf 79' lang='lat' dir='ltr'><strong><em>COMMENTARIUS.</em></strong></span> 
     </span>
    </p>
   </div>
   <div class='ocr_carea' id='block_1_56' title="bbox 391 3145 1982 3219">
    <p class='ocr_par' dir='ltr' id='par_1_56' title="bbox 391 3145 1982 3219">
     <span class='ocr_line' id='line_1_56' title="bbox 391 3145 1982 3219; baseline -0.001 -17"><span class='ocrx_word' id='word_1_368' title='bbox 391 3147 564 3203; x_wconf 89' lang='lat' dir='ltr'><strong><em>utitur</em></strong></span> <span class='ocrx_word' id='word_1_369' title='bbox 591 3146 934 3219; x_wconf 84' lang='lat' dir='ltr'><strong><em>Epiphanius</em></strong></span> <span class='ocrx_word' id='word_1_370' title='bbox 970 3147 1024 3203; x_wconf 91' lang='lat' dir='ltr'><strong><em>in</em></strong></span> <span class='ocrx_word' id='word_1_371' title='bbox 1056 3146 1396 3219; x_wconf 78' lang='lat' dir='ltr'><strong><em>Anchoratp,</em></strong></span> <span class='ocrx_word' id='word_1_372' title='bbox 1422 3154 1475 3202; x_wconf 91' lang='lat' dir='ltr'><strong><em>et</em></strong></span> <span class='ocrx_word' id='word_1_373' title='bbox 1512 3146 1855 3219; x_wconf 79' lang='lat' dir='ltr'><strong><em>Augustinus</em></strong></span> <span class='ocrx_word' id='word_1_374' title='bbox 1888 3145 1982 3202; x_wconf 92' lang='lat' dir='ltr'><strong><em>lib.</em></strong></span> 
     </span>
    </p>
   </div>
   <div class='ocr_carea' id='block_1_57' title="bbox 392 3217 1987 3290">
    <p class='ocr_par' dir='ltr' id='par_1_57' title="bbox 392 3217 1987 3290">
     <span class='ocr_line' id='line_1_57' title="bbox 392 3217 1987 3290; baseline -0.001 -16"><span class='ocrx_word' id='word_1_375' title='bbox 392 3217 873 3287; x_wconf 32' lang='lat' dir='ltr'><strong><em>Lxxxm‘Qumst.</em></strong></span> <span class='ocrx_word' id='word_1_376' title='bbox 898 3233 1011 3289; x_wconf 89' lang='lat' dir='ltr'><strong><em>cap.</em></strong></span> <span class='ocrx_word' id='word_1_377' title='bbox 1039 3223 1126 3277; x_wconf 81' lang='lat'><strong><em>36.</em></strong></span> <span class='ocrx_word' id='word_1_378' title='bbox 1143 3217 1232 3290; x_wconf 87' lang='lat' dir='ltr'><strong><em>ubi</em></strong></span> <span class='ocrx_word' id='word_1_379' title='bbox 1255 3217 1447 3290; x_wconf 91' lang='lat' dir='ltr'><strong><em>iisdem</em></strong></span> <span class='ocrx_word' id='word_1_380' title='bbox 1464 3217 1640 3273; x_wconf 79' lang='lat' dir='ltr'><strong><em>verbis</em></strong></span> <span class='ocrx_word' id='word_1_381' title='bbox 1661 3219 1854 3286; x_wconf 87' lang='lat' dir='ltr'><strong><em>utitur,</em></strong></span> <span class='ocrx_word' id='word_1_382' title='bbox 1875 3218 1987 3290; x_wconf 86' lang='lat' dir='ltr'><strong><em>qui-</em></strong></span> 
     </span>
    </p>
   </div>
   <div class='ocr_carea' id='block_1_58' title="bbox 388 3288 1986 3360">
    <p class='ocr_par' dir='ltr' id='par_1_58' title="bbox 388 3288 1986 3360">
     <span class='ocr_line' id='line_1_58' title="bbox 388 3288 1986 3360; baseline -0.001 -16"><span class='ocrx_word' id='word_1_383' title='bbox 388 3292 492 3347; x_wconf 89' lang='lat' dir='ltr'><strong><em>bus</em></strong></span> <span class='ocrx_word' id='word_1_384' title='bbox 506 3290 593 3345; x_wconf 91' lang='lat' dir='ltr'><strong><em>hic</em></strong></span> <span class='ocrx_word' id='word_1_385' title='bbox 602 3290 769 3345; x_wconf 89' lang='lat' dir='ltr'><strong><em>abbas</em></strong></span> <span class='ocrx_word' id='word_1_386' title='bbox 789 3310 801 3345; x_wconf 89' lang='lat'><strong>:</strong></span> <span class='ocrx_word' id='word_1_387' title='bbox 822 3290 1164 3351; x_wconf 86' lang='lat' dir='ltr'><strong><em>Monendum,</em></strong></span> <span class='ocrx_word' id='word_1_388' title='bbox 1184 3288 1457 3360; x_wconf 90' lang='lat' dir='ltr'><strong><em>inquiens,</em></strong></span> <span class='ocrx_word' id='word_1_389' title='bbox 1471 3294 1533 3344; x_wconf 91' lang='lat' dir='ltr'><strong><em>ut</em></strong></span> <span class='ocrx_word' id='word_1_390' title='bbox 1542 3290 1642 3344; x_wconf 86' lang='lat' dir='ltr'><strong><em>illa.</em></strong></span> <span class='ocrx_word' id='word_1_391' title='bbox 1655 3290 1791 3343; x_wconf 88' lang='lat' dir='ltr'><strong><em>bona</em></strong></span> <span class='ocrx_word' id='word_1_392' title='bbox 1803 3288 1986 3359; x_wconf 76' lang='lat' dir='ltr'><strong><em>exspe-</em></strong></span> 
     </span>
    </p>
   </div>
   <div class='ocr_carea' id='block_1_59' title="bbox 387 3361 1988 3431">
    <p class='ocr_par' dir='ltr' id='par_1_59' title="bbox 387 3361 1988 3431">
     <span class='ocr_line' id='line_1_59' title="bbox 387 3361 1988 3431; baseline -0.001 -15"><span class='ocrx_word' id='word_1_393' title='bbox 387 3367 618 3427; x_wconf 86' lang='lat' dir='ltr'><strong><em>ctentur,</em></strong></span> <span class='ocrx_word' id='word_1_394' title='bbox 644 3377 763 3431; x_wconf 67' lang='lat' dir='ltr'><strong><em>quae</em></strong></span> <span class='ocrx_word' id='word_1_395' title='bbox 789 3363 1016 3428; x_wconf 85' lang='lat' dir='ltr'><strong><em>fuerunt</em></strong></span> <span class='ocrx_word' id='word_1_396' title='bbox 1047 3364 1104 3415; x_wconf 88' lang='lat' dir='ltr'><strong><em>in</em></strong></span> <span class='ocrx_word' id='word_1_397' title='bbox 1122 3361 1215 3415; x_wconf 87' lang='lat' dir='ltr'><strong><em>illo</em></strong></span> <span class='ocrx_word' id='word_1_398' title='bbox 1235 3362 1445 3416; x_wconf 84' lang='lat' dir='ltr'><strong><em>homine</em></strong></span> <span class='ocrx_word' id='word_1_399' title='bbox 1461 3364 1744 3416; x_wconf 85' lang='lat' dir='ltr'><strong><em>Dominico.</em></strong></span> <span class='ocrx_word' id='word_1_400' title='bbox 1774 3362 1845 3416; x_wconf 85' lang='lat' dir='ltr'><strong><em>Et</em></strong></span> <span class='ocrx_word' id='word_1_401' title='bbox 1869 3376 1988 3415; x_wconf 87' lang='lat' dir='ltr'><strong><em>rur-</em></strong></span> 
     </span>
    </p>
   </div>
   <div class='ocr_carea' id='block_1_60' title="bbox 388 3432 1986 3505">
    <p class='ocr_par' dir='ltr' id='par_1_60' title="bbox 388 3432 1986 3505">
     <span class='ocr_line' id='line_1_60' title="bbox 388 3432 1986 3505; baseline -0.001 -18"><span class='ocrx_word' id='word_1_402' title='bbox 388 3447 481 3488; x_wconf 90' lang='lat' dir='ltr'><strong><em>sus</em></strong></span> <span class='ocrx_word' id='word_1_403' title='bbox 510 3452 523 3487; x_wconf 91' lang='lat'><strong>:</strong></span> <span class='ocrx_word' id='word_1_404' title='bbox 558 3436 657 3488; x_wconf 87' lang='lat' dir='ltr'><strong><em>Hic</em></strong></span> <span class='ocrx_word' id='word_1_405' title='bbox 672 3435 1165 3505; x_wconf 82' lang='lat' dir='ltr'><strong><em>prestantissimum</em></strong></span> <span class='ocrx_word' id='word_1_406' title='bbox 1192 3432 1332 3485; x_wconf 86' lang='lat' dir='ltr'><strong><em>illud</em></strong></span> <span class='ocrx_word' id='word_1_407' title='bbox 1353 3437 1404 3487; x_wconf 87' lang='lat' dir='ltr'><strong><em>et</em></strong></span> <span class='ocrx_word' id='word_1_408' title='bbox 1430 3436 1647 3487; x_wconf 87' lang='lat' dir='ltr'><strong><em>unicum</em></strong></span> <span class='ocrx_word' id='word_1_409' title='bbox 1686 3433 1986 3502; x_wconf 67' lang='lat' dir='ltr'><strong><em>exemplum</em></strong></span> 
     </span>
    </p>
   </div>
   <div class='ocr_carea' id='block_1_61' title="bbox 386 3505 1989 3574">
    <p class='ocr_par' dir='ltr' id='par_1_61' title="bbox 386 3505 1989 3574">
     <span class='ocr_line' id='line_1_61' title="bbox 386 3505 1989 3574; baseline -0.001 -16"><span class='ocrx_word' id='word_1_410' title='bbox 386 3506 655 3559; x_wconf 86' lang='lat' dir='ltr'><strong><em>Dominici</em></strong></span> <span class='ocrx_word' id='word_1_411' title='bbox 666 3506 895 3559; x_wconf 87' lang='lat' dir='ltr'><strong><em>hominis</em></strong></span> <span class='ocrx_word' id='word_1_412' title='bbox 918 3505 1319 3574; x_wconf 82' lang='lat' dir='ltr'><strong><em>proponendum</em></strong></span> <span class='ocrx_word' id='word_1_413' title='bbox 1340 3509 1436 3566; x_wconf 88' lang='lat' dir='ltr'><strong><em>est,</em></strong></span> <span class='ocrx_word' id='word_1_414' title='bbox 1461 3506 1691 3574; x_wconf 87' lang='lat' dir='ltr'><strong><em>quicum</em></strong></span> <span class='ocrx_word' id='word_1_415' title='bbox 1715 3519 1770 3558; x_wconf 89' lang='lat' dir='ltr'><strong><em>se</em></strong></span> <span class='ocrx_word' id='word_1_416' title='bbox 1799 3508 1874 3557; x_wconf 87' lang='lat' dir='ltr'><strong><em>tot</em></strong></span> <span class='ocrx_word' id='word_1_417' title='bbox 1893 3506 1989 3556; x_wconf 85' lang='lat' dir='ltr'><strong><em>mi-</em></strong></span> 
     </span>
    </p>
   </div>
   <div class='ocr_carea' id='block_1_62' title="bbox 389 3576 1988 3643">
    <p class='ocr_par' dir='ltr' id='par_1_62' title="bbox 389 3576 1988 3643">
     <span class='ocr_line' id='line_1_62' title="bbox 389 3576 1988 3643; baseline -0.001 -14"><span class='ocrx_word' id='word_1_418' title='bbox 389 3576 591 3629; x_wconf 83' lang='lat' dir='ltr'><strong><em>raculis</em></strong></span> <span class='ocrx_word' id='word_1_419' title='bbox 607 3580 811 3629; x_wconf 88' lang='lat' dir='ltr'><strong><em>tantam</em></strong></span> <span class='ocrx_word' id='word_1_420' title='bbox 837 3592 1018 3628; x_wconf 87' lang='lat' dir='ltr'><strong><em>rerum</em></strong></span> <span class='ocrx_word' id='word_1_421' title='bbox 1035 3576 1227 3629; x_wconf 87' lang='lat' dir='ltr'><strong><em>habere</em></strong></span> <span class='ocrx_word' id='word_1_422' title='bbox 1248 3580 1561 3643; x_wconf 86' lang='lat' dir='ltr'><strong><em>potestatem</em></strong></span> <span class='ocrx_word' id='word_1_423' title='bbox 1580 3579 1917 3636; x_wconf 82' lang='lat' dir='ltr'><strong><em>monstraret,</em></strong></span> <span class='ocrx_word' id='word_1_424' title='bbox 1937 3579 1988 3628; x_wconf 88' lang='lat' dir='ltr'><strong><em>et</em></strong></span> 
     </span>
    </p>
   </div>
   <div class='ocr_carea' id='block_1_63' title="bbox 389 3646 1983 3715">
    <p class='ocr_par' dir='ltr' id='par_1_63' title="bbox 389 3646 1983 3715">
     <span class='ocr_line' id='line_1_63' title="bbox 389 3646 1983 3715; baseline -0.001 -16"><span class='ocrx_word' id='word_1_425' title='bbox 389 3660 451 3699; x_wconf 86' lang='lat' dir='ltr'><strong><em>ea</em></strong></span> <span class='ocrx_word' id='word_1_426' title='bbox 476 3649 677 3715; x_wconf 77' lang='lat' dir='ltr'><strong><em>sprevit</em></strong></span> <span class='ocrx_word' id='word_1_427' title='bbox 698 3662 818 3715; x_wconf 69' lang='lat' dir='ltr'><strong><em>qua:</em></strong></span> <span class='ocrx_word' id='word_1_428' title='bbox 830 3662 1029 3713; x_wconf 87' lang='lat' dir='ltr'><strong><em>magna</em></strong></span> <span class='ocrx_word' id='word_1_429' title='bbox 1050 3646 1205 3712; x_wconf 89' lang='lat' dir='ltr'><strong><em>bona,</em></strong></span> <span class='ocrx_word' id='word_1_430' title='bbox 1223 3650 1273 3699; x_wconf 89' lang='lat' dir='ltr'><strong><em>et</em></strong></span> <span class='ocrx_word' id='word_1_431' title='bbox 1284 3661 1345 3699; x_wconf 86' lang='lat' dir='ltr'><strong><em>ea</em></strong></span> <span class='ocrx_word' id='word_1_432' title='bbox 1367 3648 1621 3699; x_wconf 87' lang='lat' dir='ltr'><strong><em>sustinuit</em></strong></span> <span class='ocrx_word' id='word_1_433' title='bbox 1646 3660 1765 3713; x_wconf 77' lang='lat' dir='ltr'><strong><em>qua:</em></strong></span> <span class='ocrx_word' id='word_1_434' title='bbox 1788 3661 1983 3713; x_wconf 88' lang='lat' dir='ltr'><strong><em>magna</em></strong></span> 
     </span>
    </p>
   </div>
   <div class='ocr_carea' id='block_1_64' title="bbox 388 3715 1982 3798">
    <p class='ocr_par' dir='ltr' id='par_1_64' title="bbox 388 3715 1982 3798">
     <span class='ocr_line' id='line_1_64' title="bbox 388 3715 1982 3798; baseline -0.002 -27"><span class='ocrx_word' id='word_1_435' title='bbox 388 3715 797 3798; x_wconf 55' lang='lat' dir='ltr'><strong><em>malaimperiti</em></strong></span> <span class='ocrx_word' id='word_1_436' title='bbox 817 3721 1052 3798; x_wconf 46' lang='lat' dir='ltr'><strong><em>putant;</em></strong></span> <span class='ocrx_word' id='word_1_437' title='bbox 1075 3719 1322 3798; x_wconf 73' lang='lat' dir='ltr'><strong><em>Itemque</em></strong></span> <span class='ocrx_word' id='word_1_438' title='bbox 1359 3715 1477 3798; x_wconf 63' lang='lat' dir='ltr'><strong><em>aliis</em></strong></span> <span class='ocrx_word' id='word_1_439' title='bbox 1499 3715 1551 3798; x_wconf 70' lang='lat' dir='ltr'><strong><em>iri</em></strong></span> <span class='ocrx_word' id='word_1_440' title='bbox 1578 3715 1726 3781; x_wconf 92' lang='lat' dir='ltr'><strong><em>locis,</em></strong></span> <span class='ocrx_word' id='word_1_441' title='bbox 1752 3730 1982 3798; x_wconf 63' lang='lat' dir='ltr'><strong><em>praaser-</em></strong></span> 
     </span>
    </p>
   </div>
   <div class='ocr_carea' id='block_1_65' title="bbox 388 3786 1979 3859">
    <p class='ocr_par' dir='ltr' id='par_1_65' title="bbox 388 3786 1979 3859">
     <span class='ocr_line' id='line_1_65' title="bbox 388 3786 1979 3859; baseline -0.001 -18"><span class='ocrx_word' id='word_1_442' title='bbox 388 3787 488 3842; x_wconf 89' lang='lat' dir='ltr'><strong><em>tim</em></strong></span> <span class='ocrx_word' id='word_1_443' title='bbox 529 3787 597 3859; x_wconf 19' lang='lat' dir='ltr'><strong><em>in,</em></strong></span> <span class='ocrx_word' id='word_1_444' title='bbox 627 3786 983 3859; x_wconf 82' lang='lat' dir='ltr'><strong><em>expositione</em></strong></span> <span class='ocrx_word' id='word_1_445' title='bbox 1012 3787 1357 3859; x_wconf 83' lang='lat' dir='ltr'><strong><em>Psalmorum</em></strong></span> <span class='ocrx_word' id='word_1_446' title='bbox 1390 3786 1554 3859; x_wconf 83' lang='lat' dir='ltr'><strong><em>(Psal.</em></strong></span> <span class='ocrx_word' id='word_1_447' title='bbox 1586 3801 1629 3851; x_wconf 93' lang='lat'><strong><em>1,</em></strong></span> <span class='ocrx_word' id='word_1_448' title='bbox 1662 3801 1727 3859; x_wconf 64' lang='lat' dir='ltr'><strong><em>tv</em></strong></span> <span class='ocrx_word' id='word_1_449' title='bbox 1754 3791 1806 3859; x_wconf 75' lang='lat' dir='ltr'><strong><em>et</em></strong></span> <span class='ocrx_word' id='word_1_450' title='bbox 1842 3793 1979 3859; x_wconf 84' lang='lat' dir='ltr'><strong><em>vn).</em></strong></span> 
     </span>
    </p>
   </div>
   <div class='ocr_carea' id='block_1_66' title="bbox 388 3854 1983 3930">
    <p class='ocr_par' dir='ltr' id='par_1_66' title="bbox 388 3854 1983 3930">
     <span class='ocr_line' id='line_1_66' title="bbox 388 3854 1983 3930; baseline -0.001 -17"><span class='ocrx_word' id='word_1_451' title='bbox 388 3860 460 3930; x_wconf 77' lang='lat' dir='ltr'><strong><em>Et</em></strong></span> <span class='ocrx_word' id='word_1_452' title='bbox 479 3858 633 3930; x_wconf 86' lang='lat' dir='ltr'><strong><em>Beda</em></strong></span> <span class='ocrx_word' id='word_1_453' title='bbox 659 3854 763 3930; x_wconf 61' lang='lat' dir='ltr'><strong><em>in&#39;l</em></strong></span> <span class='ocrx_word' id='word_1_454' title='bbox 790 3860 927 3930; x_wconf 81' lang='lat' dir='ltr'><strong><em>Reg.</em></strong></span> <span class='ocrx_word' id='word_1_455' title='bbox 962 3874 1006 3913; x_wconf 89' lang='lat'><strong><em>1.</em></strong></span> <span class='ocrx_word' id='word_1_456' title='bbox 1043 3860 1246 3930; x_wconf 87' lang='lat' dir='ltr'><strong><em>Verum</em></strong></span> <span class='ocrx_word' id='word_1_457' title='bbox 1286 3854 1411 3930; x_wconf 19' lang='lat' dir='ltr'><strong><em>haec;</em></strong></span> <span class='ocrx_word' id='word_1_458' title='bbox 1450 3856 1705 3930; x_wconf 83' lang='lat' dir='ltr'><strong><em>loquendi</em></strong></span> <span class='ocrx_word' id='word_1_459' title='bbox 1740 3854 1983 3930; x_wconf 74' lang='lat' dir='ltr'><strong><em>formula</em></strong></span> 
     </span>
    </p>
   </div>
   <div class='ocr_carea' id='block_1_67' title="bbox 387 3873 1984 4001">
    <p class='ocr_par' dir='ltr' id='par_1_67' title="bbox 387 3873 1984 4001">
     <span class='ocr_line' id='line_1_67' title="bbox 390 3873 1983 3983; baseline -0.001 -70"><span class='ocrx_word' id='word_1_460' title='bbox 390 3873 460 3913; x_wconf 72' lang='lat' dir='ltr'><strong><em>nt</em></strong></span> <span class='ocrx_word' id='word_1_461' title='bbox 488 3873 633 3913; x_wconf 74' lang='lat' dir='ltr'><strong><em>uena</em></strong></span> <span class='ocrx_word' id='word_1_462' title='bbox 659 3875 711 3913; x_wconf 83' lang='lat' dir='ltr'><strong><em>in</em></strong></span> <span class='ocrx_word' id='word_1_463' title='bbox 740 3873 763 3912; x_wconf 89' lang='lat'><strong><em>1</em></strong></span> <span class='ocrx_word' id='word_1_464' title='bbox 790 3873 927 3930; x_wconf 74' lang='lat' dir='ltr'><strong><em>neg.</em></strong></span> <span class='ocrx_word' id='word_1_465' title='bbox 962 3874 1006 3913; x_wconf 89' lang='lat'><strong><em>1.</em></strong></span> <span class='ocrx_word' id='word_1_466' title='bbox 1051 3873 1246 3913; x_wconf 88' lang='lat' dir='ltr'><strong><em>verum</em></strong></span> <span class='ocrx_word' id='word_1_467' title='bbox 1286 3873 1400 3912; x_wconf 70' lang='lat' dir='ltr'><strong><em>naac</em></strong></span> <span class='ocrx_word' id='word_1_468' title='bbox 1450 3873 1705 3983; x_wconf 61' lang='lat' dir='ltr'><strong><em>loquendi</em></strong></span> <span class='ocrx_word' id='word_1_469' title='bbox 1748 3873 1983 3911; x_wconf 79' lang='lat' dir='ltr'><strong><em>lormula</em></strong></span> 
     </span>
     <span class='ocr_line' id='line_1_68' title="bbox 387 3928 1984 4001; baseline -0.001 -17"><span class='ocrx_word' id='word_1_470' title='bbox 387 3928 488 4000; x_wconf 89' lang='lat' dir='ltr'><strong><em>ipsi</em></strong></span> <span class='ocrx_word' id='word_1_471' title='bbox 526 3929 836 4001; x_wconf 82' lang='lat' dir='ltr'><strong><em>Augustino</em></strong></span> <span class='ocrx_word' id='word_1_472' title='bbox 859 3937 1043 3999; x_wconf 89' lang='lat' dir='ltr'><strong><em>postea</em></strong></span> <span class='ocrx_word' id='word_1_473' title='bbox 1059 3944 1169 3984; x_wconf 92' lang='lat' dir='ltr'><strong><em>non</em></strong></span> <span class='ocrx_word' id='word_1_474' title='bbox 1198 3928 1475 4001; x_wconf 80' lang='lat' dir='ltr'><strong><em>immerito</em></strong></span> <span class='ocrx_word' id='word_1_475' title='bbox 1500 3998 1512 4001; x_wconf 87' lang='lat'><em>_</em></span> <span class='ocrx_word' id='word_1_476' title='bbox 1541 3928 1808 4001; x_wconf 81' lang='lat' dir='ltr'><strong><em>isplicuit;</em></strong></span> <span class='ocrx_word' id='word_1_477' title='bbox 1834 3943 1984 4001; x_wconf 84' lang='lat' dir='ltr'><strong><em>eam-</em></strong></span> 
     </span>
    </p>
   </div>
   <div class='ocr_carea' id='block_1_68' title="bbox 389 3998 1985 4071">
    <p class='ocr_par' dir='ltr' id='par_1_68' title="bbox 389 3998 1985 4071">
     <span class='ocr_line' id='line_1_69' title="bbox 389 3998 1985 4071; baseline -0.003 -15"><span class='ocrx_word' id='word_1_478' title='bbox 389 3998 496 4071; x_wconf 79' lang='lat' dir='ltr'><strong><em>que</em></strong></span> <span class='ocrx_word' id='word_1_479' title='bbox 541 3998 872 4056; x_wconf 65' lang='lat' dir='ltr'><strong><em>retractavit</em></strong></span> <span class='ocrx_word' id='word_1_480' title='bbox 900 4008 956 4056; x_wconf 87' lang='lat' dir='ltr'><strong><em>et</em></strong></span> <span class='ocrx_word' id='word_1_481' title='bbox 1003 4000 1233 4056; x_wconf 76' lang='lat' dir='ltr'><strong><em>correxit</em></strong></span> <span class='ocrx_word' id='word_1_482' title='bbox 1278 3999 1359 4053; x_wconf 92' lang='lat' dir='ltr'><strong><em>his</em></strong></span> <span class='ocrx_word' id='word_1_483' title='bbox 1405 3998 1641 4054; x_wconf 82' lang='lat' dir='ltr'><strong><em>verbis:</em></strong></span> <span class='ocrx_word' id='word_1_484' title='bbox 1673 4002 1788 4057; x_wconf 87' lang='lat' dir='ltr'><strong><em>Non</em></strong></span> <span class='ocrx_word' id='word_1_485' title='bbox 1833 4000 1985 4071; x_wconf 64' lang='lat' dir='ltr'><strong><em>rideo</em></strong></span> 
     </span>
    </p>
   </div>
   <div class='ocr_carea' id='block_1_69' title="bbox 389 4070 1989 4141">
    <p class='ocr_par' dir='ltr' id='par_1_69' title="bbox 389 4070 1989 4141">
     <span class='ocr_line' id='line_1_70' title="bbox 389 4070 1989 4141; baseline -0.001 -16"><span class='ocrx_word' id='word_1_486' title='bbox 389 4070 571 4127; x_wconf 79' lang='lat' dir='ltr'><strong><em>utrum</em></strong></span> <span class='ocrx_word' id='word_1_487' title='bbox 596 4078 739 4141; x_wconf 84' lang='lat' dir='ltr'><strong><em>recte</em></strong></span> <span class='ocrx_word' id='word_1_488' title='bbox 759 4072 971 4126; x_wconf 85' lang='lat' dir='ltr'><strong><em>dicatur</em></strong></span> <span class='ocrx_word' id='word_1_489' title='bbox 990 4073 1141 4126; x_wconf 89' lang='lat' dir='ltr'><strong><em>homo</em></strong></span> <span class='ocrx_word' id='word_1_490' title='bbox 1162 4072 1485 4133; x_wconf 88' lang='lat' dir='ltr'><strong><em>Dominicus,</em></strong></span> <span class='ocrx_word' id='word_1_491' title='bbox 1512 4073 1703 4140; x_wconf 89' lang='lat' dir='ltr'><strong><em>quiest</em></strong></span> <span class='ocrx_word' id='word_1_492' title='bbox 1726 4070 1989 4125; x_wconf 80' lang='lat' dir='ltr'><strong><em>mediator</em></strong></span> 
     </span>
    </p>
   </div>
   <div class='ocr_carea' id='block_1_70' title="bbox 385 4142 1988 4211">
    <p class='ocr_par' dir='ltr' id='par_1_70' title="bbox 385 4142 1988 4211">
     <span class='ocr_line' id='line_1_71' title="bbox 385 4142 1988 4211; baseline -0.002 -13"><span class='ocrx_word' id='word_1_493' title='bbox 385 4146 487 4198; x_wconf 88' lang='lat' dir='ltr'><strong><em>Dei</em></strong></span> <span class='ocrx_word' id='word_1_494' title='bbox 498 4149 549 4199; x_wconf 89' lang='lat' dir='ltr'><strong><em>et</em></strong></span> <span class='ocrx_word' id='word_1_495' title='bbox 576 4145 848 4198; x_wconf 86' lang='lat' dir='ltr'><strong><em>hominum</em></strong></span> <span class='ocrx_word' id='word_1_496' title='bbox 880 4144 1121 4200; x_wconf 83' lang='lat' dir='ltr'><strong><em>Christus</em></strong></span> <span class='ocrx_word' id='word_1_497' title='bbox 1148 4145 1297 4197; x_wconf 83' lang='lat' dir='ltr'><strong><em>Jesus</em></strong></span> <span class='ocrx_word' id='word_1_498' title='bbox 1325 4160 1345 4196; x_wconf 76' lang='lat'><strong><em>.&#39;</em></strong></span> <span class='ocrx_word' id='word_1_499' title='bbox 1371 4144 1537 4197; x_wconf 87' lang='lat' dir='ltr'><strong><em>ethoc</em></strong></span> <span class='ocrx_word' id='word_1_500' title='bbox 1564 4143 1783 4211; x_wconf 85' lang='lat' dir='ltr'><strong><em>quidem</em></strong></span> <span class='ocrx_word' id='word_1_501' title='bbox 1809 4146 1872 4195; x_wconf 89' lang='lat' dir='ltr'><strong><em>ut</em></strong></span> <span class='ocrx_word' id='word_1_502' title='bbox 1896 4142 1988 4195; x_wconf 86' lang='lat' dir='ltr'><strong><em>di-</em></strong></span> 
     </span>
    </p>
   </div>
   <div class='ocr_carea' id='block_1_71' title="bbox 387 4214 1989 4285">
    <p class='ocr_par' dir='ltr' id='par_1_71' title="bbox 387 4214 1989 4285">
     <span class='ocr_line' id='line_1_72' title="bbox 387 4214 1989 4285; baseline -0.001 -17"><span class='ocrx_word' id='word_1_503' title='bbox 387 4229 575 4282; x_wconf 88' lang='lat' dir='ltr'><strong><em>cerem,</em></strong></span> <span class='ocrx_word' id='word_1_504' title='bbox 604 4216 755 4285; x_wconf 87' lang='lat' dir='ltr'><strong><em>apud</em></strong></span> <span class='ocrx_word' id='word_1_505' title='bbox 783 4215 1039 4285; x_wconf 81' lang='lat' dir='ltr'><strong><em>quosdam</em></strong></span> <span class='ocrx_word' id='word_1_506' title='bbox 1067 4216 1173 4282; x_wconf 90' lang='lat' dir='ltr'><strong><em>legi</em></strong></span> <span class='ocrx_word' id='word_1_507' title='bbox 1204 4214 1486 4268; x_wconf 81' lang='lat' dir='ltr'><strong><em>catholicos</em></strong></span> <span class='ocrx_word' id='word_1_508' title='bbox 1518 4218 1866 4280; x_wconf 81' lang='lat' dir='ltr'><strong><em>tractatores;</em></strong></span> <span class='ocrx_word' id='word_1_509' title='bbox 1894 4214 1989 4267; x_wconf 89' lang='lat' dir='ltr'><strong><em>sed</em></strong></span> 
     </span>
    </p>
   </div>
   <div class='ocr_carea' id='block_1_72' title="bbox 387 4285 1989 4356">
    <p class='ocr_par' dir='ltr' id='par_1_72' title="bbox 387 4285 1989 4356">
     <span class='ocr_line' id='line_1_73' title="bbox 387 4285 1989 4356; baseline 0 -17"><span class='ocrx_word' id='word_1_510' title='bbox 387 4285 705 4356; x_wconf 86' lang='lat' dir='ltr'><strong><em>ubicumque</em></strong></span> <span class='ocrx_word' id='word_1_511' title='bbox 736 4287 827 4340; x_wconf 86' lang='lat' dir='ltr'><strong><em>hoc</em></strong></span> <span class='ocrx_word' id='word_1_512' title='bbox 840 4287 980 4349; x_wconf 66' lang='grc' dir='ltr'><strong><em>ἀεὶτί,</em></strong></span> <span class='ocrx_word' id='word_1_513' title='bbox 1012 4286 1309 4340; x_wconf 68' lang='lat' dir='ltr'><strong><em>dirisseme</em></strong></span> <span class='ocrx_word' id='word_1_514' title='bbox 1330 4286 1521 4339; x_wconf 86' lang='lat' dir='ltr'><strong><em>nollem</em></strong></span> <span class='ocrx_word' id='word_1_515' title='bbox 1542 4307 1559 4353; x_wconf 91' lang='lat'><strong><em>,-</em></strong></span> <span class='ocrx_word' id='word_1_516' title='bbox 1582 4290 1772 4355; x_wconf 87' lang='lat' dir='ltr'><strong><em>postea</em></strong></span> <span class='ocrx_word' id='word_1_517' title='bbox 1789 4286 1989 4353; x_wconf 79' lang='lat' dir='ltr'><strong><em>quippe</em></strong></span> 
     </span>
    </p>
   </div>
   <div class='ocr_carea' id='block_1_73' title="bbox 386 4357 1982 4426">
    <p class='ocr_par' dir='ltr' id='par_1_73' title="bbox 386 4357 1982 4426">
     <span class='ocr_line' id='line_1_74' title="bbox 386 4357 1982 4426; baseline -0.001 -16"><span class='ocrx_word' id='word_1_518' title='bbox 386 4358 513 4410; x_wconf 72' lang='lat' dir='ltr'><strong><em>vidi</em></strong></span> <span class='ocrx_word' id='word_1_519' title='bbox 529 4374 635 4411; x_wconf 90' lang='lat' dir='ltr'><strong><em>non</em></strong></span> <span class='ocrx_word' id='word_1_520' title='bbox 661 4373 770 4411; x_wconf 90' lang='lat' dir='ltr'><strong><em>esse</em></strong></span> <span class='ocrx_word' id='word_1_521' title='bbox 793 4357 1100 4423; x_wconf 86' lang='lat' dir='ltr'><strong><em>dicendum,</em></strong></span> <span class='ocrx_word' id='word_1_522' title='bbox 1131 4359 1377 4424; x_wconf 82' lang='lat' dir='ltr'><strong><em>quamvis</em></strong></span> <span class='ocrx_word' id='word_1_523' title='bbox 1406 4357 1662 4411; x_wconf 83' lang='lat' dir='ltr'><strong><em>nonnulla</em></strong></span> <span class='ocrx_word' id='word_1_524' title='bbox 1691 4361 1868 4426; x_wconf 85' lang='lat' dir='ltr'><strong><em>posset</em></strong></span> <span class='ocrx_word' id='word_1_525' title='bbox 1890 4371 1982 4408; x_wconf 87' lang='lat' dir='ltr'><strong><em>ra-</em></strong></span> 
     </span>
    </p>
   </div>
   <div class='ocr_carea' id='block_1_74' title="bbox 390 4426 1986 4497">
    <p class='ocr_par' dir='ltr' id='par_1_74' title="bbox 390 4426 1986 4497">
     <span class='ocr_line' id='line_1_75' title="bbox 390 4426 1986 4497; baseline 0.001 -17"><span class='ocrx_word' id='word_1_526' title='bbox 390 4430 529 4497; x_wconf 84' lang='lat' dir='ltr'><strong><em>tione</em></strong></span> <span class='ocrx_word' id='word_1_527' title='bbox 557 4428 794 4497; x_wconf 80' lang='lat' dir='ltr'><strong><em>defendi.</em></strong></span> <span class='ocrx_word' id='word_1_528' title='bbox 824 4430 906 4480; x_wconf 87' lang='lat' dir='ltr'><strong><em>Ita</em></strong></span> <span class='ocrx_word' id='word_1_529' title='bbox 934 4427 1290 4497; x_wconf 78' lang='lat' dir='ltr'><strong><em>Augustinus,</em></strong></span> <span class='ocrx_word' id='word_1_530' title='bbox 1331 4426 1788 4497; x_wconf 88' lang='lat' dir='ltr'><strong><em>rationemhujus</em></strong></span> <span class='ocrx_word' id='word_1_531' title='bbox 1825 4433 1986 4481; x_wconf 86' lang='lat' dir='ltr'><strong><em>retra-</em></strong></span> 
     </span>
    </p>
   </div>
   <div class='ocr_carea' id='block_1_75' title="bbox 388 4495 1985 4567">
    <p class='ocr_par' dir='ltr' id='par_1_75' title="bbox 388 4495 1985 4567">
     <span class='ocr_line' id='line_1_76' title="bbox 388 4495 1985 4567; baseline 0.002 -18"><span class='ocrx_word' id='word_1_532' title='bbox 388 4496 646 4567; x_wconf 88' lang='lat' dir='ltr'><strong><em>ctationis</em></strong></span> <span class='ocrx_word' id='word_1_533' title='bbox 670 4496 846 4549; x_wconf 88' lang='lat' dir='ltr'><strong><em>tribus</em></strong></span> <span class='ocrx_word' id='word_1_534' title='bbox 876 4495 1052 4567; x_wconf 81' lang='lat' dir='ltr'><strong><em>verbis</em></strong></span> <span class='ocrx_word' id='word_1_535' title='bbox 1085 4495 1334 4567; x_wconf 87' lang='lat' dir='ltr'><strong><em>indicans</em></strong></span> <span class='ocrx_word' id='word_1_536' title='bbox 1369 4516 1381 4548; x_wconf 88' lang='lat'><strong>:</strong></span> <span class='ocrx_word' id='word_1_537' title='bbox 1414 4497 1534 4567; x_wconf 85' lang='lat' dir='ltr'><strong><em>quia</em></strong></span> <span class='ocrx_word' id='word_1_538' title='bbox 1564 4495 1829 4567; x_wconf 81' lang='lat' dir='ltr'><strong><em>Christu,</em></strong></span> <span class='ocrx_word' id='word_1_539' title='bbox 1859 4512 1985 4552; x_wconf 90' lang='lat' dir='ltr'><strong><em>cum</em></strong></span> 
     </span>
    </p>
   </div>
   <div class='ocr_carea' id='block_1_76' title="bbox 389 4566 1982 4637">
    <p class='ocr_par' dir='ltr' id='par_1_76' title="bbox 389 4566 1982 4637">
     <span class='ocr_line' id='line_1_77' title="bbox 389 4566 1982 4637; baseline 0.001 -16"><span class='ocrx_word' id='word_1_540' title='bbox 389 4566 465 4622; x_wconf 91' lang='lat' dir='ltr'><strong><em>sit</em></strong></span> <span class='ocrx_word' id='word_1_541' title='bbox 492 4581 618 4637; x_wconf 87' lang='lat' dir='ltr'><strong><em>vere</em></strong></span> <span class='ocrx_word' id='word_1_542' title='bbox 645 4574 701 4620; x_wconf 92' lang='lat' dir='ltr'><strong><em>et</em></strong></span> <span class='ocrx_word' id='word_1_543' title='bbox 730 4566 948 4637; x_wconf 87' lang='lat' dir='ltr'><strong><em>proprie</em></strong></span> <span class='ocrx_word' id='word_1_544' title='bbox 991 4566 1282 4631; x_wconf 90' lang='lat' dir='ltr'><strong><em>Dominus,</em></strong></span> <span class='ocrx_word' id='word_1_545' title='bbox 1316 4566 1443 4620; x_wconf 80' lang='lat' dir='ltr'><strong><em>non</em></strong></span> <span class='ocrx_word' id='word_1_546' title='bbox 1472 4566 1631 4622; x_wconf 88' lang='lat' dir='ltr'><strong><em>debet</em></strong></span> <span class='ocrx_word' id='word_1_547' title='bbox 1662 4566 1982 4622; x_wconf 87' lang='lat' dir='ltr'><strong><em>denomina-</em></strong></span> 
     </span>
    </p>
   </div>
   <div class='ocr_carea' id='block_1_77' title="bbox 386 4636 1984 4693">
    <p class='ocr_par' dir='ltr' id='par_1_77' title="bbox 386 4636 1984 4693">
     <span class='ocr_line' id='line_1_78' title="bbox 386 4636 1984 4693; baseline 0 -2"><span class='ocrx_word' id='word_1_548' title='bbox 386 4637 493 4693; x_wconf 87' lang='lat' dir='ltr'><strong><em>tive</em></strong></span> <span class='ocrx_word' id='word_1_549' title='bbox 540 4636 647 4693; x_wconf 90' lang='lat' dir='ltr'><strong><em>dici</em></strong></span> <span class='ocrx_word' id='word_1_550' title='bbox 676 4636 998 4692; x_wconf 83' lang='lat' dir='ltr'><strong><em>DOminicus</em></strong></span> <span class='ocrx_word' id='word_1_551' title='bbox 1029 4655 1040 4689; x_wconf 90' lang='lat'><strong>:</strong></span> <span class='ocrx_word' id='word_1_552' title='bbox 1084 4653 1209 4690; x_wconf 89' lang='lat' dir='ltr'><strong><em>nam</em></strong></span> <span class='ocrx_word' id='word_1_553' title='bbox 1238 4639 1548 4693; x_wconf 79' lang='lat' dir='ltr'><strong><em>Dommicus</em></strong></span> <span class='ocrx_word' id='word_1_554' title='bbox 1579 4642 1629 4691; x_wconf 89' lang='lat' dir='ltr'><strong><em>et</em></strong></span> <span class='ocrx_word' id='word_1_555' title='bbox 1648 4639 1984 4691; x_wconf 86' lang='lat' dir='ltr'><strong><em>Dominicum</em></strong></span> 
     </span>
    </p>
   </div>
   <div class='ocr_carea' id='block_1_78' title="bbox 390 4708 1987 4781">
    <p class='ocr_par' dir='ltr' id='par_1_78' title="bbox 390 4708 1987 4781">
     <span class='ocr_line' id='line_1_79' title="bbox 390 4708 1987 4781; baseline -0.001 -17"><span class='ocrx_word' id='word_1_556' title='bbox 390 4708 593 4766; x_wconf 86' lang='lat' dir='ltr'><strong><em>dicitur</em></strong></span> <span class='ocrx_word' id='word_1_557' title='bbox 622 4710 766 4781; x_wconf 88' lang='lat' dir='ltr'><strong><em>quod</em></strong></span> <span class='ocrx_word' id='word_1_558' title='bbox 794 4714 872 4765; x_wconf 87' lang='lat' dir='ltr'><strong><em>est</em></strong></span> <span class='ocrx_word' id='word_1_559' title='bbox 894 4710 1127 4770; x_wconf 88' lang='lat' dir='ltr'><strong><em>Domini,</em></strong></span> <span class='ocrx_word' id='word_1_560' title='bbox 1151 4709 1225 4763; x_wconf 91' lang='lat' dir='ltr'><strong><em>ait</em></strong></span> <span class='ocrx_word' id='word_1_561' title='bbox 1252 4709 1307 4763; x_wconf 91' lang='lat' dir='ltr'><strong><em>S.</em></strong></span> <span class='ocrx_word' id='word_1_562' title='bbox 1350 4708 1611 4781; x_wconf 89' lang='lat' dir='ltr'><strong><em>Thomas,</em></strong></span> <span class='ocrx_word' id='word_1_563' title='bbox 1643 4710 1779 4762; x_wconf 83' lang='lat' dir='ltr'><strong><em>sicut</em></strong></span> <span class='ocrx_word' id='word_1_564' title='bbox 1808 4711 1987 4763; x_wconf 86' lang='lat' dir='ltr'><strong><em>Domi-</em></strong></span> 
     </span>
    </p>
   </div>
   <div class='ocr_carea' id='block_1_79' title="bbox 388 4780 1981 4850">
    <p class='ocr_par' dir='ltr' id='par_1_79' title="bbox 388 4780 1981 4850">
     <span class='ocr_line' id='line_1_80' title="bbox 388 4780 1981 4850; baseline 0 -14"><span class='ocrx_word' id='word_1_565' title='bbox 388 4784 512 4836; x_wconf 89' lang='lat' dir='ltr'><strong><em>nica</em></strong></span> <span class='ocrx_word' id='word_1_566' title='bbox 539 4780 807 4846; x_wconf 61' lang='lat' dir='ltr'><strong><em>voluntas,</em></strong></span> <span class='ocrx_word' id='word_1_567' title='bbox 838 4783 1120 4837; x_wconf 85' lang='lat' dir='ltr'><strong><em>Dominica</em></strong></span> <span class='ocrx_word' id='word_1_568' title='bbox 1144 4794 1358 4843; x_wconf 87' lang='lat' dir='ltr'><strong><em>manus,</em></strong></span> <span class='ocrx_word' id='word_1_569' title='bbox 1380 4780 1463 4833; x_wconf 82' lang='lat' dir='ltr'><strong><em>vel</em></strong></span> <span class='ocrx_word' id='word_1_570' title='bbox 1484 4782 1762 4836; x_wconf 88' lang='lat' dir='ltr'><strong><em>Dominica</em></strong></span> <span class='ocrx_word' id='word_1_571' title='bbox 1784 4782 1981 4850; x_wconf 81' lang='lat' dir='ltr'><strong><em>passio.</em></strong></span> 
     </span>
    </p>
   </div>
   <div class='ocr_carea' id='block_1_80' title="bbox 386 4853 1987 4923">
    <p class='ocr_par' dir='ltr' id='par_1_80' title="bbox 386 4853 1987 4923">
     <span class='ocr_line' id='line_1_81' title="bbox 386 4853 1987 4923; baseline -0.001 -15"><span class='ocrx_word' id='word_1_572' title='bbox 386 4855 458 4908; x_wconf 89' lang='lat' dir='ltr'><strong><em>Et</em></strong></span> <span class='ocrx_word' id='word_1_573' title='bbox 481 4855 599 4907; x_wconf 82' lang='lat' dir='ltr'><strong><em>ideo</em></strong></span> <span class='ocrx_word' id='word_1_574' title='bbox 615 4858 727 4923; x_wconf 87' lang='lat' dir='ltr'><strong><em>ipse</em></strong></span> <span class='ocrx_word' id='word_1_575' title='bbox 747 4854 897 4908; x_wconf 82' lang='lat' dir='ltr'><strong><em>homo</em></strong></span> <span class='ocrx_word' id='word_1_576' title='bbox 928 4854 1191 4915; x_wconf 86' lang='lat' dir='ltr'><strong><em>Christus,</em></strong></span> <span class='ocrx_word' id='word_1_577' title='bbox 1224 4854 1322 4922; x_wconf 85' lang='lat' dir='ltr'><strong><em>qui</em></strong></span> <span class='ocrx_word' id='word_1_578' title='bbox 1344 4855 1421 4907; x_wconf 89' lang='lat' dir='ltr'><strong><em>est</em></strong></span> <span class='ocrx_word' id='word_1_579' title='bbox 1452 4855 1728 4919; x_wconf 88' lang='lat' dir='ltr'><strong><em>Dominus,</em></strong></span> <span class='ocrx_word' id='word_1_580' title='bbox 1756 4868 1859 4907; x_wconf 87' lang='lat' dir='ltr'><strong><em>non</em></strong></span> <span class='ocrx_word' id='word_1_581' title='bbox 1889 4853 1987 4907; x_wconf 86' lang='lat' dir='ltr'><strong><em>de-</em></strong></span> 
     </span>
    </p>
   </div>
   <div class='ocr_carea' id='block_1_81' title="bbox 2093 3145 3702 3215">
    <p class='ocr_par' dir='ltr' id='par_1_81' title="bbox 2093 3145 3702 3215">
     <span class='ocr_line' id='line_1_82' title="bbox 2093 3145 3702 3215; baseline 0.003 -14"><span class='ocrx_word' id='word_1_582' title='bbox 2093 3145 2218 3201; x_wconf 92' lang='lat' dir='ltr'><strong><em>dem</em></strong></span> <span class='ocrx_word' id='word_1_583' title='bbox 2247 3145 2431 3202; x_wconf 91' lang='lat' dir='ltr'><strong><em>locum</em></strong></span> <span class='ocrx_word' id='word_1_584' title='bbox 2461 3154 2869 3215; x_wconf 87' lang='lat' dir='ltr'><strong><em>commentans,</em></strong></span> <span class='ocrx_word' id='word_1_585' title='bbox 2900 3147 3028 3203; x_wconf 90' lang='lat' dir='ltr'><strong><em>licet</em></strong></span> <span class='ocrx_word' id='word_1_586' title='bbox 3055 3148 3339 3214; x_wconf 89' lang='lat' dir='ltr'><strong><em>aliorsum,</em></strong></span> <span class='ocrx_word' id='word_1_587' title='bbox 3367 3157 3421 3205; x_wconf 91' lang='lat' dir='ltr'><strong><em>et</em></strong></span> <span class='ocrx_word' id='word_1_588' title='bbox 3446 3150 3502 3204; x_wconf 91' lang='lat' dir='ltr'><strong><em>in</em></strong></span> <span class='ocrx_word' id='word_1_589' title='bbox 3531 3151 3702 3207; x_wconf 86' lang='lat' dir='ltr'><strong><em>alium</em></strong></span> 
     </span>
    </p>
   </div>
   <div class='ocr_carea' id='block_1_82' title="bbox 2093 3218 3704 3291">
    <p class='ocr_par' dir='ltr' id='par_1_82' title="bbox 2093 3218 3704 3291">
     <span class='ocr_line' id='line_1_83' title="bbox 2093 3218 3704 3291; baseline 0.004 -19"><span class='ocrx_word' id='word_1_590' title='bbox 2093 3218 2262 3273; x_wconf 85' lang='lat' dir='ltr'><strong><em>ﬁnem</em></strong></span> <span class='ocrx_word' id='word_1_591' title='bbox 2286 3225 2478 3273; x_wconf 91' lang='lat' dir='ltr'><strong><em>vertat.</em></strong></span> <span class='ocrx_word' id='word_1_592' title='bbox 2505 3221 2586 3273; x_wconf 86' lang='lat' dir='ltr'><strong><em>Ita</em></strong></span> <span class='ocrx_word' id='word_1_593' title='bbox 2612 3218 2758 3273; x_wconf 92' lang='lat' dir='ltr'><strong><em>enim</em></strong></span> <span class='ocrx_word' id='word_1_594' title='bbox 2784 3219 2974 3274; x_wconf 86' lang='lat' dir='ltr'><strong><em>scribit</em></strong></span> <span class='ocrx_word' id='word_1_595' title='bbox 3000 3237 3014 3274; x_wconf 91' lang='lat'><strong>:</strong></span> <span class='ocrx_word' id='word_1_596' title='bbox 3041 3224 3109 3276; x_wconf 88' lang='lat' dir='ltr'><strong><em>Et</em></strong></span> <span class='ocrx_word' id='word_1_597' title='bbox 3120 3222 3215 3274; x_wconf 89' lang='lat' dir='ltr'><strong><em>hoc</em></strong></span> <span class='ocrx_word' id='word_1_598' title='bbox 3238 3222 3537 3276; x_wconf 86' lang='lat' dir='ltr'><strong><em>notandum</em></strong></span> <span class='ocrx_word' id='word_1_599' title='bbox 3556 3224 3704 3291; x_wconf 86' lang='lat' dir='ltr'><strong><em>quod</em></strong></span> 
     </span>
    </p>
   </div>
   <div class='ocr_carea' id='block_1_83' title="bbox 2093 3290 3705 3360">
    <p class='ocr_par' dir='ltr' id='par_1_83' title="bbox 2093 3290 3705 3360">
     <span class='ocr_line' id='line_1_84' title="bbox 2093 3290 3705 3360; baseline 0.002 -15"><span class='ocrx_word' id='word_1_600' title='bbox 2093 3290 2336 3359; x_wconf 85' lang='lat' dir='ltr'><strong><em>Spiritus</em></strong></span> <span class='ocrx_word' id='word_1_601' title='bbox 2382 3291 2603 3345; x_wconf 88' lang='lat' dir='ltr'><strong><em>Domini</em></strong></span> <span class='ocrx_word' id='word_1_602' title='bbox 2641 3292 2919 3359; x_wconf 61' lang='lat' dir='ltr'><strong><em>sapientia</em></strong></span> <span class='ocrx_word' id='word_1_603' title='bbox 2962 3297 3015 3346; x_wconf 90' lang='lat' dir='ltr'><strong><em>et</em></strong></span> <span class='ocrx_word' id='word_1_604' title='bbox 3048 3292 3369 3360; x_wconf 87' lang='lat' dir='ltr'><strong><em>intellectus,</em></strong></span> <span class='ocrx_word' id='word_1_605' title='bbox 3413 3290 3628 3347; x_wconf 81' lang='lat' dir='ltr'><strong><em>consilii</em></strong></span> <span class='ocrx_word' id='word_1_606' title='bbox 3650 3299 3705 3350; x_wconf 82' lang='lat' dir='ltr'><strong><em>et</em></strong></span> 
     </span>
    </p>
   </div>
   <div class='ocr_carea' id='block_1_84' title="bbox 2095 3362 3697 3431">
    <p class='ocr_par' dir='ltr' id='par_1_84' title="bbox 2095 3362 3697 3431">
     <span class='ocr_line' id='line_1_85' title="bbox 2095 3362 3697 3431; baseline 0.002 -17"><span class='ocrx_word' id='word_1_607' title='bbox 2095 3362 2459 3427; x_wconf 87' lang='lat' dir='ltr'><strong><em>fortitudinis,</em></strong></span> <span class='ocrx_word' id='word_1_608' title='bbox 2474 3366 2524 3415; x_wconf 88' lang='lat' dir='ltr'><strong><em>et</em></strong></span> <span class='ocrx_word' id='word_1_609' title='bbox 2545 3363 2800 3422; x_wconf 80' lang='lat' dir='ltr'><strong><em>scientice,</em></strong></span> <span class='ocrx_word' id='word_1_610' title='bbox 2820 3366 2870 3415; x_wconf 88' lang='lat' dir='ltr'><strong><em>et</em></strong></span> <span class='ocrx_word' id='word_1_611' title='bbox 2883 3363 3126 3431; x_wconf 87' lang='lat' dir='ltr'><strong><em>pietatis,</em></strong></span> <span class='ocrx_word' id='word_1_612' title='bbox 3158 3367 3211 3416; x_wconf 88' lang='lat' dir='ltr'><strong><em>et</em></strong></span> <span class='ocrx_word' id='word_1_613' title='bbox 3231 3366 3441 3417; x_wconf 75' lang='lat' dir='ltr'><strong><em>timoris</em></strong></span> <span class='ocrx_word' id='word_1_614' title='bbox 3460 3367 3697 3427; x_wconf 80' lang='lat' dir='ltr'><strong><em>Domini,</em></strong></span> 
     </span>
    </p>
   </div>
   <div class='ocr_carea' id='block_1_85' title="bbox 2095 3432 3700 3503">
    <p class='ocr_par' dir='ltr' id='par_1_85' title="bbox 2095 3432 3700 3503">
     <span class='ocr_line' id='line_1_86' title="bbox 2095 3432 3700 3503; baseline 0.004 -18"><span class='ocrx_word' id='word_1_615' title='bbox 2095 3432 2157 3485; x_wconf 85' lang='lat' dir='ltr'><strong><em>id</em></strong></span> <span class='ocrx_word' id='word_1_616' title='bbox 2185 3437 2284 3494; x_wconf 89' lang='lat' dir='ltr'><strong><em>est,</em></strong></span> <span class='ocrx_word' id='word_1_617' title='bbox 2313 3434 2647 3502; x_wconf 84' lang='lat' dir='ltr'><strong><em>septenarius</em></strong></span> <span class='ocrx_word' id='word_1_618' title='bbox 2671 3448 2945 3498; x_wconf 86' lang='lat' dir='ltr'><strong><em>numerus,</em></strong></span> <span class='ocrx_word' id='word_1_619' title='bbox 2977 3437 3079 3503; x_wconf 89' lang='lat' dir='ltr'><strong><em>qui</em></strong></span> <span class='ocrx_word' id='word_1_620' title='bbox 3102 3439 3299 3503; x_wconf 83' lang='lat' dir='ltr'><strong><em>septem</em></strong></span> <span class='ocrx_word' id='word_1_621' title='bbox 3334 3436 3479 3489; x_wconf 86' lang='lat' dir='ltr'><strong><em>oeuli</em></strong></span> <span class='ocrx_word' id='word_1_622' title='bbox 3502 3438 3561 3489; x_wconf 84' lang='lat' dir='ltr'><strong><em>in</em></strong></span> <span class='ocrx_word' id='word_1_623' title='bbox 3591 3452 3700 3491; x_wconf 87' lang='lat' dir='ltr'><strong><em>uno</em></strong></span> 
     </span>
    </p>
   </div>
   <div class='ocr_carea' id='block_1_86' title="bbox 2098 3503 3702 3576">
    <p class='ocr_par' dir='ltr' id='par_1_86' title="bbox 2098 3503 3702 3576">
     <span class='ocr_line' id='line_1_87' title="bbox 2098 3503 3702 3576; baseline 0.004 -20"><span class='ocrx_word' id='word_1_624' title='bbox 2098 3503 2283 3571; x_wconf 86' lang='lat' dir='ltr'><strong><em>lapide</em></strong></span> <span class='ocrx_word' id='word_1_625' title='bbox 2308 3504 2565 3557; x_wconf 88' lang='lat' dir='ltr'><strong><em>dicuntur</em></strong></span> <span class='ocrx_word' id='word_1_626' title='bbox 2591 3505 2652 3557; x_wconf 85' lang='lat' dir='ltr'><strong><em>in</em></strong></span> <span class='ocrx_word' id='word_1_627' title='bbox 2679 3505 2935 3557; x_wconf 87' lang='lat' dir='ltr'><strong><em>Zacharia</em></strong></span> <span class='ocrx_word' id='word_1_628' title='bbox 2965 3504 3210 3575; x_wconf 89' lang='lat' dir='ltr'><strong><em>(Zachar.</em></strong></span> <span class='ocrx_word' id='word_1_629' title='bbox 3241 3505 3367 3576; x_wconf 78' lang='grc' dir='ltr'>ιιι),</span> <span class='ocrx_word' id='word_1_630' title='bbox 3398 3509 3702 3575; x_wconf 84' lang='lat' dir='ltr'><strong><em>requiescat</em></strong></span> 
     </span>
    </p>
   </div>
   <div class='ocr_carea' id='block_1_87' title="bbox 2020 3559 3703 3648">
    <p class='ocr_par' dir='ltr' id='par_1_87' title="bbox 2020 3559 3703 3648">
     <span class='ocr_line' id='line_1_88' title="bbox 2020 3559 3703 3648; baseline 0.01 -21"><span class='ocrx_word' id='word_1_631' title='bbox 2020 3559 2064 3621; x_wconf 85' lang='lat' dir='ltr'><strong><em>C</em></strong></span> <span class='ocrx_word' id='word_1_632' title='bbox 2097 3559 2501 3648; x_wconf 58' lang='lat' dir='ltr'><strong><em>superpirgam</em></strong></span> <span class='ocrx_word' id='word_1_633' title='bbox 2518 3579 2569 3630; x_wconf 89' lang='lat' dir='ltr'><strong><em>et</em></strong></span> <span class='ocrx_word' id='word_1_634' title='bbox 2591 3576 2779 3648; x_wconf 16' lang='lat' dir='ltr'><strong><em>ﬂorem;</em></strong></span> <span class='ocrx_word' id='word_1_635' title='bbox 2797 3578 2899 3643; x_wconf 87' lang='lat' dir='ltr'><strong><em>qui</em></strong></span> <span class='ocrx_word' id='word_1_636' title='bbox 2917 3559 3142 3631; x_wconf 62' lang='lat' dir='ltr'><strong><em>delesse</em></strong></span> <span class='ocrx_word' id='word_1_637' title='bbox 3159 3592 3242 3638; x_wconf 89' lang='lat' dir='ltr'><strong><em>ac,</em></strong></span> <span class='ocrx_word' id='word_1_638' title='bbox 3268 3559 3367 3647; x_wconf 65' lang='lat' dir='ltr'><strong><em>per</em></strong></span> <span class='ocrx_word' id='word_1_639' title='bbox 3393 3559 3506 3640; x_wconf 66' lang='grc' dir='ltr'><strong><em>Ῐιὸᾶ,</em></strong></span> <span class='ocrx_word' id='word_1_640' title='bbox 3528 3559 3703 3648; x_wconf 47' lang='grc' dir='ltr'><strong><em>ὲτῖήἀέ</em></strong></span> 
     </span>
    </p>
   </div>
   <div class='ocr_carea' id='block_1_88' title="bbox 2093 3645 3705 3717">
    <p class='ocr_par' dir='ltr' id='par_1_88' title="bbox 2093 3645 3705 3717">
     <span class='ocr_line' id='line_1_89' title="bbox 2093 3645 3705 3717; baseline 0.003 -17"><span class='ocrx_word' id='word_1_641' title='bbox 2093 3645 2273 3700; x_wconf 81' lang='lat' dir='ltr'><strong><em>David</em></strong></span> <span class='ocrx_word' id='word_1_642' title='bbox 2286 3647 2554 3717; x_wconf 65' lang='lat' dir='ltr'><strong><em>surrexit;</em></strong></span> <span class='ocrx_word' id='word_1_643' title='bbox 2581 3646 2883 3714; x_wconf 84' lang='lat' dir='ltr'><strong><em>specialiter</em></strong></span> <span class='ocrx_word' id='word_1_644' title='bbox 2905 3652 3085 3702; x_wconf 87' lang='lat' dir='ltr'><strong><em>autem</em></strong></span> <span class='ocrx_word' id='word_1_645' title='bbox 3098 3645 3328 3717; x_wconf 80' lang='lat' dir='ltr'><strong><em>spiritus</em></strong></span> <span class='ocrx_word' id='word_1_646' title='bbox 3354 3651 3566 3702; x_wconf 82' lang='lat' dir='ltr'><strong><em>timoris</em></strong></span> <span class='ocrx_word' id='word_1_647' title='bbox 3593 3645 3705 3705; x_wconf 76' lang='grc' dir='ltr'><strong><em>Πο-</em></strong></span> 
     </span>
    </p>
   </div>
   <div class='ocr_carea' id='block_1_89' title="bbox 2092 3716 3702 3787">
    <p class='ocr_par' dir='ltr' id='par_1_89' title="bbox 2092 3716 3702 3787">
     <span class='ocr_line' id='line_1_90' title="bbox 2092 3716 3702 3787; baseline 0.002 -18"><span class='ocrx_word' id='word_1_648' title='bbox 2092 3718 2235 3769; x_wconf 88' lang='lat' dir='ltr'><strong><em>mini</em></strong></span> <span class='ocrx_word' id='word_1_649' title='bbox 2263 3716 2544 3785; x_wconf 84' lang='lat' dir='ltr'><strong><em>repleverit</em></strong></span> <span class='ocrx_word' id='word_1_650' title='bbox 2570 3731 2716 3777; x_wconf 84' lang='lat' dir='ltr'><strong><em>eum,</em></strong></span> <span class='ocrx_word' id='word_1_651' title='bbox 2746 3722 2971 3786; x_wconf 87' lang='lat' dir='ltr'><strong><em>propter</em></strong></span> <span class='ocrx_word' id='word_1_652' title='bbox 2999 3734 3106 3782; x_wconf 86' lang='lat' dir='ltr'><strong><em>eos,</em></strong></span> <span class='ocrx_word' id='word_1_653' title='bbox 3124 3716 3235 3787; x_wconf 84' lang='lat' dir='ltr'><strong><em>qui</em></strong></span> <span class='ocrx_word' id='word_1_654' title='bbox 3260 3722 3445 3772; x_wconf 87' lang='lat' dir='ltr'><strong><em>timore</em></strong></span> <span class='ocrx_word' id='word_1_655' title='bbox 3471 3722 3702 3773; x_wconf 77' lang='lat' dir='ltr'><strong><em>Domini</em></strong></span> 
     </span>
    </p>
   </div>
   <div class='ocr_carea' id='block_1_90' title="bbox 2090 3787 3695 3859">
    <p class='ocr_par' dir='ltr' id='par_1_90' title="bbox 2090 3787 3695 3859">
     <span class='ocr_line' id='line_1_91' title="bbox 2090 3787 3695 3859; baseline 0.002 -19"><span class='ocrx_word' id='word_1_656' title='bbox 2090 3787 2373 3859; x_wconf 83' lang='lat' dir='ltr'><strong><em>indigent,</em></strong></span> <span class='ocrx_word' id='word_1_657' title='bbox 2388 3787 2745 3856; x_wconf 75' lang='lat' dir='ltr'><strong><em>quiaparuuli</em></strong></span> <span class='ocrx_word' id='word_1_658' title='bbox 2760 3793 2906 3851; x_wconf 86' lang='lat' dir='ltr'><strong><em>sunt,</em></strong></span> <span class='ocrx_word' id='word_1_659' title='bbox 2928 3805 3081 3859; x_wconf 86' lang='lat' dir='ltr'><strong><em>quem</em></strong></span> <span class='ocrx_word' id='word_1_660' title='bbox 3103 3791 3251 3857; x_wconf 83' lang='lat' dir='ltr'><strong><em>foras</em></strong></span> <span class='ocrx_word' id='word_1_661' title='bbox 3270 3790 3429 3842; x_wconf 87' lang='lat' dir='ltr'><strong><em>mittit</em></strong></span> <span class='ocrx_word' id='word_1_662' title='bbox 3442 3791 3695 3858; x_wconf 81' lang='lat' dir='ltr'><strong><em>perfecta</em></strong></span> 
     </span>
    </p>
   </div>
   <div class='ocr_carea' id='block_1_91' title="bbox 2093 3858 3699 3931">
    <p class='ocr_par' dir='ltr' id='par_1_91' title="bbox 2093 3858 3699 3931">
     <span class='ocr_line' id='line_1_92' title="bbox 2093 3858 3699 3931; baseline 0.002 -19"><span class='ocrx_word' id='word_1_663' title='bbox 2093 3858 2450 3931; x_wconf 60' lang='lat' dir='ltr'><strong><em>dilectib._l_ta</em></strong></span> <span class='ocrx_word' id='word_1_664' title='bbox 2482 3860 2547 3911; x_wconf 93' lang='lat' dir='ltr'><strong><em>D.</em></strong></span> <span class='ocrx_word' id='word_1_665' title='bbox 2586 3858 2961 3931; x_wconf 79' lang='lat' dir='ltr'><strong><em>Hieronymus</em></strong></span> <span class='ocrx_word' id='word_1_666' title='bbox 3004 3860 3165 3931; x_wconf 14' lang='lat' dir='ltr'><strong><em>hanc,</em></strong></span> <span class='ocrx_word' id='word_1_667' title='bbox 3196 3859 3523 3931; x_wconf 82' lang='lat' dir='ltr'><strong><em>prophetiam</em></strong></span> <span class='ocrx_word' id='word_1_668' title='bbox 3566 3875 3699 3931; x_wconf 81' lang='lat' dir='ltr'><strong><em>non</em></strong></span> 
     </span>
    </p>
   </div>
   <div class='ocr_carea' id='block_1_92' title="bbox 2094 3928 3701 4002">
    <p class='ocr_par' dir='ltr' id='par_1_92' title="bbox 2094 3928 3701 4002">
     <span class='ocr_line' id='line_1_93' title="bbox 2094 3928 3701 4002; baseline 0.004 -20"><span class='ocrx_word' id='word_1_669' title='bbox 2094 3938 2206 4002; x_wconf 80' lang='lat' dir='ltr'><strong><em>tam</em></strong></span> <span class='ocrx_word' id='word_1_670' title='bbox 2232 3928 2299 3984; x_wconf 89' lang='lat' dir='ltr'><strong><em>ad</em></strong></span> <span class='ocrx_word' id='word_1_671' title='bbox 2323 3928 2606 4002; x_wconf 77' lang='lat' dir='ltr'><strong><em>Christum</em></strong></span> <span class='ocrx_word' id='word_1_672' title='bbox 2635 3928 2895 4002; x_wconf 78' lang='lat' dir='ltr'><strong><em>referens,</em></strong></span> <span class='ocrx_word' id='word_1_673' title='bbox 2925 3946 3089 4002; x_wconf 88' lang='lat' dir='ltr'><strong><em>quam</em></strong></span> <span class='ocrx_word' id='word_1_674' title='bbox 3106 3930 3174 3987; x_wconf 90' lang='lat' dir='ltr'><strong><em>ad</em></strong></span> <span class='ocrx_word' id='word_1_675' title='bbox 3199 3928 3392 3988; x_wconf 78' lang='lat' dir='ltr'><strong><em>Christi</em></strong></span> <span class='ocrx_word' id='word_1_676' title='bbox 3414 3930 3701 3999; x_wconf 83' lang='lat' dir='ltr'><strong><em>membra,</em></strong></span> 
     </span>
    </p>
   </div>
   <div class='ocr_carea' id='block_1_93' title="bbox 2097 3999 3704 4084">
    <p class='ocr_par' dir='ltr' id='par_1_93' title="bbox 2097 3999 3704 4084">
     <span class='ocr_line' id='line_1_94' title="bbox 2097 3999 3704 4084; baseline 0.002 -30"><span class='ocrx_word' id='word_1_677' title='bbox 2177 4008 2280 4068; x_wconf 88' lang='lat' dir='ltr'><strong><em>est,</em></strong></span> <span class='ocrx_word' id='word_1_678' title='bbox 2312 4000 2628 4084; x_wconf 60' lang='lat' dir='ltr'><strong><em>Ecclesiam,</em></strong></span> <span class='ocrx_word' id='word_1_679' title='bbox 2660 4000 2714 4055; x_wconf 91' lang='lat' dir='ltr'><strong><em>in</em></strong></span> <span class='ocrx_word' id='word_1_680' title='bbox 2748 4016 2853 4084; x_wconf 79' lang='lat' dir='ltr'><strong><em>qua</em></strong></span> <span class='ocrx_word' id='word_1_681' title='bbox 2884 3999 3056 4057; x_wconf 80' lang='lat' dir='ltr'><strong><em>multo</em></strong></span> <span class='ocrx_word' id='word_1_682' title='bbox 3091 4003 3273 4084; x_wconf 72' lang='lat' dir='ltr'><strong><em>plures</em></strong></span> <span class='ocrx_word' id='word_1_683' title='bbox 3303 4011 3440 4084; x_wconf 40' lang='lat' dir='ltr'><strong><em>sunt.</em></strong></span> <span class='ocrx_word' id='word_1_684' title='bbox 3464 4003 3704 4084; x_wconf 76' lang='lat' dir='ltr'><strong><em>parvuli,</em></strong></span> 
     </span>
    </p>
   </div>
   <div class='ocr_carea' id='block_1_94' title="bbox 2099 4070 3704 4143">
    <p class='ocr_par' dir='ltr' id='par_1_94' title="bbox 2099 4070 3704 4143">
     <span class='ocr_line' id='line_1_95' title="bbox 2099 4070 3704 4143; baseline 0.002 -17"><span class='ocrx_word' id='word_1_685' title='bbox 2099 4072 2154 4126; x_wconf 91' lang='lat' dir='ltr'><strong><em>id</em></strong></span> <span class='ocrx_word' id='word_1_686' title='bbox 2185 4081 2289 4138; x_wconf 89' lang='lat' dir='ltr'><strong><em>est,</em></strong></span> <span class='ocrx_word' id='word_1_687' title='bbox 2320 4070 2779 4143; x_wconf 82' lang='lat' dir='ltr'><strong><em>imperfecti,_qui</em></strong></span> <span class='ocrx_word' id='word_1_688' title='bbox 2806 4073 3007 4128; x_wconf 91' lang='lat' dir='ltr'><strong><em>timore</em></strong></span> <span class='ocrx_word' id='word_1_689' title='bbox 3035 4070 3214 4129; x_wconf 80' lang='lat' dir='ltr'><strong><em>servili</em></strong></span> <span class='ocrx_word' id='word_1_690' title='bbox 3241 4081 3338 4128; x_wconf 90' lang='lat' dir='ltr'><strong><em>aut</em></strong></span> <span class='ocrx_word' id='word_1_691' title='bbox 3369 4070 3557 4129; x_wconf 81' lang='lat' dir='ltr'><strong><em>initiali</em></strong></span> <span class='ocrx_word' id='word_1_692' title='bbox 3586 4073 3704 4130; x_wconf 86' lang='lat' dir='ltr'><strong><em>du-</em></strong></span> 
     </span>
    </p>
   </div>
   <div class='ocr_carea' id='block_1_95' title="bbox 2095 4140 3705 4216">
    <p class='ocr_par' dir='ltr' id='par_1_95' title="bbox 2095 4140 3705 4216">
     <span class='ocr_line' id='line_1_96' title="bbox 2095 4140 3705 4216; baseline 0.003 -19"><span class='ocrx_word' id='word_1_693' title='bbox 2095 4140 2514 4216; x_wconf 84' lang='lat' dir='ltr'><strong><em>c_untur,_quam</em></strong></span> <span class='ocrx_word' id='word_1_694' title='bbox 2546 4140 2794 4216; x_wconf 81' lang='lat' dir='ltr'><strong><em>perfecti.</em></strong></span> <span class='ocrx_word' id='word_1_695' title='bbox 2829 4143 2918 4216; x_wconf 64' lang='lat' dir='ltr'><strong><em>Ad</em></strong></span> <span class='ocrx_word' id='word_1_696' title='bbox 2951 4144 3105 4216; x_wconf 86' lang='lat' dir='ltr'><strong><em>quod</em></strong></span> <span class='ocrx_word' id='word_1_697' title='bbox 3131 4145 3535 4216; x_wconf 85' lang='lat' dir='ltr'><strong><em>designandum</em></strong></span> <span class='ocrx_word' id='word_1_698' title='bbox 3567 4160 3705 4202; x_wconf 88' lang='lat' dir='ltr'><strong><em>usus</em></strong></span> 
     </span>
    </p>
   </div>
   <div class='ocr_carea' id='block_1_96' title="bbox 2094 4212 3702 4287">
    <p class='ocr_par' dir='ltr' id='par_1_96' title="bbox 2094 4212 3702 4287">
     <span class='ocr_line' id='line_1_97' title="bbox 2094 4212 3702 4287; baseline 0.002 -19"><span class='ocrx_word' id='word_1_699' title='bbox 2094 4214 2165 4268; x_wconf 87' lang='lat' dir='ltr'><strong><em>sit</em></strong></span> <span class='ocrx_word' id='word_1_700' title='bbox 2190 4212 2456 4284; x_wconf 77' lang='lat' dir='ltr'><strong><em>propheta</em></strong></span> <span class='ocrx_word' id='word_1_701' title='bbox 2481 4212 2647 4269; x_wconf 78' lang='lat' dir='ltr'><strong><em>verbo</em></strong></span> <span class='ocrx_word' id='word_1_702' title='bbox 2662 4215 2916 4287; x_wconf 74' lang='lat' dir='ltr'><strong><em>replebit,</em></strong></span> <span class='ocrx_word' id='word_1_703' title='bbox 2944 4212 2999 4269; x_wconf 79' lang='lat' dir='ltr'><strong><em>in</em></strong></span> <span class='ocrx_word' id='word_1_704' title='bbox 3022 4214 3179 4287; x_wconf 85' lang='lat' dir='ltr'><strong><em>dono</em></strong></span> <span class='ocrx_word' id='word_1_705' title='bbox 3212 4212 3449 4287; x_wconf 81' lang='lat' dir='ltr'><strong><em>timoris,</em></strong></span> <span class='ocrx_word' id='word_1_706' title='bbox 3489 4232 3587 4286; x_wconf 91' lang='lat' dir='ltr'><strong><em>pro</em></strong></span> <span class='ocrx_word' id='word_1_707' title='bbox 3609 4232 3702 4272; x_wconf 82' lang='lat' dir='ltr'><strong><em>re-</em></strong></span> 
     </span>
    </p>
   </div>
   <div class='ocr_carea' id='block_1_97' title="bbox 2089 4282 3702 4355">
    <p class='ocr_par' dir='ltr' id='par_1_97' title="bbox 2089 4282 3702 4355">
     <span class='ocr_line' id='line_1_98' title="bbox 2089 4282 3702 4355; baseline 0.004 -17"><span class='ocrx_word' id='word_1_708' title='bbox 2089 4282 2336 4355; x_wconf 76' lang='lat' dir='ltr'><strong><em>quiescet,</em></strong></span> <span class='ocrx_word' id='word_1_709' title='bbox 2361 4301 2471 4355; x_wconf 91' lang='lat' dir='ltr'><strong><em>quo</em></strong></span> <span class='ocrx_word' id='word_1_710' title='bbox 2491 4300 2622 4340; x_wconf 91' lang='lat' dir='ltr'><strong><em>usus</em></strong></span> <span class='ocrx_word' id='word_1_711' title='bbox 2652 4282 2831 4340; x_wconf 75' lang='lat' dir='ltr'><strong><em>fuerat</em></strong></span> <span class='ocrx_word' id='word_1_712' title='bbox 2861 4285 2917 4340; x_wconf 91' lang='lat' dir='ltr'><strong><em>in</em></strong></span> <span class='ocrx_word' id='word_1_713' title='bbox 2943 4286 3061 4341; x_wconf 90' lang='lat' dir='ltr'><strong><em>aliis</em></strong></span> <span class='ocrx_word' id='word_1_714' title='bbox 3084 4285 3262 4343; x_wconf 90' lang='lat' dir='ltr'><strong><em>donis.</em></strong></span> <span class='ocrx_word' id='word_1_715' title='bbox 3289 4282 3519 4344; x_wconf 43' lang='lat' dir='ltr'><strong><em>Vide&#39;D&#39;.</em></strong></span> <span class='ocrx_word' id='word_1_716' title='bbox 3553 4288 3702 4344; x_wconf 72' lang='lat' dir='ltr'><strong><em>Gne-</em></strong></span> 
     </span>
    </p>
   </div>
   <div class='ocr_carea' id='block_1_98' title="bbox 2093 4356 3140 4428">
    <p class='ocr_par' dir='ltr' id='par_1_98' title="bbox 2093 4356 3140 4428">
     <span class='ocr_line' id='line_1_99' title="bbox 2093 4356 3140 4428; baseline 0.004 -18"><span class='ocrx_word' id='word_1_717' title='bbox 2093 4356 2561 4428; x_wconf 85' lang='lat' dir='ltr'><strong><em>goriumhomilia</em></strong></span> <span class='ocrx_word' id='word_1_718' title='bbox 2594 4361 2671 4428; x_wconf 79' lang='lat'><strong>29</strong></span> <span class='ocrx_word' id='word_1_719' title='bbox 2698 4356 2751 4410; x_wconf 91' lang='lat' dir='ltr'><strong><em>in</em></strong></span> <span class='ocrx_word' id='word_1_720' title='bbox 2788 4357 3140 4414; x_wconf 86' lang='lat' dir='ltr'><strong><em>Ezechielem.</em></strong></span> 
     </span>
    </p>
   </div>
   <div class='ocr_carea' id='block_1_99' title="bbox 2161 4425 3699 4501">
    <p class='ocr_par' dir='ltr' id='par_1_99' title="bbox 2161 4425 3699 4501">
     <span class='ocr_line' id='line_1_100' title="bbox 2161 4425 3699 4501; baseline 0.003 -20"><span class='ocrx_word' id='word_1_721' title='bbox 2161 4428 2188 4501; x_wconf 61' lang='grc' dir='ltr'><strong><em>ξ’</em></strong></span> <span class='ocrx_word' id='word_1_722' title='bbox 2219 4425 2344 4501; x_wconf 88' lang='lat' dir='ltr'><strong><em>Vir_i_</em></strong></span> <span class='ocrx_word' id='word_1_723' title='bbox 2365 4426 2539 4481; x_wconf 89' lang='lat' dir='ltr'><strong><em>sancti</em></strong></span> <span class='ocrx_word' id='word_1_724' title='bbox 2571 4427 2893 4501; x_wconf 79' lang='lat' dir='ltr'><strong><em>plerumque</em></strong></span> <span class='ocrx_word' id='word_1_725' title='bbox 2921 4444 3119 4501; x_wconf 90' lang='lat' dir='ltr'><strong><em>corpus</em></strong></span> <span class='ocrx_word' id='word_1_726' title='bbox 3148 4444 3309 4485; x_wconf 89' lang='lat' dir='ltr'><strong><em>suum</em></strong></span> <span class='ocrx_word' id='word_1_727' title='bbox 3340 4429 3663 4501; x_wconf 90' lang='lat' dir='ltr'><strong><em>jumentum</em></strong></span> <span class='ocrx_word' id='word_1_728' title='bbox 3683 4473 3699 4498; x_wconf 91' lang='lat'><strong><em>,</em></strong></span> 
     </span>
    </p>
   </div>
   <div class='ocr_carea' id='block_1_100' title="bbox 2095 4496 3703 4584">
    <p class='ocr_par' dir='ltr' id='par_1_100' title="bbox 2095 4496 3703 4584">
     <span class='ocr_line' id='line_1_101' title="bbox 2095 4496 3703 4584; baseline 0.004 -34"><span class='ocrx_word' id='word_1_729' title='bbox 2095 4497 2175 4551; x_wconf 90' lang='lat' dir='ltr'><strong><em>vel</em></strong></span> <span class='ocrx_word' id='word_1_730' title='bbox 2218 4496 2481 4584; x_wconf 73' lang='lat' dir='ltr'><strong><em>asellum,</em></strong></span> <span class='ocrx_word' id='word_1_731' title='bbox 2533 4496 2615 4552; x_wconf 87' lang='lat' dir='ltr'><strong><em>vel</em></strong></span> <span class='ocrx_word' id='word_1_732' title='bbox 2658 4496 3363 4584; x_wconf 43' lang='lat' dir='ltr'><strong><em>quid’simile&#39;vocabant&#39;,</em></strong></span> <span class='ocrx_word' id='word_1_733' title='bbox 3407 4496 3703 4584; x_wconf 71' lang='lat' dir='ltr'><strong><em>propterea</em></strong></span> 
     </span>
    </p>
   </div>
   <div class='ocr_carea' id='block_1_101' title="bbox 2096 4567 3697 4644">
    <p class='ocr_par' dir='ltr' id='par_1_101' title="bbox 2096 4567 3697 4644">
     <span class='ocr_line' id='line_1_102' title="bbox 2096 4567 3697 4644; baseline 0.004 -22"><span class='ocrx_word' id='word_1_734' title='bbox 2096 4567 2245 4639; x_wconf 92' lang='lat' dir='ltr'><strong><em>quod</em></strong></span> <span class='ocrx_word' id='word_1_735' title='bbox 2267 4583 2416 4635; x_wconf 85' lang='lat' dir='ltr'><strong><em>caro,</em></strong></span> <span class='ocrx_word' id='word_1_736' title='bbox 2446 4583 2543 4639; x_wconf 88' lang='lat' dir='ltr'><strong><em>per</em></strong></span> <span class='ocrx_word' id='word_1_737' title='bbox 2570 4567 2878 4644; x_wconf 58' lang='lat' dir='ltr'><strong><em>sanationis</em></strong></span> <span class='ocrx_word' id='word_1_738' title='bbox 2909 4587 3102 4644; x_wconf 78' lang='lat' dir='ltr'><strong><em>expers</em></strong></span> <span class='ocrx_word' id='word_1_739' title='bbox 3130 4580 3187 4628; x_wconf 92' lang='lat' dir='ltr'><strong><em>et</em></strong></span> <span class='ocrx_word' id='word_1_740' title='bbox 3210 4567 3427 4644; x_wconf 81' lang='lat' dir='ltr'><strong><em>spiritui</em></strong></span> <span class='ocrx_word' id='word_1_741' title='bbox 3464 4567 3697 4629; x_wconf 74' lang='lat' dir='ltr'><strong><em>recalci-</em></strong></span> 
     </span>
    </p>
   </div>
   <div class='ocr_carea' id='block_1_102' title="bbox 2100 4639 3693 4715">
    <p class='ocr_par' dir='ltr' id='par_1_102' title="bbox 2100 4639 3693 4715">
     <span class='ocr_line' id='line_1_103' title="bbox 2100 4639 3693 4715; baseline 0.004 -22"><span class='ocrx_word' id='word_1_742' title='bbox 2100 4647 2269 4707; x_wconf 88' lang='lat' dir='ltr'><strong><em>trans,</em></strong></span> <span class='ocrx_word' id='word_1_743' title='bbox 2299 4654 2453 4694; x_wconf 90' lang='lat' dir='ltr'><strong><em>more</em></strong></span> <span class='ocrx_word' id='word_1_744' title='bbox 2482 4639 2750 4715; x_wconf 79' lang='lat' dir='ltr'><strong><em>pecudum</em></strong></span> <span class='ocrx_word' id='word_1_745' title='bbox 2791 4651 2888 4715; x_wconf 86' lang='lat' dir='ltr'><strong><em>aut</em></strong></span> <span class='ocrx_word' id='word_1_746' title='bbox 2930 4639 3338 4715; x_wconf 77' lang='lat' dir='ltr'><strong><em>jumentorum,</em></strong></span> <span class='ocrx_word' id='word_1_747' title='bbox 3376 4642 3447 4698; x_wconf 89' lang='lat' dir='ltr'><strong><em>de</em></strong></span> <span class='ocrx_word' id='word_1_748' title='bbox 3481 4645 3609 4699; x_wconf 89' lang='lat' dir='ltr'><strong><em>cibo</em></strong></span> <span class='ocrx_word' id='word_1_749' title='bbox 3638 4652 3693 4699; x_wconf 90' lang='lat' dir='ltr'><strong><em>et</em></strong></span> 
     </span>
    </p>
   </div>
   <div class='ocr_carea' id='block_1_103' title="bbox 2097 4710 3699 4786">
    <p class='ocr_par' dir='ltr' id='par_1_103' title="bbox 2097 4710 3699 4786">
     <span class='ocr_line' id='line_1_104' title="bbox 2097 4710 3699 4786; baseline 0.004 -22"><span class='ocrx_word' id='word_1_750' title='bbox 2097 4719 2229 4781; x_wconf 90' lang='lat' dir='ltr'><strong><em>potu</em></strong></span> <span class='ocrx_word' id='word_1_751' title='bbox 2264 4710 2659 4786; x_wconf 73' lang='lat' dir='ltr'><strong><em>tantummodo</em></strong></span> <span class='ocrx_word' id='word_1_752' title='bbox 2684 4710 3013 4786; x_wconf 64' lang='lat' dir='ltr'><strong><em>cogitetg&#39;et</em></strong></span> <span class='ocrx_word' id='word_1_753' title='bbox 3049 4715 3434 4786; x_wconf 70' lang='lat' dir='ltr'><strong><em>praesentibus,</em></strong></span> <span class='ocrx_word' id='word_1_754' title='bbox 3459 4715 3699 4786; x_wconf 89' lang='lat' dir='ltr'><strong><em>_sibique</em></strong></span> 
     </span>
    </p>
   </div>
   <div class='ocr_carea' id='block_1_104' title="bbox 2093 4782 3697 4853">
    <p class='ocr_par' dir='ltr' id='par_1_104' title="bbox 2093 4782 3697 4853">
     <span class='ocr_line' id='line_1_105' title="bbox 2093 4782 3697 4853; baseline 0.003 -18"><span class='ocrx_word' id='word_1_755' title='bbox 2093 4782 2329 4853; x_wconf 89' lang='lat' dir='ltr'><strong><em>propriis</em></strong></span> <span class='ocrx_word' id='word_1_756' title='bbox 2376 4782 2963 4853; x_wconf 60' lang='lat' dir='ltr'><strong><em>voluptatibus&#39;solum</em></strong></span> <span class='ocrx_word' id='word_1_757' title='bbox 3013 4782 3205 4847; x_wconf 76' lang='lat' dir='ltr'><strong><em>inhiet,</em></strong></span> <span class='ocrx_word' id='word_1_758' title='bbox 3256 4785 3392 4840; x_wconf 89' lang='lat' dir='ltr'><strong><em>nihil</em></strong></span> <span class='ocrx_word' id='word_1_759' title='bbox 3444 4782 3697 4842; x_wconf 80' lang='lat' dir='ltr'><strong><em>futurum</em></strong></span> 
     </span>
    </p>
   </div>
   <div class='ocr_carea' id='block_1_105' title="bbox 2092 4853 3701 4928">
    <p class='ocr_par' dir='ltr' id='par_1_105' title="bbox 2092 4853 3701 4928">
     <span class='ocr_line' id='line_1_106' title="bbox 2092 4853 3701 4928; baseline 0.003 -22"><span class='ocrx_word' id='word_1_760' title='bbox 2092 4853 2447 4928; x_wconf 86' lang='lat' dir='ltr'><strong><em>prospiciens.</em></strong></span> <span class='ocrx_word' id='word_1_761' title='bbox 2477 4855 2565 4910; x_wconf 91' lang='lat' dir='ltr'><strong><em>Sic</em></strong></span> <span class='ocrx_word' id='word_1_762' title='bbox 2592 4856 2648 4909; x_wconf 93' lang='lat' dir='ltr'><strong><em>S.</em></strong></span> <span class='ocrx_word' id='word_1_763' title='bbox 2697 4856 2965 4924; x_wconf 83' lang='lat' dir='ltr'><strong><em>Hilarion,</em></strong></span> <span class='ocrx_word' id='word_1_764' title='bbox 2998 4865 3136 4912; x_wconf 88' lang='lat' dir='ltr'><strong><em>teste</em></strong></span> <span class='ocrx_word' id='word_1_765' title='bbox 3164 4857 3511 4928; x_wconf 83' lang='lat' dir='ltr'><strong><em>Hieronymo</em></strong></span> <span class='ocrx_word' id='word_1_766' title='bbox 3530 4899 3544 4921; x_wconf 88' lang='lat'><strong><em>,</em></strong></span> <span class='ocrx_word' id='word_1_767' title='bbox 3576 4858 3701 4913; x_wconf 81' lang='lat' dir='ltr'><strong><em>Sibi</em></strong></span> 
     </span>
    </p>
   </div>
   <div class='ocr_carea' id='block_1_106' title="bbox 389 4924 3699 5016">
    <p class='ocr_par' dir='ltr' id='par_1_106' title="bbox 389 4924 3699 5016">
     <span class='ocr_line' id='line_1_107' title="bbox 389 4924 3699 5016; baseline 0.002 -39"><span class='ocrx_word' id='word_1_768' title='bbox 389 4924 475 5007; x_wconf 78' lang='lat' dir='ltr'><strong><em>bet</em></strong></span> <span class='ocrx_word' id='word_1_769' title='bbox 623 4927 963 5016; x_wconf 66' lang='lat' dir='ltr'><strong><em>Deminicus;</em></strong></span> <span class='ocrx_word' id='word_1_770' title='bbox 990 4926 1085 5008; x_wconf 75' lang='lat' dir='ltr'><strong><em>sed</em></strong></span> <span class='ocrx_word' id='word_1_771' title='bbox 1100 4930 1273 5016; x_wconf 60' lang='lat' dir='ltr'><strong><em>potest</em></strong></span> <span class='ocrx_word' id='word_1_772' title='bbox 1289 4939 1423 5016; x_wconf 49' lang='lat' dir='ltr'><strong><em>_ca‘ro</em></strong></span> <span class='ocrx_word' id='word_1_773' title='bbox 1443 4924 1558 4993; x_wconf 85' lang='lat' dir='ltr'><strong><em>ejus</em></strong></span> <span class='ocrx_word' id='word_1_774' title='bbox 1582 4925 1841 5016; x_wconf 56' lang='lat' dir='ltr'><strong><em>(lie-incure</em></strong></span> <span class='ocrx_word' id='word_1_775' title='bbox 1870 4929 1983 5008; x_wconf 82' lang='lat' dir='ltr'><strong><em>Do-</em></strong></span> <span class='ocrx_word' id='word_1_776' title='bbox 2010 4954 2061 5016; x_wconf 70' lang='grc' dir='ltr'>Β</span> <span class='ocrx_word' id='word_1_777' title='bbox 2090 4924 2296 5016; x_wconf 67' lang='lat' dir='ltr'><strong><em>iratus,</em></strong></span> <span class='ocrx_word' id='word_1_778' title='bbox 2326 4929 2377 4980; x_wconf 89' lang='lat' dir='ltr'><strong><em>et</em></strong></span> <span class='ocrx_word' id='word_1_779' title='bbox 2399 4930 2581 4995; x_wconf 88' lang='lat' dir='ltr'><strong><em>pectus</em></strong></span> <span class='ocrx_word' id='word_1_780' title='bbox 2604 4929 2802 5016; x_wconf 66' lang='lat' dir='ltr'><strong><em>pugnis</em></strong></span> <span class='ocrx_word' id='word_1_781' title='bbox 2828 4928 3130 5016; x_wconf 59' lang='lat' dir='ltr'><strong><em>perbergns,</em></strong></span> <span class='ocrx_word' id='word_1_782' title='bbox 3159 4924 3699 5016; x_wconf 43' lang='lat' dir='ltr'><strong><em>quasi‘cogitqtiones</em></strong></span> 
     </span>
    </p>
   </div>
   <div class='ocr_carea' id='block_1_107' title="bbox 386 4996 1977 5066">
    <p class='ocr_par' dir='ltr' id='par_1_107' title="bbox 386 4996 1977 5066">
     <span class='ocr_line' id='line_1_108' title="bbox 386 4996 1977 5066; baseline 0.001 -17"><span class='ocrx_word' id='word_1_783' title='bbox 386 4997 609 5057; x_wconf 86' lang='lat' dir='ltr'><strong><em>minica,</em></strong></span> <span class='ocrx_word' id='word_1_784' title='bbox 645 4997 782 5048; x_wconf 87' lang='lat' dir='ltr'><strong><em>sicut</em></strong></span> <span class='ocrx_word' id='word_1_785' title='bbox 811 5001 860 5049; x_wconf 87' lang='lat' dir='ltr'><strong><em>et</em></strong></span> <span class='ocrx_word' id='word_1_786' title='bbox 887 4998 1065 5064; x_wconf 87' lang='lat' dir='ltr'><strong><em>passio</em></strong></span> <span class='ocrx_word' id='word_1_787' title='bbox 1098 4996 1210 5065; x_wconf 86' lang='lat' dir='ltr'><strong><em>ejus</em></strong></span> <span class='ocrx_word' id='word_1_788' title='bbox 1237 4996 1439 5050; x_wconf 86' lang='lat' dir='ltr'><strong><em>dicitur</em></strong></span> <span class='ocrx_word' id='word_1_789' title='bbox 1462 4999 1644 5066; x_wconf 87' lang='lat' dir='ltr'><strong><em>passio</em></strong></span> <span class='ocrx_word' id='word_1_790' title='bbox 1678 4998 1977 5051; x_wconf 87' lang='lat' dir='ltr'><strong><em>Dominica.</em></strong></span> 
     </span>
    </p>
   </div>
   <div class='ocr_carea' id='block_1_108' title="bbox 398 5066 1980 5137">
    <p class='ocr_par' dir='ltr' id='par_1_108' title="bbox 398 5066 1980 5137">
     <span class='ocr_line' id='line_1_109' title="bbox 398 5066 1980 5137; baseline 0.001 -17"><span class='ocrx_word' id='word_1_791' title='bbox 398 5067 549 5121; x_wconf 83' lang='lat' dir='ltr'><strong><em>Unde</em></strong></span> <span class='ocrx_word' id='word_1_792' title='bbox 569 5066 643 5119; x_wconf 88' lang='lat' dir='ltr'><strong><em>ad</em></strong></span> <span class='ocrx_word' id='word_1_793' title='bbox 669 5068 1040 5123; x_wconf 80' lang='lat' dir='ltr'><strong><em>Nestorianam</em></strong></span> <span class='ocrx_word' id='word_1_794' title='bbox 1069 5068 1312 5121; x_wconf 70' lang='lat' dir='ltr'><strong><em>hwresim</em></strong></span> <span class='ocrx_word' id='word_1_795' title='bbox 1334 5070 1567 5137; x_wconf 83' lang='lat' dir='ltr'><strong><em>pertinet</em></strong></span> <span class='ocrx_word' id='word_1_796' title='bbox 1590 5068 1863 5124; x_wconf 70' lang='lat' dir='ltr'><strong><em>Christum</em></strong></span> <span class='ocrx_word' id='word_1_797' title='bbox 1890 5068 1980 5122; x_wconf 83' lang='lat' dir='ltr'><strong><em>di-</em></strong></span> 
     </span>
    </p>
   </div>
   <div class='ocr_carea' id='block_1_109' title="bbox 384 5140 1984 5210">
    <p class='ocr_par' dir='ltr' id='par_1_109' title="bbox 384 5140 1984 5210">
     <span class='ocr_line' id='line_1_110' title="bbox 384 5140 1984 5210; baseline 0 -17"><span class='ocrx_word' id='word_1_798' title='bbox 384 5152 497 5194; x_wconf 83' lang='lat' dir='ltr'><strong><em>cere</em></strong></span> <span class='ocrx_word' id='word_1_799' title='bbox 524 5140 784 5194; x_wconf 86' lang='lat' dir='ltr'><strong><em>hominem</em></strong></span> <span class='ocrx_word' id='word_1_800' title='bbox 811 5141 1170 5206; x_wconf 88' lang='lat' dir='ltr'><strong><em>Dominicum,</em></strong></span> <span class='ocrx_word' id='word_1_801' title='bbox 1196 5140 1246 5192; x_wconf 88' lang='lat' dir='ltr'><strong><em>si</em></strong></span> <span class='ocrx_word' id='word_1_802' title='bbox 1258 5141 1476 5209; x_wconf 82' lang='lat' dir='ltr'><strong><em>proprie</em></strong></span> <span class='ocrx_word' id='word_1_803' title='bbox 1498 5141 1855 5208; x_wconf 86' lang='lat' dir='ltr'><strong><em>intelligatur,</em></strong></span> <span class='ocrx_word' id='word_1_804' title='bbox 1881 5155 1984 5210; x_wconf 88' lang='lat' dir='ltr'><strong><em>per</em></strong></span> 
     </span>
    </p>
   </div>
   <div class='ocr_carea' id='block_1_110' title="bbox 385 5210 1982 5281">
    <p class='ocr_par' dir='ltr' id='par_1_110' title="bbox 385 5210 1982 5281">
     <span class='ocr_line' id='line_1_111' title="bbox 385 5210 1982 5281; baseline -0.001 -16"><span class='ocrx_word' id='word_1_805' title='bbox 385 5210 481 5265; x_wconf 81' lang='lat' dir='ltr'><strong><em>hoc</em></strong></span> <span class='ocrx_word' id='word_1_806' title='bbox 500 5214 641 5266; x_wconf 88' lang='lat' dir='ltr'><strong><em>enim</em></strong></span> <span class='ocrx_word' id='word_1_807' title='bbox 668 5216 902 5281; x_wconf 88' lang='lat' dir='ltr'><strong><em>negatur</em></strong></span> <span class='ocrx_word' id='word_1_808' title='bbox 929 5212 1255 5266; x_wconf 82' lang='lat' dir='ltr'><strong><em>naturaliter</em></strong></span> <span class='ocrx_word' id='word_1_809' title='bbox 1278 5225 1387 5264; x_wconf 90' lang='lat' dir='ltr'><strong><em>esse</em></strong></span> <span class='ocrx_word' id='word_1_810' title='bbox 1412 5213 1687 5281; x_wconf 84' lang='lat' dir='ltr'><strong><em>Dominus.</em></strong></span> <span class='ocrx_word' id='word_1_811' title='bbox 1722 5214 1883 5264; x_wconf 85' lang='lat' dir='ltr'><strong><em>Posse</em></strong></span> <span class='ocrx_word' id='word_1_812' title='bbox 1911 5220 1982 5263; x_wconf 84' lang='lat' dir='ltr'><strong><em>ta-</em></strong></span> 
     </span>
    </p>
   </div>
   <div class='ocr_carea' id='block_1_111' title="bbox 382 5280 1976 5351">
    <p class='ocr_par' dir='ltr' id='par_1_111' title="bbox 382 5280 1976 5351">
     <span class='ocr_line' id='line_1_112' title="bbox 382 5280 1976 5351; baseline -0.003 -13"><span class='ocrx_word' id='word_1_813' title='bbox 382 5295 513 5338; x_wconf 89' lang='lat' dir='ltr'><strong><em>men</em></strong></span> <span class='ocrx_word' id='word_1_814' title='bbox 538 5284 685 5338; x_wconf 90' lang='lat' dir='ltr'><strong><em>hunc</em></strong></span> <span class='ocrx_word' id='word_1_815' title='bbox 704 5280 1017 5338; x_wconf 85' lang='lat' dir='ltr'><strong><em>sermonem</em></strong></span> <span class='ocrx_word' id='word_1_816' title='bbox 1047 5283 1387 5351; x_wconf 83' lang='lat' dir='ltr'><strong><em>aliquatenus</em></strong></span> <span class='ocrx_word' id='word_1_817' title='bbox 1416 5280 1656 5345; x_wconf 86' lang='lat' dir='ltr'><strong><em>defendi,</em></strong></span> <span class='ocrx_word' id='word_1_818' title='bbox 1687 5289 1780 5333; x_wconf 90' lang='lat' dir='ltr'><strong><em>aut</em></strong></span> <span class='ocrx_word' id='word_1_819' title='bbox 1805 5294 1976 5351; x_wconf 84' lang='lat' dir='ltr'><strong><em>excu-</em></strong></span> 
     </span>
    </p>
   </div>
   <div class='ocr_carea' id='block_1_112' title="bbox 384 5350 1975 5423">
    <p class='ocr_par' dir='ltr' id='par_1_112' title="bbox 384 5350 1975 5423">
     <span class='ocr_line' id='line_1_113' title="bbox 384 5350 1975 5423; baseline -0.004 -15"><span class='ocrx_word' id='word_1_820' title='bbox 384 5353 511 5421; x_wconf 89' lang='lat' dir='ltr'><strong><em>sari,</em></strong></span> <span class='ocrx_word' id='word_1_821' title='bbox 531 5354 730 5423; x_wconf 78' lang='lat' dir='ltr'><strong><em>duplici</em></strong></span> <span class='ocrx_word' id='word_1_822' title='bbox 754 5354 965 5409; x_wconf 88' lang='lat' dir='ltr'><strong><em>ratione</em></strong></span> <span class='ocrx_word' id='word_1_823' title='bbox 988 5350 1150 5407; x_wconf 87' lang='lat' dir='ltr'><strong><em>docet</em></strong></span> <span class='ocrx_word' id='word_1_824' title='bbox 1170 5356 1236 5407; x_wconf 92' lang='lat' dir='ltr'><strong><em>D.</em></strong></span> <span class='ocrx_word' id='word_1_825' title='bbox 1264 5351 1527 5418; x_wconf 74' lang='lat' dir='ltr'><strong><em>&#39;l‘homas,</em></strong></span> <span class='ocrx_word' id='word_1_826' title='bbox 1556 5366 1620 5403; x_wconf 88' lang='lat' dir='ltr'><strong><em>ex</em></strong></span> <span class='ocrx_word' id='word_1_827' title='bbox 1644 5365 1756 5423; x_wconf 87' lang='lat' dir='ltr'><strong><em>quo</em></strong></span> <span class='ocrx_word' id='word_1_828' title='bbox 1782 5350 1975 5423; x_wconf 90' lang='lat' dir='ltr'><strong><em>Ciaco-</em></strong></span> 
     </span>
    </p>
   </div>
   <div class='ocr_carea' id='block_1_113' title="bbox 383 5422 1976 5497">
    <p class='ocr_par' dir='ltr' id='par_1_113' title="bbox 383 5422 1976 5497">
     <span class='ocr_line' id='line_1_114' title="bbox 383 5422 1976 5497; baseline -0.004 -18"><span class='ocrx_word' id='word_1_829' title='bbox 383 5424 507 5481; x_wconf 88' lang='lat' dir='ltr'><strong><em>nius</em></strong></span> <span class='ocrx_word' id='word_1_830' title='bbox 534 5422 774 5497; x_wconf 87' lang='lat' dir='ltr'><strong><em>priorem</em></strong></span> <span class='ocrx_word' id='word_1_831' title='bbox 792 5423 977 5480; x_wconf 86' lang='lat' dir='ltr'><strong><em>retulit</em></strong></span> <span class='ocrx_word' id='word_1_832' title='bbox 1007 5443 1019 5476; x_wconf 91' lang='lat'><strong>:</strong></span> <span class='ocrx_word' id='word_1_833' title='bbox 1044 5424 1209 5497; x_wconf 84' lang='lat' dir='ltr'><strong><em>altera</em></strong></span> <span class='ocrx_word' id='word_1_834' title='bbox 1234 5438 1360 5497; x_wconf 85' lang='lat' dir='ltr'><strong><em>vero</em></strong></span> <span class='ocrx_word' id='word_1_835' title='bbox 1387 5430 1513 5497; x_wconf 19' lang='lat' dir='ltr'><strong><em>est&quot;:</em></strong></span> <span class='ocrx_word' id='word_1_836' title='bbox 1540 5423 1601 5476; x_wconf 91' lang='lat' dir='ltr'><strong><em>Si</em></strong></span> <span class='ocrx_word' id='word_1_837' title='bbox 1612 5422 1858 5497; x_wconf 79' lang='lat' dir='ltr'><strong><em>dicamus</em></strong></span> <span class='ocrx_word' id='word_1_838' title='bbox 1876 5422 1976 5497; x_wconf 82' lang='lat' dir='ltr'><strong><em>Do-</em></strong></span> 
     </span>
    </p>
   </div>
   <div class='ocr_carea' id='block_1_114' title="bbox 384 5493 1986 5567">
    <p class='ocr_par' dir='ltr' id='par_1_114' title="bbox 384 5493 1986 5567">
     <span class='ocr_line' id='line_1_115' title="bbox 384 5493 1986 5567; baseline -0.002 -16"><span class='ocrx_word' id='word_1_839' title='bbox 384 5493 641 5551; x_wconf 78' lang='lat' dir='ltr'><strong><em>minieum</em></strong></span> <span class='ocrx_word' id='word_1_840' title='bbox 658 5497 1013 5553; x_wconf 88' lang='lat' dir='ltr'><strong><em>essentialiter</em></strong></span> <span class='ocrx_word' id='word_1_841' title='bbox 1026 5496 1323 5567; x_wconf 71' lang='lat' dir='ltr'><strong><em>prmdicari</em></strong></span> <span class='ocrx_word' id='word_1_842' title='bbox 1337 5510 1436 5566; x_wconf 86' lang='lat' dir='ltr'><strong><em>pro</em></strong></span> <span class='ocrx_word' id='word_1_843' title='bbox 1462 5494 1710 5567; x_wconf 88' lang='lat' dir='ltr'><strong><em>Domino,</em></strong></span> <span class='ocrx_word' id='word_1_844' title='bbox 1730 5497 1793 5567; x_wconf 84' lang='lat' dir='ltr'><strong><em>ut</em></strong></span> <span class='ocrx_word' id='word_1_845' title='bbox 1816 5493 1986 5547; x_wconf 88' lang='lat' dir='ltr'><strong><em>solent</em></strong></span> 
     </span>
    </p>
   </div>
   <div class='ocr_carea' id='block_1_115' title="bbox 382 5565 1984 5634">
    <p class='ocr_par' dir='ltr' id='par_1_115' title="bbox 382 5565 1984 5634">
     <span class='ocr_line' id='line_1_116' title="bbox 382 5565 1984 5634; baseline -0.002 -13"><span class='ocrx_word' id='word_1_846' title='bbox 382 5567 655 5621; x_wconf 88' lang='lat' dir='ltr'><strong><em>interdum</em></strong></span> <span class='ocrx_word' id='word_1_847' title='bbox 667 5571 854 5624; x_wconf 87' lang='lat' dir='ltr'><strong><em>denom</em></strong></span> <span class='ocrx_word' id='word_1_848' title='bbox 860 5565 1067 5622; x_wconf 78' lang='lat' dir='ltr'><strong><em>inativa</em></strong></span> <span class='ocrx_word' id='word_1_849' title='bbox 1079 5565 1375 5622; x_wconf 84' lang='lat' dir='ltr'><strong><em>substantia</em></strong></span> <span class='ocrx_word' id='word_1_850' title='bbox 1382 5567 1504 5621; x_wconf 84' lang='lat' dir='ltr'><strong><em>liter</em></strong></span> <span class='ocrx_word' id='word_1_851' title='bbox 1513 5565 1853 5634; x_wconf 69' lang='lat' dir='ltr'><strong><em>aceipi,relut</em></strong></span> <span class='ocrx_word' id='word_1_852' title='bbox 1866 5580 1984 5618; x_wconf 88' lang='lat' dir='ltr'><strong><em>cum</em></strong></span> 
     </span>
    </p>
   </div>
   <div class='ocr_carea' id='block_1_116' title="bbox 383 5636 1985 5709">
    <p class='ocr_par' dir='ltr' id='par_1_116' title="bbox 383 5636 1985 5709">
     <span class='ocr_line' id='line_1_117' title="bbox 383 5636 1985 5709; baseline -0.002 -16"><span class='ocrx_word' id='word_1_853' title='bbox 383 5638 612 5693; x_wconf 89' lang='lat' dir='ltr'><strong><em>dicimus</em></strong></span> <span class='ocrx_word' id='word_1_854' title='bbox 648 5643 929 5694; x_wconf 84' lang='lat' dir='ltr'><strong><em>essentiam</em></strong></span> <span class='ocrx_word' id='word_1_855' title='bbox 971 5640 1207 5693; x_wconf 82' lang='lat' dir='ltr'><strong><em>divinam</em></strong></span> <span class='ocrx_word' id='word_1_856' title='bbox 1230 5682 1246 5702; x_wconf 90' lang='lat'><strong><em>,</em></strong></span> <span class='ocrx_word' id='word_1_857' title='bbox 1283 5651 1539 5709; x_wconf 89' lang='lat' dir='ltr'><strong><em>personas</em></strong></span> <span class='ocrx_word' id='word_1_858' title='bbox 1577 5636 1825 5709; x_wconf 84' lang='lat' dir='ltr'><strong><em>divinas,</em></strong></span> <span class='ocrx_word' id='word_1_859' title='bbox 1865 5651 1985 5705; x_wconf 67' lang='lat' dir='ltr'><strong><em>quin</em></strong></span> 
     </span>
    </p>
   </div>
   <div class='ocr_carea' id='block_1_117' title="bbox 382 5708 1982 5779">
    <p class='ocr_par' dir='ltr' id='par_1_117' title="bbox 382 5708 1982 5779">
     <span class='ocr_line' id='line_1_118' title="bbox 382 5708 1982 5779; baseline -0.003 -15"><span class='ocrx_word' id='word_1_860' title='bbox 382 5709 526 5764; x_wconf 86' lang='lat' dir='ltr'><strong><em>nihil</em></strong></span> <span class='ocrx_word' id='word_1_861' title='bbox 549 5709 706 5762; x_wconf 85' lang='lat' dir='ltr'><strong><em>aliud</em></strong></span> <span class='ocrx_word' id='word_1_862' title='bbox 726 5715 851 5763; x_wconf 87' lang='lat' dir='ltr'><strong><em>sunt</em></strong></span> <span class='ocrx_word' id='word_1_863' title='bbox 868 5726 1027 5778; x_wconf 88' lang='lat' dir='ltr'><strong><em>quam</em></strong></span> <span class='ocrx_word' id='word_1_864' title='bbox 1051 5712 1167 5779; x_wconf 88' lang='lat' dir='ltr'><strong><em>ipse</em></strong></span> <span class='ocrx_word' id='word_1_865' title='bbox 1188 5708 1341 5765; x_wconf 85' lang='lat' dir='ltr'><strong><em>Deus.</em></strong></span> <span class='ocrx_word' id='word_1_866' title='bbox 1371 5711 1456 5764; x_wconf 86' lang='lat' dir='ltr'><strong><em>Ita</em></strong></span> <span class='ocrx_word' id='word_1_867' title='bbox 1481 5709 1632 5762; x_wconf 89' lang='lat' dir='ltr'><strong><em>homo</em></strong></span> <span class='ocrx_word' id='word_1_868' title='bbox 1652 5708 1982 5770; x_wconf 88' lang='lat' dir='ltr'><strong><em>Dominicus,</em></strong></span> 
     </span>
    </p>
   </div>
   <div class='ocr_carea' id='block_1_118' title="bbox 382 5782 1321 5850">
    <p class='ocr_par' dir='ltr' id='par_1_118' title="bbox 382 5782 1321 5850">
     <span class='ocr_line' id='line_1_119' title="bbox 382 5782 1321 5850; baseline -0.001 -14"><span class='ocrx_word' id='word_1_869' title='bbox 382 5782 446 5837; x_wconf 88' lang='lat' dir='ltr'><strong><em>id</em></strong></span> <span class='ocrx_word' id='word_1_870' title='bbox 479 5785 577 5850; x_wconf 87' lang='lat' dir='ltr'><strong><em>est,</em></strong></span> <span class='ocrx_word' id='word_1_871' title='bbox 610 5782 762 5850; x_wconf 82' lang='lat' dir='ltr'><strong><em>homo</em></strong></span> <span class='ocrx_word' id='word_1_872' title='bbox 783 5785 944 5843; x_wconf 84' lang='lat' dir='ltr'><strong><em>Deus,</em></strong></span> <span class='ocrx_word' id='word_1_873' title='bbox 975 5786 1024 5834; x_wconf 87' lang='lat' dir='ltr'><strong><em>et</em></strong></span> <span class='ocrx_word' id='word_1_874' title='bbox 1050 5784 1321 5836; x_wconf 88' lang='lat' dir='ltr'><strong><em>Dominus.</em></strong></span> 
     </span>
    </p>
   </div>
   <div class='ocr_carea' id='block_1_119' title="bbox 449 5849 1982 5925">
    <p class='ocr_par' dir='ltr' id='par_1_119' title="bbox 449 5849 1982 5925">
     <span class='ocr_line' id='line_1_120' title="bbox 449 5849 1982 5925; baseline -0.003 -15"><span class='ocrx_word' id='word_1_875' title='bbox 449 5862 473 5889; x_wconf 79' lang='grc'><strong>⁸</strong></span> <span class='ocrx_word' id='word_1_876' title='bbox 501 5849 727 5925; x_wconf 85' lang='lat' dir='ltr'><strong><em>Aliquid</em></strong></span> <span class='ocrx_word' id='word_1_877' title='bbox 755 5850 929 5909; x_wconf 89' lang='lat' dir='ltr'><strong><em>simile</em></strong></span> <span class='ocrx_word' id='word_1_878' title='bbox 958 5850 1259 5907; x_wconf 88' lang='lat' dir='ltr'><strong><em>observavit</em></strong></span> <span class='ocrx_word' id='word_1_879' title='bbox 1286 5855 1353 5906; x_wconf 88' lang='lat' dir='ltr'><strong><em>D.</em></strong></span> <span class='ocrx_word' id='word_1_880' title='bbox 1377 5851 1749 5925; x_wconf 84' lang='lat' dir='ltr'><strong><em>Hieronymus</em></strong></span> <span class='ocrx_word' id='word_1_881' title='bbox 1770 5850 1823 5909; x_wconf 90' lang='lat' dir='ltr'><strong><em>in</em></strong></span> <span class='ocrx_word' id='word_1_882' title='bbox 1857 5865 1982 5908; x_wconf 91' lang='lat' dir='ltr'><strong><em>eum</em></strong></span> 
     </span>
    </p>
   </div>
   <div class='ocr_carea' id='block_1_120' title="bbox 2091 4996 2984 5067">
    <p class='ocr_par' dir='ltr' id='par_1_120' title="bbox 2091 4996 2984 5067">
     <span class='ocr_line' id='line_1_121' title="bbox 2091 4996 2984 5067; baseline 0.004 -18"><span class='ocrx_word' id='word_1_883' title='bbox 2091 4996 2232 5050; x_wconf 72' lang='lat' dir='ltr'><strong><em>ccede</em></strong></span> <span class='ocrx_word' id='word_1_884' title='bbox 2257 5013 2450 5051; x_wconf 86' lang='lat' dir='ltr'><strong><em>manus</em></strong></span> <span class='ocrx_word' id='word_1_885' title='bbox 2464 4996 2642 5067; x_wconf 87' lang='lat' dir='ltr'><strong><em>posset</em></strong></span> <span class='ocrx_word' id='word_1_886' title='bbox 2658 4999 2939 5053; x_wconf 70' lang='lat' dir='ltr'><strong><em>emcludere</em></strong></span> <span class='ocrx_word' id='word_1_887' title='bbox 2971 5017 2984 5053; x_wconf 88' lang='lat'><strong>:</strong></span> 
     </span>
    </p>
   </div>
   <div class='ocr_carea' id='block_1_121' title="bbox 2089 5069 3687 5140">
    <p class='ocr_par' dir='ltr' id='par_1_121' title="bbox 2089 5069 3687 5140">
     <span class='ocr_line' id='line_1_122' title="bbox 2089 5069 3687 5140; baseline 0.002 -20"><span class='ocrx_word' id='word_1_888' title='bbox 2089 5069 2224 5140; x_wconf 86' lang='lat' dir='ltr'><strong><em>ciam</em></strong></span> <span class='ocrx_word' id='word_1_889' title='bbox 2251 5073 2313 5121; x_wconf 87' lang='lat' dir='ltr'><strong><em>ut</em></strong></span> <span class='ocrx_word' id='word_1_890' title='bbox 2331 5084 2436 5122; x_wconf 90' lang='lat' dir='ltr'><strong><em>non</em></strong></span> <span class='ocrx_word' id='word_1_891' title='bbox 2463 5070 2736 5136; x_wconf 86' lang='lat' dir='ltr'><strong><em>calcitres;</em></strong></span> <span class='ocrx_word' id='word_1_892' title='bbox 2760 5086 2852 5124; x_wconf 87' lang='lat' dir='ltr'><strong><em>nec</em></strong></span> <span class='ocrx_word' id='word_1_893' title='bbox 2881 5074 2931 5125; x_wconf 90' lang='lat' dir='ltr'><strong><em>te</em></strong></span> <span class='ocrx_word' id='word_1_894' title='bbox 2959 5071 3151 5126; x_wconf 82' lang='lat' dir='ltr'><strong><em>hordeo</em></strong></span> <span class='ocrx_word' id='word_1_895' title='bbox 3178 5072 3346 5133; x_wconf 89' lang='lat' dir='ltr'><strong><em>alam,</em></strong></span> <span class='ocrx_word' id='word_1_896' title='bbox 3377 5071 3474 5125; x_wconf 88' lang='lat' dir='ltr'><strong><em>sed</em></strong></span> <span class='ocrx_word' id='word_1_897' title='bbox 3492 5070 3687 5140; x_wconf 78' lang='lat' dir='ltr'><strong><em>paleis,</em></strong></span> 
     </span>
    </p>
   </div>
   <div class='ocr_carea' id='block_1_122' title="bbox 2088 5139 3694 5212">
    <p class='ocr_par' dir='ltr' id='par_1_122' title="bbox 2088 5139 3694 5212">
     <span class='ocr_line' id='line_1_123' title="bbox 2088 5139 3694 5212; baseline 0.002 -21"><span class='ocrx_word' id='word_1_898' title='bbox 2088 5139 2241 5212; x_wconf 83' lang='lat' dir='ltr'><strong><em>fame</em></strong></span> <span class='ocrx_word' id='word_1_899' title='bbox 2279 5143 2329 5193; x_wconf 89' lang='lat' dir='ltr'><strong><em>te</em></strong></span> <span class='ocrx_word' id='word_1_900' title='bbox 2349 5142 2634 5212; x_wconf 81' lang='lat' dir='ltr'><strong><em>conﬁciam</em></strong></span> <span class='ocrx_word' id='word_1_901' title='bbox 2659 5145 2713 5212; x_wconf 88' lang='lat' dir='ltr'><strong><em>et</em></strong></span> <span class='ocrx_word' id='word_1_902' title='bbox 2733 5143 2855 5208; x_wconf 87' lang='lat' dir='ltr'><strong><em>siti;</em></strong></span> <span class='ocrx_word' id='word_1_903' title='bbox 2903 5145 2966 5195; x_wconf 89' lang='lat' dir='ltr'><strong><em>ut</em></strong></span> <span class='ocrx_word' id='word_1_904' title='bbox 2993 5143 3169 5196; x_wconf 83' lang='lat' dir='ltr'><strong><em>cibum</em></strong></span> <span class='ocrx_word' id='word_1_905' title='bbox 3203 5144 3386 5212; x_wconf 83' lang='lat' dir='ltr'><strong><em>potius</em></strong></span> <span class='ocrx_word' id='word_1_906' title='bbox 3410 5139 3571 5212; x_wconf 86' lang='lat' dir='ltr'><strong><em>quam</em></strong></span> <span class='ocrx_word' id='word_1_907' title='bbox 3603 5140 3694 5195; x_wconf 83' lang='lat' dir='ltr'><strong><em>la-</em></strong></span> 
     </span>
    </p>
   </div>
   <div class='ocr_carea' id='block_1_123' title="bbox 2088 5211 3698 5282">
    <p class='ocr_par' dir='ltr' id='par_1_123' title="bbox 2088 5211 3698 5282">
     <span class='ocr_line' id='line_1_124' title="bbox 2088 5211 3698 5282; baseline 0.002 -20"><span class='ocrx_word' id='word_1_908' title='bbox 2088 5211 2311 5263; x_wconf 77' lang='lat' dir='ltr'><strong><em>sciviam</em></strong></span> <span class='ocrx_word' id='word_1_909' title='bbox 2340 5214 2556 5279; x_wconf 85' lang='lat' dir='ltr'><strong><em>cogites.</em></strong></span> <span class='ocrx_word' id='word_1_910' title='bbox 2585 5211 2671 5267; x_wconf 91' lang='lat' dir='ltr'><strong><em>Sic</em></strong></span> <span class='ocrx_word' id='word_1_911' title='bbox 2701 5211 2810 5266; x_wconf 92' lang='lat' dir='ltr'><strong><em>ille.</em></strong></span> <span class='ocrx_word' id='word_1_912' title='bbox 2839 5215 3031 5281; x_wconf 87' lang='lat' dir='ltr'><strong><em>Porro,</em></strong></span> <span class='ocrx_word' id='word_1_913' title='bbox 3047 5211 3353 5282; x_wconf 85' lang='lat' dir='ltr'><strong><em>jumentum</em></strong></span> <span class='ocrx_word' id='word_1_914' title='bbox 3379 5211 3587 5267; x_wconf 75' lang='lat' dir='ltr'><strong><em>dictum</em></strong></span> <span class='ocrx_word' id='word_1_915' title='bbox 3624 5212 3698 5267; x_wconf 83' lang='lat' dir='ltr'><strong><em>ab</em></strong></span> 
     </span>
    </p>
   </div>
   <div class='ocr_carea' id='block_1_124' title="bbox 2088 5282 3695 5355">
    <p class='ocr_par' dir='ltr' id='par_1_124' title="bbox 2088 5282 3695 5355">
     <span class='ocr_line' id='line_1_125' title="bbox 2088 5282 3695 5355; baseline 0.002 -22"><span class='ocrx_word' id='word_1_916' title='bbox 2088 5295 2145 5333; x_wconf 88' lang='lat' dir='ltr'><strong><em>eo</em></strong></span> <span class='ocrx_word' id='word_1_917' title='bbox 2173 5282 2495 5355; x_wconf 78' lang='lat' dir='ltr'><strong><em>quodjuvet,</em></strong></span> <span class='ocrx_word' id='word_1_918' title='bbox 2524 5284 2602 5336; x_wconf 89' lang='lat' dir='ltr'><strong><em>ait</em></strong></span> <span class='ocrx_word' id='word_1_919' title='bbox 2633 5285 2701 5355; x_wconf 89' lang='lat' dir='ltr'><strong><em>D.</em></strong></span> <span class='ocrx_word' id='word_1_920' title='bbox 2729 5284 3101 5355; x_wconf 85' lang='lat' dir='ltr'><strong><em>Hieronymus</em></strong></span> <span class='ocrx_word' id='word_1_921' title='bbox 3134 5286 3267 5355; x_wconf 87' lang='lat' dir='ltr'><strong><em>(Lib.</em></strong></span> <span class='ocrx_word' id='word_1_922' title='bbox 3304 5299 3347 5338; x_wconf 84' lang='grc' dir='ltr'><strong><em>ιι</em></strong></span> <span class='ocrx_word' id='word_1_923' title='bbox 3379 5287 3441 5338; x_wconf 86' lang='lat' dir='ltr'><strong><em>in</em></strong></span> <span class='ocrx_word' id='word_1_924' title='bbox 3465 5283 3695 5353; x_wconf 70' lang='lat' dir='ltr'><strong><em>Jovin.).</em></strong></span> 
     </span>
    </p>
   </div>
   <div class='ocr_carea' id='block_1_125' title="bbox 2086 5352 3703 5425">
    <p class='ocr_par' dir='ltr' id='par_1_125' title="bbox 2086 5352 3703 5425">
     <span class='ocr_line' id='line_1_126' title="bbox 2086 5352 3703 5425; baseline 0.002 -20"><span class='ocrx_word' id='word_1_925' title='bbox 2086 5365 2256 5421; x_wconf 89' lang='lat' dir='ltr'><strong><em>quare</em></strong></span> <span class='ocrx_word' id='word_1_926' title='bbox 2304 5366 2415 5425; x_wconf 84' lang='lat' dir='ltr'><strong><em>non</em></strong></span> <span class='ocrx_word' id='word_1_927' title='bbox 2442 5352 2626 5425; x_wconf 90' lang='lat' dir='ltr'><strong><em>inepte</em></strong></span> <span class='ocrx_word' id='word_1_928' title='bbox 2649 5354 2885 5425; x_wconf 89' lang='lat' dir='ltr'><strong><em>jumenti</em></strong></span> <span class='ocrx_word' id='word_1_929' title='bbox 2910 5352 3321 5413; x_wconf 47' lang='lat' dir='ltr'><strong><em>nomen.&#39;etiam</em></strong></span> <span class='ocrx_word' id='word_1_930' title='bbox 3350 5354 3569 5425; x_wconf 90' lang='lat' dir='ltr'><strong><em>corpori</em></strong></span> <span class='ocrx_word' id='word_1_931' title='bbox 3594 5352 3703 5409; x_wconf 79' lang='lat' dir='ltr'><strong><em>no-</em></strong></span> 
     </span>
    </p>
   </div>
   <div class='ocr_carea' id='block_1_126' title="bbox 2088 5420 3696 5500">
    <p class='ocr_par' dir='ltr' id='par_1_126' title="bbox 2088 5420 3696 5500">
     <span class='ocr_line' id='line_1_127' title="bbox 2088 5420 3696 5500; baseline 0.001 -23"><span class='ocrx_word' id='word_1_932' title='bbox 2088 5420 2235 5500; x_wconf 84' lang='lat' dir='ltr'><strong><em>stro,_</em></strong></span> <span class='ocrx_word' id='word_1_933' title='bbox 2258 5420 2407 5500; x_wconf 75' lang='lat' dir='ltr'><strong><em>velut</em></strong></span> <span class='ocrx_word' id='word_1_934' title='bbox 2449 5420 2928 5500; x_wconf 25' lang='lat' dir='ltr'><strong><em>anim‘aa&#39;jumento</em></strong></span> <span class='ocrx_word' id='word_1_935' title='bbox 2965 5434 3021 5482; x_wconf 89' lang='lat' dir='ltr'><strong><em>et</em></strong></span> <span class='ocrx_word' id='word_1_936' title='bbox 3045 5427 3376 5500; x_wconf 17' lang='lat' dir='ltr'><strong><em>Aadjumento</em></strong></span> <span class='ocrx_word' id='word_1_937' title='bbox 3398 5420 3696 5500; x_wconf 82' lang='lat' dir='ltr'><strong><em>tribuitur,</em></strong></span> 
     </span>
    </p>
   </div>
   <div class='ocr_carea' id='block_1_127' title="bbox 2092 5493 3700 5569">
    <p class='ocr_par' dir='ltr' id='par_1_127' title="bbox 2092 5493 3700 5569">
     <span class='ocr_line' id='line_1_128' title="bbox 2092 5493 3700 5569; baseline 0.002 -22"><span class='ocrx_word' id='word_1_938' title='bbox 2092 5493 2239 5564; x_wconf 91' lang='lat' dir='ltr'><strong><em>quod</em></strong></span> <span class='ocrx_word' id='word_1_939' title='bbox 2262 5494 2459 5550; x_wconf 63' lang='lat' dir='ltr'><strong><em>animat</em></strong></span> <span class='ocrx_word' id='word_1_940' title='bbox 2503 5493 2783 5569; x_wconf 76' lang='lat' dir='ltr'><strong><em>rationali,</em></strong></span> <span class='ocrx_word' id='word_1_941' title='bbox 2808 5493 3217 5569; x_wconf 65' lang='lat' dir='ltr'><strong><em>praesertim&#39;in</em></strong></span> <span class='ocrx_word' id='word_1_942' title='bbox 3257 5495 3700 5569; x_wconf 36' lang='lat' dir='ltr'><strong><em>actibusuvirtu-</em></strong></span> 
     </span>
    </p>
   </div>
   <div class='ocr_carea' id='block_1_128' title="bbox 2092 5566 3701 5641">
    <p class='ocr_par' dir='ltr' id='par_1_128' title="bbox 2092 5566 3701 5641">
     <span class='ocr_line' id='line_1_129' title="bbox 2092 5566 3701 5641; baseline 0.002 -22"><span class='ocrx_word' id='word_1_943' title='bbox 2092 5566 2599 5641; x_wconf 76' lang='lat' dir='ltr'><strong><em>tumexsequendis</em></strong></span> <span class='ocrx_word' id='word_1_944' title='bbox 2624 5566 2899 5641; x_wconf 79' lang='lat' dir='ltr'><strong><em>inservire,</em></strong></span> <span class='ocrx_word' id='word_1_945' title='bbox 2928 5579 2985 5626; x_wconf 91' lang='lat' dir='ltr'><strong><em>et</em></strong></span> <span class='ocrx_word' id='word_1_946' title='bbox 3026 5571 3230 5641; x_wconf 90' lang='lat' dir='ltr'><strong><em>absque</em></strong></span> <span class='ocrx_word' id='word_1_947' title='bbox 3256 5566 3701 5641; x_wconf 82' lang='lat' dir='ltr'><strong><em>contradictione</em></strong></span> 
     </span>
    </p>
   </div>
   <div class='ocr_carea' id='block_1_129' title="bbox 2093 5635 3703 5713">
    <p class='ocr_par' dir='ltr' id='par_1_129' title="bbox 2093 5635 3703 5713">
     <span class='ocr_line' id='line_1_130' title="bbox 2093 5635 3703 5713; baseline 0.002 -23"><span class='ocrx_word' id='word_1_948' title='bbox 2093 5635 2524 5713; x_wconf 7' lang='lat' dir='ltr'><strong><em>obedireqdebet,</em></strong></span> <span class='ocrx_word' id='word_1_949' title='bbox 2557 5646 2611 5694; x_wconf 92' lang='lat' dir='ltr'><strong><em>et</em></strong></span> <span class='ocrx_word' id='word_1_950' title='bbox 2639 5654 2778 5713; x_wconf 86' lang='lat' dir='ltr'><strong><em>onus</em></strong></span> <span class='ocrx_word' id='word_1_951' title='bbox 2806 5635 3126 5713; x_wconf 88' lang='lat' dir='ltr'><strong><em>impositum</em></strong></span> <span class='ocrx_word' id='word_1_952' title='bbox 3143 5635 3394 5713; x_wconf 77' lang='lat' dir='ltr'><strong><em>portare,</em></strong></span> <span class='ocrx_word' id='word_1_953' title='bbox 3424 5654 3585 5695; x_wconf 88' lang='lat' dir='ltr'><strong><em>more</em></strong></span> <span class='ocrx_word' id='word_1_954' title='bbox 3607 5638 3703 5711; x_wconf 89' lang='lat' dir='ltr'><strong><em>ju-</em></strong></span> 
     </span>
    </p>
   </div>
   <div class='ocr_carea' id='block_1_130' title="bbox 2095 5708 3700 5783">
    <p class='ocr_par' dir='ltr' id='par_1_130' title="bbox 2095 5708 3700 5783">
     <span class='ocr_line' id='line_1_131' title="bbox 2095 5708 3700 5783; baseline 0.003 -21"><span class='ocrx_word' id='word_1_955' title='bbox 2095 5708 2286 5783; x_wconf 65' lang='lat' dir='ltr'><strong><em>menti1</em></strong></span> <span class='ocrx_word' id='word_1_956' title='bbox 2325 5709 2491 5766; x_wconf 90' lang='lat' dir='ltr'><strong><em>Unde</em></strong></span> <span class='ocrx_word' id='word_1_957' title='bbox 2519 5725 2621 5783; x_wconf 77' lang='lat' dir='ltr'><strong><em>nec</em></strong></span> <span class='ocrx_word' id='word_1_958' title='bbox 2646 5708 2920 5769; x_wconf 77' lang='lat' dir='ltr'><strong><em>immerito</em></strong></span> <span class='ocrx_word' id='word_1_959' title='bbox 2949 5714 2993 5768; x_wconf 90' lang='lat' dir='ltr'><strong><em>ei</em></strong></span> <span class='ocrx_word' id='word_1_960' title='bbox 3024 5708 3420 5769; x_wconf 78' lang='lat' dir='ltr'><strong><em>consulendum</em></strong></span> <span class='ocrx_word' id='word_1_961' title='bbox 3460 5726 3525 5766; x_wconf 90' lang='lat' dir='ltr'><strong><em>ac</em></strong></span> <span class='ocrx_word' id='word_1_962' title='bbox 3563 5708 3700 5783; x_wconf 74' lang='lat' dir='ltr'><strong><em>pro-</em></strong></span> 
     </span>
    </p>
   </div>
   <div class='ocr_carea' id='block_1_131' title="bbox 2092 5779 3698 5865">
    <p class='ocr_par' dir='ltr' id='par_1_131' title="bbox 2092 5779 3698 5865">
     <span class='ocr_line' id='line_1_132' title="bbox 2092 5779 3698 5865; baseline 0.002 -31"><span class='ocrx_word' id='word_1_963' title='bbox 2092 5779 2410 5865; x_wconf 70' lang='lat' dir='ltr'><strong><em>videpdum,</em></strong></span> <span class='ocrx_word' id='word_1_964' title='bbox 2442 5781 2590 5865; x_wconf 77' lang='lat' dir='ltr'><strong><em>quod</em></strong></span> <span class='ocrx_word' id='word_1_965' title='bbox 2604 5782 2869 5865; x_wconf 82' lang='lat' dir='ltr'><strong><em>jumentis</em></strong></span> <span class='ocrx_word' id='word_1_966' title='bbox 2896 5785 3141 5865; x_wconf 63' lang='lat' dir='ltr'><strong><em>praestari</em></strong></span> <span class='ocrx_word' id='word_1_967' title='bbox 3176 5786 3313 5843; x_wconf 88' lang='lat' dir='ltr'><strong><em>solet</em></strong></span> <span class='ocrx_word' id='word_1_968' title='bbox 3340 5783 3479 5858; x_wconf 89' lang='lat' dir='ltr'><strong><em>(non</em></strong></span> <span class='ocrx_word' id='word_1_969' title='bbox 3504 5779 3698 5839; x_wconf 79' lang='lat' dir='ltr'><strong><em>tamen</em></strong></span> 
     </span>
    </p>
   </div>
   <div class='ocr_carea' id='block_1_132' title="bbox 2092 5850 3152 5925">
    <p class='ocr_par' dir='ltr' id='par_1_132' title="bbox 2092 5850 3152 5925">
     <span class='ocr_line' id='line_1_133' title="bbox 2092 5850 3152 5925; baseline 0.008 -19"><span class='ocrx_word' id='word_1_970' title='bbox 2092 5850 2529 5925; x_wconf 82' lang='lat' dir='ltr'><strong><em>indulgendum),</em></strong></span> <span class='ocrx_word' id='word_1_971' title='bbox 2562 5850 2652 5910; x_wconf 86' lang='lat' dir='ltr'><strong><em>hic</em></strong></span> <span class='ocrx_word' id='word_1_972' title='bbox 2679 5863 2868 5912; x_wconf 87' lang='lat' dir='ltr'><strong><em>monet</em></strong></span> <span class='ocrx_word' id='word_1_973' title='bbox 2894 5850 3152 5914; x_wconf 80' lang='lat' dir='ltr'><strong><em>Collator.</em></strong></span> 
     </span>
    </p>
   </div>
   <div class='ocr_carea' id='block_1_133' title="bbox 3003 5001 3690 5069">
    <p class='ocr_par' dir='ltr' id='par_1_133' title="bbox 3003 5001 3690 5069">
     <span class='ocr_line' id='line_1_134' title="bbox 3003 5001 3690 5069; baseline -0.003 -15"><span class='ocrx_word' id='word_1_974' title='bbox 3003 5004 3133 5068; x_wconf 86' lang='lat' dir='ltr'><strong><em>Ego,</em></strong></span> <span class='ocrx_word' id='word_1_975' title='bbox 3164 5001 3363 5069; x_wconf 81' lang='lat' dir='ltr'><strong><em>inquit,</em></strong></span> <span class='ocrx_word' id='word_1_976' title='bbox 3388 5001 3565 5059; x_wconf 79' lang='lat' dir='ltr'><strong><em>aselle,</em></strong></span> <span class='ocrx_word' id='word_1_977' title='bbox 3595 5002 3690 5065; x_wconf 77' lang='lat' dir='ltr'><strong><em>fa—</em></strong></span> 
     </span>
    </p>
   </div>
  </div>
