4034 6212
255 275 351 332 869

1318 262 1658 322 COLLATIO
1696 264 1810 321 ΧΠ.
1849 294 1922 306 -—-
1956 263 2050 321 DE
2085 266 2490 324 CASTITATE.

3458 280 3564 335 870

250 399 480 471 Spiritus
491 397 632 453 enim
642 396 930 466 promptus
942 397 1038 461 est,
1057 405 1182 448 caro
1196 370 1838 462 auteminﬁrmamatth.
1873 394 1928 458 Α
1953 405 2078 464 qua
2111 389 2458 461 desideratis,
2493 391 2808 466 diligentius
2831 393 3156 470 indaganda,
3192 399 3390 458 mentis
3429 416 3564 474 quo-

248 496 450 560 xxvr):
481 503 606 562 qua
643 487 810 545 etiam
854 498 1005 544 nunc
1031 485 1112 542 vel
1143 485 1324 558 exigui
1353 485 1458 542 cibi
1496 485 1850 558 perceptione
1957 500 2068 558 que
2095 485 2332 545 addatur
2358 487 2610 546 intentio.

247 583 478 642 curanda
503 590 604 650 est,
643 590 706 638 ut
736 589 858 654 post
882 578 1276 654 perfectionem
1302 579 1442 652 ejus,
1491 578 1660 636 etiam
1688 579 1760 636 ad
1786 594 1852 636 ea

963 833 1474 937 COLLA
1491 834 1750 936 T10
1834 836 1945 934 D
1961 833 2833 957 UODECIMA,
2932 774 2939 781 ’

1177 1009 1334 1082 Quae
1368 1009 1471 1072 est
1508 1003 1806 1072 secunda
1845 1003 2112 1070 abbatis
2147 1004 2626 1072 Chaeremonis.

1663 1127 1745 1178 DE
1781 1126 2152 1179 CASTI'I‘ATE.

1754 1267 2074 1280 _—

751 1365 993 1423 CAPUT
1044 1367 1360 1423 PRIMUM.

310 1458 636 1516 Reiectione
683 1467 983 1529 transacta,
1029 1475 1150 1530 quae
1184 1458 1454 1515 doctrinm
1491 1456 1679 1514 cibum
1707 1456 1854 1515 desi-

240 1552 568 1610 derantibus
609 1553 772 1610 nobis
821 1569 1049 1610 onerosa
1095 1552 1266 1626 magis
1296 1552 1416 1609 visa
1449 1561 1532 1608 est
1561 1567 1731 1624 quam
1763 1551 1852 1622 ju-

240 1646 422 1704 cunda
444 1689 464 1718 ,
515 1663 643 1704 cum
687 1648 830 1704 illico
858 1663 959 1704 nos
997 1647 1248 1720 promissi
1286 1647 1557 1704 sermonis
1603 1645 1854 1704 debitum

237 1753 412 1796 senex
441 1748 756 1810 exspectare
781 1741 1046 1797 sensisset
1072 1761 1083 1795 :
1127 1741 1296 1796 Grata
1323 1749 1409 1796 est
1428 1781 1444 1810 ,
1474 1740 1687 1812 inquit,
1717 1737 1854 1794 mihi

1965 1365 2204 1419 membra
2243 1369 2420 1421 vestra
2447 1380 2566 1436 quae
2597 1369 2725 1421 sunt
2756 1380 2919 1437 super
2957 1372 3158 1423 terram
3189 1365 3405 1438 (Coloss.
3447 1375 3569 1436 Ill).

1964 1457 2125 1514 Prius
2150 1473 2278 1532 ergo
2312 1474 2476 1532 quam
2507 1468 2701 1516 caetera
2729 1469 3156 1532 perscrutemur,
3181 1477 3303 1534 qua:
3329 1462 3431 1518 ista
3458 1463 3570 1518 sint

1960 1551 2211 1608 membra
2279 1568 2402 1624 quae
2447 1553 2770 1609 mortiﬁcari
2817 1555 3136 1626 praeceperit
3159 1597 3175 1624 ,
3224 1554 3564 1627 indagemus.

1962 1647 2193 1718 l'Neque
2217 1645 2365 1702 enim
2389 1646 2580 1704 beatus
2604 1647 2906 1720 Apostolus
2929 1648 2998 1704 ad
3023 1648 3418 1704 abscissionem
3445 1665 3564 1705 ma-

1965 1755 2139 1796 nuum
2171 1748 2268 1796 aut
2287 1740 2506 1812 pedum,
2539 1750 2636 1798 aut
2664 1741 2989 1814 genitalium
3013 1742 3218 1811 immiti
3243 1758 3344 1797 nos
3369 1757 3574 1813 praece-

236 1848 354 1890 non
383 1801 568 1890 solum
607 1835 838 1890 attonita
862 1833 931 1890 ad
959 1833 1282 1896 discendum
1321 1801 1520 1890 vestrae
1551 1801 1758 1890 mentis
1786 1833 1860 1888 in—
1885 1801 1935 1864 Β
1968 1833 2152 1904 ptione
2199 1801 2502 1907 compellit,
2533 1834 2630 1891 sed
2659 1801 2698 1870 ἶ
2709 1851 2908 1908 corpus
2935 1806 3162 1907 peccati,
3193 1834 3343 1907 quod
3373 1801 3571 1907 utique

237 1929 420 1984 tentio
447 1968 464 1996 ,
512 1928 608 1984 sed
641 1930 807 1985 etiam
865 1928 1153 2000 disciplina
1189 1930 1484 2001 propositae
1513 1928 1852 2002 quaestionis.

239 2021 620 2078 Rationabilis
673 2022 821 2078 enim
885 2037 1072 2078 revera
1121 2023 1567 2094 interrogationis
1615 2039 1648 2079 a
1706 2023 1860 2079 vobis

239 2112 388 2169 οι·ᾶο
420 2124 668 2171 servatus
708 2123 810 2170 est.
843 2117 1076 2171 Necesse
1101 2124 1186 2172 est
1212 2116 1361 2170 enim
1390 2123 1452 2171 ut
1478 2124 1593 2171 tam
1635 2117 1860 2173 excelsa:

235 2205 648 2279 plenitudinem
679 2209 965 2266 charitatis'
1017 2208 1285 2266 immensa
1331 2209 1426 2265 illa
1479 2208 1734 2280 perfectae
1775 2217 1862 2264 at-

233 2315 349 2372 que
405 2309 689 2373 perpetua:
749 2303 1094 2359 castimoniae
1143 2301 1368 2374 praemia
1427 2309 1863 2374 consequantur,

232 2407 454 2466 parque
501 2394 574 2450 sit
619 2395 883 2467 gaudium
916 2396 972 2452 in
1017 2404 1167 2452 tanta
1221 2396 1492 2468 parilitate
1534 2396 1862 2467 palmarum.

233 2491 418 2546 Tanta
461 2488 611 2546 enim
655 2489 761 2546 sibi
797 2491 1053 2548 societate
1099 2487 1460 2554 foederantur,
1499 2497 1560 2546 ut
1588 2505 1697 2546 una
1737 2490 1858 2546 abs-

233 2599 348 2655 que
387 2582 566 2640 altera
593 2593 831 2656 nequeat
871 2583 1153 2656 possideri.
1200 2585 1324 2640 Hoc
1359 2583 1526 2655 igitur
1553 2584 1860 2656 propositio

230 2687 419 2736 vestra
451 2681 740 2752 complexa
783 2689 887 2746 est,
937 2687 1000 2736 ut
1032 2689 1220 2736 utrum
1248 2689 1274 2715 ⁸
1302 2679 1446 2751 ignis
1481 2678 1573 2735 ille
1599 2679 1860 2750 concupi-

229 2773 494 2842 scentiae,
541 2773 695 2846 cujus
721 2773 841 2831 haec
885 2789 1011 2830 caro
1042 2773 1188 2830 velut
1215 2773 1448 2829 insitum
1490 2773 1658 2829 sentit
1701 2771 1864 2828 ardo-

227 2883 380 2937 rem,
409 2867 486 2926 ad
513 2869 737 2941 plenum
762 2870 933 2940 possit
955 2867 1250 2942 exstingui,
1289 2867 1664 2940 disputatione
1690 2864 1864 2922 simili

1963 1934 2181 1983 constat
2211 1943 2273 1982 ex
2303 1928 2590 1996 membris,
2639 1929 2960 2002 quantocius
3000 1928 3202 1986 destrui
3247 1929 3365 1984 zelo
3395 1928 3568 2000 perle-

1963 2030 2066 2078 cta:
2094 2021 2365 2078 desiderat
2409 2023 2734 2092 sanctitatis,
2773 2023 2840 2080 de
2885 2039 2997 2096 quo
3045 2039 3278 2098 corpore
3321 2023 3474 2090 alibi,
3513 2029 3574 2078 ut

1963 2117 2295 2180 destruatur,
2317 2117 2531 2189 .inquit,
2565 2134 2753 2189 corpus
2771 2121 2982 2189 peccati
3005 2119 3176 2189 (Rom.
3207 2118 3317 2189 γι).
3347 2120 3419 2173 Et
3447 2133 3572 2189 quae

1965 2211 2038 2266 sit
2084 2211 2200 2283 ejus
2239 2211 2561 2280 destructio,
2610 2220 3006 2282 consequenter
3055 2212 3294 2284 exponit,
3337 2218 3400 2267 ut
3419 2213 3564 2282 jam,

1965 2303 2158 2375 inquit,
2211 2320 2318 2358 non
2359 2308 2654 2360 serviamus
2692 2310 2908 2376 peccato
2947 2309 3120 2372 (Rom.
3178 2309 3310 2374 vn).
3361 2307 3412 2360 Α
3459 2313 3602 2376 quo‘

1967 2397 2128 2453 etiam
2151 2413 2209 2454 se
2226 2397 2444 2455 liberari
2481 2415 2609 2455 cum
2634 2399 2836 2472 ejulatu
2862 2399 3122 2470 postulat,
3149 2399 3336 2456 dicens
3367 2417 3381 2455 :
3416 2401 3572 2467 Infe-

1967 2489 2050 2546 lim
2084 2507 2178 2560 ego
2221 2493 2406 2556 homo,
2447 2495 2569 2562 quis
2608 2509 2691 2547 me
2737 2493 2988 2548 liberabit
3029 2493 3096 2548 de
3140 2508 3359 2564 corpore
3385 2492 3578 2546 mortis

1971 2583 2130 2654 hujus
2145 2589 2174 2639 ?

2592 2679 2835 2736 CAPUT
2885 2682 2962 2734 ΙΙ.

2237 2777 2314 2830 De
2340 2789 2554 2845 corpore
2572 2776 2783 2844 peccati
2807 2778 2856 2829 et
2881 2774 3132 2829 membris
3164 2773 3299 2843 ejus.

2042 2867 2165 2922 Hoc
2203 2867 2388 2938 itaque
2416 2866 2622 2938 peccati
2653 2881 2854 2938 corpus
2881 2866 3074 2922 multis
3107 2865 3365 2921 vitiorum
3389 2877 3572 2919 mem-

227 2961 645 3034 panderemus.
674 2965 758 3018 De
785 2979 892 3034 quo
919 2964 1161 3034 primum
1191 2961 1322 3034 quid
1342 2962 1536 3020 beatus
1564 2960 1864 3032 Apostolus
1969 2958 2083 3016 bris
2109 2959 2379 3031 probatur
2410 2967 2790 3027 exstructum;
2819 2967 2875 3015 et
2898 2957 2966 3015 ad
3001 2959 3119 3030 ejus
3147 2959 3338 3014 attinet
3363 2957 3570 3028 portio-

229 3054 494 3112 senserit
535 3053 838 3126 diligentius
876 3055 1218 3126 inquiramus
1244 3073 1260 3110 :
1290 3058 1626 3125 Mortiﬁcate,
1663 3055 1862 3127 inquit,
1969 3068 2101 3110 nem
2127 3040 2156 3084 δ
2207 3050 2466 3124 quidquid
2507 3051 2586 3107 vel
2616 3049 2784 3114 facto,
2831 3051 2910 3106 vel
2941 3051 3109 3119 dicto,
3140 3050 3221 3106 vel
3251 3049 3580 3122 cogitatione

1357 3204 1612 3262 ALARDI
1649 3205 1874 3261 GAZIEI
1914 3204 2476 3262 COMMENTARIUS.

305 3359 334 3387 ⁸
376 3347 448 3420 Id
496 3355 600 3417 est,
649 3357 836 3404 motus
860 3347 1117 3420 libidinis.
1145 3346 1658 3420 Concupiscentiam
1683 3347 1866 3420 ignem
1898 3352 1942 3415 C
1973 3355 2251 3420 mentatur
2313 3362 2378 3402 ex
2445 3345 2609 3420 variis
2662 3353 3012 3420 peccatorum
3044 3347 3372 3420 generibus,
3413 3345 3578 3420 veiuti

225 3419 556 3494 quemdam
584 3415 703 3494 esse
728 3420 1005 3494 internum
1037 3418 1198 3475 docet
1233 3415 1508 3494 illaiPauli
1537 3415 1803 3494 sententia
1847 3437 1862 3474 :
1974 3417 2240 3494 membris
2285 3425 2342 3494 et
2385 3415 2602 3494 actibus
2651 3415 2906 3494 diversis.
2957 3415 3280 3488 Cujusmodi
3331 3417 3579 3494 membra
3615 3454 3623 3464 ι

223 3486 454 3569 Bonum
493 3495 579 3569 est
605 3491 801 3569 nubere
825 3493 996 3569 magis
1023 3507 1186 3569 quam
1211 3492 1304 3569 uri
1325 3491 1512 3569 (l‘Cpr.
1541 3493 1674 3569 vn).
1694 3491 1867 3544 Item-
1974 3502 2108 3569 moui
2129 3488 2196 3543 ab
2219 3486 2702 3569 eodem_Apostol_o
2745 3486 3167 3569 enumerantur;
3185 3502 3309 3558 quae
3329 3487 3577 3569 sequenti

223 3580 342 3640 que
375 3563 492 3619 alia
516 3561 765 3640 ejusdem
790 3580 803 3617 :
831 3557 1339 3640 Sumentesscutum
1361 3562 1508 3640 ﬁdei,
1537 3563 1594 3616 in
1622 3576 1866 3640 quppos-
1974 3559 2147 3640 capite
2203 3557 2582 3640 particulatim
2619 3565 2674 3613 et
2719 3557 2985 3640 spirituali
3017 3557 3255 3640 quadam
3303 3557 3577 3640 anatomia

219 3629 360 3692 s'itis
389 3629 596 3690 omnia
626 3635 733 3687 tela
754 3635 1071 3704 nequissimi
1095 3636 1254 3702 ignea
1279 3629 1859 3704 exstinguere—(pres.
1973 3629 2330 3704 eXplicantur.
2361 3630 2534 3704 Super
2561 3634 2766 3685 terram
2791 3629 3074 3704 autem,_id
3097 3639 3180 3686 est
3202 3639 3442 3704 terrena,
3467 3629 3580 3704 sive

218 3708 342 3783 γε).
374 3707 542 3783 Hinc
572 3707 768 3783 Patres
781 3700 976 3775 passim
1009 3700 1210 3783 ignem,
1246 3700 1862 3783 ﬂammam,_fmnitem,
1969 3703 2246 3783 terrestria
2277 3715 2398 3783 esse
2425 3701 2702 3783 dicuntur,
2749 3700 2898 3783 quod
2923 3701 3240 3783 hujusniodi
3262 3701 3406 3783 _vitia
3432 3701 3580 3783 velut

220 3771 594 3835 incentivum
615 3817 630 3840 ,
674 3771 926 3831 ardorem
953 3818 966 3844 ,
1001 3771 1082 3830 vél
1121 3783 1320 3831 aestum
1369 3773 1612 3830 libidinis
1642 3781 1858 3830 vocant.
1973 3771 2032 3826 in
2053 3780 2257 3828 terram
2277 3771 2608 3844 deprimant
2633 3771 2940 3844 hominem,
2981 3771 3034 3827 et
3061 3789 3091 3828 a
3119 3775 3238 3828 Deo
3251 3773 3580 3844 longissime

217 3851 299 3907 D.
337 3846 692 3906 Ambrosius
735 3847 828 3901 lib.
871 3842 984 3903 Ide
1033 3845 1403 3902 Poenitentia:
1443 3846 1633 3900 Libido
1676 3849 1862 3914 gravis
1970 3853 2238 3900 avertant:
2293 3842 2377 3899 de'
2424 3858 2660 3914 quorum
2713 3842 3136 3898 mortiﬁcatione
3173 3842 3380 3914 agitur'
3405 3843 3580 3912 capite

219 3923 386 3992 ignis
420 3925 551 3977 est:
583 3922 634 3972 et
672 3917 788 3992 ideo
821 3933 928 3992 non
947 3917 1204 3992 debemus
1237 3917 1324 3992 illi
1345 3916 1607 3992 alimenta
1630 3917 1868 3992 praebere

220 3985 514 4048 luxuriae.
564 3990 812 4042 Pascitur
854 3986 1024 4039 libido
1049 3986 1336 4048 conviviis,
1367 3987 1612 4036 nutritur
1637 3985 1867 4048 delictis,

213 4067 358 4120 vino
380 4059 738 4118 accenditur,
767 4057 1026 4110 ebrietate
1046 4055 1375 4124 ﬂammatur.
1402 4056 1476 4124 Ι).
1497 4052 1870 4124 Hieronymus

217 4135 296 4192 ad
328 4132 583 4192 Furiam
608 4127 774 4196 epist.
807 4132 871 4180 ιο
899 4143 913 4179 :
939 4123 1206 4180 Ardentes
1235 4123 1466 4196 diaboli
1485 4125 1699 4191 sagitta
1715 4123 1866 4194 jeju-

213 4209 470 4263 niorum
503 4205 553 4254 et
578 4195 895 4265 vigiliarum
923 4197 1104 4265 rigore
1119 4195 1514 4264 restinguenda
1540 4199 1685 4248 sunt.

290 4270 324 4308 υ
367 4275 581 4340 Neque
604 4265 854 4340 Christus
885 4266 1175 4340 Dominus,
1203 4281 1331 4321 cum
1356 4265 1610 4321 similiter
1639 4265 1715 4320 ait
1743 4267 1868 4340 :_Si

213 4347 432 4404 oculus
459 4336 593 4395 tuus
608 4339 801 4394 dexter
825 4337 1158 4393 scandalizat
1189 4341 1258 4401 te,
1285 4354 1411 4392 erue
1431 4352 1570 4400 eum,
1593 4343 1644 4392 et
1662 4336 1868 4408 projice

212 4417 327 4474 abs
362 4418 446 4470 te.
482 4411 619 4465 Haec
649 4408 798 4465 enim
830 4409 1197 4480 metaphorice
1229 4408 1609 4479 intelliguntur
1637 4416 1732 4464 aut
1765 4411 1866 4480 hy-

209 4482 665 4561 perbolice,__ut_
691 4489 886 4561 notant
921 4480 1454 4561 interpretes_(Vute_
1490 4483 1642 4535 Joan.
1689 4480 1862 4561 Mald.

205 4549 282 4614 in
326 4572 376 4613 ν
426 4553 694 4618 Matth.).
737 4549 1107 4624 Metaphorice
1142 4549 1360 4624 quidem
1411 4552 1456 4606 si
1506 4565 1600 4622 per
1646 4549 1867 4624 oculum

205 4628 518 4687 dextrum
557 4633 612 4680 et
636 4639 862 4679 manum
882 4621 1550 4693 ‘dextram'intelligamus
1580 4637 1670 4678 res
1705 4621 1868 4678 nobis

207 4697 616 4758 charissimas
643 4703 699 4750 et
744 4693 1168 4766 pretiosissimas
1219 4707 1354 4764 quas
1403 4707 1434 4747 a
1479 4693 1636 4766 nobis
1683 4693 1868 4763 potius

1977 3915 2163 3970 tertio.

2048 3984 2383 4056 f'Vulgaris,
2408 3983 2602 4041 divisio
2665 3983 2870 4056 peccati
2922 3985 2976 4039 in
3026 3990 3312 4056 peccatum
3363 3981 3578 4046 cordis,

1978 4053 2089 4108 oris
2120 4063 2199 4124 iet
2226 4053 2436 4124 foperis,
2475 4071 2504 4108 a
2557 4057 2621 4110 D.
2666 4053 3008 4124 Hieronymo
3027 4053 3214 4108 relata
3244 4055 3297 4108 in
3341 4069 3390 4107 c.
3422 4068 3581 4110 XLIII

1979 4123 2294 4188 Ezechielis,
2323 4123 2391 4177 ad
2417 4124 2536 4179 haec
2563 4123 2726 4178 verba
2760 4142 2773 4178 :
2804 4123 3012 4193 Septem
3051 4125 3240 4178 diebus
3271 4126 3438 4191 facies
3464 4125 3578 4178 hir-

1977 4208 2099 4246 cum
2119 4209 2221 4263 pro
2243 4197 2458 4262 peccato
2485 4195 2746 4262 quotidie,
2786 4198 2836 4247 et
2858 4195 3113 4261 uitulum,
3141 4199 3192 4248 et
3231 4198 3474 4250 arietem.
3518 4197 3580 4251 In

1975 4264 2139 4332 hirco,
2162 4263 2360 4334 inquit,
2390 4268 2442 4318 et
2459 4265 2650 4332 vitulo,
2675 4269 2726 4319 et
2752 4265 2924 4319 ariete
2947 4267 3059 4320 tria
3085 4267 3361 4334 generalia
3389 4267 3583 4321 delicta

1973 4340 2368 4408 monstrantur,
2405 4335 2604 4406 quibus
2623 4352 2774 4390 omne
2795 4338 3105 4391 mortalium
3127 4337 3367 4408 subjacet
3393 4354 3578 4407 genus.

1974 4407 2092 4462 Aut
2128 4409 2268 4462 enim
2290 4408 2729 4477 cogitationibus,
2761 4413 2862 4462 aut
2885 4424 3142 4471 sermone,
3173 4407 3274 4464 aut
3297 4425 3452 4479 opere
3468 4425 3584 4480 pec-

1977 4493 2181 4533 camus.
2223 4479 2491 4548 Cogitatio
2519 4482 2761 4548 refertur
2779 4480 2854 4534 ad
2881 4483 3122 4543 arietem,
3149 4497 3270 4550 qua:
3291 4479 3484 4550 prima
3502 4487 3582 4538 est

1978 4553 2218 4605 omnium
2243 4555 2604 4622 peccatorum,
2636 4555 2690 4606 et
2715 4565 2784 4605 em
2819 4567 2930 4620 qua
2959 4553 3074 4606 alia
3102 4552 3208 4607 duo
3240 4559 3460 4623 peccata
3486 4569 3582 4607 no-

1975 4627 2222 4676 scuntur.
2253 4624 2452 4678 Haedus
2479 4627 2660 4677 autem
2683 4625 2794 4677 sive
2822 4623 3024 4686 hircus,
3061 4623 3136 4677 ad
3159 4626 3447 4692 eloquium,
3473 4625 3584 4676 sive

1975 4705 2288 4756 sermonem,
2298 4697 2416 4774 qui
2424 4709 2638 4774 semper
2651 4694 2718 4774 de
2731 4695 3012 4774 eajcelsiori
3017 4695 3114 4774 bus
3130 4693 3394 4774 disputat.
3414 4693 3582 4774 Opera

206 4771 500 4844 abjicere
528 4759 790 4822 debemus
825 4781 990 4838 quam
1031 4772 1093 4821 ut
1129 4759 1319 4820 earum
1363 4763 1646 4818 occasione
1663 4759 1870 4888 (pecce-
1897 4759 1948 4822 D
1974 4778 2100 4818 vero
2113 4759 2342 4836 proprie
2354 4767 2523 4819 vitulo
2537 4759 2892 4834 deputantur,
2913 4766 3171 4833 quoniam
3427 4759 3477 4816 et
3505 4763 3584 4816 la-

206 4858 361 4888 mus
379 4883 395 4888 _
473 4837 841 4888 anerholice
887 4851 1038 4888 vero.
1087 4836 1366 4888 subposita
1407 4833 1509 4888 hac
1557 4849 1660 4888 con
1701 4834 1870 4888 itione
1981 4835 2118 4888 bori.
2141 4840 2194 4888 et
2215 4839 2446 4888 terrenis
2463 4837 2714 4888 oneribus
2733 4837 3075 4888 mancipatus
3095 4836 3190 4886 est.
3215 4835 3296 4886 Ita
3319 4833 3584 4888 Hieronv-

203 4833 396 4919 mus.
473 4833 866 4919 Hyperbolice:
887 4851 1038 4919 vero,
1087 4836 1366 4919 supposita
1407 4833 1509 4919 hac
1557 4833 1870 4919 conditione

204 4914 312 4970 vel
345 4903 729 4990 exceptione,
761 4909 810 4990 si
833 4908 953 4990 ﬁeri
974 4903 1266 4990 pesset'vei
1297 4905 1502 4990 ticeret,
1529 4912 1590 4960 ut
1701 4920 1868 4990 euag-

203 4976 656 5062 gerationibus.
698 4978 812 5062 ﬁeri
874 4976 1032 5034 solet.
1080 4977 1360 5062 Significat
1411 4977 1558 5062 enim
1619 4976 1870 5033 Christus

204 5047 496 5130 quodvis
546 5049 726 5122 potius
752 5049 1025 5130 damnum
1049 5047 1211 5130 nobis
1264 5047 1648 5130 subeundum2
1704 5063 1869 5130 quam

206 5117 474 5200 éulpam
511 5117 634 5178 :'eo
675 5120 892 5200 quidem
919 5135 1114 5191 usque,
1158 5128 1221 5200 ut
1247 5119 1330 5200 vel
1361 5117 1582 5200 oculum
1615 5117 1869 5200 dextrum

203 5189 338 5257 vel‘
366 5198 652 5254 dextram
692 5189 850 5248 nobis
889 5189 1124 5248 manum
1171 5189 1592 5257 abscindamus,
1631 5189 1676 5244 si
1714 5190 1872 5244 aliter

203 5277 554 5346 peccatum
595 5263 838 5346 effugere
868 5279 990 5346 non
1020 5261 1342 5346 possimus:
1381 5260 1474 5317 sed
1503 5261 1629 5343 quia
1656 5276 1873 5346 semper

204 5332 586 5417 possumus,
613 5332 768 5392 nefas
805 5343 888 5392 est
917 5332 1163 5406 aliquam
1190 5332 1350 5390 nobis
1377 5333 1624 5404 corporis
1659 5341 1869 5404 partem

206 5409 608 5473 abscindere.

295 5496 322 5522 ο
355 5485 606 5551 Corpus
621 5480 862 5551 peccati,
881 5477 1100 5551 passim
1130 5484 1289 5551 vocat
1304 5476 1600 5550 Apostolus
1629 5483 1870 5551 veterem

204 5547 573 5616 hominem,
604 5547 672 5606 de
699 5565 810 5622 quo
842 5547 958 5604 ait:
1000 5547 1380 5622 Emspoliantes
1405 5563 1496 5604 vos
1522 5552 1749 5622 veterem
1777 5547 1870 5622 ho-

201 5633 454 5684 minem
490 5637 614 5677 cum
649 5617 860 5676 actibus
907 5622 1055 5687 suis;
1084 5617 1231 5692 quod
1261 5619 1404 5676 idem
1461 5627 1543 5674 est
1575 5633 1640 5673 ac
1689 5617 1824 5672 illud
1852 5634 1867 5672 :

203 5699 588 5767 Mortiﬁcate
613 5693 851 5767 membra
900 5695 1102 5767 uestra,
1131 5707 1253 5767 qua-
1277 5695 1408 5767 sunt
1446 5705 1609 5767 super
1644 5692 1864 5744 terram.

203 5761 594 5828 Sicut'enim
623 5764 813 5829 homo,
853 5763 936 5834 vel
967 5761 1162 5834 corpus
1203 5762 1439 5818 hominis
1463 5761 1627 5818 variis
1655 5767 1873 5834 constat

203 5835 574 5904 membris;
604 5835 676 5892 ita
715 5844 878 5893 vetus
904 5832 1096 5904 homo,
1119 5848 1214 5890 seu
1240 5848 1440 5906 corpus
1465 5832 1674 5906 peccati
1703 5846 1871 5904 coag-

1981 4831 2194 4897 bori,_et
2211 4831 2446 4890 terrenis
2463 4831 2714 4904 operibus
2733 4831 3075 4904 mancipatus
3095 4836 3190 4886 est.
3215 4831 3584 4904 ltaiﬂierony-

1979 4920 2125 4958 mus.
2155 4907 2224 4959 Et
2251 4905 2308 4958 in
2351 4902 2602 4960 eamdem
2629 4902 2954 4958 sententiam
2987 4905 3057 4958 D.
3080 4903 3419 4972 Augustinus
3449 4902 3578 4960 eon-

1977 4983 2061 5030 tra
2094 4975 2356 5030 Faustum
2391 4973 2758 5030 Manichaaum
2785 4974 2922 5046 (Lib.
2964 4989 3032 5039 ll,
3063 4990 3108 5030 c.
3141 4980 3232 5042 27)
3259 4995 3270 5030 :
3303 4978 3581 5032 Peccatum

1978 5053 2057 5101 est
2081 5047 2309 5112 factum,
2335 5047 2418 5100 rel
2447 5046 2674 5113 dictum,
2695 5047 2779 5101 vel
2805 5050 3142 5118 concupitum
3163 5047 3381 5118 aliquid
3399 5053 3581 5102 contra

1979 5121 2234 5171 aeternam
2263 5119 2430 5186 legem
2455 5136 2470 5171 :
2491 5120 2602 5174 Lex
2628 5133 2752 5173 vero
2771 5123 2971 5174 (eterna
2989 5123 3068 5174 est
3085 5120 3238 5173 ratio
3261 5119 3471 5185 divina,
3500 5118 3586 5172 vel

1977 5189 2245 5260 voluntas,
2266 5191 2385 5260 Dei,
2416 5197 2519 5244 etc.
2549 5190 2680 5244 Hazc
2702 5199 2884 5245 autem
2913 5189 3108 5246 divisio
3132 5187 3337 5260 peccati
3366 5203 3475 5260 non
3501 5196 3584 5260 est

1978 5259 2190 5332 generis
2235 5259 2291 5315 in
2319 5259 2560 5332 diversas
2594 5261 2841 5332 species:
2885 5257 3254 5332 sedejusdem
3283 5257 3477 5330 speciei
3525 5259 3582 5315 in

1983 5329 2230 5387 diversos
2259 5331 2486 5398 gradus,
2536 5337 2596 5386 ut
2626 5329 2797 5388 'docet
2833 5335 2906 5387 D.
2939 5329 3183 5387 Thomas
3220 5334 3356 5394 (1-2,
3410 5347 3467 5401 q.
3513 5337 3582 5386 62

1979 5407 2088 5458 art.
2109 5405 2190 5468 7).
2217 5407 2342 5460 Haec
2361 5407 2504 5459 enim
2525 5405 2658 5467 tria,
2678 5402 2873 5474 inquit,
2883 5405 3162 5474 pertinent
3179 5402 3254 5456 ad
3273 5417 3439 5456 unam
3453 5418 3582 5472 per-

1973 5476 2179 5542 fectam
2207 5480 2258 5529 et
2279 5477 2594 5546 completam
2626 5473 2836 5544 peccati
2859 5473 3083 5545 speciem
3105 5515 3118 5540 ,
3163 5489 3284 5528 cum
3313 5474 3382 5528 ab
3405 5473 3583 5528 eodem

1979 5547 2176 5600 motivo
2195 5547 2508 5616 procedant.
2533 5547 2834 5600 Iracundus
2861 5549 3000 5601 enim
3025 5562 3093 5599 ea-
3122 5546 3216 5600 hoc
3249 5546 3395 5616 quod
3415 5561 3586 5616 appe-

1981 5619 2052 5672 tit
2073 5617 2390 5689 uindictam,
2418 5620 2596 5688 primo
2617 5618 2836 5688 quidem
2849 5617 3208 5689 perturbatur
3231 5619 3291 5672 in
3313 5618 3484 5682 corde,
3507 5631 3588 5671 se-

1981 5688 2169 5762 cundo,
2206 5691 2264 5744 in
2297 5690 2458 5744 verba
2497 5688 2875 5745 contumeliosa
2913 5691 3240 5762 prorumpit,
3275 5693 3433 5746 tertio
3460 5701 3583 5762 vero

1978 5761 2221 5829 procedit
2261 5777 2431 5832 usque
2473 5762 2548 5816 ad
2575 5765 2730 5831 facta
2756 5754 3048 5832 injuriosa,
3088 5754 3155 5818 et'
3166 5762 3310 5819 idem
3336 5763 3490 5833 patet
3517 5754 3625 5824 de,

1982 5833 2204 5888 luxuria-
2231 5838 2286 5888 et
2321 5833 2560 5904 quolibet
2581 5834 2691 5890 alio
2704 5838 2940 5906 peccato.
