  <div class='ocr_page' id='page_1' title='image "/cluster/home/n/w/nwhite01/storage/ocr_20150623/49/hvd.32044096580709/443.png"; bbox 0 0 4040 6206; ppageno 0'>
   <div class='ocr_carea' id='block_1_1' title="bbox 486 280 583 336">
    <p class='ocr_par' dir='ltr' id='par_1_1' title="bbox 486 280 583 336">
     <span class='ocr_line' id='line_1_1' title="bbox 486 280 583 336; baseline -0.01 0"><span class='ocrx_word' id='word_1_1' title='bbox 486 280 583 336; x_wconf 81' lang='grc'><strong>871</strong></span> 
     </span>
    </p>
   </div>
   <div class='ocr_carea' id='block_1_2' title="bbox 1566 270 2713 331">
    <p class='ocr_par' dir='ltr' id='par_1_2' title="bbox 1566 270 2713 331">
     <span class='ocr_line' id='line_1_2' title="bbox 1566 270 2713 331; baseline -0.003 -1"><span class='ocrx_word' id='word_1_2' title='bbox 1566 274 1847 330; x_wconf 78' lang='lat' dir='ltr'><strong>JOANNIS</strong></span> <span class='ocrx_word' id='word_1_3' title='bbox 1883 272 2187 331; x_wconf 84' lang='lat' dir='ltr'><strong>CASSIANI</strong></span> <span class='ocrx_word' id='word_1_4' title='bbox 2223 270 2713 329; x_wconf 78' lang='lat' dir='ltr'><strong>COLLATIONES.</strong></span> 
     </span>
    </p>
   </div>
   <div class='ocr_carea' id='block_1_3' title="bbox 3691 274 3796 349">
    <p class='ocr_par' dir='ltr' id='par_1_3' title="bbox 3691 274 3796 349">
     <span class='ocr_line' id='line_1_3' title="bbox 3691 274 3796 349; baseline 0.019 -20"><span class='ocrx_word' id='word_1_5' title='bbox 3691 274 3796 349; x_wconf 72' lang='lat'><strong>872</strong></span> 
     </span>
    </p>
   </div>
   <div class='ocr_carea' id='block_1_4' title="bbox 483 389 3798 478">
    <p class='ocr_par' dir='ltr' id='par_1_4' title="bbox 483 389 3798 478">
     <span class='ocr_line' id='line_1_4' title="bbox 483 389 3798 478; baseline -0.002 -17"><span class='ocrx_word' id='word_1_6' title='bbox 483 410 760 478; x_wconf 80' lang='lat' dir='ltr'><strong>peccatur,</strong></span> <span class='ocrx_word' id='word_1_7' title='bbox 808 403 964 477; x_wconf 85' lang='lat' dir='ltr'><strong>cujus</strong></span> <span class='ocrx_word' id='word_1_8' title='bbox 1016 402 1267 459; x_wconf 89' lang='lat' dir='ltr'><strong>membra</strong></span> <span class='ocrx_word' id='word_1_9' title='bbox 1303 400 1610 458; x_wconf 81' lang='lat' dir='ltr'><strong>rectissime</strong></span> <span class='ocrx_word' id='word_1_10' title='bbox 1655 415 1821 473; x_wconf 86' lang='lat' dir='ltr'><strong>super</strong></span> <span class='ocrx_word' id='word_1_11' title='bbox 1878 407 2082 456; x_wconf 86' lang='lat' dir='ltr'><strong>terram</strong></span> <span class='ocrx_word' id='word_1_12' title='bbox 2109 402 2164 466; x_wconf 85' lang='grc' dir='ltr'><strong>Α</strong></span> <span class='ocrx_word' id='word_1_13' title='bbox 2192 397 2325 455; x_wconf 88' lang='lat' dir='ltr'><strong>catis</strong></span> <span class='ocrx_word' id='word_1_14' title='bbox 2352 396 2423 455; x_wconf 87' lang='lat' dir='ltr'><strong>ad</strong></span> <span class='ocrx_word' id='word_1_15' title='bbox 2450 398 2665 455; x_wconf 89' lang='lat' dir='ltr'><strong>minora</strong></span> <span class='ocrx_word' id='word_1_16' title='bbox 2683 395 3038 463; x_wconf 86' lang='lat' dir='ltr'><strong>descendens,</strong></span> <span class='ocrx_word' id='word_1_17' title='bbox 3064 389 3361 470; x_wconf 76' lang='lat' dir='ltr'><strong>&#39;quartum</strong></span> <span class='ocrx_word' id='word_1_18' title='bbox 3402 395 3590 452; x_wconf 81' lang='lat' dir='ltr'><strong>intulit</strong></span> <span class='ocrx_word' id='word_1_19' title='bbox 3620 411 3798 455; x_wconf 89' lang='lat' dir='ltr'><strong>mem-</strong></span> 
     </span>
    </p>
   </div>
   <div class='ocr_carea' id='block_1_5' title="bbox 484 493 2085 567">
    <p class='ocr_par' dir='ltr' id='par_1_5' title="bbox 484 493 2085 567">
     <span class='ocr_line' id='line_1_5' title="bbox 484 493 2085 567; baseline -0.003 -13"><span class='ocrx_word' id='word_1_20' title='bbox 484 512 606 554; x_wconf 84' lang='lat' dir='ltr'><strong>esse</strong></span> <span class='ocrx_word' id='word_1_21' title='bbox 648 496 923 554; x_wconf 90' lang='lat' dir='ltr'><strong>dicuntur.</strong></span> <span class='ocrx_word' id='word_1_22' title='bbox 980 499 1106 553; x_wconf 85' lang='lat' dir='ltr'><strong>Non</strong></span> <span class='ocrx_word' id='word_1_23' title='bbox 1136 495 1305 557; x_wconf 88' lang='lat' dir='ltr'><strong>,enim</strong></span> <span class='ocrx_word' id='word_1_24' title='bbox 1354 503 1587 567; x_wconf 91' lang='lat' dir='ltr'><strong>possunt</strong></span> <span class='ocrx_word' id='word_1_25' title='bbox 1640 493 1695 550; x_wconf 87' lang='lat' dir='ltr'><strong>bi</strong></span> <span class='ocrx_word' id='word_1_26' title='bbox 1739 493 1831 566; x_wconf 86' lang='lat' dir='ltr'><strong>qui</strong></span> <span class='ocrx_word' id='word_1_27' title='bbox 1890 508 2085 550; x_wconf 88' lang='lat' dir='ltr'><strong>eorum</strong></span> 
     </span>
    </p>
   </div>
   <div class='ocr_carea' id='block_1_6' title="bbox 485 587 2083 659">
    <p class='ocr_par' dir='ltr' id='par_1_6' title="bbox 485 587 2083 659">
     <span class='ocr_line' id='line_1_6' title="bbox 485 587 2083 659; baseline -0.004 -12"><span class='ocrx_word' id='word_1_28' title='bbox 485 598 715 647; x_wconf 89' lang='lat' dir='ltr'><strong>utuntur</strong></span> <span class='ocrx_word' id='word_1_29' title='bbox 760 589 1080 657; x_wconf 90' lang='lat' dir='ltr'><strong>ministerio,</strong></span> <span class='ocrx_word' id='word_1_30' title='bbox 1117 588 1348 644; x_wconf 81' lang='lat' dir='ltr'><strong>veridice</strong></span> <span class='ocrx_word' id='word_1_31' title='bbox 1389 587 1655 659; x_wconf 89' lang='lat' dir='ltr'><strong>proﬁteri,</strong></span> <span class='ocrx_word' id='word_1_32' title='bbox 1684 595 1872 644; x_wconf 89' lang='lat' dir='ltr'><strong>nostra</strong></span> <span class='ocrx_word' id='word_1_33' title='bbox 1900 592 2083 643; x_wconf 90' lang='lat' dir='ltr'><strong>autem</strong></span> 
     </span>
    </p>
   </div>
   <div class='ocr_carea' id='block_1_7' title="bbox 484 680 2086 757">
    <p class='ocr_par' dir='ltr' id='par_1_7' title="bbox 484 680 2086 757">
     <span class='ocr_line' id='line_1_7' title="bbox 484 680 2086 757; baseline -0.004 -15"><span class='ocrx_word' id='word_1_34' title='bbox 484 685 829 743; x_wconf 81' lang='lat' dir='ltr'><strong>conversatio</strong></span> <span class='ocrx_word' id='word_1_35' title='bbox 877 684 931 739; x_wconf 91' lang='lat' dir='ltr'><strong>in</strong></span> <span class='ocrx_word' id='word_1_36' title='bbox 967 684 1120 739; x_wconf 80' lang='lat' dir='ltr'><strong>caelis</strong></span> <span class='ocrx_word' id='word_1_37' title='bbox 1168 690 1268 738; x_wconf 90' lang='lat' dir='ltr'><strong>est.</strong></span> <span class='ocrx_word' id='word_1_38' title='bbox 1317 682 1495 754; x_wconf 85' lang='lat' dir='ltr'><strong>Hujus</strong></span> <span class='ocrx_word' id='word_1_39' title='bbox 1525 682 1689 757; x_wconf 83' lang='lat' dir='ltr'><strong>igitur</strong></span> <span class='ocrx_word' id='word_1_40' title='bbox 1734 681 1980 754; x_wconf 90' lang='lat' dir='ltr'><strong>corporis</strong></span> <span class='ocrx_word' id='word_1_41' title='bbox 2028 680 2086 736; x_wconf 92' lang='lat' dir='ltr'><strong>in</strong></span> 
     </span>
    </p>
   </div>
   <div class='ocr_carea' id='block_1_8' title="bbox 482 774 2083 849">
    <p class='ocr_par' dir='ltr' id='par_1_8' title="bbox 482 774 2083 849">
     <span class='ocr_line' id='line_1_8' title="bbox 482 774 2083 849; baseline -0.006 -12"><span class='ocrx_word' id='word_1_42' title='bbox 482 781 590 837; x_wconf 86' lang='lat' dir='ltr'><strong>hoc</strong></span> <span class='ocrx_word' id='word_1_43' title='bbox 634 779 755 833; x_wconf 91' lang='lat' dir='ltr'><strong>loco</strong></span> <span class='ocrx_word' id='word_1_44' title='bbox 804 777 1101 849; x_wconf 81' lang='lat' dir='ltr'><strong>Apostolus</strong></span> <span class='ocrx_word' id='word_1_45' title='bbox 1139 774 1387 832; x_wconf 89' lang='lat' dir='ltr'><strong>membra</strong></span> <span class='ocrx_word' id='word_1_46' title='bbox 1433 776 1741 833; x_wconf 82' lang='lat' dir='ltr'><strong>describens</strong></span> <span class='ocrx_word' id='word_1_47' title='bbox 1790 794 1805 832; x_wconf 91' lang='lat'><strong>:</strong></span> <span class='ocrx_word' id='word_1_48' title='bbox 1852 777 2083 845; x_wconf 77' lang='lat' dir='ltr'><strong>Mortifi-</strong></span> 
     </span>
    </p>
   </div>
   <div class='ocr_carea' id='block_1_9' title="bbox 481 869 2078 942">
    <p class='ocr_par' dir='ltr' id='par_1_9' title="bbox 481 869 2078 942">
     <span class='ocr_line' id='line_1_9' title="bbox 481 869 2078 942; baseline -0.003 -15"><span class='ocrx_word' id='word_1_49' title='bbox 481 876 614 935; x_wconf 83' lang='lat' dir='ltr'><strong>cate,</strong></span> <span class='ocrx_word' id='word_1_50' title='bbox 640 869 835 940; x_wconf 85' lang='lat' dir='ltr'><strong>inquit,</strong></span> <span class='ocrx_word' id='word_1_51' title='bbox 862 870 1107 924; x_wconf 82' lang='lat' dir='ltr'><strong>membra</strong></span> <span class='ocrx_word' id='word_1_52' title='bbox 1137 874 1316 925; x_wconf 80' lang='lat' dir='ltr'><strong>vestra</strong></span> <span class='ocrx_word' id='word_1_53' title='bbox 1354 887 1475 941; x_wconf 66' lang='lat' dir='ltr'><strong>quae</strong></span> <span class='ocrx_word' id='word_1_54' title='bbox 1501 875 1632 926; x_wconf 85' lang='lat' dir='ltr'><strong>sunt</strong></span> <span class='ocrx_word' id='word_1_55' title='bbox 1654 886 1816 942; x_wconf 82' lang='lat' dir='ltr'><strong>super</strong></span> <span class='ocrx_word' id='word_1_56' title='bbox 1854 874 2078 933; x_wconf 83' lang='lat' dir='ltr'><strong>terram,</strong></span> 
     </span>
    </p>
   </div>
   <div class='ocr_carea' id='block_1_10' title="bbox 482 965 2086 1035">
    <p class='ocr_par' dir='ltr' id='par_1_10' title="bbox 482 965 2086 1035">
     <span class='ocr_line' id='line_1_10' title="bbox 482 965 2086 1035; baseline -0.001 -15"><span class='ocrx_word' id='word_1_57' title='bbox 482 966 918 1034; x_wconf 74' lang='lat' dir='ltr'><strong>fornicationem,</strong></span> <span class='ocrx_word' id='word_1_58' title='bbox 946 966 1371 1032; x_wconf 77' lang='lat' dir='ltr'><strong>immunditiam,</strong></span> <span class='ocrx_word' id='word_1_59' title='bbox 1397 965 1694 1028; x_wconf 77' lang='lat' dir='ltr'><strong>libidinem,</strong></span> <span class='ocrx_word' id='word_1_60' title='bbox 1723 967 2086 1035; x_wconf 88' lang='lat' dir='ltr'><strong>concupiscen-</strong></span> 
     </span>
    </p>
   </div>
   <div class='ocr_carea' id='block_1_11' title="bbox 481 1058 2085 1126">
    <p class='ocr_par' dir='ltr' id='par_1_11' title="bbox 481 1058 2085 1126">
     <span class='ocr_line' id='line_1_11' title="bbox 481 1058 2085 1126; baseline -0.001 -14"><span class='ocrx_word' id='word_1_61' title='bbox 481 1059 616 1112; x_wconf 83' lang='lat' dir='ltr'><strong>tiam</strong></span> <span class='ocrx_word' id='word_1_62' title='bbox 639 1058 875 1121; x_wconf 87' lang='lat' dir='ltr'><strong>malam,</strong></span> <span class='ocrx_word' id='word_1_63' title='bbox 915 1062 964 1112; x_wconf 87' lang='lat' dir='ltr'><strong>et</strong></span> <span class='ocrx_word' id='word_1_64' title='bbox 990 1066 1015 1093; x_wconf 72' lang='grc'>⁸</span> <span class='ocrx_word' id='word_1_65' title='bbox 1044 1060 1359 1119; x_wconf 82' lang='lat' dir='ltr'><strong>avaritiam,</strong></span> <span class='ocrx_word' id='word_1_66' title='bbox 1391 1072 1512 1126; x_wconf 85' lang='lat' dir='ltr'><strong>quce</strong></span> <span class='ocrx_word' id='word_1_67' title='bbox 1550 1061 1631 1112; x_wconf 88' lang='lat' dir='ltr'><strong>est</strong></span> <span class='ocrx_word' id='word_1_68' title='bbox 1673 1058 2085 1112; x_wconf 80' lang='lat' dir='ltr'><strong>simulacrorum</strong></span> 
     </span>
    </p>
   </div>
   <div class='ocr_carea' id='block_1_12' title="bbox 481 1150 2089 1230">
    <p class='ocr_par' dir='ltr' id='par_1_12' title="bbox 481 1150 2089 1230">
     <span class='ocr_line' id='line_1_12' title="bbox 481 1150 2089 1230; baseline -0.004 -13"><span class='ocrx_word' id='word_1_69' title='bbox 481 1161 712 1217; x_wconf 65' lang='lat' dir='ltr'><strong>seruitus</strong></span> <span class='ocrx_word' id='word_1_70' title='bbox 746 1158 958 1230; x_wconf 89' lang='lat' dir='ltr'><strong>(Coloss.</strong></span> <span class='ocrx_word' id='word_1_71' title='bbox 990 1157 1106 1228; x_wconf 79' lang='grc' dir='ltr'>ιιι).</span> <span class='ocrx_word' id='word_1_72' title='bbox 1137 1150 1165 1189; x_wconf 72' lang='grc' dir='ltr'>δ</span> <span class='ocrx_word' id='word_1_73' title='bbox 1192 1155 1377 1211; x_wconf 88' lang='lat' dir='ltr'><strong>Primo</strong></span> <span class='ocrx_word' id='word_1_74' title='bbox 1406 1155 1591 1228; x_wconf 85' lang='lat' dir='ltr'><strong>itaque</strong></span> <span class='ocrx_word' id='word_1_75' title='bbox 1615 1156 1737 1212; x_wconf 92' lang='lat' dir='ltr'><strong>loco</strong></span> <span class='ocrx_word' id='word_1_76' title='bbox 1763 1159 2089 1226; x_wconf 82' lang='lat' dir='ltr'><strong>fornicatio-</strong></span> 
     </span>
    </p>
   </div>
   <div class='ocr_carea' id='block_1_13' title="bbox 477 1249 2085 1323">
    <p class='ocr_par' dir='ltr' id='par_1_13' title="bbox 477 1249 2085 1323">
     <span class='ocr_line' id='line_1_13' title="bbox 477 1249 2085 1323; baseline -0.002 -14"><span class='ocrx_word' id='word_1_77' title='bbox 477 1269 599 1309; x_wconf 89' lang='lat' dir='ltr'><strong>nem</strong></span> <span class='ocrx_word' id='word_1_78' title='bbox 625 1251 851 1309; x_wconf 88' lang='lat' dir='ltr'><strong>credidit</strong></span> <span class='ocrx_word' id='word_1_79' title='bbox 888 1250 1248 1319; x_wconf 80' lang='lat' dir='ltr'><strong>inferendam,</strong></span> <span class='ocrx_word' id='word_1_80' title='bbox 1278 1266 1402 1323; x_wconf 68' lang='lat' dir='ltr'><strong>quae</strong></span> <span class='ocrx_word' id='word_1_81' title='bbox 1443 1249 1643 1307; x_wconf 84' lang='lat' dir='ltr'><strong>carnali</strong></span> <span class='ocrx_word' id='word_1_82' title='bbox 1672 1250 2085 1306; x_wconf 88' lang='lat' dir='ltr'><strong>commixtione</strong></span> 
     </span>
    </p>
   </div>
   <div class='ocr_carea' id='block_1_14' title="bbox 480 1328 2077 1420">
    <p class='ocr_par' dir='ltr' id='par_1_14' title="bbox 480 1328 2077 1420">
     <span class='ocr_line' id='line_1_14' title="bbox 480 1328 2077 1420; baseline -0.004 -17"><span class='ocrx_word' id='word_1_83' title='bbox 480 1328 832 1420; x_wconf 75' lang='lat' dir='ltr'><strong>perﬁcitur.&#39;°</strong></span> <span class='ocrx_word' id='word_1_84' title='bbox 869 1344 1183 1401; x_wconf 90' lang='lat' dir='ltr'><strong>Secundum</strong></span> <span class='ocrx_word' id='word_1_85' title='bbox 1218 1344 1385 1401; x_wconf 89' lang='lat' dir='ltr'><strong>etiam</strong></span> <span class='ocrx_word' id='word_1_86' title='bbox 1421 1343 1739 1400; x_wconf 88' lang='lat' dir='ltr'><strong>membrum</strong></span> <span class='ocrx_word' id='word_1_87' title='bbox 1774 1344 2077 1398; x_wconf 86' lang='lat' dir='ltr'><strong>immundi-</strong></span> 
     </span>
    </p>
   </div>
   <div class='ocr_carea' id='block_1_15' title="bbox 479 1437 2081 1511">
    <p class='ocr_par' dir='ltr' id='par_1_15' title="bbox 479 1437 2081 1511">
     <span class='ocr_line' id='line_1_15' title="bbox 479 1437 2081 1511; baseline -0.001 -14"><span class='ocrx_word' id='word_1_88' title='bbox 479 1443 614 1497; x_wconf 87' lang='lat' dir='ltr'><strong>tiam</strong></span> <span class='ocrx_word' id='word_1_89' title='bbox 658 1438 1033 1511; x_wconf 88' lang='lat' dir='ltr'><strong>nuncupavit,</strong></span> <span class='ocrx_word' id='word_1_90' title='bbox 1078 1454 1203 1511; x_wconf 69' lang='lat' dir='ltr'><strong>qua:</strong></span> <span class='ocrx_word' id='word_1_91' title='bbox 1244 1453 1659 1510; x_wconf 87' lang='lat' dir='ltr'><strong>nonnumquam</strong></span> <span class='ocrx_word' id='word_1_92' title='bbox 1710 1437 1912 1509; x_wconf 89' lang='lat' dir='ltr'><strong>absque</strong></span> <span class='ocrx_word' id='word_1_93' title='bbox 1968 1437 2081 1495; x_wconf 92' lang='lat' dir='ltr'><strong>ullo</strong></span> 
     </span>
    </p>
   </div>
   <div class='ocr_carea' id='block_1_16' title="bbox 479 1529 2076 1602">
    <p class='ocr_par' dir='ltr' id='par_1_16' title="bbox 479 1529 2076 1602">
     <span class='ocr_line' id='line_1_16' title="bbox 479 1529 2076 1602; baseline -0.003 -12"><span class='ocrx_word' id='word_1_94' title='bbox 479 1533 719 1590; x_wconf 88' lang='lat' dir='ltr'><strong>mulieris</strong></span> <span class='ocrx_word' id='word_1_95' title='bbox 751 1540 899 1588; x_wconf 90' lang='lat' dir='ltr'><strong>tactu</strong></span> <span class='ocrx_word' id='word_1_96' title='bbox 959 1533 1039 1588; x_wconf 87' lang='lat' dir='ltr'><strong>vel</strong></span> <span class='ocrx_word' id='word_1_97' title='bbox 1102 1530 1522 1599; x_wconf 87' lang='lat' dir='ltr'><strong>dormientibus,</strong></span> <span class='ocrx_word' id='word_1_98' title='bbox 1578 1530 1659 1586; x_wconf 87' lang='lat' dir='ltr'><strong>vel</strong></span> <span class='ocrx_word' id='word_1_99' title='bbox 1710 1529 2076 1602; x_wconf 84' lang='lat' dir='ltr'><strong>vigilantibus,</strong></span> 
     </span>
    </p>
   </div>
   <div class='ocr_carea' id='block_1_17' title="bbox 480 1608 2080 1701">
    <p class='ocr_par' dir='ltr' id='par_1_17' title="bbox 480 1608 2080 1701">
     <span class='ocr_line' id='line_1_17' title="bbox 480 1608 2080 1701; baseline -0.003 -18"><span class='ocrx_word' id='word_1_100' title='bbox 480 1643 577 1701; x_wconf 89' lang='lat' dir='ltr'><strong>per</strong></span> <span class='ocrx_word' id='word_1_101' title='bbox 635 1627 900 1683; x_wconf 87' lang='lat' dir='ltr'><strong>incuriam</strong></span> <span class='ocrx_word' id='word_1_102' title='bbox 938 1625 1404 1697; x_wconf 74' lang='lat' dir='ltr'><strong>iucircumspectze</strong></span> <span class='ocrx_word' id='word_1_103' title='bbox 1459 1623 1660 1679; x_wconf 92' lang='lat' dir='ltr'><strong>mentis</strong></span> <span class='ocrx_word' id='word_1_104' title='bbox 1718 1608 1962 1695; x_wconf 84' lang='lat' dir='ltr'><strong>obrepit,</strong></span> <span class='ocrx_word' id='word_1_105' title='bbox 2026 1631 2080 1681; x_wconf 89' lang='lat' dir='ltr'><strong>et</strong></span> 
     </span>
    </p>
   </div>
   <div class='ocr_carea' id='block_1_18' title="bbox 480 1715 2080 1792">
    <p class='ocr_par' dir='ltr' id='par_1_18' title="bbox 480 1715 2080 1792">
     <span class='ocr_line' id='line_1_18' title="bbox 480 1715 2080 1792; baseline -0.002 -16"><span class='ocrx_word' id='word_1_106' title='bbox 480 1720 604 1778; x_wconf 90' lang='lat' dir='ltr'><strong>ideo</strong></span> <span class='ocrx_word' id='word_1_107' title='bbox 647 1728 871 1776; x_wconf 87' lang='lat' dir='ltr'><strong>notatur</strong></span> <span class='ocrx_word' id='word_1_108' title='bbox 897 1735 960 1775; x_wconf 94' lang='lat' dir='ltr'><strong>ac</strong></span> <span class='ocrx_word' id='word_1_109' title='bbox 988 1718 1307 1792; x_wconf 87' lang='lat' dir='ltr'><strong>prohibetur</strong></span> <span class='ocrx_word' id='word_1_110' title='bbox 1338 1718 1392 1773; x_wconf 91' lang='lat' dir='ltr'><strong>in</strong></span> <span class='ocrx_word' id='word_1_111' title='bbox 1432 1717 1567 1790; x_wconf 83' lang='lat' dir='ltr'><strong>lege,</strong></span> <span class='ocrx_word' id='word_1_112' title='bbox 1605 1732 1729 1790; x_wconf 70' lang='lat' dir='ltr'><strong>qua:</strong></span> <span class='ocrx_word' id='word_1_113' title='bbox 1766 1715 2080 1773; x_wconf 88' lang='lat' dir='ltr'><strong>immundos</strong></span> 
     </span>
    </p>
   </div>
   <div class='ocr_carea' id='block_1_19' title="bbox 2193 486 3796 562">
    <p class='ocr_par' dir='ltr' id='par_1_19' title="bbox 2193 486 3796 562">
     <span class='ocr_line' id='line_1_19' title="bbox 2193 486 3796 562; baseline 0.002 -16"><span class='ocrx_word' id='word_1_114' title='bbox 2193 490 2381 555; x_wconf 89' lang='lat' dir='ltr'><strong>brum,</strong></span> <span class='ocrx_word' id='word_1_115' title='bbox 2411 492 2891 562; x_wconf 81' lang='lat' dir='ltr'><strong>concupiscentiam</strong></span> <span class='ocrx_word' id='word_1_116' title='bbox 2936 488 3162 557; x_wconf 88' lang='lat' dir='ltr'><strong>malam,</strong></span> <span class='ocrx_word' id='word_1_117' title='bbox 3203 503 3326 561; x_wconf 80' lang='lat' dir='ltr'><strong>qua:</strong></span> <span class='ocrx_word' id='word_1_118' title='bbox 3353 504 3470 545; x_wconf 90' lang='lat' dir='ltr'><strong>non</strong></span> <span class='ocrx_word' id='word_1_119' title='bbox 3502 486 3691 545; x_wconf 90' lang='lat' dir='ltr'><strong>solum</strong></span> <span class='ocrx_word' id='word_1_120' title='bbox 3728 490 3796 549; x_wconf 88' lang='lat' dir='ltr'><strong>ad</strong></span> 
     </span>
    </p>
   </div>
   <div class='ocr_carea' id='block_1_20' title="bbox 2195 583 3795 657">
    <p class='ocr_par' dir='ltr' id='par_1_20' title="bbox 2195 583 3795 657">
     <span class='ocr_line' id='line_1_20' title="bbox 2195 583 3795 657; baseline 0.003 -17"><span class='ocrx_word' id='word_1_121' title='bbox 2195 584 2523 657; x_wconf 63' lang='lat' dir='ltr'><strong>praedictam</strong></span> <span class='ocrx_word' id='word_1_122' title='bbox 2552 583 2907 657; x_wconf 74' lang='lat' dir='ltr'><strong>impudicitiae</strong></span> <span class='ocrx_word' id='word_1_123' title='bbox 2934 584 3262 655; x_wconf 88' lang='lat' dir='ltr'><strong>passionem,</strong></span> <span class='ocrx_word' id='word_1_124' title='bbox 3301 598 3497 639; x_wconf 87' lang='lat' dir='ltr'><strong>verum</strong></span> <span class='ocrx_word' id='word_1_125' title='bbox 3521 583 3693 640; x_wconf 88' lang='lat' dir='ltr'><strong>etiam</strong></span> <span class='ocrx_word' id='word_1_126' title='bbox 3729 585 3795 644; x_wconf 87' lang='lat' dir='ltr'><strong>ad</strong></span> 
     </span>
    </p>
   </div>
   <div class='ocr_carea' id='block_1_21' title="bbox 2200 674 3792 749">
    <p class='ocr_par' dir='ltr' id='par_1_21' title="bbox 2200 674 3792 749">
     <span class='ocr_line' id='line_1_21' title="bbox 2200 674 3792 749; baseline 0.002 -18"><span class='ocrx_word' id='word_1_127' title='bbox 2200 689 2395 731; x_wconf 91' lang='lat' dir='ltr'><strong>omnes</strong></span> <span class='ocrx_word' id='word_1_128' title='bbox 2421 674 2610 731; x_wconf 78' lang='lat' dir='ltr'><strong>noxias</strong></span> <span class='ocrx_word' id='word_1_129' title='bbox 2647 674 2973 749; x_wconf 82' lang='lat' dir='ltr'><strong>cupiditates</strong></span> <span class='ocrx_word' id='word_1_130' title='bbox 2998 675 3322 748; x_wconf 84' lang='lat' dir='ltr'><strong>generaliter</strong></span> <span class='ocrx_word' id='word_1_131' title='bbox 3362 674 3560 732; x_wconf 90' lang='lat' dir='ltr'><strong>referri</strong></span> <span class='ocrx_word' id='word_1_132' title='bbox 3597 684 3792 748; x_wconf 79' lang='lat' dir='ltr'><strong>potest.</strong></span> 
     </span>
    </p>
   </div>
   <div class='ocr_carea' id='block_1_22' title="bbox 2194 768 3795 841">
    <p class='ocr_par' dir='ltr' id='par_1_22' title="bbox 2194 768 3795 841">
     <span class='ocr_line' id='line_1_22' title="bbox 2194 768 3795 841; baseline 0.001 -16"><span class='ocrx_word' id='word_1_133' title='bbox 2194 783 2318 841; x_wconf 71' lang='lat' dir='ltr'><strong>quae</strong></span> <span class='ocrx_word' id='word_1_134' title='bbox 2391 776 2667 841; x_wconf 72' lang='lat' dir='ltr'><strong>corruptae</strong></span> <span class='ocrx_word' id='word_1_135' title='bbox 2718 768 3100 825; x_wconf 86' lang='lat' dir='ltr'><strong>tantummodo</strong></span> <span class='ocrx_word' id='word_1_136' title='bbox 3161 768 3459 840; x_wconf 82' lang='lat' dir='ltr'><strong>voluptatis</strong></span> <span class='ocrx_word' id='word_1_137' title='bbox 3505 772 3684 841; x_wconf 82' lang='lat' dir='ltr'><strong>[Lips.</strong></span> <span class='ocrx_word' id='word_1_138' title='bbox 3736 774 3795 827; x_wconf 85' lang='lat' dir='ltr'><strong>in</strong></span> 
     </span>
    </p>
   </div>
   <div class='ocr_carea' id='block_1_23' title="bbox 2194 862 3794 936">
    <p class='ocr_par' dir='ltr' id='par_1_23' title="bbox 2194 862 3794 936">
     <span class='ocr_line' id='line_1_23' title="bbox 2194 862 3794 936; baseline 0.003 -18"><span class='ocrx_word' id='word_1_139' title='bbox 2194 879 2376 936; x_wconf 84' lang='lat' dir='ltr'><strong>marg.</strong></span> <span class='ocrx_word' id='word_1_140' title='bbox 2407 862 2738 932; x_wconf 83' lang='lat' dir='ltr'><strong>voluntatis]</strong></span> <span class='ocrx_word' id='word_1_141' title='bbox 2766 870 2849 921; x_wconf 88' lang='lat' dir='ltr'><strong>est</strong></span> <span class='ocrx_word' id='word_1_142' title='bbox 2875 862 3162 936; x_wconf 76' lang='lat' dir='ltr'><strong>aegritudo.</strong></span> <span class='ocrx_word' id='word_1_143' title='bbox 3202 866 3281 918; x_wconf 92' lang='lat' dir='ltr'><strong>De</strong></span> <span class='ocrx_word' id='word_1_144' title='bbox 3313 877 3419 934; x_wconf 91' lang='lat' dir='ltr'><strong>qua</strong></span> <span class='ocrx_word' id='word_1_145' title='bbox 3449 863 3794 922; x_wconf 87' lang='lat' dir='ltr'><strong>Dominusin</strong></span> 
     </span>
    </p>
   </div>
   <div class='ocr_carea' id='block_1_24' title="bbox 2196 959 3795 1032">
    <p class='ocr_par' dir='ltr' id='par_1_24' title="bbox 2196 959 3795 1032">
     <span class='ocr_line' id='line_1_24' title="bbox 2196 959 3795 1032; baseline 0.005 -20"><span class='ocrx_word' id='word_1_146' title='bbox 2196 959 2492 1032; x_wconf 84' lang='lat' dir='ltr'><strong>Evangelio</strong></span> <span class='ocrx_word' id='word_1_147' title='bbox 2517 978 2530 1014; x_wconf 90' lang='lat'><strong>:</strong></span> <span class='ocrx_word' id='word_1_148' title='bbox 2569 961 2672 1028; x_wconf 88' lang='lat' dir='ltr'><strong>Qui</strong></span> <span class='ocrx_word' id='word_1_149' title='bbox 2689 959 2889 1015; x_wconf 64' lang='lat' dir='ltr'><strong>uiderit</strong></span> <span class='ocrx_word' id='word_1_150' title='bbox 2921 960 3195 1014; x_wconf 83' lang='lat' dir='ltr'><strong>mulierem</strong></span> <span class='ocrx_word' id='word_1_151' title='bbox 3223 960 3297 1014; x_wconf 87' lang='lat' dir='ltr'><strong>ad</strong></span> <span class='ocrx_word' id='word_1_152' title='bbox 3319 963 3795 1032; x_wconf 80' lang='lat' dir='ltr'><strong>concupiscendum</strong></span> 
     </span>
    </p>
   </div>
   <div class='ocr_carea' id='block_1_25' title="bbox 2191 1057 3790 1133">
    <p class='ocr_par' dir='ltr' id='par_1_25' title="bbox 2191 1057 3790 1133">
     <span class='ocr_line' id='line_1_25' title="bbox 2191 1057 3790 1133; baseline 0.004 -21"><span class='ocrx_word' id='word_1_153' title='bbox 2191 1073 2337 1122; x_wconf 89' lang='lat' dir='ltr'><strong>eam,</strong></span> <span class='ocrx_word' id='word_1_154' title='bbox 2380 1057 2503 1128; x_wconf 84' lang='lat' dir='ltr'><strong>jam</strong></span> <span class='ocrx_word' id='word_1_155' title='bbox 2526 1058 2815 1112; x_wconf 69' lang='lat' dir='ltr'><strong>machatus</strong></span> <span class='ocrx_word' id='word_1_156' title='bbox 2842 1061 2919 1112; x_wconf 88' lang='lat' dir='ltr'><strong>est</strong></span> <span class='ocrx_word' id='word_1_157' title='bbox 2939 1072 3055 1112; x_wconf 89' lang='lat' dir='ltr'><strong>eam</strong></span> <span class='ocrx_word' id='word_1_158' title='bbox 3082 1059 3143 1111; x_wconf 88' lang='lat' dir='ltr'><strong>in</strong></span> <span class='ocrx_word' id='word_1_159' title='bbox 3162 1057 3315 1112; x_wconf 86' lang='lat' dir='ltr'><strong>corde</strong></span> <span class='ocrx_word' id='word_1_160' title='bbox 3334 1072 3426 1113; x_wconf 87' lang='lat' dir='ltr'><strong>suo</strong></span> <span class='ocrx_word' id='word_1_161' title='bbox 3455 1060 3671 1130; x_wconf 78' lang='lat' dir='ltr'><strong>(Matth.</strong></span> <span class='ocrx_word' id='word_1_162' title='bbox 3705 1062 3790 1133; x_wconf 73' lang='grc' dir='ltr'><strong>ν).</strong></span> 
     </span>
    </p>
   </div>
   <div class='ocr_carea' id='block_1_26' title="bbox 2194 1150 3795 1225">
    <p class='ocr_par' dir='ltr' id='par_1_26' title="bbox 2194 1150 3795 1225">
     <span class='ocr_line' id='line_1_26' title="bbox 2194 1150 3795 1225; baseline 0.003 -16"><span class='ocrx_word' id='word_1_163' title='bbox 2194 1150 2371 1209; x_wconf 85' lang='lat' dir='ltr'><strong>Multo</strong></span> <span class='ocrx_word' id='word_1_164' title='bbox 2393 1151 2539 1208; x_wconf 92' lang='lat' dir='ltr'><strong>enim</strong></span> <span class='ocrx_word' id='word_1_165' title='bbox 2567 1152 2749 1225; x_wconf 86' lang='lat' dir='ltr'><strong>majus</strong></span> <span class='ocrx_word' id='word_1_166' title='bbox 2774 1159 2856 1208; x_wconf 90' lang='lat' dir='ltr'><strong>est</strong></span> <span class='ocrx_word' id='word_1_167' title='bbox 2879 1151 3041 1208; x_wconf 89' lang='lat' dir='ltr'><strong>etiam</strong></span> <span class='ocrx_word' id='word_1_168' title='bbox 3064 1160 3200 1208; x_wconf 89' lang='lat' dir='ltr'><strong>tunc</strong></span> <span class='ocrx_word' id='word_1_169' title='bbox 3228 1153 3430 1208; x_wconf 88' lang='lat' dir='ltr'><strong>mentis</strong></span> <span class='ocrx_word' id='word_1_170' title='bbox 3456 1154 3686 1212; x_wconf 78' lang='lat' dir='ltr'><strong>lubricas</strong></span> <span class='ocrx_word' id='word_1_171' title='bbox 3709 1155 3795 1213; x_wconf 70' lang='lat' dir='ltr'><strong>de</strong></span> 
     </span>
    </p>
   </div>
   <div class='ocr_carea' id='block_1_27' title="bbox 2193 1246 3796 1321">
    <p class='ocr_par' dir='ltr' id='par_1_27' title="bbox 2193 1246 3796 1321">
     <span class='ocr_line' id='line_1_27' title="bbox 2193 1246 3796 1321; baseline 0.003 -19"><span class='ocrx_word' id='word_1_172' title='bbox 2193 1246 2459 1304; x_wconf 88' lang='lat' dir='ltr'><strong>siderium</strong></span> <span class='ocrx_word' id='word_1_173' title='bbox 2496 1247 2793 1317; x_wconf 90' lang='lat' dir='ltr'><strong>continere,</strong></span> <span class='ocrx_word' id='word_1_174' title='bbox 2830 1261 2957 1304; x_wconf 91' lang='lat' dir='ltr'><strong>cum</strong></span> <span class='ocrx_word' id='word_1_175' title='bbox 2986 1246 3036 1303; x_wconf 90' lang='lat' dir='ltr'><strong>ei</strong></span> <span class='ocrx_word' id='word_1_176' title='bbox 3079 1246 3383 1304; x_wconf 89' lang='lat' dir='ltr'><strong>illecebrosi</strong></span> <span class='ocrx_word' id='word_1_177' title='bbox 3419 1258 3676 1321; x_wconf 86' lang='lat' dir='ltr'><strong>aspectus</strong></span> <span class='ocrx_word' id='word_1_178' title='bbox 3710 1251 3796 1307; x_wconf 82' lang='lat' dir='ltr'><strong>of-</strong></span> 
     </span>
    </p>
   </div>
   <div class='ocr_carea' id='block_1_28' title="bbox 2186 1338 3794 1415">
    <p class='ocr_par' dir='ltr' id='par_1_28' title="bbox 2186 1338 3794 1415">
     <span class='ocr_line' id='line_1_28' title="bbox 2186 1338 3794 1415; baseline 0.004 -21"><span class='ocrx_word' id='word_1_179' title='bbox 2186 1338 2363 1395; x_wconf 89' lang='lat' dir='ltr'><strong>fertur</strong></span> <span class='ocrx_word' id='word_1_180' title='bbox 2404 1340 2636 1396; x_wconf 90' lang='lat' dir='ltr'><strong>occasio.</strong></span> <span class='ocrx_word' id='word_1_181' title='bbox 2668 1339 2878 1414; x_wconf 89' lang='lat' dir='ltr'><strong>Quibus</strong></span> <span class='ocrx_word' id='word_1_182' title='bbox 2920 1338 3362 1398; x_wconf 78' lang='lat' dir='ltr'><strong>manifestissime</strong></span> <span class='ocrx_word' id='word_1_183' title='bbox 3398 1344 3794 1415; x_wconf 85' lang='lat' dir='ltr'><strong>comprobatur</strong></span> 
     </span>
    </p>
   </div>
   <div class='ocr_carea' id='block_1_29' title="bbox 2188 1423 3792 1506">
    <p class='ocr_par' dir='ltr' id='par_1_29' title="bbox 2188 1423 3792 1506">
     <span class='ocr_line' id='line_1_29' title="bbox 2188 1423 3792 1506; baseline 0.006 -16"><span class='ocrx_word' id='word_1_184' title='bbox 2188 1434 2258 1491; x_wconf 90' lang='lat' dir='ltr'><strong>ad</strong></span> <span class='ocrx_word' id='word_1_185' title='bbox 2291 1423 2683 1506; x_wconf 80' lang='lat' dir='ltr'><strong>perfectionem</strong></span> <span class='ocrx_word' id='word_1_186' title='bbox 2720 1436 2993 1505; x_wconf 88' lang='lat' dir='ltr'><strong>puritatis,</strong></span> <span class='ocrx_word' id='word_1_187' title='bbox 3022 1437 3412 1494; x_wconf 86' lang='lat' dir='ltr'><strong>castimoniam</strong></span> <span class='ocrx_word' id='word_1_188' title='bbox 3438 1439 3792 1499; x_wconf 69' lang='lat' dir='ltr'><strong>continentia:</strong></span> 
     </span>
    </p>
   </div>
   <div class='ocr_carea' id='block_1_30' title="bbox 2187 1526 3793 1601">
    <p class='ocr_par' dir='ltr' id='par_1_30' title="bbox 2187 1526 3793 1601">
     <span class='ocr_line' id='line_1_30' title="bbox 2187 1526 3793 1601; baseline 0.004 -17"><span class='ocrx_word' id='word_1_189' title='bbox 2187 1526 2487 1600; x_wconf 88' lang='lat' dir='ltr'><strong>corporalis</strong></span> <span class='ocrx_word' id='word_1_190' title='bbox 2517 1527 2697 1584; x_wconf 90' lang='lat' dir='ltr'><strong>solam</strong></span> <span class='ocrx_word' id='word_1_191' title='bbox 2726 1544 2839 1584; x_wconf 90' lang='lat' dir='ltr'><strong>non</strong></span> <span class='ocrx_word' id='word_1_192' title='bbox 2866 1543 3026 1601; x_wconf 89' lang='lat' dir='ltr'><strong>posse</strong></span> <span class='ocrx_word' id='word_1_193' title='bbox 3053 1526 3329 1592; x_wconf 77' lang='lat' dir='ltr'><strong>sufﬁcere.</strong></span> <span class='ocrx_word' id='word_1_194' title='bbox 3382 1530 3491 1587; x_wconf 90' lang='lat' dir='ltr'><strong>nisi</strong></span> <span class='ocrx_word' id='word_1_195' title='bbox 3535 1531 3582 1588; x_wconf 90' lang='lat' dir='ltr'><strong>ei</strong></span> <span class='ocrx_word' id='word_1_196' title='bbox 3628 1533 3793 1591; x_wconf 90' lang='lat' dir='ltr'><strong>etiam</strong></span> 
     </span>
    </p>
   </div>
   <div class='ocr_carea' id='block_1_31' title="bbox 2188 1622 3791 1697">
    <p class='ocr_par' dir='ltr' id='par_1_31' title="bbox 2188 1622 3791 1697">
     <span class='ocr_line' id='line_1_31' title="bbox 2188 1622 3791 1697; baseline 0.002 -17"><span class='ocrx_word' id='word_1_197' title='bbox 2188 1623 2393 1681; x_wconf 89' lang='lat' dir='ltr'><strong>mentis</strong></span> <span class='ocrx_word' id='word_1_198' title='bbox 2426 1622 2658 1680; x_wconf 88' lang='lat' dir='ltr'><strong>addatur</strong></span> <span class='ocrx_word' id='word_1_199' title='bbox 2686 1622 2991 1696; x_wconf 84' lang='lat' dir='ltr'><strong>integritas.</strong></span> <span class='ocrx_word' id='word_1_200' title='bbox 3022 1624 3157 1680; x_wconf 93' lang='lat' dir='ltr'><strong>Post</strong></span> <span class='ocrx_word' id='word_1_201' title='bbox 3183 1640 3306 1697; x_wconf 71' lang='lat' dir='ltr'><strong>qua:</strong></span> <span class='ocrx_word' id='word_1_202' title='bbox 3336 1626 3523 1682; x_wconf 87' lang='lat' dir='ltr'><strong>omnia</strong></span> <span class='ocrx_word' id='word_1_203' title='bbox 3550 1628 3578 1667; x_wconf 70' lang='grc' dir='ltr'><strong>Β</strong></span> <span class='ocrx_word' id='word_1_204' title='bbox 3608 1628 3791 1684; x_wconf 86' lang='lat' dir='ltr'><strong>novis-</strong></span> 
     </span>
    </p>
   </div>
   <div class='ocr_carea' id='block_1_32' title="bbox 2188 1716 3792 1791">
    <p class='ocr_par' dir='ltr' id='par_1_32' title="bbox 2188 1716 3792 1791">
     <span class='ocr_line' id='line_1_32' title="bbox 2188 1716 3792 1791; baseline 0.002 -17"><span class='ocrx_word' id='word_1_205' title='bbox 2188 1718 2390 1775; x_wconf 90' lang='lat' dir='ltr'><strong>simum</strong></span> <span class='ocrx_word' id='word_1_206' title='bbox 2428 1717 2574 1775; x_wconf 91' lang='lat' dir='ltr'><strong>illius</strong></span> <span class='ocrx_word' id='word_1_207' title='bbox 2599 1717 2845 1790; x_wconf 90' lang='lat' dir='ltr'><strong>corporis</strong></span> <span class='ocrx_word' id='word_1_208' title='bbox 2872 1716 3207 1788; x_wconf 85' lang='lat' dir='ltr'><strong>membrum,</strong></span> <span class='ocrx_word' id='word_1_209' title='bbox 3252 1724 3302 1774; x_wconf 88' lang='lat' dir='ltr'><strong>et</strong></span> <span class='ocrx_word' id='word_1_210' title='bbox 3350 1724 3669 1791; x_wconf 79' lang='lat' dir='ltr'><strong>auaritiam,</strong></span> <span class='ocrx_word' id='word_1_211' title='bbox 3706 1722 3792 1777; x_wconf 89' lang='lat' dir='ltr'><strong>in-</strong></span> 
     </span>
    </p>
   </div>
   <div class='ocr_carea' id='block_1_33' title="bbox 480 1809 3796 1887">
    <p class='ocr_par' dir='ltr' id='par_1_33' title="bbox 480 1809 3796 1887">
     <span class='ocr_line' id='line_1_33' title="bbox 480 1809 3796 1887; baseline 0.001 -19"><span class='ocrx_word' id='word_1_212' title='bbox 480 1828 731 1886; x_wconf 89' lang='lat' dir='ltr'><strong>quosque</strong></span> <span class='ocrx_word' id='word_1_213' title='bbox 772 1828 886 1868; x_wconf 92' lang='lat' dir='ltr'><strong>non</strong></span> <span class='ocrx_word' id='word_1_214' title='bbox 948 1811 1130 1867; x_wconf 91' lang='lat' dir='ltr'><strong>solum</strong></span> <span class='ocrx_word' id='word_1_215' title='bbox 1177 1826 1459 1867; x_wconf 89' lang='lat' dir='ltr'><strong>sacrarum</strong></span> <span class='ocrx_word' id='word_1_216' title='bbox 1506 1809 1757 1866; x_wconf 88' lang='lat' dir='ltr'><strong>carnium</strong></span> <span class='ocrx_word' id='word_1_217' title='bbox 1809 1810 2085 1882; x_wconf 85' lang='lat' dir='ltr'><strong>participa-</strong></span> <span class='ocrx_word' id='word_1_218' title='bbox 2114 1817 2161 1879; x_wconf 85' lang='lat' dir='ltr'><strong>B</strong></span> <span class='ocrx_word' id='word_1_219' title='bbox 2196 1814 2336 1887; x_wconf 89' lang='lat' dir='ltr'><strong>quit,</strong></span> <span class='ocrx_word' id='word_1_220' title='bbox 2380 1810 2741 1886; x_wconf 88' lang='lat' dir='ltr'><strong>proculdubio</strong></span> <span class='ocrx_word' id='word_1_221' title='bbox 2779 1810 3074 1869; x_wconf 90' lang='lat' dir='ltr'><strong>ostendens</strong></span> <span class='ocrx_word' id='word_1_222' title='bbox 3102 1828 3216 1868; x_wconf 91' lang='lat' dir='ltr'><strong>non</strong></span> <span class='ocrx_word' id='word_1_223' title='bbox 3244 1813 3423 1869; x_wconf 90' lang='lat' dir='ltr'><strong>solum</strong></span> <span class='ocrx_word' id='word_1_224' title='bbox 3449 1815 3517 1869; x_wconf 89' lang='lat' dir='ltr'><strong>ab</strong></span> <span class='ocrx_word' id='word_1_225' title='bbox 3552 1816 3796 1887; x_wconf 86' lang='lat' dir='ltr'><strong>appetitu</strong></span> 
     </span>
    </p>
   </div>
   <div class='ocr_carea' id='block_1_34' title="bbox 474 1905 2078 1979">
    <p class='ocr_par' dir='ltr' id='par_1_34' title="bbox 474 1905 2078 1979">
     <span class='ocr_line' id='line_1_34' title="bbox 474 1905 2078 1979; baseline 0 -17"><span class='ocrx_word' id='word_1_226' title='bbox 474 1907 620 1963; x_wconf 89' lang='lat' dir='ltr'><strong>tione</strong></span> <span class='ocrx_word' id='word_1_227' title='bbox 661 1907 905 1979; x_wconf 84' lang='lat' dir='ltr'><strong>privavit,</strong></span> <span class='ocrx_word' id='word_1_228' title='bbox 938 1922 1131 1963; x_wconf 90' lang='lat' dir='ltr'><strong>verum</strong></span> <span class='ocrx_word' id='word_1_229' title='bbox 1170 1905 1339 1961; x_wconf 90' lang='lat' dir='ltr'><strong>etiam</strong></span> <span class='ocrx_word' id='word_1_230' title='bbox 1367 1920 1435 1960; x_wconf 92' lang='lat' dir='ltr'><strong>ne</strong></span> <span class='ocrx_word' id='word_1_231' title='bbox 1464 1911 1721 1960; x_wconf 89' lang='lat' dir='ltr'><strong>contactu</strong></span> <span class='ocrx_word' id='word_1_232' title='bbox 1748 1919 1850 1961; x_wconf 90' lang='lat' dir='ltr'><strong>suo</strong></span> <span class='ocrx_word' id='word_1_233' title='bbox 1894 1913 2078 1962; x_wconf 88' lang='lat' dir='ltr'><strong>sancta</strong></span> 
     </span>
    </p>
   </div>
   <div class='ocr_carea' id='block_1_35' title="bbox 478 1998 2083 2072">
    <p class='ocr_par' dir='ltr' id='par_1_35' title="bbox 478 1998 2083 2072">
     <span class='ocr_line' id='line_1_35' title="bbox 478 1998 2083 2072; baseline -0.001 -16"><span class='ocrx_word' id='word_1_234' title='bbox 478 1999 783 2072; x_wconf 87' lang='lat' dir='ltr'><strong>polluerent</strong></span> <span class='ocrx_word' id='word_1_235' title='bbox 806 2042 822 2069; x_wconf 92' lang='lat'><strong>,</strong></span> <span class='ocrx_word' id='word_1_236' title='bbox 864 2015 896 2055; x_wconf 95' lang='lat' dir='ltr'><strong>a</strong></span> <span class='ocrx_word' id='word_1_237' title='bbox 956 2009 1264 2056; x_wconf 89' lang='lat' dir='ltr'><strong>castrorum</strong></span> <span class='ocrx_word' id='word_1_238' title='bbox 1316 1998 1484 2070; x_wconf 88' lang='lat' dir='ltr'><strong>jussit</strong></span> <span class='ocrx_word' id='word_1_239' title='bbox 1526 1998 1945 2071; x_wconf 87' lang='lat' dir='ltr'><strong>congregatione</strong></span> <span class='ocrx_word' id='word_1_240' title='bbox 1990 2014 2083 2054; x_wconf 88' lang='lat' dir='ltr'><strong>se-</strong></span> 
     </span>
    </p>
   </div>
   <div class='ocr_carea' id='block_1_36' title="bbox 478 2077 2086 2159">
    <p class='ocr_par' dir='ltr' id='par_1_36' title="bbox 478 2077 2086 2159">
     <span class='ocr_line' id='line_1_36' title="bbox 478 2077 2086 2159; baseline -0.002 -12"><span class='ocrx_word' id='word_1_241' title='bbox 478 2092 650 2159; x_wconf 90' lang='lat' dir='ltr'><strong>cerni,</strong></span> <span class='ocrx_word' id='word_1_242' title='bbox 675 2091 894 2147; x_wconf 90' lang='lat' dir='ltr'><strong>dicens:</strong></span> <span class='ocrx_word' id='word_1_243' title='bbox 922 2077 950 2122; x_wconf 74' lang='grc' dir='ltr'><em>δ</em></span> <span class='ocrx_word' id='word_1_244' title='bbox 971 2092 1174 2146; x_wconf 88' lang='lat' dir='ltr'><strong>Anima</strong></span> <span class='ocrx_word' id='word_1_245' title='bbox 1203 2104 1549 2159; x_wconf 74' lang='lat' dir='ltr'><strong>qucrcumque</strong></span> <span class='ocrx_word' id='word_1_246' title='bbox 1577 2089 1862 2145; x_wconf 86' lang='lat' dir='ltr'><strong>comederit</strong></span> <span class='ocrx_word' id='word_1_247' title='bbox 1888 2089 1954 2144; x_wconf 89' lang='lat' dir='ltr'><strong>de</strong></span> <span class='ocrx_word' id='word_1_248' title='bbox 1976 2106 2086 2145; x_wconf 89' lang='lat' dir='ltr'><strong>car-</strong></span> 
     </span>
    </p>
   </div>
   <div class='ocr_carea' id='block_1_37' title="bbox 480 2181 2087 2254">
    <p class='ocr_par' dir='ltr' id='par_1_37' title="bbox 480 2181 2087 2254">
     <span class='ocr_line' id='line_1_37' title="bbox 480 2181 2087 2254; baseline 0 -16"><span class='ocrx_word' id='word_1_249' title='bbox 480 2185 637 2239; x_wconf 85' lang='lat' dir='ltr'><strong>nibus</strong></span> <span class='ocrx_word' id='word_1_250' title='bbox 666 2185 926 2251; x_wconf 80' lang='lat' dir='ltr'><strong>sacriﬁcii</strong></span> <span class='ocrx_word' id='word_1_251' title='bbox 941 2184 1206 2237; x_wconf 87' lang='lat' dir='ltr'><strong>salutaris</strong></span> <span class='ocrx_word' id='word_1_252' title='bbox 1232 2182 1394 2251; x_wconf 86' lang='lat' dir='ltr'><strong>(quod</strong></span> <span class='ocrx_word' id='word_1_253' title='bbox 1421 2186 1498 2237; x_wconf 89' lang='lat' dir='ltr'><strong>est</strong></span> <span class='ocrx_word' id='word_1_254' title='bbox 1525 2181 1757 2253; x_wconf 82' lang='lat' dir='ltr'><strong>Domini)</strong></span> <span class='ocrx_word' id='word_1_255' title='bbox 1791 2185 1848 2237; x_wconf 89' lang='lat' dir='ltr'><strong>in</strong></span> <span class='ocrx_word' id='word_1_256' title='bbox 1878 2200 1988 2254; x_wconf 88' lang='lat' dir='ltr'><strong>qua</strong></span> <span class='ocrx_word' id='word_1_257' title='bbox 2009 2188 2087 2238; x_wconf 91' lang='lat' dir='ltr'><strong>est</strong></span> 
     </span>
    </p>
   </div>
   <div class='ocr_carea' id='block_1_38' title="bbox 479 2276 2088 2347">
    <p class='ocr_par' dir='ltr' id='par_1_38' title="bbox 479 2276 2088 2347">
     <span class='ocr_line' id='line_1_38' title="bbox 479 2276 2088 2347; baseline 0 -16"><span class='ocrx_word' id='word_1_258' title='bbox 479 2276 855 2338; x_wconf 88' lang='lat' dir='ltr'><strong>immunditia,</strong></span> <span class='ocrx_word' id='word_1_259' title='bbox 874 2277 1078 2344; x_wconf 79' lang='lat' dir='ltr'><strong>peribit</strong></span> <span class='ocrx_word' id='word_1_260' title='bbox 1098 2290 1273 2328; x_wconf 92' lang='lat' dir='ltr'><strong>coram</strong></span> <span class='ocrx_word' id='word_1_261' title='bbox 1301 2278 1560 2343; x_wconf 86' lang='lat' dir='ltr'><strong>Domino;</strong></span> <span class='ocrx_word' id='word_1_262' title='bbox 1583 2281 1634 2331; x_wconf 87' lang='lat' dir='ltr'><strong>et</strong></span> <span class='ocrx_word' id='word_1_263' title='bbox 1660 2277 1934 2347; x_wconf 86' lang='lat' dir='ltr'><strong>quidquid</strong></span> <span class='ocrx_word' id='word_1_264' title='bbox 1960 2279 2088 2332; x_wconf 89' lang='lat' dir='ltr'><strong>teti-</strong></span> 
     </span>
    </p>
   </div>
   <div class='ocr_carea' id='block_1_39' title="bbox 478 2370 2084 2444">
    <p class='ocr_par' dir='ltr' id='par_1_39' title="bbox 478 2370 2084 2444">
     <span class='ocr_line' id='line_1_39' title="bbox 478 2370 2084 2444; baseline 0.001 -19"><span class='ocrx_word' id='word_1_265' title='bbox 478 2372 616 2441; x_wconf 84' lang='lat' dir='ltr'><strong>gerit</strong></span> <span class='ocrx_word' id='word_1_266' title='bbox 636 2370 967 2439; x_wconf 79' lang='lat' dir='ltr'><strong>immundus,</strong></span> <span class='ocrx_word' id='word_1_267' title='bbox 988 2371 1323 2425; x_wconf 88' lang='lat' dir='ltr'><strong>immundum</strong></span> <span class='ocrx_word' id='word_1_268' title='bbox 1343 2374 1449 2427; x_wconf 85' lang='lat' dir='ltr'><strong>erit</strong></span> <span class='ocrx_word' id='word_1_269' title='bbox 1468 2375 1657 2438; x_wconf 76' lang='lat' dir='ltr'><strong>(Levii.</strong></span> <span class='ocrx_word' id='word_1_270' title='bbox 1687 2372 1818 2444; x_wconf 86' lang='lat' dir='ltr'><strong>vn).</strong></span> <span class='ocrx_word' id='word_1_271' title='bbox 1849 2376 1913 2427; x_wconf 93' lang='lat' dir='ltr'><strong>ln</strong></span> <span class='ocrx_word' id='word_1_272' title='bbox 1934 2375 2084 2427; x_wconf 90' lang='lat' dir='ltr'><strong>Deu-</strong></span> 
     </span>
    </p>
   </div>
   <div class='ocr_carea' id='block_1_40' title="bbox 484 2460 2081 2537">
    <p class='ocr_par' dir='ltr' id='par_1_40' title="bbox 484 2460 2081 2537">
     <span class='ocr_line' id='line_1_40' title="bbox 484 2460 2081 2537; baseline 0.003 -20"><span class='ocrx_word' id='word_1_273' title='bbox 484 2460 790 2519; x_wconf 75' lang='lat' dir='ltr'><strong>terondmio</strong></span> <span class='ocrx_word' id='word_1_274' title='bbox 812 2479 1029 2536; x_wconf 88' lang='lat' dir='ltr'><strong>quoque</strong></span> <span class='ocrx_word' id='word_1_275' title='bbox 1056 2484 1067 2521; x_wconf 89' lang='lat'>:</span> <span class='ocrx_word' id='word_1_276' title='bbox 1099 2466 1161 2521; x_wconf 88' lang='lat' dir='ltr'><strong>Si</strong></span> <span class='ocrx_word' id='word_1_277' title='bbox 1183 2466 1379 2534; x_wconf 84' lang='lat' dir='ltr'><strong>fuerit,</strong></span> <span class='ocrx_word' id='word_1_278' title='bbox 1410 2465 1610 2537; x_wconf 86' lang='lat' dir='ltr'><strong>inquit,</strong></span> <span class='ocrx_word' id='word_1_279' title='bbox 1650 2468 1793 2520; x_wconf 85' lang='lat' dir='ltr'><strong>inter</strong></span> <span class='ocrx_word' id='word_1_280' title='bbox 1817 2482 1904 2521; x_wconf 77' lang='lat' dir='ltr'><strong>eos</strong></span> <span class='ocrx_word' id='word_1_281' title='bbox 1928 2466 2081 2521; x_wconf 86' lang='lat' dir='ltr'><strong>homo</strong></span> 
     </span>
    </p>
   </div>
   <div class='ocr_carea' id='block_1_41' title="bbox 482 2559 2081 2629">
    <p class='ocr_par' dir='ltr' id='par_1_41' title="bbox 482 2559 2081 2629">
     <span class='ocr_line' id='line_1_41' title="bbox 482 2559 2081 2629; baseline 0.001 -17"><span class='ocrx_word' id='word_1_282' title='bbox 482 2560 581 2627; x_wconf 87' lang='lat' dir='ltr'><strong>qui</strong></span> <span class='ocrx_word' id='word_1_283' title='bbox 596 2563 852 2613; x_wconf 84' lang='lat' dir='ltr'><strong>nocturno</strong></span> <span class='ocrx_word' id='word_1_284' title='bbox 870 2560 1110 2628; x_wconf 86' lang='lat' dir='ltr'><strong>pollutus</strong></span> <span class='ocrx_word' id='word_1_285' title='bbox 1139 2564 1216 2614; x_wconf 89' lang='lat' dir='ltr'><strong>est</strong></span> <span class='ocrx_word' id='word_1_286' title='bbox 1242 2562 1462 2622; x_wconf 87' lang='lat' dir='ltr'><strong>somnio,</strong></span> <span class='ocrx_word' id='word_1_287' title='bbox 1485 2559 1791 2629; x_wconf 81' lang='lat' dir='ltr'><strong>egredietur</strong></span> <span class='ocrx_word' id='word_1_288' title='bbox 1809 2564 1966 2614; x_wconf 73' lang='lat' dir='ltr'><strong>extra</strong></span> <span class='ocrx_word' id='word_1_289' title='bbox 1985 2575 2081 2613; x_wconf 89' lang='lat' dir='ltr'><strong>ca-</strong></span> 
     </span>
    </p>
   </div>
   <div class='ocr_carea' id='block_1_42' title="bbox 477 2655 2082 2725">
    <p class='ocr_par' dir='ltr' id='par_1_42' title="bbox 477 2655 2082 2725">
     <span class='ocr_line' id='line_1_42' title="bbox 477 2655 2082 2725; baseline 0.002 -19"><span class='ocrx_word' id='word_1_290' title='bbox 477 2657 615 2721; x_wconf 87' lang='lat' dir='ltr'><strong>stra,</strong></span> <span class='ocrx_word' id='word_1_291' title='bbox 639 2656 690 2707; x_wconf 87' lang='lat' dir='ltr'><strong>et</strong></span> <span class='ocrx_word' id='word_1_292' title='bbox 710 2668 815 2707; x_wconf 89' lang='lat' dir='ltr'><strong>non</strong></span> <span class='ocrx_word' id='word_1_293' title='bbox 828 2657 1127 2708; x_wconf 75' lang='lat' dir='ltr'><strong>revertetur</strong></span> <span class='ocrx_word' id='word_1_294' title='bbox 1135 2656 1461 2725; x_wconf 84' lang='lat' dir='ltr'><strong>priusquam</strong></span> <span class='ocrx_word' id='word_1_295' title='bbox 1480 2655 1553 2709; x_wconf 85' lang='lat' dir='ltr'><strong>ad</strong></span> <span class='ocrx_word' id='word_1_296' title='bbox 1571 2669 1846 2724; x_wconf 82' lang='lat' dir='ltr'><strong>vesperam</strong></span> <span class='ocrx_word' id='word_1_297' title='bbox 1871 2656 2082 2709; x_wconf 87' lang='lat' dir='ltr'><strong>lavetur</strong></span> 
     </span>
    </p>
   </div>
   <div class='ocr_carea' id='block_1_43' title="bbox 482 2752 2084 2821">
    <p class='ocr_par' dir='ltr' id='par_1_43' title="bbox 482 2752 2084 2821">
     <span class='ocr_line' id='line_1_43' title="bbox 482 2752 2084 2821; baseline 0.002 -16"><span class='ocrx_word' id='word_1_298' title='bbox 482 2767 627 2821; x_wconf 86' lang='lat' dir='ltr'><strong>aqua</strong></span> <span class='ocrx_word' id='word_1_299' title='bbox 660 2792 680 2820; x_wconf 91' lang='lat'><strong>,</strong></span> <span class='ocrx_word' id='word_1_300' title='bbox 712 2756 763 2806; x_wconf 87' lang='lat' dir='ltr'><strong>et</strong></span> <span class='ocrx_word' id='word_1_301' title='bbox 803 2756 926 2821; x_wconf 90' lang='lat' dir='ltr'><strong>post</strong></span> <span class='ocrx_word' id='word_1_302' title='bbox 968 2754 1096 2807; x_wconf 87' lang='lat' dir='ltr'><strong>solis</strong></span> <span class='ocrx_word' id='word_1_303' title='bbox 1140 2768 1381 2809; x_wconf 86' lang='lat' dir='ltr'><strong>occasum</strong></span> <span class='ocrx_word' id='word_1_304' title='bbox 1424 2752 1761 2821; x_wconf 85' lang='lat' dir='ltr'><strong>regredietur</strong></span> <span class='ocrx_word' id='word_1_305' title='bbox 1799 2754 1859 2807; x_wconf 88' lang='lat' dir='ltr'><strong>in</strong></span> <span class='ocrx_word' id='word_1_306' title='bbox 1906 2758 2084 2808; x_wconf 85' lang='lat' dir='ltr'><strong>castra</strong></span> 
     </span>
    </p>
   </div>
   <div class='ocr_carea' id='block_1_44' title="bbox 480 2843 2083 2917">
    <p class='ocr_par' dir='ltr' id='par_1_44' title="bbox 480 2843 2083 2917">
     <span class='ocr_line' id='line_1_44' title="bbox 480 2843 2083 2917; baseline -0.001 -16"><span class='ocrx_word' id='word_1_307' title='bbox 480 2843 715 2916; x_wconf 85' lang='lat' dir='ltr'><strong>(Deuter.</strong></span> <span class='ocrx_word' id='word_1_308' title='bbox 750 2852 932 2914; x_wconf 83' lang='lat' dir='ltr'><strong>xxu).</strong></span> <span class='ocrx_word' id='word_1_309' title='bbox 974 2845 1185 2901; x_wconf 88' lang='lat' dir='ltr'><strong>Deinde</strong></span> <span class='ocrx_word' id='word_1_310' title='bbox 1225 2847 1248 2875; x_wconf 73' lang='grc' dir='ltr'><strong>ο</strong></span> <span class='ocrx_word' id='word_1_311' title='bbox 1276 2845 1498 2901; x_wconf 91' lang='lat' dir='ltr'><strong>tertium</strong></span> <span class='ocrx_word' id='word_1_312' title='bbox 1527 2845 1730 2917; x_wconf 87' lang='lat' dir='ltr'><strong>peccati</strong></span> <span class='ocrx_word' id='word_1_313' title='bbox 1770 2845 2083 2901; x_wconf 90' lang='lat' dir='ltr'><strong>membrum</strong></span> 
     </span>
    </p>
   </div>
   <div class='ocr_carea' id='block_1_45' title="bbox 483 2939 2079 3010">
    <p class='ocr_par' dir='ltr' id='par_1_45' title="bbox 483 2939 2079 3010">
     <span class='ocr_line' id='line_1_45' title="bbox 483 2939 2079 3010; baseline 0.001 -17"><span class='ocrx_word' id='word_1_314' title='bbox 483 2939 765 2994; x_wconf 80' lang='lat' dir='ltr'><strong>libidinem</strong></span> <span class='ocrx_word' id='word_1_315' title='bbox 786 2940 954 3010; x_wconf 89' lang='lat' dir='ltr'><strong>ponit,</strong></span> <span class='ocrx_word' id='word_1_316' title='bbox 979 2954 1104 3009; x_wconf 69' lang='lat' dir='ltr'><strong>qum</strong></span> <span class='ocrx_word' id='word_1_317' title='bbox 1123 2939 1179 2994; x_wconf 90' lang='lat' dir='ltr'><strong>in</strong></span> <span class='ocrx_word' id='word_1_318' title='bbox 1198 2940 1501 2995; x_wconf 88' lang='lat' dir='ltr'><strong>recessibus</strong></span> <span class='ocrx_word' id='word_1_319' title='bbox 1526 2940 1835 2994; x_wconf 86' lang='lat' dir='ltr'><strong>coalescens</strong></span> <span class='ocrx_word' id='word_1_320' title='bbox 1859 2939 2079 3007; x_wconf 77' lang='lat' dir='ltr'><strong>animae,</strong></span> 
     </span>
    </p>
   </div>
   <div class='ocr_carea' id='block_1_46' title="bbox 483 3032 2083 3106">
    <p class='ocr_par' dir='ltr' id='par_1_46' title="bbox 483 3032 2083 3106">
     <span class='ocr_line' id='line_1_46' title="bbox 483 3032 2083 3106; baseline 0.001 -18"><span class='ocrx_word' id='word_1_321' title='bbox 483 3033 779 3090; x_wconf 86' lang='lat' dir='ltr'><strong>accendere</strong></span> <span class='ocrx_word' id='word_1_322' title='bbox 831 3034 1110 3106; x_wconf 89' lang='lat' dir='ltr'><strong>quippiam</strong></span> <span class='ocrx_word' id='word_1_323' title='bbox 1171 3033 1337 3089; x_wconf 89' lang='lat' dir='ltr'><strong>etiam</strong></span> <span class='ocrx_word' id='word_1_324' title='bbox 1388 3032 1505 3088; x_wconf 91' lang='lat' dir='ltr'><strong>sine</strong></span> <span class='ocrx_word' id='word_1_325' title='bbox 1534 3032 1782 3104; x_wconf 90' lang='lat' dir='ltr'><strong>corporis</strong></span> <span class='ocrx_word' id='word_1_326' title='bbox 1832 3034 2083 3104; x_wconf 90' lang='lat' dir='ltr'><strong>passione</strong></span> 
     </span>
    </p>
   </div>
   <div class='ocr_carea' id='block_1_47' title="bbox 489 3124 2086 3198">
    <p class='ocr_par' dir='ltr' id='par_1_47' title="bbox 489 3124 2086 3198">
     <span class='ocr_line' id='line_1_47' title="bbox 489 3124 2086 3198; baseline 0.001 -16"><span class='ocrx_word' id='word_1_327' title='bbox 489 3133 691 3196; x_wconf 89' lang='lat' dir='ltr'><strong>potest.</strong></span> <span class='ocrx_word' id='word_1_328' title='bbox 722 3127 1032 3183; x_wconf 88' lang='lat' dir='ltr'><strong>Libidinem</strong></span> <span class='ocrx_word' id='word_1_329' title='bbox 1067 3127 1217 3183; x_wconf 89' lang='lat' dir='ltr'><strong>enim</strong></span> <span class='ocrx_word' id='word_1_330' title='bbox 1266 3126 1333 3181; x_wconf 90' lang='lat' dir='ltr'><strong>ab</strong></span> <span class='ocrx_word' id='word_1_331' title='bbox 1379 3141 1445 3181; x_wconf 88' lang='lat' dir='ltr'><strong>eo</strong></span> <span class='ocrx_word' id='word_1_332' title='bbox 1483 3124 1635 3198; x_wconf 91' lang='lat' dir='ltr'><strong>quod</strong></span> <span class='ocrx_word' id='word_1_333' title='bbox 1673 3126 1838 3182; x_wconf 88' lang='lat' dir='ltr'><strong>libeat</strong></span> <span class='ocrx_word' id='word_1_334' title='bbox 1883 3127 2086 3184; x_wconf 90' lang='lat' dir='ltr'><strong>dictam</strong></span> 
     </span>
    </p>
   </div>
   <div class='ocr_carea' id='block_1_48' title="bbox 2191 1907 3809 1976">
    <p class='ocr_par' dir='ltr' id='par_1_48' title="bbox 2191 1907 3809 1976">
     <span class='ocr_line' id='line_1_48' title="bbox 2191 1907 3809 1976; baseline 0 -11"><span class='ocrx_word' id='word_1_335' title='bbox 2191 1924 2376 1966; x_wconf 90' lang='lat' dir='ltr'><strong>rerum</strong></span> <span class='ocrx_word' id='word_1_336' title='bbox 2428 1908 2730 1966; x_wconf 88' lang='lat' dir='ltr'><strong>alienarum</strong></span> <span class='ocrx_word' id='word_1_337' title='bbox 2791 1907 3037 1964; x_wconf 91' lang='lat' dir='ltr'><strong>animum</strong></span> <span class='ocrx_word' id='word_1_338' title='bbox 3107 1907 3523 1976; x_wconf 84' lang='lat' dir='ltr'><strong>continendum,</strong></span> <span class='ocrx_word' id='word_1_339' title='bbox 3598 1926 3809 1967; x_wconf 84' lang='lat' dir='ltr'><strong>verum</strong></span> 
     </span>
    </p>
   </div>
   <div class='ocr_carea' id='block_1_49' title="bbox 2193 1999 3808 2074">
    <p class='ocr_par' dir='ltr' id='par_1_49' title="bbox 2193 1999 3808 2074">
     <span class='ocr_line' id='line_1_49' title="bbox 2193 1999 3808 2074; baseline 0 -17"><span class='ocrx_word' id='word_1_340' title='bbox 2193 2001 2359 2058; x_wconf 92' lang='lat' dir='ltr'><strong>etiam</strong></span> <span class='ocrx_word' id='word_1_341' title='bbox 2412 2000 2629 2073; x_wconf 88' lang='lat' dir='ltr'><strong>propria</strong></span> <span class='ocrx_word' id='word_1_342' title='bbox 2692 1999 3121 2074; x_wconf 50' lang='lat' dir='ltr'><strong>,magnanimiter</strong></span> <span class='ocrx_word' id='word_1_343' title='bbox 3185 2001 3604 2057; x_wconf 88' lang='lat' dir='ltr'><strong>contemnenda.</strong></span> <span class='ocrx_word' id='word_1_344' title='bbox 3680 2005 3808 2057; x_wconf 76' lang='lat' dir='ltr'><strong>Hoc</strong></span> 
     </span>
    </p>
   </div>
   <div class='ocr_carea' id='block_1_50' title="bbox 2198 2091 3804 2165">
    <p class='ocr_par' dir='ltr' id='par_1_50' title="bbox 2198 2091 3804 2165">
     <span class='ocr_line' id='line_1_50' title="bbox 2198 2091 3804 2165; baseline -0.001 -14"><span class='ocrx_word' id='word_1_345' title='bbox 2198 2096 2347 2151; x_wconf 90' lang='lat' dir='ltr'><strong>enim</strong></span> <span class='ocrx_word' id='word_1_346' title='bbox 2392 2102 2447 2150; x_wconf 92' lang='lat' dir='ltr'><strong>et</strong></span> <span class='ocrx_word' id='word_1_347' title='bbox 2480 2094 2537 2150; x_wconf 88' lang='lat' dir='ltr'><strong>in</strong></span> <span class='ocrx_word' id='word_1_348' title='bbox 2572 2093 2797 2150; x_wconf 77' lang='lat' dir='ltr'><strong>Actibus</strong></span> <span class='ocrx_word' id='word_1_349' title='bbox 2819 2092 3197 2165; x_wconf 88' lang='lat' dir='ltr'><strong>apostolorum</strong></span> <span class='ocrx_word' id='word_1_350' title='bbox 3230 2091 3418 2149; x_wconf 87' lang='lat' dir='ltr'><strong>fecisse</strong></span> <span class='ocrx_word' id='word_1_351' title='bbox 3457 2093 3662 2165; x_wconf 85' lang='lat' dir='ltr'><strong>legitur</strong></span> <span class='ocrx_word' id='word_1_352' title='bbox 3692 2109 3804 2150; x_wconf 80' lang='lat' dir='ltr'><strong>cre-</strong></span> 
     </span>
    </p>
   </div>
   <div class='ocr_carea' id='block_1_51' title="bbox 2196 2186 3805 2261">
    <p class='ocr_par' dir='ltr' id='par_1_51' title="bbox 2196 2186 3805 2261">
     <span class='ocr_line' id='line_1_51' title="bbox 2196 2186 3805 2261; baseline -0.001 -15"><span class='ocrx_word' id='word_1_353' title='bbox 2196 2189 2449 2246; x_wconf 89' lang='lat' dir='ltr'><strong>dentium</strong></span> <span class='ocrx_word' id='word_1_354' title='bbox 2477 2186 2793 2258; x_wconf 83' lang='lat' dir='ltr'><strong>multitudo,</strong></span> <span class='ocrx_word' id='word_1_355' title='bbox 2818 2186 2886 2245; x_wconf 89' lang='lat' dir='ltr'><strong>de</strong></span> <span class='ocrx_word' id='word_1_356' title='bbox 2913 2204 3023 2261; x_wconf 89' lang='lat' dir='ltr'><strong>qua</strong></span> <span class='ocrx_word' id='word_1_357' title='bbox 3046 2186 3247 2244; x_wconf 89' lang='lat' dir='ltr'><strong>dicitur</strong></span> <span class='ocrx_word' id='word_1_358' title='bbox 3271 2206 3285 2243; x_wconf 90' lang='lat'><strong>:</strong></span> <span class='ocrx_word' id='word_1_359' title='bbox 3313 2188 3696 2243; x_wconf 80' lang='lat' dir='ltr'><strong>Multitudinis</strong></span> <span class='ocrx_word' id='word_1_360' title='bbox 3721 2206 3805 2244; x_wconf 86' lang='lat' dir='ltr'><strong>au-</strong></span> 
     </span>
    </p>
   </div>
   <div class='ocr_carea' id='block_1_52' title="bbox 2198 2284 3807 2351">
    <p class='ocr_par' dir='ltr' id='par_1_52' title="bbox 2198 2284 3807 2351">
     <span class='ocr_line' id='line_1_52' title="bbox 2198 2284 3807 2351; baseline -0.001 -11"><span class='ocrx_word' id='word_1_361' title='bbox 2198 2288 2312 2340; x_wconf 84' lang='lat' dir='ltr'><strong>tem</strong></span> <span class='ocrx_word' id='word_1_362' title='bbox 2351 2284 2683 2340; x_wconf 85' lang='lat' dir='ltr'><strong>credentium</strong></span> <span class='ocrx_word' id='word_1_363' title='bbox 2717 2287 2832 2339; x_wconf 86' lang='lat' dir='ltr'><strong>erat</strong></span> <span class='ocrx_word' id='word_1_364' title='bbox 2863 2298 2953 2338; x_wconf 87' lang='lat' dir='ltr'><strong>cor</strong></span> <span class='ocrx_word' id='word_1_365' title='bbox 2989 2300 3176 2347; x_wconf 85' lang='lat' dir='ltr'><strong>unum,</strong></span> <span class='ocrx_word' id='word_1_366' title='bbox 3221 2289 3271 2339; x_wconf 88' lang='lat' dir='ltr'><strong>et</strong></span> <span class='ocrx_word' id='word_1_367' title='bbox 3318 2286 3509 2338; x_wconf 87' lang='lat' dir='ltr'><strong>anima</strong></span> <span class='ocrx_word' id='word_1_368' title='bbox 3546 2300 3680 2351; x_wconf 86' lang='lat' dir='ltr'><strong>una,</strong></span> <span class='ocrx_word' id='word_1_369' title='bbox 3720 2299 3807 2339; x_wconf 88' lang='lat' dir='ltr'><strong>nec</strong></span> 
     </span>
    </p>
   </div>
   <div class='ocr_carea' id='block_1_53' title="bbox 2210 2376 3808 2447">
    <p class='ocr_par' dir='ltr' id='par_1_53' title="bbox 2210 2376 3808 2447">
     <span class='ocr_line' id='line_1_53' title="bbox 2210 2376 3808 2447; baseline 0.001 -16"><span class='ocrx_word' id='word_1_370' title='bbox 2210 2379 2499 2447; x_wconf 88' lang='lat' dir='ltr'><strong>quisquam</strong></span> <span class='ocrx_word' id='word_1_371' title='bbox 2526 2392 2706 2431; x_wconf 87' lang='lat' dir='ltr'><strong>eorum</strong></span> <span class='ocrx_word' id='word_1_372' title='bbox 2729 2392 2848 2446; x_wconf 67' lang='lat' dir='ltr'><strong>quae</strong></span> <span class='ocrx_word' id='word_1_373' title='bbox 2875 2376 3210 2447; x_wconf 84' lang='lat' dir='ltr'><strong>possidebat,</strong></span> <span class='ocrx_word' id='word_1_374' title='bbox 3247 2378 3466 2447; x_wconf 77' lang='lat' dir='ltr'><strong>aliquid</strong></span> <span class='ocrx_word' id='word_1_375' title='bbox 3496 2393 3657 2432; x_wconf 85' lang='lat' dir='ltr'><strong>suum</strong></span> <span class='ocrx_word' id='word_1_376' title='bbox 3698 2394 3808 2433; x_wconf 88' lang='lat' dir='ltr'><strong>esse</strong></span> 
     </span>
    </p>
   </div>
   <div class='ocr_carea' id='block_1_54' title="bbox 2191 2470 3798 2541">
    <p class='ocr_par' dir='ltr' id='par_1_54' title="bbox 2191 2470 3798 2541">
     <span class='ocr_line' id='line_1_54' title="bbox 2191 2470 3798 2541; baseline 0.001 -17"><span class='ocrx_word' id='word_1_377' title='bbox 2191 2470 2428 2533; x_wconf 87' lang='lat' dir='ltr'><strong>dicebat,</strong></span> <span class='ocrx_word' id='word_1_378' title='bbox 2460 2470 2554 2525; x_wconf 88' lang='lat' dir='ltr'><strong>sed</strong></span> <span class='ocrx_word' id='word_1_379' title='bbox 2584 2474 2740 2524; x_wconf 84' lang='lat' dir='ltr'><strong>erant</strong></span> <span class='ocrx_word' id='word_1_380' title='bbox 2764 2471 2875 2525; x_wconf 89' lang='lat' dir='ltr'><strong>illis</strong></span> <span class='ocrx_word' id='word_1_381' title='bbox 2904 2472 3087 2525; x_wconf 85' lang='lat' dir='ltr'><strong>omnia</strong></span> <span class='ocrx_word' id='word_1_382' title='bbox 3112 2473 3418 2525; x_wconf 86' lang='lat' dir='ltr'><strong>communia</strong></span> <span class='ocrx_word' id='word_1_383' title='bbox 3450 2472 3657 2541; x_wconf 82' lang='lat' dir='ltr'><strong>(Actor.</strong></span> <span class='ocrx_word' id='word_1_384' title='bbox 3687 2476 3798 2537; x_wconf 77' lang='grc' dir='ltr'><strong>ιν).</strong></span> 
     </span>
    </p>
   </div>
   <div class='ocr_carea' id='block_1_55' title="bbox 2192 2563 3804 2638">
    <p class='ocr_par' dir='ltr' id='par_1_55' title="bbox 2192 2563 3804 2638">
     <span class='ocr_line' id='line_1_55' title="bbox 2192 2563 3804 2638; baseline 0.002 -18"><span class='ocrx_word' id='word_1_385' title='bbox 2192 2566 2485 2636; x_wconf 87' lang='lat' dir='ltr'><strong>Quotquot</strong></span> <span class='ocrx_word' id='word_1_386' title='bbox 2515 2563 2661 2620; x_wconf 89' lang='lat' dir='ltr'><strong>enim</strong></span> <span class='ocrx_word' id='word_1_387' title='bbox 2695 2579 3036 2636; x_wconf 88' lang='lat' dir='ltr'><strong>possessores</strong></span> <span class='ocrx_word' id='word_1_388' title='bbox 3070 2581 3334 2638; x_wconf 90' lang='lat' dir='ltr'><strong>agrorum</strong></span> <span class='ocrx_word' id='word_1_389' title='bbox 3359 2574 3456 2621; x_wconf 92' lang='lat' dir='ltr'><strong>aut</strong></span> <span class='ocrx_word' id='word_1_390' title='bbox 3502 2565 3804 2623; x_wconf 88' lang='lat' dir='ltr'><strong>domorum</strong></span> 
     </span>
    </p>
   </div>
   <div class='ocr_carea' id='block_1_56' title="bbox 2196 2657 3803 2732">
    <p class='ocr_par' dir='ltr' id='par_1_56' title="bbox 2196 2657 3803 2732">
     <span class='ocr_line' id='line_1_56' title="bbox 2196 2657 3803 2732; baseline -0.001 -16"><span class='ocrx_word' id='word_1_391' title='bbox 2196 2668 2371 2729; x_wconf 89' lang='lat' dir='ltr'><strong>erant,</strong></span> <span class='ocrx_word' id='word_1_392' title='bbox 2395 2657 2695 2715; x_wconf 89' lang='lat' dir='ltr'><strong>vendentes</strong></span> <span class='ocrx_word' id='word_1_393' title='bbox 2730 2657 3034 2714; x_wconf 82' lang='lat' dir='ltr'><strong>efferebant</strong></span> <span class='ocrx_word' id='word_1_394' title='bbox 3073 2659 3250 2730; x_wconf 89' lang='lat' dir='ltr'><strong>pretia</strong></span> <span class='ocrx_word' id='word_1_395' title='bbox 3279 2674 3477 2714; x_wconf 90' lang='lat' dir='ltr'><strong>eorum</strong></span> <span class='ocrx_word' id='word_1_396' title='bbox 3515 2674 3639 2732; x_wconf 69' lang='lat' dir='ltr'><strong>quae</strong></span> <span class='ocrx_word' id='word_1_397' title='bbox 3678 2676 3803 2716; x_wconf 82' lang='lat' dir='ltr'><strong>ven-</strong></span> 
     </span>
    </p>
   </div>
   <div class='ocr_carea' id='block_1_57' title="bbox 2190 2749 3800 2824">
    <p class='ocr_par' dir='ltr' id='par_1_57' title="bbox 2190 2749 3800 2824">
     <span class='ocr_line' id='line_1_57' title="bbox 2190 2749 3800 2824; baseline 0 -16"><span class='ocrx_word' id='word_1_398' title='bbox 2190 2750 2410 2822; x_wconf 87' lang='lat' dir='ltr'><strong>debant,</strong></span> <span class='ocrx_word' id='word_1_399' title='bbox 2443 2757 2499 2805; x_wconf 90' lang='lat' dir='ltr'><strong>et</strong></span> <span class='ocrx_word' id='word_1_400' title='bbox 2540 2749 2813 2822; x_wconf 79' lang='lat' dir='ltr'><strong>ponebant</strong></span> <span class='ocrx_word' id='word_1_401' title='bbox 2846 2758 2976 2806; x_wconf 89' lang='lat' dir='ltr'><strong>anto</strong></span> <span class='ocrx_word' id='word_1_402' title='bbox 3013 2749 3176 2822; x_wconf 87' lang='lat' dir='ltr'><strong>pedes</strong></span> <span class='ocrx_word' id='word_1_403' title='bbox 3204 2750 3615 2824; x_wconf 87' lang='lat' dir='ltr'><strong>apostolorum.</strong></span> <span class='ocrx_word' id='word_1_404' title='bbox 3659 2752 3800 2809; x_wconf 83' lang='lat' dir='ltr'><strong>Divi-</strong></span> 
     </span>
    </p>
   </div>
   <div class='ocr_carea' id='block_1_58' title="bbox 2190 2843 3799 2917">
    <p class='ocr_par' dir='ltr' id='par_1_58' title="bbox 2190 2843 3799 2917">
     <span class='ocr_line' id='line_1_58' title="bbox 2190 2843 3799 2917; baseline -0.001 -15"><span class='ocrx_word' id='word_1_405' title='bbox 2190 2844 2424 2902; x_wconf 89' lang='lat' dir='ltr'><strong>debatur</strong></span> <span class='ocrx_word' id='word_1_406' title='bbox 2466 2852 2653 2901; x_wconf 90' lang='lat' dir='ltr'><strong>autem</strong></span> <span class='ocrx_word' id='word_1_407' title='bbox 2690 2843 2916 2915; x_wconf 87' lang='lat' dir='ltr'><strong>singulis</strong></span> <span class='ocrx_word' id='word_1_408' title='bbox 2958 2852 3122 2916; x_wconf 91' lang='lat' dir='ltr'><strong>prout</strong></span> <span class='ocrx_word' id='word_1_409' title='bbox 3157 2843 3354 2916; x_wconf 90' lang='lat' dir='ltr'><strong>cuique</strong></span> <span class='ocrx_word' id='word_1_410' title='bbox 3393 2860 3535 2917; x_wconf 91' lang='lat' dir='ltr'><strong>opus</strong></span> <span class='ocrx_word' id='word_1_411' title='bbox 3562 2853 3695 2901; x_wconf 90' lang='lat' dir='ltr'><strong>erat.</strong></span> <span class='ocrx_word' id='word_1_412' title='bbox 3736 2849 3799 2901; x_wconf 78' lang='lat' dir='ltr'><strong>Et</strong></span> 
     </span>
    </p>
   </div>
   <div class='ocr_carea' id='block_1_59' title="bbox 2191 2936 3796 3011">
    <p class='ocr_par' dir='ltr' id='par_1_59' title="bbox 2191 2936 3796 3011">
     <span class='ocr_line' id='line_1_59' title="bbox 2191 2936 3796 3011; baseline -0.001 -16"><span class='ocrx_word' id='word_1_413' title='bbox 2191 2956 2266 2996; x_wconf 93' lang='lat' dir='ltr'><strong>ne</strong></span> <span class='ocrx_word' id='word_1_414' title='bbox 2296 2940 2364 2996; x_wconf 89' lang='lat' dir='ltr'><strong>ad</strong></span> <span class='ocrx_word' id='word_1_415' title='bbox 2395 2955 2600 3011; x_wconf 88' lang='lat' dir='ltr'><strong>paucos</strong></span> <span class='ocrx_word' id='word_1_416' title='bbox 2640 2939 2906 3011; x_wconf 89' lang='lat' dir='ltr'><strong>pertinere</strong></span> <span class='ocrx_word' id='word_1_417' title='bbox 2932 2938 3206 2995; x_wconf 86' lang='lat' dir='ltr'><strong>videretur</strong></span> <span class='ocrx_word' id='word_1_418' title='bbox 3226 2939 3327 2995; x_wconf 91' lang='lat' dir='ltr'><strong>ista</strong></span> <span class='ocrx_word' id='word_1_419' title='bbox 3351 2936 3629 3010; x_wconf 82' lang='lat' dir='ltr'><strong>perfectio,</strong></span> <span class='ocrx_word' id='word_1_420' title='bbox 3670 2954 3796 2995; x_wconf 87' lang='lat' dir='ltr'><strong>ava-</strong></span> 
     </span>
    </p>
   </div>
   <div class='ocr_carea' id='block_1_60' title="bbox 2194 3030 3794 3089">
    <p class='ocr_par' dir='ltr' id='par_1_60' title="bbox 2194 3030 3794 3089">
     <span class='ocr_line' id='line_1_60' title="bbox 2194 3030 3794 3089; baseline 0.001 -2"><span class='ocrx_word' id='word_1_421' title='bbox 2194 3032 2382 3088; x_wconf 89' lang='lat' dir='ltr'><strong>ritiam</strong></span> <span class='ocrx_word' id='word_1_422' title='bbox 2434 3030 2855 3088; x_wconf 89' lang='lat' dir='ltr'><strong>simulacrorum</strong></span> <span class='ocrx_word' id='word_1_423' title='bbox 2903 3030 3219 3087; x_wconf 87' lang='lat' dir='ltr'><strong>servitutem</strong></span> <span class='ocrx_word' id='word_1_424' title='bbox 3272 3046 3392 3088; x_wconf 90' lang='lat' dir='ltr'><strong>esse</strong></span> <span class='ocrx_word' id='word_1_425' title='bbox 3435 3040 3664 3088; x_wconf 87' lang='lat' dir='ltr'><strong>testatus</strong></span> <span class='ocrx_word' id='word_1_426' title='bbox 3699 3041 3794 3089; x_wconf 88' lang='lat' dir='ltr'><strong>est.</strong></span> 
     </span>
    </p>
   </div>
   <div class='ocr_carea' id='block_1_61' title="bbox 2196 3126 3795 3200">
    <p class='ocr_par' dir='ltr' id='par_1_61' title="bbox 2196 3126 3795 3200">
     <span class='ocr_line' id='line_1_61' title="bbox 2196 3126 3795 3200; baseline 0.001 -18"><span class='ocrx_word' id='word_1_427' title='bbox 2196 3129 2306 3184; x_wconf 87' lang='lat' dir='ltr'><strong>Nec</strong></span> <span class='ocrx_word' id='word_1_428' title='bbox 2335 3127 2616 3183; x_wconf 89' lang='lat' dir='ltr'><strong>immerito</strong></span> <span class='ocrx_word' id='word_1_429' title='bbox 2644 3144 2658 3182; x_wconf 87' lang='lat'><strong>:</strong></span> <span class='ocrx_word' id='word_1_430' title='bbox 2689 3126 2933 3200; x_wconf 91' lang='lat' dir='ltr'><strong>quisquis</strong></span> <span class='ocrx_word' id='word_1_431' title='bbox 2957 3126 3102 3183; x_wconf 89' lang='lat' dir='ltr'><strong>enim</strong></span> <span class='ocrx_word' id='word_1_432' title='bbox 3139 3142 3251 3183; x_wconf 91' lang='lat' dir='ltr'><strong>non</strong></span> <span class='ocrx_word' id='word_1_433' title='bbox 3288 3129 3668 3184; x_wconf 89' lang='lat' dir='ltr'><strong>communicat</strong></span> <span class='ocrx_word' id='word_1_434' title='bbox 3707 3143 3795 3184; x_wconf 89' lang='lat' dir='ltr'><strong>ne-</strong></span> 
     </span>
    </p>
   </div>
   <div class='ocr_carea' id='block_1_62' title="bbox 484 3211 3801 3295">
    <p class='ocr_par' dir='ltr' id='par_1_62' title="bbox 484 3211 3801 3295">
     <span class='ocr_line' id='line_1_62' title="bbox 484 3211 3801 3295; baseline 0.001 -20"><span class='ocrx_word' id='word_1_435' title='bbox 484 3232 602 3275; x_wconf 86' lang='lat' dir='ltr'><strong>esse</strong></span> <span class='ocrx_word' id='word_1_436' title='bbox 631 3234 743 3276; x_wconf 92' lang='lat' dir='ltr'><strong>non</strong></span> <span class='ocrx_word' id='word_1_437' title='bbox 769 3219 996 3277; x_wconf 85' lang='lat' dir='ltr'><strong>dubium</strong></span> <span class='ocrx_word' id='word_1_438' title='bbox 1029 3227 1130 3276; x_wconf 91' lang='lat' dir='ltr'><strong>est.</strong></span> <span class='ocrx_word' id='word_1_439' title='bbox 1180 3222 1312 3275; x_wconf 90' lang='lat' dir='ltr'><strong>Post</strong></span> <span class='ocrx_word' id='word_1_440' title='bbox 1337 3216 1459 3276; x_wconf 69' lang='lat' dir='ltr'><strong>haec</strong></span> <span class='ocrx_word' id='word_1_441' title='bbox 1498 3218 1567 3276; x_wconf 90' lang='lat' dir='ltr'><strong>de</strong></span> <span class='ocrx_word' id='word_1_442' title='bbox 1609 3220 1906 3294; x_wconf 89' lang='lat' dir='ltr'><strong>majoribus</strong></span> <span class='ocrx_word' id='word_1_443' title='bbox 1958 3238 2082 3293; x_wconf 89' lang='lat' dir='ltr'><strong>pec-</strong></span> <span class='ocrx_word' id='word_1_444' title='bbox 2118 3211 2163 3275; x_wconf 87' lang='lat' dir='ltr'><strong><em>C</em></strong></span> <span class='ocrx_word' id='word_1_445' title='bbox 2196 3220 2540 3278; x_wconf 89' lang='lat' dir='ltr'><strong>cessitatibus</strong></span> <span class='ocrx_word' id='word_1_446' title='bbox 2568 3235 2899 3293; x_wconf 88' lang='lat' dir='ltr'><strong>egenorum,</strong></span> <span class='ocrx_word' id='word_1_447' title='bbox 2945 3229 2999 3277; x_wconf 90' lang='lat' dir='ltr'><strong>et</strong></span> <span class='ocrx_word' id='word_1_448' title='bbox 3031 3220 3278 3293; x_wconf 72' lang='lat' dir='ltr'><strong>pecunia:</strong></span> <span class='ocrx_word' id='word_1_449' title='bbox 3320 3236 3435 3278; x_wconf 74' lang='lat' dir='ltr'><strong>suae</strong></span> <span class='ocrx_word' id='word_1_450' title='bbox 3481 3238 3649 3295; x_wconf 89' lang='lat' dir='ltr'><strong>quam</strong></span> <span class='ocrx_word' id='word_1_451' title='bbox 3679 3222 3801 3278; x_wconf 85' lang='lat' dir='ltr'><strong>inti-</strong></span> 
     </span>
    </p>
   </div>
   <div class='ocr_carea' id='block_1_63' title="bbox 1584 3368 2693 3426">
    <p class='ocr_par' dir='ltr' id='par_1_63' title="bbox 1584 3368 2693 3426">
     <span class='ocr_line' id='line_1_63' title="bbox 1584 3368 2693 3426; baseline -0.001 -3"><span class='ocrx_word' id='word_1_452' title='bbox 1584 3368 1837 3425; x_wconf 83' lang='lat' dir='ltr'><strong>ALARDI</strong></span> <span class='ocrx_word' id='word_1_453' title='bbox 1874 3370 2099 3426; x_wconf 70' lang='lat' dir='ltr'><strong>GAZ£I</strong></span> <span class='ocrx_word' id='word_1_454' title='bbox 2137 3368 2693 3425; x_wconf 78' lang='lat' dir='ltr'><strong>COMMENTARIUS.</strong></span> 
     </span>
    </p>
   </div>
   <div class='ocr_carea' id='block_1_64' title="bbox 549 3490 2085 3562">
    <p class='ocr_par' dir='ltr' id='par_1_64' title="bbox 549 3490 2085 3562">
     <span class='ocr_line' id='line_1_64' title="bbox 549 3490 2085 3562; baseline 0.002 -16"><span class='ocrx_word' id='word_1_455' title='bbox 549 3493 683 3562; x_wconf 59' lang='lat' dir='ltr'><strong>{_D.</strong></span> <span class='ocrx_word' id='word_1_456' title='bbox 713 3492 1050 3562; x_wconf 83' lang='lat' dir='ltr'><strong>Augustinus</strong></span> <span class='ocrx_word' id='word_1_457' title='bbox 1093 3491 1188 3548; x_wconf 91' lang='lat' dir='ltr'><strong>lib.</strong></span> <span class='ocrx_word' id='word_1_458' title='bbox 1230 3506 1299 3548; x_wconf 73' lang='lat' dir='ltr'><strong>x1</strong></span> <span class='ocrx_word' id='word_1_459' title='bbox 1334 3490 1403 3547; x_wconf 92' lang='lat' dir='ltr'><strong>de</strong></span> <span class='ocrx_word' id='word_1_460' title='bbox 1432 3492 1592 3548; x_wconf 91' lang='lat' dir='ltr'><strong>Civit.</strong></span> <span class='ocrx_word' id='word_1_461' title='bbox 1644 3493 1784 3561; x_wconf 87' lang='lat' dir='ltr'><strong>Dei,</strong></span> <span class='ocrx_word' id='word_1_462' title='bbox 1813 3495 2085 3550; x_wconf 90' lang='lat' dir='ltr'><strong>rationem</strong></span> 
     </span>
    </p>
   </div>
   <div class='ocr_carea' id='block_1_65' title="bbox 479 3558 2085 3630">
    <p class='ocr_par' dir='ltr' id='par_1_65' title="bbox 479 3558 2085 3630">
     <span class='ocr_line' id='line_1_65' title="bbox 479 3558 2085 3630; baseline 0.004 -18"><span class='ocrx_word' id='word_1_463' title='bbox 479 3558 717 3630; x_wconf 86' lang='lat' dir='ltr'><strong>reddens</strong></span> <span class='ocrx_word' id='word_1_464' title='bbox 752 3558 850 3630; x_wconf 58' lang='lat' dir='ltr'><strong>cu&#39;r</strong></span> <span class='ocrx_word' id='word_1_465' title='bbox 893 3563 1188 3630; x_wconf 79' lang='lat' dir='ltr'><strong>Apostolus</strong></span> <span class='ocrx_word' id='word_1_466' title='bbox 1216 3562 1499 3618; x_wconf 89' lang='lat' dir='ltr'><strong>avaritiam</strong></span> <span class='ocrx_word' id='word_1_467' title='bbox 1536 3558 1783 3619; x_wconf 81' lang='lat' dir='ltr'><strong>nominet</strong></span> <span class='ocrx_word' id='word_1_468' title='bbox 1811 3565 2085 3621; x_wconf 89' lang='lat' dir='ltr'><strong>idolorum</strong></span> 
     </span>
    </p>
   </div>
   <div class='ocr_carea' id='block_1_66' title="bbox 480 3628 2086 3706">
    <p class='ocr_par' dir='ltr' id='par_1_66' title="bbox 480 3628 2086 3706">
     <span class='ocr_line' id='line_1_66' title="bbox 480 3628 2086 3706; baseline 0.005 -24"><span class='ocrx_word' id='word_1_469' title='bbox 480 3636 584 3682; x_wconf 89' lang='lat' dir='ltr'><strong>aut</strong></span> <span class='ocrx_word' id='word_1_470' title='bbox 611 3628 1032 3706; x_wconf 78' lang='lat' dir='ltr'><strong>simulacrorum</strong></span> <span class='ocrx_word' id='word_1_471' title='bbox 1082 3634 1401 3706; x_wconf 87' lang='lat' dir='ltr'><strong>servitutem</strong></span> <span class='ocrx_word' id='word_1_472' title='bbox 1435 3651 1448 3686; x_wconf 88' lang='lat'><strong>:</strong></span> <span class='ocrx_word' id='word_1_473' title='bbox 1483 3637 1743 3697; x_wconf 82' lang='lat' dir='ltr'><strong>Perversi,</strong></span> <span class='ocrx_word' id='word_1_474' title='bbox 1776 3636 1985 3706; x_wconf 87' lang='lat' dir='ltr'><strong>inquit,</strong></span> <span class='ocrx_word' id='word_1_475' title='bbox 2035 3641 2086 3691; x_wconf 90' lang='lat' dir='ltr'><strong>et</strong></span> 
     </span>
    </p>
   </div>
   <div class='ocr_carea' id='block_1_67' title="bbox 480 3699 2085 3773">
    <p class='ocr_par' dir='ltr' id='par_1_67' title="bbox 480 3699 2085 3773">
     <span class='ocr_line' id='line_1_67' title="bbox 480 3699 2085 3773; baseline 0.005 -20"><span class='ocrx_word' id='word_1_476' title='bbox 480 3699 651 3753; x_wconf 82' lang='lat' dir='ltr'><strong>avari</strong></span> <span class='ocrx_word' id='word_1_477' title='bbox 672 3699 795 3764; x_wconf 86' lang='lat' dir='ltr'><strong>frui</strong></span> <span class='ocrx_word' id='word_1_478' title='bbox 819 3700 1002 3753; x_wconf 88' lang='lat' dir='ltr'><strong>volunt</strong></span> <span class='ocrx_word' id='word_1_479' title='bbox 1029 3716 1264 3764; x_wconf 88' lang='lat' dir='ltr'><strong>nummo,</strong></span> <span class='ocrx_word' id='word_1_480' title='bbox 1302 3705 1387 3755; x_wconf 87' lang='lat' dir='ltr'><strong>uti</strong></span> <span class='ocrx_word' id='word_1_481' title='bbox 1423 3708 1602 3756; x_wconf 88' lang='lat' dir='ltr'><strong>autem</strong></span> <span class='ocrx_word' id='word_1_482' title='bbox 1646 3708 1793 3760; x_wconf 88' lang='lat' dir='ltr'><strong>Deo:</strong></span> <span class='ocrx_word' id='word_1_483' title='bbox 1835 3699 2085 3773; x_wconf 74' lang='lat' dir='ltr'><strong>quoniam</strong></span> 
     </span>
    </p>
   </div>
   <div class='ocr_carea' id='block_1_68' title="bbox 485 3774 2084 3842">
    <p class='ocr_par' dir='ltr' id='par_1_68' title="bbox 485 3774 2084 3842">
     <span class='ocr_line' id='line_1_68' title="bbox 485 3774 2084 3842; baseline 0.006 -19"><span class='ocrx_word' id='word_1_484' title='bbox 485 3784 594 3823; x_wconf 89' lang='lat' dir='ltr'><strong>non</strong></span> <span class='ocrx_word' id='word_1_485' title='bbox 632 3784 907 3823; x_wconf 89' lang='lat' dir='ltr'><strong>nummum</strong></span> <span class='ocrx_word' id='word_1_486' title='bbox 930 3775 1157 3841; x_wconf 83' lang='lat' dir='ltr'><strong>propter</strong></span> <span class='ocrx_word' id='word_1_487' title='bbox 1194 3776 1363 3827; x_wconf 86' lang='lat' dir='ltr'><strong>Deum</strong></span> <span class='ocrx_word' id='word_1_488' title='bbox 1397 3774 1753 3842; x_wconf 77' lang='lat' dir='ltr'><strong>impendunt,</strong></span> <span class='ocrx_word' id='word_1_489' title='bbox 1785 3778 1880 3830; x_wconf 87' lang='lat' dir='ltr'><strong>sed</strong></span> <span class='ocrx_word' id='word_1_490' title='bbox 1918 3779 2084 3832; x_wconf 89' lang='lat' dir='ltr'><strong>Deum</strong></span> 
     </span>
    </p>
   </div>
   <div class='ocr_carea' id='block_1_69' title="bbox 478 3843 2084 3912">
    <p class='ocr_par' dir='ltr' id='par_1_69' title="bbox 478 3843 2084 3912">
     <span class='ocr_line' id='line_1_69' title="bbox 478 3843 2084 3912; baseline 0.005 -18"><span class='ocrx_word' id='word_1_491' title='bbox 478 3843 705 3910; x_wconf 81' lang='lat' dir='ltr'><strong>propter</strong></span> <span class='ocrx_word' id='word_1_492' title='bbox 731 3855 1011 3895; x_wconf 89' lang='lat' dir='ltr'><strong>nummum</strong></span> <span class='ocrx_word' id='word_1_493' title='bbox 1038 3843 1239 3898; x_wconf 87' lang='lat' dir='ltr'><strong>colunt.</strong></span> <span class='ocrx_word' id='word_1_494' title='bbox 1280 3843 1416 3910; x_wconf 81' lang='lat' dir='ltr'><strong>Quia</strong></span> <span class='ocrx_word' id='word_1_495' title='bbox 1441 3843 1720 3912; x_wconf 90' lang='lat' dir='ltr'><strong>nimirum,</strong></span> <span class='ocrx_word' id='word_1_496' title='bbox 1744 3846 1869 3903; x_wconf 90' lang='lat' dir='ltr'><strong>licet</strong></span> <span class='ocrx_word' id='word_1_497' title='bbox 1904 3850 2084 3903; x_wconf 85' lang='lat' dir='ltr'><strong>Deum</strong></span> 
     </span>
    </p>
   </div>
   <div class='ocr_carea' id='block_1_70' title="bbox 484 3917 2085 3983">
    <p class='ocr_par' dir='ltr' id='par_1_70' title="bbox 484 3917 2085 3983">
     <span class='ocr_line' id='line_1_70' title="bbox 484 3917 2085 3983; baseline 0.006 -19"><span class='ocrx_word' id='word_1_498' title='bbox 484 3918 784 3983; x_wconf 73' lang='lat' dir='ltr'><strong>agnoscant</strong></span> <span class='ocrx_word' id='word_1_499' title='bbox 830 3920 884 3983; x_wconf 72' lang='grc' dir='ltr'><strong>εἰ</strong></span> <span class='ocrx_word' id='word_1_500' title='bbox 925 3923 1271 3969; x_wconf 87' lang='lat' dir='ltr'><strong>revereantur</strong></span> <span class='ocrx_word' id='word_1_501' title='bbox 1304 3922 1589 3983; x_wconf 87' lang='lat' dir='ltr'><strong>tamquam</strong></span> <span class='ocrx_word' id='word_1_502' title='bbox 1617 3931 1805 3972; x_wconf 86' lang='lat' dir='ltr'><strong>rerum</strong></span> <span class='ocrx_word' id='word_1_503' title='bbox 1834 3917 2085 3975; x_wconf 87' lang='lat' dir='ltr'><strong>omnium</strong></span> 
     </span>
    </p>
   </div>
   <div class='ocr_carea' id='block_1_71' title="bbox 521 3982 2082 4059">
    <p class='ocr_par' dir='ltr' id='par_1_71' title="bbox 521 3982 2082 4059">
     <span class='ocr_line' id='line_1_71' title="bbox 521 3982 2082 4059; baseline 0.006 -23"><span class='ocrx_word' id='word_1_504' title='bbox 521 3989 786 4045; x_wconf 88' lang='lat' dir='ltr'><strong>arentem,</strong></span> <span class='ocrx_word' id='word_1_505' title='bbox 820 3982 1193 4059; x_wconf 77' lang='lat' dir='ltr'><strong>immoderato</strong></span> <span class='ocrx_word' id='word_1_506' title='bbox 1217 3992 1401 4040; x_wconf 88' lang='lat' dir='ltr'><strong>tamen</strong></span> <span class='ocrx_word' id='word_1_507' title='bbox 1430 3982 1656 4059; x_wconf 77' lang='lat' dir='ltr'><strong>affectu,</strong></span> <span class='ocrx_word' id='word_1_508' title='bbox 1687 4003 1795 4059; x_wconf 93' lang='lat' dir='ltr'><strong>quo</strong></span> <span class='ocrx_word' id='word_1_509' title='bbox 1823 3988 1880 4044; x_wconf 91' lang='lat' dir='ltr'><strong>in</strong></span> <span class='ocrx_word' id='word_1_510' title='bbox 1907 3989 2082 4045; x_wconf 84' lang='lat' dir='ltr'><strong>sordi-</strong></span> 
     </span>
    </p>
   </div>
   <div class='ocr_carea' id='block_1_72' title="bbox 477 3997 2086 4124">
    <p class='ocr_par' dir='ltr' id='par_1_72' title="bbox 477 3997 2086 4124">
     <span class='ocr_line' id='line_1_72' title="bbox 477 3997 2082 4109; baseline 0.006 -73"><span class='ocrx_word' id='word_1_511' title='bbox 477 3997 786 4109; x_wconf 56' lang='lat' dir='ltr'><strong>garentem,</strong></span> <span class='ocrx_word' id='word_1_512' title='bbox 825 3997 1193 4039; x_wconf 79' lang='lat' dir='ltr'><strong>Immoaerato</strong></span> <span class='ocrx_word' id='word_1_513' title='bbox 1217 3997 1401 4040; x_wconf 88' lang='lat' dir='ltr'><strong>tamen</strong></span> <span class='ocrx_word' id='word_1_514' title='bbox 1430 3997 1656 4052; x_wconf 87' lang='lat' dir='ltr'><strong>attectu,</strong></span> <span class='ocrx_word' id='word_1_515' title='bbox 1687 4003 1795 4059; x_wconf 91' lang='lat' dir='ltr'><strong>quo</strong></span> <span class='ocrx_word' id='word_1_516' title='bbox 1823 3997 1880 4044; x_wconf 84' lang='lat' dir='ltr'><strong>in</strong></span> <span class='ocrx_word' id='word_1_517' title='bbox 1907 3997 2082 4045; x_wconf 84' lang='lat' dir='ltr'><strong>sordi-</strong></span> 
     </span>
     <span class='ocr_line' id='line_1_73' title="bbox 520 4052 2086 4124; baseline 0.006 -17"><span class='ocrx_word' id='word_1_518' title='bbox 520 4068 585 4108; x_wconf 89' lang='lat' dir='ltr'><strong>us</strong></span> <span class='ocrx_word' id='word_1_519' title='bbox 641 4052 883 4124; x_wconf 67' lang='lat' dir='ltr'><strong>pecuniae</strong></span> <span class='ocrx_word' id='word_1_520' title='bbox 934 4055 1319 4123; x_wconf 68' lang='lat' dir='ltr'><strong>inhaerescunt,</strong></span> <span class='ocrx_word' id='word_1_521' title='bbox 1351 4072 1478 4112; x_wconf 89' lang='lat' dir='ltr'><strong>eum</strong></span> <span class='ocrx_word' id='word_1_522' title='bbox 1535 4056 1792 4113; x_wconf 89' lang='lat' dir='ltr'><strong>ultimum</strong></span> <span class='ocrx_word' id='word_1_523' title='bbox 1837 4060 2003 4115; x_wconf 85' lang='lat' dir='ltr'><strong>ﬁnem</strong></span> <span class='ocrx_word' id='word_1_524' title='bbox 2031 4069 2086 4117; x_wconf 88' lang='lat' dir='ltr'><strong>et</strong></span> 
     </span>
    </p>
   </div>
   <div class='ocr_carea' id='block_1_73' title="bbox 480 4125 2085 4205">
    <p class='ocr_par' dir='ltr' id='par_1_73' title="bbox 480 4125 2085 4205">
     <span class='ocr_line' id='line_1_74' title="bbox 480 4125 2085 4205; baseline 0.006 -27"><span class='ocrx_word' id='word_1_525' title='bbox 480 4138 762 4205; x_wconf 80' lang='lat' dir='ltr'><strong>summum</strong></span> <span class='ocrx_word' id='word_1_526' title='bbox 787 4125 1017 4205; x_wconf 82' lang='lat' dir='ltr'><strong>bonum,</strong></span> <span class='ocrx_word' id='word_1_527' title='bbox 1042 4125 1368 4205; x_wconf 71' lang='lat' dir='ltr'><strong>reetfacto,</strong></span> <span class='ocrx_word' id='word_1_528' title='bbox 1394 4143 1593 4199; x_wconf 90' lang='lat' dir='ltr'><strong>negare</strong></span> <span class='ocrx_word' id='word_1_529' title='bbox 1623 4128 1891 4187; x_wconf 90' lang='lat' dir='ltr'><strong>videntur.</strong></span> <span class='ocrx_word' id='word_1_530' title='bbox 1926 4132 2085 4188; x_wconf 90' lang='lat' dir='ltr'><strong>Plura</strong></span> 
     </span>
    </p>
   </div>
   <div class='ocr_carea' id='block_1_74' title="bbox 478 4194 1448 4269">
    <p class='ocr_par' dir='ltr' id='par_1_74' title="bbox 478 4194 1448 4269">
     <span class='ocr_line' id='line_1_75' title="bbox 478 4194 1448 4269; baseline 0.005 -20"><span class='ocrx_word' id='word_1_531' title='bbox 478 4194 534 4249; x_wconf 91' lang='lat' dir='ltr'><strong>in</strong></span> <span class='ocrx_word' id='word_1_532' title='bbox 552 4194 697 4269; x_wconf 77' lang='lat' dir='ltr'><strong>hanc</strong></span> <span class='ocrx_word' id='word_1_533' title='bbox 721 4198 1047 4269; x_wconf 87' lang='lat' dir='ltr'><strong>sententiam</strong></span> <span class='ocrx_word' id='word_1_534' title='bbox 1067 4197 1190 4253; x_wconf 90' lang='lat' dir='ltr'><strong>alibi</strong></span> <span class='ocrx_word' id='word_1_535' title='bbox 1211 4194 1448 4269; x_wconf 90' lang='lat' dir='ltr'><strong>require.</strong></span> 
     </span>
    </p>
   </div>
   <div class='ocr_carea' id='block_1_75' title="bbox 549 4266 2086 4345">
    <p class='ocr_par' dir='ltr' id='par_1_75' title="bbox 549 4266 2086 4345">
     <span class='ocr_line' id='line_1_76' title="bbox 549 4266 2086 4345; baseline 0.007 -25"><span class='ocrx_word' id='word_1_536' title='bbox 549 4266 664 4345; x_wconf 50' lang='lat' dir='ltr'><strong>fit!</strong></span> <span class='ocrx_word' id='word_1_537' title='bbox 698 4275 800 4345; x_wconf 79' lang='lat' dir='ltr'><strong>est,</strong></span> <span class='ocrx_word' id='word_1_538' title='bbox 832 4268 1073 4345; x_wconf 78' lang='lat' dir='ltr'><strong>primum</strong></span> <span class='ocrx_word' id='word_1_539' title='bbox 1116 4266 1430 4345; x_wconf 73' lang='lat' dir='ltr'><strong>membrum</strong></span> <span class='ocrx_word' id='word_1_540' title='bbox 1466 4270 1714 4342; x_wconf 90' lang='lat' dir='ltr'><strong>corporis</strong></span> <span class='ocrx_word' id='word_1_541' title='bbox 1754 4274 1957 4345; x_wconf 87' lang='lat' dir='ltr'><strong>peccati</strong></span> <span class='ocrx_word' id='word_1_542' title='bbox 1997 4289 2086 4345; x_wconf 87' lang='lat' dir='ltr'><strong>po-</strong></span> 
     </span>
    </p>
   </div>
   <div class='ocr_carea' id='block_1_76' title="bbox 481 4334 2082 4418">
    <p class='ocr_par' dir='ltr' id='par_1_76' title="bbox 481 4334 2082 4418">
     <span class='ocr_line' id='line_1_77' title="bbox 481 4334 2082 4418; baseline 0.006 -27"><span class='ocrx_word' id='word_1_543' title='bbox 481 4336 588 4392; x_wconf 89' lang='lat' dir='ltr'><strong>suit</strong></span> <span class='ocrx_word' id='word_1_544' title='bbox 636 4334 1051 4418; x_wconf 74' lang='lat' dir='ltr'><strong>fornicationem</strong></span> <span class='ocrx_word' id='word_1_545' title='bbox 1081 4381 1111 4418; x_wconf 87' lang='lat'><strong>,_</strong></span> <span class='ocrx_word' id='word_1_546' title='bbox 1147 4356 1256 4418; x_wconf 76' lang='lat' dir='ltr'><strong>quo</strong></span> <span class='ocrx_word' id='word_1_547' title='bbox 1309 4334 1936 4418; x_wconf 33' lang='lat' dir='ltr'><strong>i_ll_icitus‘:concubitus,</strong></span> <span class='ocrx_word' id='word_1_548' title='bbox 1987 4334 2082 4401; x_wconf 79' lang='lat' dir='ltr'><strong>seu</strong></span> 
     </span>
    </p>
   </div>
   <div class='ocr_carea' id='block_1_77' title="bbox 480 4408 2087 4529">
    <p class='ocr_par' dir='ltr' id='par_1_77' title="bbox 480 4408 2087 4529">
     <span class='ocr_line' id='line_1_78' title="bbox 480 4408 2087 4529; baseline 0.007 -69"><span class='ocrx_word' id='word_1_549' title='bbox 480 4408 797 4529; x_wconf 52' lang='lat' dir='ltr'><strong>foanmitxtio</strong></span> <span class='ocrx_word' id='word_1_550' title='bbox 827 4410 994 4465; x_wconf 87' lang='lat' dir='ltr'><strong>maris</strong></span> <span class='ocrx_word' id='word_1_551' title='bbox 1013 4419 1069 4465; x_wconf 89' lang='lat' dir='ltr'><strong>et</strong></span> <span class='ocrx_word' id='word_1_552' title='bbox 1087 4408 1302 4466; x_wconf 74' lang='lat' dir='ltr'><strong>feminae</strong></span> <span class='ocrx_word' id='word_1_553' title='bbox 1321 4411 1407 4467; x_wconf 90' lang='lat' dir='ltr'><strong>hic</strong></span> <span class='ocrx_word' id='word_1_554' title='bbox 1420 4411 1776 4484; x_wconf 86' lang='lat' dir='ltr'><strong>signiﬁcatur,</strong></span> <span class='ocrx_word' id='word_1_555' title='bbox 1796 4423 1857 4471; x_wconf 90' lang='lat' dir='ltr'><strong>ut</strong></span> <span class='ocrx_word' id='word_1_556' title='bbox 1876 4419 2087 4472; x_wconf 85' lang='lat' dir='ltr'><strong>Auctor</strong></span> 
     </span>
     <span class='ocr_line' id='line_1_79' title="bbox 503 4491 710 4529; baseline 0.005 -1"><span class='ocrx_word' id='word_1_557' title='bbox 503 4491 537 4528; x_wconf 91' lang='lat' dir='ltr'><strong>n</strong></span> <span class='ocrx_word' id='word_1_558' title='bbox 585 4491 664 4529; x_wconf 75' lang='lat' dir='ltr'><strong>ica</strong></span> <span class='ocrx_word' id='word_1_559' title='bbox 698 4518 710 4529; x_wconf 93' lang='lat'><strong>.</strong></span> 
     </span>
    </p>
   </div>
   <div class='ocr_carea' id='block_1_78' title="bbox 481 4484 710 4530">
    <p class='ocr_par' dir='ltr' id='par_1_78' title="bbox 481 4484 710 4530">
     <span class='ocr_line' id='line_1_80' title="bbox 481 4484 710 4530; baseline 0.004 -2"><span class='ocrx_word' id='word_1_560' title='bbox 481 4484 710 4530; x_wconf 79' lang='lat' dir='ltr'><strong>indicat.</strong></span> 
     </span>
    </p>
   </div>
   <div class='ocr_carea' id='block_1_79' title="bbox 554 4545 2084 4628">
    <p class='ocr_par' dir='ltr' id='par_1_79' title="bbox 554 4545 2084 4628">
     <span class='ocr_line' id='line_1_81' title="bbox 554 4545 2084 4628; baseline 0.008 -29"><span class='ocrx_word' id='word_1_561' title='bbox 554 4553 581 4627; x_wconf 63' lang='grc' dir='ltr'><strong>οξ</strong></span> <span class='ocrx_word' id='word_1_562' title='bbox 606 4545 1015 4627; x_wconf 77' lang='lat' dir='ltr'><strong>lmmunditiam</strong></span> <span class='ocrx_word' id='word_1_563' title='bbox 1045 4547 1432 4628; x_wconf 72' lang='lat' dir='ltr'><strong>interpretatur</strong></span> <span class='ocrx_word' id='word_1_564' title='bbox 1457 4555 1667 4628; x_wconf 81' lang='lat' dir='ltr'><strong>Auctor</strong></span> <span class='ocrx_word' id='word_1_565' title='bbox 1703 4569 1927 4628; x_wconf 86' lang='lat' dir='ltr'><strong>omnem</strong></span> <span class='ocrx_word' id='word_1_566' title='bbox 1958 4558 2084 4628; x_wconf 92' lang='lat' dir='ltr'><strong>pol-</strong></span> 
     </span>
    </p>
   </div>
   <div class='ocr_carea' id='block_1_80' title="bbox 480 4614 2081 4695">
    <p class='ocr_par' dir='ltr' id='par_1_80' title="bbox 480 4614 2081 4695">
     <span class='ocr_line' id='line_1_82' title="bbox 480 4614 2081 4695; baseline 0.007 -24"><span class='ocrx_word' id='word_1_567' title='bbox 480 4614 765 4695; x_wconf 81' lang='lat' dir='ltr'><strong>lutionem,</strong></span> <span class='ocrx_word' id='word_1_568' title='bbox 792 4617 901 4695; x_wconf 78' lang='lat' dir='ltr'><strong>sive</strong></span> <span class='ocrx_word' id='word_1_569' title='bbox 928 4617 1156 4695; x_wconf 69' lang='lat' dir='ltr'><strong>seminis</strong></span> <span class='ocrx_word' id='word_1_570' title='bbox 1186 4614 1419 4695; x_wconf 76' lang='lat' dir='ltr'><strong>fluxum,</strong></span> <span class='ocrx_word' id='word_1_571' title='bbox 1449 4623 1611 4678; x_wconf 89' lang='lat' dir='ltr'><strong>etiam</strong></span> <span class='ocrx_word' id='word_1_572' title='bbox 1635 4614 2081 4695; x_wconf 65' lang='lat' dir='ltr'><strong>involuntari&#39;um,</strong></span> 
     </span>
    </p>
   </div>
   <div class='ocr_carea' id='block_1_81' title="bbox 482 4687 2083 4775">
    <p class='ocr_par' dir='ltr' id='par_1_81' title="bbox 482 4687 2083 4775">
     <span class='ocr_line' id='line_1_83' title="bbox 482 4687 2083 4775; baseline 0.007 -33"><span class='ocrx_word' id='word_1_573' title='bbox 482 4696 543 4775; x_wconf 58' lang='lat' dir='ltr'><strong>iit</strong></span> <span class='ocrx_word' id='word_1_574' title='bbox 565 4688 657 4775; x_wconf 76' lang='lat' dir='ltr'><strong>qui</strong></span> <span class='ocrx_word' id='word_1_575' title='bbox 688 4687 1094 4775; x_wconf 64' lang='lat' dir='ltr'><strong>dormientibus</strong></span> <span class='ocrx_word' id='word_1_576' title='bbox 1108 4687 1413 4775; x_wconf 36' lang='lat' dir='ltr'><strong>contingit,</strong></span> <span class='ocrx_word' id='word_1_577' title='bbox 1427 4700 1497 4775; x_wconf 85' lang='lat' dir='ltr'><strong>ut</strong></span> <span class='ocrx_word' id='word_1_578' title='bbox 1510 4702 1673 4775; x_wconf 61' lang='lat' dir='ltr'><strong>patet</strong></span> <span class='ocrx_word' id='word_1_579' title='bbox 1679 4710 1744 4749; x_wconf 84' lang='lat' dir='ltr'><strong>ex</strong></span> <span class='ocrx_word' id='word_1_580' title='bbox 1773 4695 1938 4775; x_wconf 77' lang='lat' dir='ltr'><strong>ipsius</strong></span> <span class='ocrx_word' id='word_1_581' title='bbox 1965 4687 2083 4754; x_wconf 51' lang='lat' dir='ltr'><strong>ver;</strong></span> 
     </span>
    </p>
   </div>
   <div class='ocr_carea' id='block_1_82' title="bbox 478 4758 2081 4845">
    <p class='ocr_par' dir='ltr' id='par_1_82' title="bbox 478 4758 2081 4845">
     <span class='ocr_line' id='line_1_84' title="bbox 478 4758 2081 4845; baseline 0.006 -30"><span class='ocrx_word' id='word_1_582' title='bbox 478 4758 1018 4845; x_wconf 47' lang='lat' dir='ltr'><strong>bis—etntestimoniis</strong></span> <span class='ocrx_word' id='word_1_583' title='bbox 1048 4761 1115 4845; x_wconf 81' lang='lat' dir='ltr'><strong>ab</strong></span> <span class='ocrx_word' id='word_1_584' title='bbox 1159 4778 1225 4845; x_wconf 83' lang='lat' dir='ltr'><strong>eo</strong></span> <span class='ocrx_word' id='word_1_585' title='bbox 1264 4758 1571 4845; x_wconf 67' lang='lat' dir='ltr'><strong>productis.</strong></span> <span class='ocrx_word' id='word_1_586' title='bbox 1632 4758 1860 4837; x_wconf 80' lang='lat' dir='ltr'><strong>Proprie</strong></span> <span class='ocrx_word' id='word_1_587' title='bbox 1897 4776 2081 4845; x_wconf 81' lang='lat' dir='ltr'><strong>tamen</strong></span> 
     </span>
    </p>
   </div>
   <div class='ocr_carea' id='block_1_83' title="bbox 480 4830 2081 4909">
    <p class='ocr_par' dir='ltr' id='par_1_83' title="bbox 480 4830 2081 4909">
     <span class='ocr_line' id='line_1_85' title="bbox 480 4830 2081 4909; baseline 0.006 -21"><span class='ocrx_word' id='word_1_588' title='bbox 480 4830 549 4909; x_wconf 73' lang='lat' dir='ltr'><strong>de</strong></span> <span class='ocrx_word' id='word_1_589' title='bbox 596 4832 892 4909; x_wconf 81' lang='lat' dir='ltr'><strong>pollutione</strong></span> <span class='ocrx_word' id='word_1_590' title='bbox 919 4832 1222 4909; x_wconf 79' lang='lat' dir='ltr'><strong>voluntaria</strong></span> <span class='ocrx_word' id='word_1_591' title='bbox 1261 4830 1596 4909; x_wconf 76' lang='lat' dir='ltr'><strong>intelligitur,</strong></span> <span class='ocrx_word' id='word_1_592' title='bbox 1626 4830 1763 4909; x_wconf 66' lang='lat' dir='ltr'><strong>quae</strong></span> <span class='ocrx_word' id='word_1_593' title='bbox 1797 4845 1854 4894; x_wconf 90' lang='lat' dir='ltr'><strong>et</strong></span> <span class='ocrx_word' id='word_1_594' title='bbox 1905 4840 2081 4897; x_wconf 90' lang='lat' dir='ltr'><strong>molli-</strong></span> 
     </span>
    </p>
   </div>
   <div class='ocr_carea' id='block_1_84' title="bbox 477 4902 1369 4974">
    <p class='ocr_par' dir='ltr' id='par_1_84' title="bbox 477 4902 1369 4974">
     <span class='ocr_line' id='line_1_86' title="bbox 477 4902 1369 4974; baseline 0.008 -17"><span class='ocrx_word' id='word_1_595' title='bbox 477 4902 681 4974; x_wconf 64' lang='lat' dir='ltr'><strong>ties&#39;ab</strong></span> <span class='ocrx_word' id='word_1_596' title='bbox 709 4905 969 4974; x_wconf 85' lang='lat' dir='ltr'><strong>Apostolo</strong></span> <span class='ocrx_word' id='word_1_597' title='bbox 999 4914 1369 4974; x_wconf 89' lang='lat' dir='ltr'><strong>nuncupatur.</strong></span> 
     </span>
    </p>
   </div>
   <div class='ocr_carea' id='block_1_85' title="bbox 549 4960 2083 5050">
    <p class='ocr_par' dir='ltr' id='par_1_85' title="bbox 549 4960 2083 5050">
     <span class='ocr_line' id='line_1_87' title="bbox 549 4960 2083 5050; baseline 0.008 -24"><span class='ocrx_word' id='word_1_598' title='bbox 549 4960 577 5050; x_wconf 57' lang='grc' dir='ltr'><strong>(ξ</strong></span> <span class='ocrx_word' id='word_1_599' title='bbox 612 4960 774 5050; x_wconf 45' lang='lat' dir='ltr'><strong>Citat:</strong></span> <span class='ocrx_word' id='word_1_600' title='bbox 790 4990 980 5050; x_wconf 85' lang='lat' dir='ltr'><strong>rursus</strong></span> <span class='ocrx_word' id='word_1_601' title='bbox 1009 4960 1391 5050; x_wconf 28' lang='lat' dir='ltr'><strong>lluncvlocu—m,</strong></span> <span class='ocrx_word' id='word_1_602' title='bbox 1410 4986 1473 5050; x_wconf 85' lang='lat' dir='ltr'><strong>et</strong></span> <span class='ocrx_word' id='word_1_603' title='bbox 1504 4978 1700 5037; x_wconf 90' lang='lat' dir='ltr'><strong>iisdem</strong></span> <span class='ocrx_word' id='word_1_604' title='bbox 1729 4980 1928 5050; x_wconf 86' lang='lat' dir='ltr'><strong>verbis,</strong></span> <span class='ocrx_word' id='word_1_605' title='bbox 1961 4983 2083 5040; x_wconf 90' lang='lat' dir='ltr'><strong>col-</strong></span> 
     </span>
    </p>
   </div>
   <div class='ocr_carea' id='block_1_86' title="bbox 478 5041 2082 5125">
    <p class='ocr_par' dir='ltr' id='par_1_86' title="bbox 478 5041 2082 5125">
     <span class='ocr_line' id='line_1_88' title="bbox 478 5041 2082 5125; baseline 0.007 -27"><span class='ocrx_word' id='word_1_606' title='bbox 478 5041 677 5125; x_wconf 79' lang='lat' dir='ltr'><strong>latione</strong></span> <span class='ocrx_word' id='word_1_607' title='bbox 699 5047 767 5097; x_wconf 86' lang='lat'><strong>22</strong></span> <span class='ocrx_word' id='word_1_608' title='bbox 792 5058 912 5125; x_wconf 72' lang='lat' dir='ltr'><strong>cap.</strong></span> <span class='ocrx_word' id='word_1_609' title='bbox 945 5047 1178 5125; x_wconf 73' lang='lat' dir='ltr'><strong>5.I_’utat</strong></span> <span class='ocrx_word' id='word_1_610' title='bbox 1200 5041 1489 5125; x_wconf 81' lang='lat' dir='ltr'><strong>_Ciacouius</strong></span> <span class='ocrx_word' id='word_1_611' title='bbox 1521 5051 1813 5125; x_wconf 89' lang='lat' dir='ltr'><strong>legendum</strong></span> <span class='ocrx_word' id='word_1_612' title='bbox 1838 5071 1852 5107; x_wconf 89' lang='lat'><strong>:</strong></span> <span class='ocrx_word' id='word_1_613' title='bbox 1885 5041 1948 5109; x_wconf 81' lang='lat' dir='ltr'><strong>In</strong></span> <span class='ocrx_word' id='word_1_614' title='bbox 1977 5072 2082 5125; x_wconf 86' lang='lat' dir='ltr'><strong>quo</strong></span> 
     </span>
    </p>
   </div>
   <div class='ocr_carea' id='block_1_87' title="bbox 479 5115 2082 5197">
    <p class='ocr_par' dir='ltr' id='par_1_87' title="bbox 479 5115 2082 5197">
     <span class='ocr_line' id='line_1_89' title="bbox 479 5115 2082 5197; baseline 0.007 -26"><span class='ocrx_word' id='word_1_615' title='bbox 479 5120 559 5172; x_wconf 88' lang='lat' dir='ltr'><strong>est</strong></span> <span class='ocrx_word' id='word_1_616' title='bbox 596 5115 963 5197; x_wconf 79' lang='lat' dir='ltr'><strong>immunditia,</strong></span> <span class='ocrx_word' id='word_1_617' title='bbox 997 5123 1066 5197; x_wconf 85' lang='lat' dir='ltr'><strong>ut_</strong></span> <span class='ocrx_word' id='word_1_618' title='bbox 1099 5117 1169 5197; x_wconf 80' lang='lat' dir='ltr'><strong>ab</strong></span> <span class='ocrx_word' id='word_1_619' title='bbox 1197 5115 1478 5197; x_wconf 63' lang='lat' dir='ltr'><strong>nominem</strong></span> <span class='ocrx_word' id='word_1_620' title='bbox 1513 5115 1725 5193; x_wconf 65' lang='lat' dir='ltr'><strong>potius,</strong></span> <span class='ocrx_word' id='word_1_621' title='bbox 1767 5140 1939 5197; x_wconf 84' lang='lat' dir='ltr'><strong>_quem</strong></span> <span class='ocrx_word' id='word_1_622' title='bbox 1980 5115 2082 5182; x_wconf 74' lang='lat' dir='ltr'><strong>sub</strong></span> 
     </span>
    </p>
   </div>
   <div class='ocr_carea' id='block_1_88' title="bbox 476 5186 2080 5265">
    <p class='ocr_par' dir='ltr' id='par_1_88' title="bbox 476 5186 2080 5265">
     <span class='ocr_line' id='line_1_90' title="bbox 476 5186 2080 5265; baseline 0.006 -23"><span class='ocrx_word' id='word_1_623' title='bbox 476 5187 702 5265; x_wconf 72' lang='lat' dir='ltr'><strong>nomine</strong></span> <span class='ocrx_word' id='word_1_624' title='bbox 741 5187 939 5265; x_wconf 72' lang='lat' dir='ltr'><strong>animae</strong></span> <span class='ocrx_word' id='word_1_625' title='bbox 978 5186 1151 5265; x_wconf 66' lang='lat' dir='ltr'><strong>vgluit</strong></span> <span class='ocrx_word' id='word_1_626' title='bbox 1192 5189 1455 5265; x_wconf 79' lang='lat' dir='ltr'><strong>intelligi,</strong></span> <span class='ocrx_word' id='word_1_627' title='bbox 1506 5186 1673 5265; x_wconf 82' lang='lat' dir='ltr'><strong>quam</strong></span> <span class='ocrx_word' id='word_1_628' title='bbox 1713 5186 1808 5251; x_wconf 44' lang='lat' dir='ltr'><strong>ad.</strong></span> <span class='ocrx_word' id='word_1_629' title='bbox 1833 5196 2080 5251; x_wconf 88' lang='lat' dir='ltr'><strong>animam</strong></span> 
     </span>
    </p>
   </div>
   <div class='ocr_carea' id='block_1_89' title="bbox 475 5258 2083 5335">
    <p class='ocr_par' dir='ltr' id='par_1_89' title="bbox 475 5258 2083 5335">
     <span class='ocr_line' id='line_1_91' title="bbox 475 5258 2083 5335; baseline 0.005 -22"><span class='ocrx_word' id='word_1_630' title='bbox 475 5258 768 5315; x_wconf 86' lang='lat' dir='ltr'><strong>referatur.</strong></span> <span class='ocrx_word' id='word_1_631' title='bbox 794 5261 954 5335; x_wconf 2' lang='lat' dir='ltr'><strong>(Nam</strong></span> <span class='ocrx_word' id='word_1_632' title='bbox 997 5258 1223 5335; x_wconf 72' lang='lat' dir='ltr'><strong>Graece_</strong></span> <span class='ocrx_word' id='word_1_633' title='bbox 1238 5258 1767 5335; x_wconf 55' lang='lat' dir='ltr'><strong>estiataiaoapaia</strong></span> <span class='ocrx_word' id='word_1_634' title='bbox 1810 5265 1960 5318; x_wconf 81' lang='grc' dir='ltr'><strong>αὗτοῠ</strong></span> <span class='ocrx_word' id='word_1_635' title='bbox 2008 5266 2083 5321; x_wconf 77' lang='grc' dir='ltr'><strong>ἐπ’</strong></span> 
     </span>
    </p>
   </div>
   <div class='ocr_carea' id='block_1_90' title="bbox 473 5332 2081 5404">
    <p class='ocr_par' dir='ltr' id='par_1_90' title="bbox 473 5332 2081 5404">
     <span class='ocr_line' id='line_1_92' title="bbox 473 5332 2081 5404; baseline 0.009 -23"><span class='ocrx_word' id='word_1_636' title='bbox 473 5336 611 5404; x_wconf 57' lang='lat' dir='ltr'><strong>ante:</strong></span> <span class='ocrx_word' id='word_1_637' title='bbox 644 5334 876 5404; x_wconf 57' lang='lat' dir='ltr'><strong>(Denter,</strong></span> <span class='ocrx_word' id='word_1_638' title='bbox 926 5344 1017 5386; x_wconf 82' lang='lat' dir='ltr'><strong>vn</strong></span> <span class='ocrx_word' id='word_1_639' title='bbox 1062 5345 1163 5386; x_wconf 89' lang='lat' dir='ltr'><strong>sec.</strong></span> <span class='ocrx_word' id='word_1_640' title='bbox 1194 5332 1414 5404; x_wconf 83' lang='lat' dir='ltr'><strong>LXX),</strong></span> <span class='ocrx_word' id='word_1_641' title='bbox 1464 5333 1516 5388; x_wconf 88' lang='lat' dir='ltr'><strong>id</strong></span> <span class='ocrx_word' id='word_1_642' title='bbox 1554 5332 1676 5401; x_wconf 75' lang='lat' dir='ltr'><strong>est,</strong></span> <span class='ocrx_word' id='word_1_643' title='bbox 1733 5335 2081 5395; x_wconf 90' lang='lat' dir='ltr'><strong>immunditia</strong></span> 
     </span>
    </p>
   </div>
   <div class='ocr_carea' id='block_1_91' title="bbox 478 5398 2079 5477">
    <p class='ocr_par' dir='ltr' id='par_1_91' title="bbox 478 5398 2079 5477">
     <span class='ocr_line' id='line_1_93' title="bbox 478 5398 2079 5477; baseline 0.007 -22"><span class='ocrx_word' id='word_1_644' title='bbox 478 5399 645 5477; x_wconf 72' lang='lat' dir='ltr'><strong>ipsius</strong></span> <span class='ocrx_word' id='word_1_645' title='bbox 666 5406 828 5477; x_wconf 71' lang='lat' dir='ltr'><strong>super</strong></span> <span class='ocrx_word' id='word_1_646' title='bbox 848 5398 1048 5477; x_wconf 88' lang='lat' dir='ltr'><strong>ipsum.</strong></span> <span class='ocrx_word' id='word_1_647' title='bbox 1077 5406 1256 5477; x_wconf 86' lang='lat' dir='ltr'><strong>Atque</strong></span> <span class='ocrx_word' id='word_1_648' title='bbox 1272 5398 1567 5477; x_wconf 64' lang='lat' dir='ltr'><strong>ita&#39;legitur</strong></span> <span class='ocrx_word' id='word_1_649' title='bbox 1581 5398 1727 5477; x_wconf 84' lang='lat' dir='ltr'><strong>apud</strong></span> <span class='ocrx_word' id='word_1_650' title='bbox 1745 5405 2079 5477; x_wconf 90' lang='lat' dir='ltr'><strong>Cyprianum</strong></span> 
     </span>
    </p>
   </div>
   <div class='ocr_carea' id='block_1_92' title="bbox 499 5474 2079 5550">
    <p class='ocr_par' dir='ltr' id='par_1_92' title="bbox 499 5474 2079 5550">
     <span class='ocr_line' id='line_1_94' title="bbox 499 5474 2079 5550; baseline 0.006 -22"><span class='ocrx_word' id='word_1_651' title='bbox 499 5474 669 5550; x_wconf 74' lang='lat' dir='ltr'><strong>Serm.</strong></span> <span class='ocrx_word' id='word_1_652' title='bbox 698 5474 764 5529; x_wconf 88' lang='lat' dir='ltr'><strong>de</strong></span> <span class='ocrx_word' id='word_1_653' title='bbox 792 5475 1093 5550; x_wconf 28' lang='lat' dir='ltr'><strong>Lapsis)‘_et</strong></span> <span class='ocrx_word' id='word_1_654' title='bbox 1127 5474 1282 5550; x_wconf 89' lang='lat' dir='ltr'><strong>_ali_o_s.</strong></span> <span class='ocrx_word' id='word_1_655' title='bbox 1317 5482 1391 5550; x_wconf 77' lang='lat' dir='ltr'><strong>At</strong></span> <span class='ocrx_word' id='word_1_656' title='bbox 1418 5474 1593 5532; x_wconf 80' lang='lat' dir='ltr'><strong>versio</strong></span> <span class='ocrx_word' id='word_1_657' title='bbox 1616 5474 1854 5548; x_wconf 75' lang='lat' dir='ltr'><strong>Vulgata</strong></span> <span class='ocrx_word' id='word_1_658' title='bbox 1883 5480 2079 5550; x_wconf 91' lang='lat' dir='ltr'><strong>paulu-</strong></span> 
     </span>
    </p>
   </div>
   <div class='ocr_carea' id='block_1_93' title="bbox 499 5544 1498 5613">
    <p class='ocr_par' dir='ltr' id='par_1_93' title="bbox 499 5544 1498 5613">
     <span class='ocr_line' id='line_1_95' title="bbox 499 5544 1498 5613; baseline 0.004 -16"><span class='ocrx_word' id='word_1_659' title='bbox 499 5558 594 5597; x_wconf 90' lang='lat' dir='ltr'><strong>um</strong></span> <span class='ocrx_word' id='word_1_660' title='bbox 620 5544 852 5613; x_wconf 87' lang='lat' dir='ltr'><strong>diversa,</strong></span> <span class='ocrx_word' id='word_1_661' title='bbox 884 5554 943 5601; x_wconf 90' lang='lat' dir='ltr'><strong>ut</strong></span> <span class='ocrx_word' id='word_1_662' title='bbox 966 5545 1101 5603; x_wconf 91' lang='lat' dir='ltr'><strong>alias</strong></span> <span class='ocrx_word' id='word_1_663' title='bbox 1124 5545 1498 5604; x_wconf 88' lang='lat' dir='ltr'><strong>indicavimus.</strong></span> 
     </span>
    </p>
   </div>
   <div class='ocr_carea' id='block_1_94' title="bbox 549 5613 2080 5702">
    <p class='ocr_par' dir='ltr' id='par_1_94' title="bbox 549 5613 2080 5702">
     <span class='ocr_line' id='line_1_96' title="bbox 549 5613 2080 5702; baseline 0.008 -34"><span class='ocrx_word' id='word_1_664' title='bbox 549 5613 911 5702; x_wconf 55' lang='lat' dir='ltr'><strong>:Iﬁbidinem</strong></span> <span class='ocrx_word' id='word_1_665' title='bbox 940 5616 1491 5702; x_wconf 48' lang='lat' dir='ltr'><strong>intelligerp‘videtur</strong></span> <span class='ocrx_word' id='word_1_666' title='bbox 1520 5625 1742 5702; x_wconf 89' lang='lat' dir='ltr'><strong>turpem</strong></span> <span class='ocrx_word' id='word_1_667' title='bbox 1768 5628 1827 5702; x_wconf 74' lang='lat' dir='ltr'><strong>et</strong></span> <span class='ocrx_word' id='word_1_668' title='bbox 1860 5621 2080 5702; x_wconf 72' lang='lat' dir='ltr'><strong>obscae-</strong></span> 
     </span>
    </p>
   </div>
   <div class='ocr_carea' id='block_1_95' title="bbox 475 5685 2075 5756">
    <p class='ocr_par' dir='ltr' id='par_1_95' title="bbox 475 5685 2075 5756">
     <span class='ocr_line' id='line_1_97' title="bbox 475 5685 2075 5756; baseline 0.008 -18"><span class='ocrx_word' id='word_1_669' title='bbox 475 5697 609 5739; x_wconf 90' lang='lat' dir='ltr'><strong>nam</strong></span> <span class='ocrx_word' id='word_1_670' title='bbox 629 5685 1042 5756; x_wconf 87' lang='lat' dir='ltr'><strong>cogitationem,</strong></span> <span class='ocrx_word' id='word_1_671' title='bbox 1066 5685 1163 5745; x_wconf 66' lang='lat' dir='ltr'><strong>se&#39;u</strong></span> <span class='ocrx_word' id='word_1_672' title='bbox 1182 5688 1596 5747; x_wconf 88' lang='lat' dir='ltr'><strong>delectationem</strong></span> <span class='ocrx_word' id='word_1_673' title='bbox 1614 5685 1671 5747; x_wconf 83' lang='lat' dir='ltr'><strong>in</strong></span> <span class='ocrx_word' id='word_1_674' title='bbox 1694 5691 1879 5749; x_wconf 87' lang='lat' dir='ltr'><strong>animo</strong></span> <span class='ocrx_word' id='word_1_675' title='bbox 1903 5694 2075 5751; x_wconf 88' lang='lat' dir='ltr'><strong>laten-</strong></span> 
     </span>
    </p>
   </div>
   <div class='ocr_carea' id='block_1_96' title="bbox 475 5755 2071 5829">
    <p class='ocr_par' dir='ltr' id='par_1_96' title="bbox 475 5755 2071 5829">
     <span class='ocr_line' id='line_1_98' title="bbox 475 5755 2071 5829; baseline 0.007 -18"><span class='ocrx_word' id='word_1_676' title='bbox 475 5761 612 5829; x_wconf 82' lang='lat' dir='ltr'><strong>tem,</strong></span> <span class='ocrx_word' id='word_1_677' title='bbox 658 5755 771 5829; x_wconf 79' lang='lat' dir='ltr'><strong>non</strong></span> <span class='ocrx_word' id='word_1_678' title='bbox 811 5755 973 5829; x_wconf 84' lang='lat' dir='ltr'><strong>foras</strong></span> <span class='ocrx_word' id='word_1_679' title='bbox 1002 5758 1382 5829; x_wconf 89' lang='lat' dir='ltr'><strong>prodeuntem.</strong></span> <span class='ocrx_word' id='word_1_680' title='bbox 1420 5762 1680 5818; x_wconf 86' lang='lat' dir='ltr'><strong>Erasmus</strong></span> <span class='ocrx_word' id='word_1_681' title='bbox 1724 5778 1851 5820; x_wconf 88' lang='lat' dir='ltr'><strong>vero</strong></span> <span class='ocrx_word' id='word_1_682' title='bbox 1885 5766 2071 5823; x_wconf 90' lang='lat' dir='ltr'><strong>molli-</strong></span> 
     </span>
    </p>
   </div>
   <div class='ocr_carea' id='block_1_97' title="bbox 474 5826 2075 5905">
    <p class='ocr_par' dir='ltr' id='par_1_97' title="bbox 474 5826 2075 5905">
     <span class='ocr_line' id='line_1_99' title="bbox 474 5826 2075 5905; baseline 0.008 -23"><span class='ocrx_word' id='word_1_683' title='bbox 474 5826 629 5899; x_wconf 86' lang='lat' dir='ltr'><strong>tiem,</strong></span> <span class='ocrx_word' id='word_1_684' title='bbox 677 5826 771 5884; x_wconf 90' lang='lat' dir='ltr'><strong>alii</strong></span> <span class='ocrx_word' id='word_1_685' title='bbox 838 5826 1097 5886; x_wconf 81' lang='lat' dir='ltr'><strong>morbum</strong></span> <span class='ocrx_word' id='word_1_686' title='bbox 1148 5831 1581 5905; x_wconf 87' lang='lat' dir='ltr'><strong>transtulerunt,</strong></span> <span class='ocrx_word' id='word_1_687' title='bbox 1628 5832 1777 5891; x_wconf 86' lang='lat' dir='ltr'><strong>illam</strong></span> <span class='ocrx_word' id='word_1_688' title='bbox 1828 5834 2075 5896; x_wconf 88' lang='lat' dir='ltr'><strong>videlicet</strong></span> 
     </span>
    </p>
   </div>
   <div class='ocr_carea' id='block_1_98' title="bbox 2112 4805 2163 4869">
    <p class='ocr_par' dir='ltr' id='par_1_98' title="bbox 2112 4805 2163 4869">
     <span class='ocr_line' id='line_1_100' title="bbox 2112 4805 2163 4869; baseline 0 0"><span class='ocrx_word' id='word_1_689' title='bbox 2112 4805 2163 4869; x_wconf 90' lang='lat' dir='ltr'><strong>D</strong></span> 
     </span>
    </p>
   </div>
   <div class='ocr_carea' id='block_1_99' title="bbox 2196 3490 3795 3563">
    <p class='ocr_par' dir='ltr' id='par_1_99' title="bbox 2196 3490 3795 3563">
     <span class='ocr_line' id='line_1_101' title="bbox 2196 3490 3795 3563; baseline -0.001 -14"><span class='ocrx_word' id='word_1_690' title='bbox 2196 3490 2868 3563; x_wconf 12' lang='lat' dir='ltr'><strong>fmdamrobscmnitatem</strong></span> <span class='ocrx_word' id='word_1_691' title='bbox 2908 3506 3034 3563; x_wconf 67' lang='lat' dir='ltr'><strong>quae</strong></span> <span class='ocrx_word' id='word_1_692' title='bbox 3079 3493 3264 3548; x_wconf 70' lang='lat' dir='ltr'><strong>Graece</strong></span> <span class='ocrx_word' id='word_1_693' title='bbox 3310 3492 3459 3553; x_wconf 62' lang='lat' dir='ltr'><strong>mea;</strong></span> <span class='ocrx_word' id='word_1_694' title='bbox 3510 3491 3735 3559; x_wconf 88' lang='lat' dir='ltr'><strong>dicitur,</strong></span> <span class='ocrx_word' id='word_1_695' title='bbox 3765 3507 3795 3547; x_wconf 91' lang='lat' dir='ltr'><strong>a</strong></span> 
     </span>
    </p>
   </div>
   <div class='ocr_carea' id='block_1_100' title="bbox 2194 3562 3795 3636">
    <p class='ocr_par' dir='ltr' id='par_1_100' title="bbox 2194 3562 3795 3636">
     <span class='ocr_line' id='line_1_102' title="bbox 2194 3562 3795 3636; baseline -0.002 -17"><span class='ocrx_word' id='word_1_696' title='bbox 2194 3580 2302 3635; x_wconf 89' lang='lat' dir='ltr'><strong>qua</strong></span> <span class='ocrx_word' id='word_1_697' title='bbox 2332 3562 2527 3636; x_wconf 81' lang='lat' dir='ltr'><strong>pathici</strong></span> <span class='ocrx_word' id='word_1_698' title='bbox 2553 3563 2702 3636; x_wconf 80' lang='lat' dir='ltr'><strong>dicti,</strong></span> <span class='ocrx_word' id='word_1_699' title='bbox 2731 3563 2823 3636; x_wconf 88' lang='lat' dir='ltr'><strong>qui</strong></span> <span class='ocrx_word' id='word_1_700' title='bbox 2850 3562 3029 3636; x_wconf 87' lang='lat' dir='ltr'><strong>turpia</strong></span> <span class='ocrx_word' id='word_1_701' title='bbox 3060 3563 3427 3634; x_wconf 88' lang='lat' dir='ltr'><strong>patiebantur.</strong></span> <span class='ocrx_word' id='word_1_702' title='bbox 3475 3566 3553 3619; x_wconf 91' lang='lat' dir='ltr'><strong>D.</strong></span> <span class='ocrx_word' id='word_1_703' title='bbox 3610 3566 3795 3636; x_wconf 81' lang='lat' dir='ltr'><strong>Augu-</strong></span> 
     </span>
    </p>
   </div>
   <div class='ocr_carea' id='block_1_101' title="bbox 2194 3633 3802 3704">
    <p class='ocr_par' dir='ltr' id='par_1_101' title="bbox 2194 3633 3802 3704">
     <span class='ocr_line' id='line_1_103' title="bbox 2194 3633 3802 3704; baseline -0.001 -13"><span class='ocrx_word' id='word_1_704' title='bbox 2194 3633 2377 3691; x_wconf 78' lang='lat' dir='ltr'><strong>stinus</strong></span> <span class='ocrx_word' id='word_1_705' title='bbox 2400 3634 2493 3689; x_wconf 92' lang='lat' dir='ltr'><strong>lib.</strong></span> <span class='ocrx_word' id='word_1_706' title='bbox 2525 3649 2634 3690; x_wconf 72' lang='lat' dir='ltr'><strong>xxv</strong></span> <span class='ocrx_word' id='word_1_707' title='bbox 2659 3633 2727 3689; x_wconf 90' lang='lat' dir='ltr'><strong>de</strong></span> <span class='ocrx_word' id='word_1_708' title='bbox 2747 3635 2907 3689; x_wconf 88' lang='lat' dir='ltr'><strong>Civit.</strong></span> <span class='ocrx_word' id='word_1_709' title='bbox 2932 3633 3030 3691; x_wconf 86' lang='lat' dir='ltr'><strong>Dei</strong></span> <span class='ocrx_word' id='word_1_710' title='bbox 3057 3633 3177 3701; x_wconf 86' lang='lat' dir='ltr'><strong>cap.</strong></span> <span class='ocrx_word' id='word_1_711' title='bbox 3216 3640 3310 3694; x_wconf 81' lang='grc'><strong>16,</strong></span> <span class='ocrx_word' id='word_1_712' title='bbox 3352 3650 3449 3704; x_wconf 91' lang='lat' dir='ltr'><strong>pro</strong></span> <span class='ocrx_word' id='word_1_713' title='bbox 3489 3635 3648 3689; x_wconf 91' lang='lat' dir='ltr'><strong>omni</strong></span> <span class='ocrx_word' id='word_1_714' title='bbox 3677 3633 3802 3689; x_wconf 76' lang='lat' dir='ltr'><strong>actu</strong></span> 
     </span>
    </p>
   </div>
   <div class='ocr_carea' id='block_1_102' title="bbox 2195 3705 3803 3776">
    <p class='ocr_par' dir='ltr' id='par_1_102' title="bbox 2195 3705 3803 3776">
     <span class='ocr_line' id='line_1_104' title="bbox 2195 3705 3803 3776; baseline -0.001 -15"><span class='ocrx_word' id='word_1_715' title='bbox 2195 3714 2293 3761; x_wconf 86' lang='lat' dir='ltr'><strong>aut</strong></span> <span class='ocrx_word' id='word_1_716' title='bbox 2317 3705 2593 3774; x_wconf 87' lang='lat' dir='ltr'><strong>voluptate</strong></span> <span class='ocrx_word' id='word_1_717' title='bbox 2618 3719 2842 3760; x_wconf 89' lang='lat' dir='ltr'><strong>venerea</strong></span> <span class='ocrx_word' id='word_1_718' title='bbox 2863 3706 3099 3776; x_wconf 87' lang='lat' dir='ltr'><strong>accipit:</strong></span> <span class='ocrx_word' id='word_1_719' title='bbox 3132 3707 3262 3762; x_wconf 87' lang='lat' dir='ltr'><strong>Cum</strong></span> <span class='ocrx_word' id='word_1_720' title='bbox 3288 3708 3415 3771; x_wconf 80' lang='lat' dir='ltr'><strong>sint,</strong></span> <span class='ocrx_word' id='word_1_721' title='bbox 3438 3705 3636 3776; x_wconf 88' lang='lat' dir='ltr'><strong>inquit,</strong></span> <span class='ocrx_word' id='word_1_722' title='bbox 3665 3706 3803 3760; x_wconf 86' lang='lat' dir='ltr'><strong>mul-</strong></span> 
     </span>
    </p>
   </div>
   <div class='ocr_carea' id='block_1_103' title="bbox 2195 3775 3803 3839">
    <p class='ocr_par' dir='ltr' id='par_1_103' title="bbox 2195 3775 3803 3839">
     <span class='ocr_line' id='line_1_105' title="bbox 2195 3775 3803 3839; baseline 0 -8"><span class='ocrx_word' id='word_1_723' title='bbox 2195 3781 2380 3831; x_wconf 81' lang='lat' dir='ltr'><strong>tarum</strong></span> <span class='ocrx_word' id='word_1_724' title='bbox 2401 3776 2653 3830; x_wconf 87' lang='lat' dir='ltr'><strong>libidines</strong></span> <span class='ocrx_word' id='word_1_725' title='bbox 2681 3791 2885 3839; x_wconf 83' lang='lat' dir='ltr'><strong>rerum,</strong></span> <span class='ocrx_word' id='word_1_726' title='bbox 2910 3775 3086 3832; x_wconf 84' lang='lat' dir='ltr'><strong>tamen</strong></span> <span class='ocrx_word' id='word_1_727' title='bbox 3116 3793 3233 3831; x_wconf 88' lang='lat' dir='ltr'><strong>cum</strong></span> <span class='ocrx_word' id='word_1_728' title='bbox 3262 3776 3417 3829; x_wconf 69' lang='lat' dir='ltr'><strong>libido</strong></span> <span class='ocrx_word' id='word_1_729' title='bbox 3436 3775 3664 3835; x_wconf 82' lang='lat' dir='ltr'><strong>dicitur,</strong></span> <span class='ocrx_word' id='word_1_730' title='bbox 3699 3792 3803 3831; x_wconf 88' lang='lat' dir='ltr'><strong>nec</strong></span> 
     </span>
    </p>
   </div>
   <div class='ocr_carea' id='block_1_104' title="bbox 2193 3846 3804 3916">
    <p class='ocr_par' dir='ltr' id='par_1_104' title="bbox 2193 3846 3804 3916">
     <span class='ocr_line' id='line_1_106' title="bbox 2193 3846 3804 3916; baseline 0 -15"><span class='ocrx_word' id='word_1_731' title='bbox 2193 3848 2344 3916; x_wconf 83' lang='lat' dir='ltr'><strong>cujus</strong></span> <span class='ocrx_word' id='word_1_732' title='bbox 2372 3848 2445 3901; x_wconf 87' lang='lat' dir='ltr'><strong>sit</strong></span> <span class='ocrx_word' id='word_1_733' title='bbox 2465 3847 2631 3901; x_wconf 80' lang='lat' dir='ltr'><strong>libido</strong></span> <span class='ocrx_word' id='word_1_734' title='bbox 2651 3846 2901 3909; x_wconf 88' lang='lat' dir='ltr'><strong>additur,</strong></span> <span class='ocrx_word' id='word_1_735' title='bbox 2927 3864 3033 3902; x_wconf 88' lang='lat' dir='ltr'><strong>non</strong></span> <span class='ocrx_word' id='word_1_736' title='bbox 3059 3849 3178 3915; x_wconf 85' lang='lat' dir='ltr'><strong>fere</strong></span> <span class='ocrx_word' id='word_1_737' title='bbox 3198 3847 3381 3901; x_wconf 88' lang='lat' dir='ltr'><strong>assolet</strong></span> <span class='ocrx_word' id='word_1_738' title='bbox 3403 3848 3584 3899; x_wconf 86' lang='lat' dir='ltr'><strong>animo</strong></span> <span class='ocrx_word' id='word_1_739' title='bbox 3605 3861 3804 3901; x_wconf 86' lang='lat' dir='ltr'><strong>occur-</strong></span> 
     </span>
    </p>
   </div>
   <div class='ocr_carea' id='block_1_105' title="bbox 2194 3918 3799 3988">
    <p class='ocr_par' dir='ltr' id='par_1_105' title="bbox 2194 3918 3799 3988">
     <span class='ocr_line' id='line_1_107' title="bbox 2194 3918 3799 3988; baseline 0.001 -17"><span class='ocrx_word' id='word_1_740' title='bbox 2194 3934 2331 3981; x_wconf 81' lang='lat' dir='ltr'><strong>rere,</strong></span> <span class='ocrx_word' id='word_1_741' title='bbox 2353 3920 2464 3972; x_wconf 87' lang='lat' dir='ltr'><strong>nisi</strong></span> <span class='ocrx_word' id='word_1_742' title='bbox 2482 3920 2581 3972; x_wconf 88' lang='lat' dir='ltr'><strong>illa</strong></span> <span class='ocrx_word' id='word_1_743' title='bbox 2603 3933 2713 3987; x_wconf 91' lang='lat' dir='ltr'><strong>qua</strong></span> <span class='ocrx_word' id='word_1_744' title='bbox 2726 3918 2977 3973; x_wconf 61' lang='lat' dir='ltr'><strong>obscaenis</strong></span> <span class='ocrx_word' id='word_1_745' title='bbox 3007 3924 3189 3988; x_wconf 84' lang='lat' dir='ltr'><strong>partes</strong></span> <span class='ocrx_word' id='word_1_746' title='bbox 3210 3919 3436 3988; x_wconf 86' lang='lat' dir='ltr'><strong>corporis</strong></span> <span class='ocrx_word' id='word_1_747' title='bbox 3452 3920 3799 3972; x_wconf 66' lang='lat' dir='ltr'><strong>excitantur.</strong></span> 
     </span>
    </p>
   </div>
   <div class='ocr_carea' id='block_1_106' title="bbox 2193 3989 3801 4058">
    <p class='ocr_par' dir='ltr' id='par_1_106' title="bbox 2193 3989 3801 4058">
     <span class='ocr_line' id='line_1_108' title="bbox 2193 3989 3801 4058; baseline 0 -15"><span class='ocrx_word' id='word_1_748' title='bbox 2193 3991 2321 4044; x_wconf 75' lang='lat' dir='ltr'><strong>Hcce</strong></span> <span class='ocrx_word' id='word_1_749' title='bbox 2355 3994 2537 4044; x_wconf 88' lang='lat' dir='ltr'><strong>autem</strong></span> <span class='ocrx_word' id='word_1_750' title='bbox 2562 3989 2690 4052; x_wconf 88' lang='lat' dir='ltr'><strong>sibi,</strong></span> <span class='ocrx_word' id='word_1_751' title='bbox 2720 4005 2826 4043; x_wconf 86' lang='lat' dir='ltr'><strong>non</strong></span> <span class='ocrx_word' id='word_1_752' title='bbox 2851 3992 3021 4045; x_wconf 89' lang='lat' dir='ltr'><strong>solum</strong></span> <span class='ocrx_word' id='word_1_753' title='bbox 3054 3995 3227 4044; x_wconf 86' lang='lat' dir='ltr'><strong>totum</strong></span> <span class='ocrx_word' id='word_1_754' title='bbox 3259 4004 3464 4058; x_wconf 86' lang='lat' dir='ltr'><strong>corpus,</strong></span> <span class='ocrx_word' id='word_1_755' title='bbox 3499 4004 3598 4042; x_wconf 86' lang='lat' dir='ltr'><strong>nec</strong></span> <span class='ocrx_word' id='word_1_756' title='bbox 3624 3991 3801 4043; x_wconf 84' lang='lat' dir='ltr'><strong>solum</strong></span> 
     </span>
    </p>
   </div>
   <div class='ocr_carea' id='block_1_107' title="bbox 2194 4061 3797 4123">
    <p class='ocr_par' dir='ltr' id='par_1_107' title="bbox 2194 4061 3797 4123">
     <span class='ocr_line' id='line_1_109' title="bbox 2194 4061 3797 4123; baseline 0 -8"><span class='ocrx_word' id='word_1_757' title='bbox 2194 4062 2541 4123; x_wconf 70' lang='lat' dir='ltr'><strong>emtrinsecus,</strong></span> <span class='ocrx_word' id='word_1_758' title='bbox 2572 4076 2754 4115; x_wconf 84' lang='lat' dir='ltr'><strong>verum</strong></span> <span class='ocrx_word' id='word_1_759' title='bbox 2774 4064 2935 4115; x_wconf 84' lang='lat' dir='ltr'><strong>etiam</strong></span> <span class='ocrx_word' id='word_1_760' title='bbox 2961 4063 3282 4116; x_wconf 79' lang='lat' dir='ltr'><strong>intrinsecus</strong></span> <span class='ocrx_word' id='word_1_761' title='bbox 3300 4061 3563 4123; x_wconf 62' lang='lat' dir='ltr'><strong>vindicat,</strong></span> <span class='ocrx_word' id='word_1_762' title='bbox 3594 4065 3797 4115; x_wconf 55' lang='lat' dir='ltr'><strong>totum.</strong></span> 
     </span>
    </p>
   </div>
   <div class='ocr_carea' id='block_1_108' title="bbox 2194 4132 3798 4201">
    <p class='ocr_par' dir='ltr' id='par_1_108' title="bbox 2194 4132 3798 4201">
     <span class='ocr_line' id='line_1_110' title="bbox 2194 4132 3798 4201; baseline -0.001 -15"><span class='ocrx_word' id='word_1_763' title='bbox 2194 4148 2298 4201; x_wconf 90' lang='lat' dir='ltr'><strong>que</strong></span> <span class='ocrx_word' id='word_1_764' title='bbox 2341 4137 2621 4187; x_wconf 83' lang='lat' dir='ltr'><strong>commovet</strong></span> <span class='ocrx_word' id='word_1_765' title='bbox 2659 4132 2954 4195; x_wconf 86' lang='lat' dir='ltr'><strong>hominem,</strong></span> <span class='ocrx_word' id='word_1_766' title='bbox 2988 4134 3162 4187; x_wconf 87' lang='lat' dir='ltr'><strong>animi</strong></span> <span class='ocrx_word' id='word_1_767' title='bbox 3206 4132 3369 4187; x_wconf 85' lang='lat' dir='ltr'><strong>simul</strong></span> <span class='ocrx_word' id='word_1_768' title='bbox 3417 4133 3633 4199; x_wconf 83' lang='lat' dir='ltr'><strong>affectu</strong></span> <span class='ocrx_word' id='word_1_769' title='bbox 3679 4147 3798 4186; x_wconf 84' lang='lat' dir='ltr'><strong>cum</strong></span> 
     </span>
    </p>
   </div>
   <div class='ocr_carea' id='block_1_109' title="bbox 2194 4203 3800 4273">
    <p class='ocr_par' dir='ltr' id='par_1_109' title="bbox 2194 4203 3800 4273">
     <span class='ocr_line' id='line_1_111' title="bbox 2194 4203 3800 4273; baseline 0.001 -16"><span class='ocrx_word' id='word_1_770' title='bbox 2194 4205 2373 4257; x_wconf 85' lang='lat' dir='ltr'><strong>carnis</strong></span> <span class='ocrx_word' id='word_1_771' title='bbox 2398 4206 2647 4273; x_wconf 88' lang='lat' dir='ltr'><strong>appetitu</strong></span> <span class='ocrx_word' id='word_1_772' title='bbox 2675 4203 2949 4272; x_wconf 82' lang='lat' dir='ltr'><strong>conjuncta</strong></span> <span class='ocrx_word' id='word_1_773' title='bbox 2977 4210 3139 4273; x_wconf 87' lang='lat' dir='ltr'><strong>atque</strong></span> <span class='ocrx_word' id='word_1_774' title='bbox 3164 4205 3464 4273; x_wconf 70' lang='lat' dir='ltr'><strong>permiwto,</strong></span> <span class='ocrx_word' id='word_1_775' title='bbox 3493 4208 3556 4256; x_wconf 89' lang='lat' dir='ltr'><strong>ut</strong></span> <span class='ocrx_word' id='word_1_776' title='bbox 3579 4218 3641 4256; x_wconf 86' lang='lat' dir='ltr'><strong>ea</strong></span> <span class='ocrx_word' id='word_1_777' title='bbox 3664 4204 3800 4258; x_wconf 73' lang='lat' dir='ltr'><strong>colu-</strong></span> 
     </span>
    </p>
   </div>
   <div class='ocr_carea' id='block_1_110' title="bbox 2187 4275 3796 4345">
    <p class='ocr_par' dir='ltr' id='par_1_110' title="bbox 2187 4275 3796 4345">
     <span class='ocr_line' id='line_1_112' title="bbox 2187 4275 3796 4345; baseline 0 -17"><span class='ocrx_word' id='word_1_778' title='bbox 2187 4279 2315 4345; x_wconf 84' lang='lat' dir='ltr'><strong>ptas</strong></span> <span class='ocrx_word' id='word_1_779' title='bbox 2353 4279 2632 4343; x_wconf 86' lang='lat' dir='ltr'><strong>sequatur,</strong></span> <span class='ocrx_word' id='word_1_780' title='bbox 2672 4289 2781 4342; x_wconf 83' lang='lat' dir='ltr'><strong>qua</strong></span> <span class='ocrx_word' id='word_1_781' title='bbox 2820 4275 2999 4343; x_wconf 80' lang='lat' dir='ltr'><strong>major</strong></span> <span class='ocrx_word' id='word_1_782' title='bbox 3042 4278 3103 4329; x_wconf 87' lang='lat' dir='ltr'><strong>in</strong></span> <span class='ocrx_word' id='word_1_783' title='bbox 3154 4276 3393 4343; x_wconf 72' lang='lat' dir='ltr'><strong>corporis</strong></span> <span class='ocrx_word' id='word_1_784' title='bbox 3435 4275 3796 4343; x_wconf 82' lang='lat' dir='ltr'><strong>voluptatibus</strong></span> 
     </span>
    </p>
   </div>
   <div class='ocr_carea' id='block_1_111' title="bbox 2193 4346 3799 4415">
    <p class='ocr_par' dir='ltr' id='par_1_111' title="bbox 2193 4346 3799 4415">
     <span class='ocr_line' id='line_1_113' title="bbox 2193 4346 3799 4415; baseline 0.001 -17"><span class='ocrx_word' id='word_1_785' title='bbox 2193 4346 2346 4399; x_wconf 88' lang='lat' dir='ltr'><strong>nulla</strong></span> <span class='ocrx_word' id='word_1_786' title='bbox 2387 4349 2501 4407; x_wconf 88' lang='lat' dir='ltr'><strong>est,</strong></span> <span class='ocrx_word' id='word_1_787' title='bbox 2552 4349 2614 4398; x_wconf 91' lang='lat' dir='ltr'><strong>ut</strong></span> <span class='ocrx_word' id='word_1_788' title='bbox 2661 4350 2920 4400; x_wconf 86' lang='lat' dir='ltr'><strong>momento</strong></span> <span class='ocrx_word' id='word_1_789' title='bbox 2965 4349 3080 4415; x_wconf 86' lang='lat' dir='ltr'><strong>ipso</strong></span> <span class='ocrx_word' id='word_1_790' title='bbox 3119 4349 3372 4414; x_wconf 82' lang='lat' dir='ltr'><strong>temporis</strong></span> <span class='ocrx_word' id='word_1_791' title='bbox 3408 4361 3515 4414; x_wconf 87' lang='lat' dir='ltr'><strong>quo</strong></span> <span class='ocrx_word' id='word_1_792' title='bbox 3572 4347 3649 4400; x_wconf 85' lang='lat' dir='ltr'><strong>ad</strong></span> <span class='ocrx_word' id='word_1_793' title='bbox 3689 4346 3799 4415; x_wconf 81' lang='lat' dir='ltr'><strong>ejus</strong></span> 
     </span>
    </p>
   </div>
   <div class='ocr_carea' id='block_1_112' title="bbox 2185 4417 3799 4498">
    <p class='ocr_par' dir='ltr' id='par_1_112' title="bbox 2185 4417 3799 4498">
     <span class='ocr_line' id='line_1_114' title="bbox 2185 4417 3799 4498; baseline 0.002 -30"><span class='ocrx_word' id='word_1_794' title='bbox 2185 4417 2898 4498; x_wconf 45' lang='lat' dir='ltr'><strong>perueniturhemtremum,</strong></span> <span class='ocrx_word' id='word_1_795' title='bbox 2944 4433 3080 4487; x_wconf 86' lang='lat' dir='ltr'><strong>pene</strong></span> <span class='ocrx_word' id='word_1_796' title='bbox 3133 4419 3302 4472; x_wconf 84' lang='lat' dir='ltr'><strong>omnis</strong></span> <span class='ocrx_word' id='word_1_797' title='bbox 3348 4419 3489 4471; x_wconf 84' lang='lat' dir='ltr'><strong>acies</strong></span> <span class='ocrx_word' id='word_1_798' title='bbox 3536 4421 3589 4471; x_wconf 86' lang='lat' dir='ltr'><strong>et</strong></span> <span class='ocrx_word' id='word_1_799' title='bbox 3646 4418 3799 4487; x_wconf 74' lang='lat' dir='ltr'><strong>quasi</strong></span> 
     </span>
    </p>
   </div>
   <div class='ocr_carea' id='block_1_113' title="bbox 2189 4485 3793 4638">
    <p class='ocr_par' dir='ltr' id='par_1_113' title="bbox 2189 4485 3793 4638">
     <span class='ocr_line' id='line_1_115' title="bbox 2189 4485 3674 4554; baseline 0.003 -14"><span class='ocrx_word' id='word_1_800' title='bbox 2189 4485 2387 4554; x_wconf 76' lang='lat' dir='ltr'><strong>vigilia</strong></span> <span class='ocrx_word' id='word_1_801' title='bbox 2413 4487 2757 4554; x_wconf 81' lang='lat' dir='ltr'><strong>cogitationis</strong></span> <span class='ocrx_word' id='word_1_802' title='bbox 2786 4485 3065 4543; x_wconf 73' lang='lat' dir='ltr'><strong>obruatur.</strong></span> <span class='ocrx_word' id='word_1_803' title='bbox 3568 4546 3573 4551; x_wconf 76' lang='grc'><strong><em>,</em></strong></span> <span class='ocrx_word' id='word_1_804' title='bbox 3658 4485 3674 4487; x_wconf 22' lang='grc' dir='ltr'><strong>Ὗ</strong></span> 
     </span>
     <span class='ocr_line' id='line_1_116' title="bbox 2263 4550 3793 4638; baseline 0.003 -28"><span class='ocrx_word' id='word_1_805' title='bbox 2263 4550 2470 4638; x_wconf 33' lang='lat' dir='ltr'><strong>ﬁll-lam</strong></span> <span class='ocrx_word' id='word_1_806' title='bbox 2507 4556 2709 4638; x_wconf 75' lang='lat' dir='ltr'><strong>scilicet</strong></span> <span class='ocrx_word' id='word_1_807' title='bbox 2750 4572 2872 4638; x_wconf 73' lang='lat' dir='ltr'><strong>qua:</strong></span> <span class='ocrx_word' id='word_1_808' title='bbox 2901 4574 3156 4638; x_wconf 80' lang='lat' dir='ltr'><strong>expresso</strong></span> <span class='ocrx_word' id='word_1_809' title='bbox 3215 4559 3495 4638; x_wconf 82' lang='lat' dir='ltr'><strong>D_ecalogi_</strong></span> <span class='ocrx_word' id='word_1_810' title='bbox 3522 4564 3793 4631; x_wconf 70' lang='lat' dir='ltr'><strong>praecepto</strong></span> 
     </span>
    </p>
   </div>
   <div class='ocr_carea' id='block_1_114' title="bbox 2191 4626 3789 4702">
    <p class='ocr_par' dir='ltr' id='par_1_114' title="bbox 2191 4626 3789 4702">
     <span class='ocr_line' id='line_1_117' title="bbox 2191 4626 3789 4702; baseline 0.001 -19"><span class='ocrx_word' id='word_1_811' title='bbox 2191 4626 2546 4702; x_wconf 77' lang='lat' dir='ltr'><strong>prohibetur,</strong></span> <span class='ocrx_word' id='word_1_812' title='bbox 2604 4626 2658 4683; x_wconf 91' lang='lat' dir='ltr'><strong>id</strong></span> <span class='ocrx_word' id='word_1_813' title='bbox 2695 4626 2815 4702; x_wconf 77' lang='lat' dir='ltr'><strong>est,</strong></span> <span class='ocrx_word' id='word_1_814' title='bbox 2864 4626 3368 4702; x_wconf 71' lang='lat' dir='ltr'><strong>concupiscentiam</strong></span> <span class='ocrx_word' id='word_1_815' title='bbox 3416 4626 3497 4686; x_wconf 69' lang='lat' dir='ltr'><strong>rei</strong></span> <span class='ocrx_word' id='word_1_816' title='bbox 3522 4626 3789 4695; x_wconf 63' lang='lat' dir='ltr'><strong>&#39;veneraa,</strong></span> 
     </span>
    </p>
   </div>
   <div class='ocr_carea' id='block_1_115' title="bbox 2193 4698 3253 4768">
    <p class='ocr_par' dir='ltr' id='par_1_115' title="bbox 2193 4698 3253 4768">
     <span class='ocr_line' id='line_1_118' title="bbox 2193 4698 3253 4768; baseline 0.003 -15"><span class='ocrx_word' id='word_1_817' title='bbox 2193 4699 2274 4755; x_wconf 86' lang='lat' dir='ltr'><strong>vel</strong></span> <span class='ocrx_word' id='word_1_818' title='bbox 2301 4698 2804 4768; x_wconf 90' lang='lat' dir='ltr'><strong>concupiscentiam</strong></span> <span class='ocrx_word' id='word_1_819' title='bbox 2835 4701 3023 4757; x_wconf 84' lang='lat' dir='ltr'><strong>uxoris</strong></span> <span class='ocrx_word' id='word_1_820' title='bbox 3043 4698 3253 4757; x_wconf 70' lang='lat' dir='ltr'><strong>alienae.</strong></span> 
     </span>
    </p>
   </div>
   <div class='ocr_carea' id='block_1_116' title="bbox 2260 4769 3792 4843">
    <p class='ocr_par' dir='ltr' id='par_1_116' title="bbox 2260 4769 3792 4843">
     <span class='ocr_line' id='line_1_119' title="bbox 2260 4769 3792 4843; baseline 0.001 -18"><span class='ocrx_word' id='word_1_821' title='bbox 2260 4779 2287 4816; x_wconf 79' lang='grc' dir='ltr'>ε</span> <span class='ocrx_word' id='word_1_822' title='bbox 2330 4769 2632 4843; x_wconf 75' lang='lat' dir='ltr'><strong>Avaritiam</strong></span> <span class='ocrx_word' id='word_1_823' title='bbox 2678 4769 3089 4843; x_wconf 88' lang='lat' dir='ltr'><strong>interpretatur,</strong></span> <span class='ocrx_word' id='word_1_824' title='bbox 3143 4781 3206 4828; x_wconf 93' lang='lat' dir='ltr'><strong>ut</strong></span> <span class='ocrx_word' id='word_1_825' title='bbox 3260 4772 3354 4828; x_wconf 89' lang='lat' dir='ltr'><strong>alii</strong></span> <span class='ocrx_word' id='word_1_826' title='bbox 3393 4771 3511 4829; x_wconf 89' lang='lat' dir='ltr'><strong>fere</strong></span> <span class='ocrx_word' id='word_1_827' title='bbox 3566 4785 3792 4837; x_wconf 86' lang='lat' dir='ltr'><strong>omnes,</strong></span> 
     </span>
    </p>
   </div>
   <div class='ocr_carea' id='block_1_117' title="bbox 2189 4841 3795 4915">
    <p class='ocr_par' dir='ltr' id='par_1_117' title="bbox 2189 4841 3795 4915">
     <span class='ocr_line' id='line_1_120' title="bbox 2189 4841 3795 4915; baseline 0.001 -18"><span class='ocrx_word' id='word_1_828' title='bbox 2189 4841 2494 4915; x_wconf 85' lang='lat' dir='ltr'><strong>secundum</strong></span> <span class='ocrx_word' id='word_1_829' title='bbox 2526 4841 2971 4915; x_wconf 68' lang='lat' dir='ltr'><strong>vulgaremvocis</strong></span> <span class='ocrx_word' id='word_1_830' title='bbox 2993 4843 3395 4913; x_wconf 89' lang='lat' dir='ltr'><strong>acceptionem,</strong></span> <span class='ocrx_word' id='word_1_831' title='bbox 3438 4843 3795 4915; x_wconf 83' lang='lat' dir='ltr'><strong>pecuniarum</strong></span> 
     </span>
    </p>
   </div>
   <div class='ocr_carea' id='block_1_118' title="bbox 2191 4912 3797 4997">
    <p class='ocr_par' dir='ltr' id='par_1_118' title="bbox 2191 4912 3797 4997">
     <span class='ocr_line' id='line_1_121' title="bbox 2191 4912 3797 4997; baseline 0 -28"><span class='ocrx_word' id='word_1_832' title='bbox 2191 4928 2289 4997; x_wconf 66' lang='lat' dir='ltr'><strong>seu</strong></span> <span class='ocrx_word' id='word_1_833' title='bbox 2323 4912 2638 4995; x_wconf 80' lang='lat' dir='ltr'><strong>divitiarum</strong></span> <span class='ocrx_word' id='word_1_834' title='bbox 2659 4913 3034 4997; x_wconf 56' lang='lat' dir='ltr'><strong>cupiditatem:</strong></span> <span class='ocrx_word' id='word_1_835' title='bbox 3066 4912 3231 4997; x_wconf 71' lang='lat' dir='ltr'><strong>_At_D.</strong></span> <span class='ocrx_word' id='word_1_836' title='bbox 3253 4912 3797 4997; x_wconf 28' lang='lat' dir='ltr'><strong>.lliero&#39;nymus‘scri-</strong></span> 
     </span>
    </p>
   </div>
   <div class='ocr_carea' id='block_1_119' title="bbox 2190 4981 3793 5057">
    <p class='ocr_par' dir='ltr' id='par_1_119' title="bbox 2190 4981 3793 5057">
     <span class='ocr_line' id='line_1_122' title="bbox 2190 4981 3793 5057; baseline 0.001 -18"><span class='ocrx_word' id='word_1_837' title='bbox 2190 4981 2327 5041; x_wconf 88' lang='lat' dir='ltr'><strong>bens</strong></span> <span class='ocrx_word' id='word_1_838' title='bbox 2361 4986 2417 5039; x_wconf 89' lang='lat' dir='ltr'><strong>in</strong></span> <span class='ocrx_word' id='word_1_839' title='bbox 2443 5000 2561 5057; x_wconf 90' lang='lat' dir='ltr'><strong>cap.</strong></span> <span class='ocrx_word' id='word_1_840' title='bbox 2597 5002 2631 5042; x_wconf 89' lang='lat' dir='ltr'><strong>v</strong></span> <span class='ocrx_word' id='word_1_841' title='bbox 2673 4981 2931 5056; x_wconf 66' lang='lat' dir='ltr'><strong>Epistolas</strong></span> <span class='ocrx_word' id='word_1_842' title='bbox 2969 4986 3037 5042; x_wconf 90' lang='lat' dir='ltr'><strong>ad</strong></span> <span class='ocrx_word' id='word_1_843' title='bbox 3066 4986 3359 5057; x_wconf 88' lang='lat' dir='ltr'><strong>Ephesios,</strong></span> <span class='ocrx_word' id='word_1_844' title='bbox 3405 4981 3499 5041; x_wconf 84' lang='lat' dir='ltr'><strong>ubi</strong></span> <span class='ocrx_word' id='word_1_845' title='bbox 3530 4987 3740 5041; x_wconf 87' lang='lat' dir='ltr'><strong>dicitur</strong></span> <span class='ocrx_word' id='word_1_846' title='bbox 3778 5000 3793 5033; x_wconf 84' lang='lat'><strong><em>:</em></strong></span> 
     </span>
    </p>
   </div>
   <div class='ocr_carea' id='block_1_120' title="bbox 2189 5058 3798 5121">
    <p class='ocr_par' dir='ltr' id='par_1_120' title="bbox 2189 5058 3798 5121">
     <span class='ocr_line' id='line_1_123' title="bbox 2189 5058 3798 5121; baseline -0.001 -9"><span class='ocrx_word' id='word_1_847' title='bbox 2189 5058 2491 5112; x_wconf 81' lang='lat' dir='ltr'><strong>Fornicatic</strong></span> <span class='ocrx_word' id='word_1_848' title='bbox 2527 5060 2577 5112; x_wconf 86' lang='lat' dir='ltr'><strong>et</strong></span> <span class='ocrx_word' id='word_1_849' title='bbox 2613 5058 2785 5112; x_wconf 87' lang='lat' dir='ltr'><strong>omnis</strong></span> <span class='ocrx_word' id='word_1_850' title='bbox 2826 5059 3200 5121; x_wconf 87' lang='lat' dir='ltr'><strong>immunditia,</strong></span> <span class='ocrx_word' id='word_1_851' title='bbox 3241 5062 3339 5113; x_wconf 87' lang='lat' dir='ltr'><strong>aut</strong></span> <span class='ocrx_word' id='word_1_852' title='bbox 3385 5059 3647 5120; x_wconf 68' lang='lat' dir='ltr'><strong>avaritia,</strong></span> <span class='ocrx_word' id='word_1_853' title='bbox 3698 5071 3798 5110; x_wconf 85' lang='lat' dir='ltr'><strong>nec</strong></span> 
     </span>
    </p>
   </div>
   <div class='ocr_carea' id='block_1_121' title="bbox 2190 5127 3799 5200">
    <p class='ocr_par' dir='ltr' id='par_1_121' title="bbox 2190 5127 3799 5200">
     <span class='ocr_line' id='line_1_124' title="bbox 2190 5127 3799 5200; baseline 0.001 -20"><span class='ocrx_word' id='word_1_854' title='bbox 2190 5130 2585 5200; x_wconf 68' lang='lat' dir='ltr'><strong>nominetur-in</strong></span> <span class='ocrx_word' id='word_1_855' title='bbox 2609 5128 2778 5191; x_wconf 82' lang='lat' dir='ltr'><strong>vobis,</strong></span> <span class='ocrx_word' id='word_1_856' title='bbox 2806 5129 3084 5200; x_wconf 81' lang='lat' dir='ltr'><strong>contendit</strong></span> <span class='ocrx_word' id='word_1_857' title='bbox 3111 5130 3417 5195; x_wconf 89' lang='lat' dir='ltr'><strong>avaritiam,</strong></span> <span class='ocrx_word' id='word_1_858' title='bbox 3445 5141 3567 5200; x_wconf 63' lang='lat' dir='ltr'><strong>qua:</strong></span> <span class='ocrx_word' id='word_1_859' title='bbox 3593 5127 3799 5200; x_wconf 64' lang='lat' dir='ltr'><strong>Graece</strong></span> 
     </span>
    </p>
   </div>
   <div class='ocr_carea' id='block_1_122' title="bbox 2192 5197 3800 5282">
    <p class='ocr_par' dir='ltr' id='par_1_122' title="bbox 2192 5197 3800 5282">
     <span class='ocr_line' id='line_1_125' title="bbox 2192 5197 3800 5282; baseline 0.004 -32"><span class='ocrx_word' id='word_1_860' title='bbox 2192 5197 2713 5282; x_wconf 47' lang='lat' dir='ltr'><strong>magnitudicitur,</strong></span> <span class='ocrx_word' id='word_1_861' title='bbox 2772 5214 2886 5282; x_wconf 71' lang='lat' dir='ltr'><strong>non</strong></span> <span class='ocrx_word' id='word_1_862' title='bbox 2937 5198 3137 5282; x_wconf 72' lang='lat' dir='ltr'><strong>debere</strong></span> <span class='ocrx_word' id='word_1_863' title='bbox 3172 5197 3800 5282; x_wconf 7' lang='lat' dir='ltr'><strong>amipigpronpecuniaa</strong></span> 
     </span>
    </p>
   </div>
   <div class='ocr_carea' id='block_1_123' title="bbox 2188 5270 3798 5344">
    <p class='ocr_par' dir='ltr' id='par_1_123' title="bbox 2188 5270 3798 5344">
     <span class='ocr_line' id='line_1_126' title="bbox 2188 5270 3798 5344; baseline 0.002 -20"><span class='ocrx_word' id='word_1_864' title='bbox 2188 5270 2388 5344; x_wconf 79' lang='lat' dir='ltr'><strong>studio.</strong></span> <span class='ocrx_word' id='word_1_865' title='bbox 2425 5278 2487 5326; x_wconf 93' lang='lat' dir='ltr'><strong>ut</strong></span> <span class='ocrx_word' id='word_1_866' title='bbox 2511 5270 2671 5344; x_wconf 88' lang='lat' dir='ltr'><strong>vulgo</strong></span> <span class='ocrx_word' id='word_1_867' title='bbox 2692 5270 2973 5344; x_wconf 82' lang='lat' dir='ltr'><strong>accipitur,</strong></span> <span class='ocrx_word' id='word_1_868' title='bbox 2997 5272 3095 5328; x_wconf 86' lang='lat' dir='ltr'><strong>sed</strong></span> <span class='ocrx_word' id='word_1_869' title='bbox 3120 5288 3218 5344; x_wconf 91' lang='lat' dir='ltr'><strong>pro</strong></span> <span class='ocrx_word' id='word_1_870' title='bbox 3239 5270 3527 5327; x_wconf 82' lang='lat' dir='ltr'><strong>insatiabili</strong></span> <span class='ocrx_word' id='word_1_871' title='bbox 3550 5270 3798 5342; x_wconf 82' lang='lat' dir='ltr'><strong>quadam</strong></span> 
     </span>
    </p>
   </div>
   <div class='ocr_carea' id='block_1_124' title="bbox 2187 5340 3802 5414">
    <p class='ocr_par' dir='ltr' id='par_1_124' title="bbox 2187 5340 3802 5414">
     <span class='ocr_line' id='line_1_127' title="bbox 2187 5340 3802 5414; baseline 0.001 -19"><span class='ocrx_word' id='word_1_872' title='bbox 2187 5340 2484 5414; x_wconf 81' lang='lat' dir='ltr'><strong>cupiditate</strong></span> <span class='ocrx_word' id='word_1_873' title='bbox 2501 5340 2740 5413; x_wconf 79' lang='lat' dir='ltr'><strong>turpium</strong></span> <span class='ocrx_word' id='word_1_874' title='bbox 2759 5340 3099 5413; x_wconf 78' lang='lat' dir='ltr'><strong>voluptatum</strong></span> <span class='ocrx_word' id='word_1_875' title='bbox 3120 5340 3138 5398; x_wconf 83' lang='grc' dir='ltr'>Ξ</span> <span class='ocrx_word' id='word_1_876' title='bbox 3161 5346 3289 5412; x_wconf 78' lang='lat' dir='ltr'><strong>Qua:</strong></span> <span class='ocrx_word' id='word_1_877' title='bbox 3309 5345 3450 5398; x_wconf 87' lang='lat' dir='ltr'><strong>enim</strong></span> <span class='ocrx_word' id='word_1_878' title='bbox 3471 5340 3802 5414; x_wconf 67' lang='lat' dir='ltr'><strong>003W-</strong></span> 
     </span>
    </p>
   </div>
   <div class='ocr_carea' id='block_1_125' title="bbox 2189 5410 3800 5485">
    <p class='ocr_par' dir='ltr' id='par_1_125' title="bbox 2189 5410 3800 5485">
     <span class='ocr_line' id='line_1_128' title="bbox 2189 5410 3800 5485; baseline 0.004 -20"><span class='ocrx_word' id='word_1_879' title='bbox 2189 5410 2289 5478; x_wconf 32' lang='lat' dir='ltr'><strong>tia’,</strong></span> <span class='ocrx_word' id='word_1_880' title='bbox 2324 5410 2616 5485; x_wconf 38' lang='lat' dir='ltr'><strong>inquittut</strong></span> <span class='ocrx_word' id='word_1_881' title='bbox 2646 5415 2786 5468; x_wconf 86' lang='lat' dir='ltr'><strong>inter</strong></span> <span class='ocrx_word' id='word_1_882' title='bbox 2821 5410 3250 5482; x_wconf 70' lang='lat' dir='ltr'><strong>fornicationem,</strong></span> <span class='ocrx_word' id='word_1_883' title='bbox 3278 5420 3329 5470; x_wconf 92' lang='lat' dir='ltr'><strong>et</strong></span> <span class='ocrx_word' id='word_1_884' title='bbox 3360 5410 3800 5485; x_wconf 65' lang='lat' dir='ltr'><strong>immunditiam,</strong></span> 
     </span>
    </p>
   </div>
   <div class='ocr_carea' id='block_1_126' title="bbox 2187 5482 3797 5557">
    <p class='ocr_par' dir='ltr' id='par_1_126' title="bbox 2187 5482 3797 5557">
     <span class='ocr_line' id='line_1_129' title="bbox 2187 5482 3797 5557; baseline 0.004 -21"><span class='ocrx_word' id='word_1_885' title='bbox 2187 5487 2240 5537; x_wconf 89' lang='lat' dir='ltr'><strong>et</strong></span> <span class='ocrx_word' id='word_1_886' title='bbox 2284 5482 2700 5557; x_wconf 75' lang='lat' dir='ltr'><strong>turpitudinem,</strong></span> <span class='ocrx_word' id='word_1_887' title='bbox 2722 5489 2774 5540; x_wconf 88' lang='lat' dir='ltr'><strong>et</strong></span> <span class='ocrx_word' id='word_1_888' title='bbox 2822 5486 3255 5557; x_wconf 87' lang='lat' dir='ltr'><strong>stultiloquium,</strong></span> <span class='ocrx_word' id='word_1_889' title='bbox 3298 5491 3351 5542; x_wconf 89' lang='lat' dir='ltr'><strong>et</strong></span> <span class='ocrx_word' id='word_1_890' title='bbox 3387 5482 3797 5557; x_wconf 73' lang='lat' dir='ltr'><strong>scurrilitatem,</strong></span> 
     </span>
    </p>
   </div>
   <div class='ocr_carea' id='block_1_127' title="bbox 2186 5554 3800 5629">
    <p class='ocr_par' dir='ltr' id='par_1_127' title="bbox 2186 5554 3800 5629">
     <span class='ocr_line' id='line_1_130' title="bbox 2186 5554 3800 5629; baseline 0.005 -21"><span class='ocrx_word' id='word_1_891' title='bbox 2186 5554 2420 5629; x_wconf 84' lang='lat' dir='ltr'><strong>mediam</strong></span> <span class='ocrx_word' id='word_1_892' title='bbox 2459 5557 2755 5629; x_wconf 79' lang='lat' dir='ltr'><strong>auaritiam</strong></span> <span class='ocrx_word' id='word_1_893' title='bbox 2804 5554 3246 5614; x_wconf 65' lang='lat' dir='ltr'><strong>extraordinaria</strong></span> <span class='ocrx_word' id='word_1_894' title='bbox 3266 5559 3508 5629; x_wconf 80' lang='lat' dir='ltr'><strong>posuerit</strong></span> <span class='ocrx_word' id='word_1_895' title='bbox 3563 5555 3658 5625; x_wconf 86' lang='lat' dir='ltr'><strong>(id</strong></span> <span class='ocrx_word' id='word_1_896' title='bbox 3691 5554 3800 5627; x_wconf 80' lang='lat' dir='ltr'><strong>est,</strong></span> 
     </span>
    </p>
   </div>
   <div class='ocr_carea' id='block_1_128' title="bbox 2185 5625 3797 5710">
    <p class='ocr_par' dir='ltr' id='par_1_128' title="bbox 2185 5625 3797 5710">
     <span class='ocr_line' id='line_1_131' title="bbox 2185 5625 3797 5710; baseline 0.002 -28"><span class='ocrx_word' id='word_1_897' title='bbox 2185 5627 2421 5710; x_wconf 77' lang='lat' dir='ltr'><strong>peccatis</strong></span> <span class='ocrx_word' id='word_1_898' title='bbox 2457 5625 2685 5710; x_wconf 48' lang='lat' dir='ltr'><strong>lu‘xurite</strong></span> <span class='ocrx_word' id='word_1_899' title='bbox 2712 5630 3178 5710; x_wconf 77' lang='lat' dir='ltr'><strong>anpumerar_it)?_</strong></span> <span class='ocrx_word' id='word_1_900' title='bbox 3197 5625 3357 5710; x_wconf 75' lang='lat' dir='ltr'><strong>Quod</strong></span> <span class='ocrx_word' id='word_1_901' title='bbox 3387 5625 3797 5710; x_wconf 66' lang='lat' dir='ltr'><strong>argumentum</strong></span> 
     </span>
    </p>
   </div>
   <div class='ocr_carea' id='block_1_129' title="bbox 2184 5696 3801 5773">
    <p class='ocr_par' dir='ltr' id='par_1_129' title="bbox 2184 5696 3801 5773">
     <span class='ocr_line' id='line_1_132' title="bbox 2184 5696 3801 5773; baseline 0.005 -21"><span class='ocrx_word' id='word_1_902' title='bbox 2184 5696 2419 5773; x_wconf 78' lang='lat' dir='ltr'><strong>probare</strong></span> <span class='ocrx_word' id='word_1_903' title='bbox 2447 5696 2661 5773; x_wconf 78' lang='lat' dir='ltr'><strong>videtur</strong></span> <span class='ocrx_word' id='word_1_904' title='bbox 2702 5698 2906 5773; x_wconf 12' lang='lat' dir='ltr'><strong>eodem,</strong></span> <span class='ocrx_word' id='word_1_905' title='bbox 2923 5696 3109 5773; x_wconf 84' lang='lat' dir='ltr'><strong>modo</strong></span> <span class='ocrx_word' id='word_1_906' title='bbox 3145 5696 3343 5758; x_wconf 84' lang='lat' dir='ltr'><strong>debere</strong></span> <span class='ocrx_word' id='word_1_907' title='bbox 3371 5696 3546 5773; x_wconf 70' lang='lat' dir='ltr'><strong>accipi</strong></span> <span class='ocrx_word' id='word_1_908' title='bbox 3580 5700 3679 5760; x_wconf 90' lang='lat' dir='ltr'><strong>illo</strong></span> <span class='ocrx_word' id='word_1_909' title='bbox 3726 5699 3801 5759; x_wconf 84' lang='lat' dir='ltr'><strong>ad</strong></span> 
     </span>
    </p>
   </div>
   <div class='ocr_carea' id='block_1_130' title="bbox 2182 5768 3283 5845">
    <p class='ocr_par' dir='ltr' id='par_1_130' title="bbox 2182 5768 3283 5845">
     <span class='ocr_line' id='line_1_133' title="bbox 2182 5768 3283 5845; baseline 0.004 -20"><span class='ocrx_word' id='word_1_910' title='bbox 2182 5768 2531 5826; x_wconf 84' lang='lat' dir='ltr'><strong>Colossenses</strong></span> <span class='ocrx_word' id='word_1_911' title='bbox 2565 5768 2707 5839; x_wconf 91' lang='lat' dir='ltr'><strong>loco,</strong></span> <span class='ocrx_word' id='word_1_912' title='bbox 2736 5771 2830 5842; x_wconf 91' lang='lat' dir='ltr'><strong>qui</strong></span> <span class='ocrx_word' id='word_1_913' title='bbox 2855 5770 2942 5828; x_wconf 91' lang='lat' dir='ltr'><strong>hic</strong></span> <span class='ocrx_word' id='word_1_914' title='bbox 2965 5772 3283 5845; x_wconf 84' lang='lat' dir='ltr'><strong>explicatur.</strong></span> 
     </span>
    </p>
   </div>
  </div>
