4040 6206
413 305 518 361 879

1491 297 1772 357 JOANNIS
1807 297 2109 357 CASSlANl
2148 297 2637 356 COLLATIONES.

3620 290 3728 347 880

411 447 602 507 pacem
626 431 804 490 donec
827 429 1047 488 ﬁrmam
1075 438 1240 503 atque
1266 436 1586 503 perpetuam
1614 429 1866 486 obtinere
1889 443 2012 485 me—
2040 430 2095 494 Α
2117 440 2336 483 necesse
2383 431 2467 481 est
2511 437 2641 479 eum
2692 412 3152 492 inaequalitatibus
3202 409 3321 471 istis
3374 409 3725 486 frequentius

408 541 653 595 reamur,
698 525 889 583 multis
942 538 1165 581 necesse
1221 531 1308 579 est
1355 536 1461 579 nos
1506 521 2016 596 impugnationibus

408 619 685 678 attentari.
728 622 1176 693 Frequenterque
1221 615 1388 673 nobis
1433 624 1518 673 est
1566 615 1865 673 versiculus
1909 615 2017 672 iste

409 730 538 772 cum
581 713 790 786 gemitu
828 711 1192 784 lacrymisque
1238 710 1595 784 repetendus,
1631 714 1795 769 Miser
1827 712 2008 778 factus

408 825 531 866 sum
548 813 600 865 et
618 810 861 879 afflictus
877 823 997 865 sum
1007 824 1411 879 usquequaque,
1434 811 1546 864 tota
1561 807 1650 863 die
1664 809 2009 863 contristati»

408 902 768 977 ingrediebar,
794 904 1049 974 quoniam
1086 903 1258 958 lumbi
1279 904 1390 958 mei
1407 902 1620 973 impleti
1644 905 1771 956 sum
1797 901 2009 956 illusio-

411 996 594 1062 nibus,
610 1001 662 1053 et
688 1011 796 1053 non
819 1002 898 1053 est
909 998 1120 1053 sanitas
1140 997 1202 1051 in
1223 1012 1384 1051 carne
1401 1011 1523 1051 mea
1548 1012 1584 1050 a
1606 997 1750 1063 facie
1768 984 1867 1049 ira:
1885 998 2011 1063 tua,

410 1106 519 1147 non
540 1095 621 1148 est
638 1106 759 1163 pace
781 1091 1131 1147 ossibusmeis
1152 1106 1189 1145 a
1216 1091 1358 1157 facie
1383 1090 1707 1159 insipientia
1734 1102 1866 1143 mea:
1898 1090 2008 1156 (Ps.

294 1219 297 1222 ν
408 1187 675 1252 xnvn).
714 1185 871 1240 Tunc
892 1182 1037 1239 enim
1065 1188 1441 1253 competenter
1466 1180 1586 1237 haec
1613 1188 1667 1236 et
1693 1179 1749 1235 in
1780 1177 2008 1239 veritate

409 1274 756 1343 deﬂebimus,
790 1273 1010 1346 quando
1036 1282 1165 1346 post
1189 1272 1414 1345 longam
1443 1272 1735 1345 puritatem
1763 1269 2011 1343 corporis

408 1365 609 1438 nostri,
639 1376 919 1440 sperantes
951 1366 1073 1440 jam
1110 1366 1347 1424 carnalia
1386 1381 1490 1423 nos
1521 1363 1851 1423 omnimodis
1878 1379 2012 1421 eva-

411 1461 550 1519 sisse
579 1462 850 1535 contagia,
879 1460 1133 1519 stimulos
1153 1461 1333 1518 carnis
1366 1460 1440 1518 ob
1480 1460 1804 1517 electionem
1831 1457 2014 1516 cordis

408 1554 704 1612 adversum
726 1570 829 1612 nos
855 1569 1080 1612 rursum
1120 1555 1393 1612 sentimus
1420 1554 1724 1627 insurgere,
1753 1552 1838 1609 vel
1867 1559 2015 1608 certe

410 1648 484 1707 ad
506 1648 784 1707 fallaciam
811 1649 1159 1707 somniorum
1182 1639 1471 1722 impuritas
1496 1664 1600 1707 nos
1624 1648 1866 1722 pristinae
1891 1647 2011 1704 col-

412 1739 645 1799 luvionis
687 1741 944 1816 aspergit.
984 1742 1128 1800 Cum
1162 1758 1295 1816 ergo
1335 1741 1563 1815 cmperit
1598 1742 1720 1814 quis
1752 1741 2013 1798 diuturna

2118 518 2345 588 erudiri,
2378 515 2743 591 quoadusque
2771 527 2874 585 per
2893 509 2997 568 Dei
3017 508 3254 582 gratiam
3271 506 3641 565 conﬁrmatus
3668 508 3730 564 in

2122 611 2212 668 illa
2248 626 2417 681 quam
2449 608 2654 683 appetit
2694 606 2932 680 puritate
2958 602 3248 661 efﬁcaciter
3283 599 3472 659 dicere
3515 617 3729 659 merea-

2115 714 2209 761 tur
2229 723 2245 757 :
2264 707 2601 775 Ezspectans
2617 701 2910 772 expectaui
2928 699 3238 761 Dominum,
3269 701 3320 753 et
3350 699 3596 767 respexit
3618 712 3728 761 me,

2117 799 2400 855 exaudivit
2418 813 2629 869 precem
2649 812 2844 860 meam,
2870 798 2923 863 et
2940 794 3134 850 eduxit
3156 791 3326 848 mede
3349 793 3475 847 lacu
3493 796 3729 849 miseriis

2118 897 2170 948 et
2198 892 2265 948 de
2285 892 2397 947 luto
2409 893 2582 960 facis,
2609 894 2659 947 et
2678 891 2875 946 statuit
2892 904 3066 959 supra
3077 886 3470 958 petrampedes
3488 903 3654 953 meos,
3673 893 3727 946 et

2120 985 2327 1042 diremit
2348 999 2560 1054 gressus
2581 998 2721 1041 meos
2744 983 2915 1052 (Psal.
2950 983 3199 1050 χχχιι).

2710 1118 2956 1177 CAPUT
2988 1119 3117 1175 VII.

2332 1241 2408 1295 De
2443 1236 2783 1306 differentiis
2818 1240 2870 1293 et
2896 1233 3156 1307 gradibus
3190 1210 3505 1292 castistatis.

2190 1364 2216 1394 ⁸
2243 1362 2408 1420 Multi
2439 1370 2572 1420 sunt
2599 1363 2754 1420 enim
2780 1361 3130 1421 castimonia:
3160 1360 3393 1434 gradus,
3425 1361 3630 1432 quibus
3654 1361 3728 1422 ad

2121 1454 2271 1513 illam
2295 1454 2664 1513 inviolabilem
2680 1454 3069 1514 conscenditur
3094 1454 3413 1527 puritatem,
3442 1471 3587 1528 quos
3600 1456 3734 1515 licet

2119 1564 2223 1607 nec
2245 1550 2571 1623 perspicere,
2599 1566 2701 1607 nec
2722 1549 3032 1620 enuntiare,
3062 1559 3124 1607 ut
3148 1548 3385 1623 dignum
3416 1558 3524 1617 est,
3553 1550 3728 1608 virtus

2118 1653 2306 1703 nostra
2338 1644 2591 1715 sufﬁciat,
2617 1653 2802 1703 tamen
2835 1645 2967 1718 quia
2998 1644 3170 1703 series
3190 1645 3528 1704 narrationis
3549 1660 3727 1718 expo-

2119 1741 2241 1809 scit,
2278 1739 2588 1798 secundum
2638 1739 3080 1799 mediocritatem
3124 1739 3476 1812 experientia
3512 1749 3730 1799 nostra:

410 1832 593 1892 cordis
618 1842 675 1892 et
710 1835 959 1909 corporis
1001 1836 1239 1908 puritate
1261 1835 1522 1909 gaudere,
1559 1848 1786 1892 necesse
1831 1842 1917 1892 est
1956 1840 2017 1890 ut
2040 1836 2090 1900 B
2121 1841 2419 1906 utcumque
2470 1830 2726 1905 proferre
2769 1831 3136 1903 tentabimus,
3195 1841 3528 1890 reservantes
3583 1848 3726 1905 per-

411 1925 546 1984 dum
575 1942 636 1984 se
670 1927 845 1985 credit
868 1928 1097 1985 ulterius
1127 1928 1249 2001 jam
1275 1944 1391 1987 non
1418 1943 1580 2000 posse
1606 1927 1678 1985 ab
1711 1927 1801 1984 illa
1830 1927 2014 1984 since-

412 2019 572 2078 ritate
598 2021 832 2091 devolvi,
870 2022 1019 2079 intra
1051 2021 1414 2094 semetipsum
1451 2020 1866 2094 quodammodo
1894 2022 2014 2093 glo-

411 2114 603 2182 rietur,
640 2122 696 2171 et
726 2115 873 2172 dicat
903 2134 920 2171 ι
950 2118 1068 2185 Ego
1095 2116 1225 2171 dini
1250 2117 1311 2170 in
1341 2116 1684 2170 abundantia
1723 2130 1866 2184 mea,
1894 2118 2013 2174 Non

410 2207 655 2262 movebar
673 2208 737 2261 in
763 2211 1023 2261 (sternam
1041 2207 1210 2275 (Psal.
1240 2207 1437 2277 xxrx).
1466 2207 1577 2264 Sed
1602 2221 1733 2264 cum
1756 2207 1959 2265 utiliter
1978 2225 2014 2266 a

408 2296 656 2353 Domino
682 2297 1010 2354 snbrelictus
1042 2297 1211 2371 [Lips
1242 2302 1301 2355 in
1322 2316 1500 2369 marg.
1530 2299 1634 2357 sibi
1661 2300 1904 2372 relictus,
1930 2304 2014 2359 uel

411 2389 596 2449 subito
620 2389 861 2465 relictus]
887 2391 1046 2448 illum
1072 2391 1323 2465 puritatis
1347 2400 1558 2450 statum
1580 2393 1640 2450 in
1661 2410 1772 2467 quo
1793 2395 2017 2453 sibimet

408 2484 737 2552 conﬁdebat,
781 2485 1013 2544 senserit
1047 2486 1371 2560 perturbari,
1413 2501 1639 2561 seseque
1666 2489 1725 2544 in
1770 2488 1865 2545 illo
1893 2490 2013 2563 spi-

408 2579 554 2637 ritali
574 2579 771 2639 viderit
802 2579 1047 2639 titubare
1068 2594 1322 2640 successu
1338 2621 1357 2652 ,
1396 2591 1641 2640 recurrat
1667 2584 1916 2655 protinus
1943 2583 2015 2641 ad

409 2672 552 2731 illius
583 2673 911 2747 integritatis
948 2681 1254 2745 auctorem,
1297 2683 1352 2733 et
1375 2690 1686 2749 agnoscens
1726 2677 2016 2735 inﬁrmita-

408 2774 521 2823 tem
543 2782 721 2837 suam,
751 2767 1079 2825 conﬁteatur
1105 2778 1162 2826 et
1181 2766 1367 2826 dicat:
1395 2772 1638 2836 Domine,
1666 2774 1848 2828 nonin
1871 2788 2011 2838 mea,

407 2861 503 2918 sed
526 2863 589 2917 in
620 2867 719 2918 tua
745 2863 1040 2932 celeritate,
1077 2866 1351 2935 prastisti
1375 2864 1554 2921 decori
1576 2880 1689 2921 meo
1722 2867 2005 2923 virtutem.

407 2956 680 3010 Avertisti
688 2956 887 3022 faciem
907 2959 1108 3010 tuama
1123 2971 1228 3020 me,
1250 2961 1301 3012 et
1320 2958 1503 3023 factus
1519 2973 1641 3013 sum
1657 2960 2013 3015 conturbatus

409 3045 612 3113 (Ibid).
644 3044 789 3101 Illud
811 3060 1034 3118 quoque
1055 3047 1199 3103 beati
1223 3046 1334 3103 Job
1362 3064 1379 3103 :
1409 3051 1473 3105 Si
1491 3050 1633 3105 lotus
1659 3053 1816 3119 mero
1851 3057 2015 3122 quasi

410 3138 575 3206 aquis
587 3139 753 3206 nivis,
772 3143 823 3192 et
831 3140 1092 3206 fulserint
1108 3140 1255 3196 velut
1264 3143 1635 3199 mundissimae
1644 3160 1838 3202 manus
1855 3164 2008 3219 mete,

2121 1925 2347 1984 fectiora
2384 1925 2662 2000 perfectis,
2687 1941 2790 1983 nec
2817 1923 3237 1999 praijudicantes
3259 1924 3340 1982 his
3361 1925 3454 1997 qui
3488 1924 3721 1984 ferven-

2120 2021 2261 2080 tiore
2331 2019 2515 2079 studio
2585 2018 2865 2092 puriorem
2932 2016 3315 2079 castimoniam
3376 2016 3731 2089 possidentes

2120 2124 2326 2189 quanto
2362 2113 2588 2188 majoris
2634 2112 2919 2171 industria:
2947 2119 3102 2184 sunt,
3129 2119 3287 2170 tanto
3313 2111 3479 2169 etiam
3507 2113 3725 2185 perspi-

2119 2208 2288 2264 caciai
2313 2207 2500 2280 vigore
2542 2205 2880 2279 praecellunt.
2913 2205 3151 2263 Proinde
3187 2221 3285 2263 sex
3310 2204 3573 2278 gradibus
3603 2205 3729 2262 licet

2119 2302 2291 2359 multa
2326 2317 2359 2358 a
2394 2316 2455 2358 se
2488 2300 2721 2357 invicem
2748 2299 3087 2359 sublimitate
3111 2299 3472 2369 distantibus,
3508 2298 3727 2373 fastigia

2120 2393 2414 2452 castistatis
2443 2394 2700 2466 pracelsa
2727 2393 3094 2467 distinguam,
3142 2392 3219 2450 ita
3251 2402 3315 2450 ut
3351 2391 3533 2450 media
3566 2408 3723 2465 qum-

2119 2488 2270 2557 dam,
2287 2503 2411 2560 qua:
2433 2496 2622 2546 tamen
2642 2486 2988 2559 multasunt,
3018 2488 3459 2560 praatermittam,
3486 2502 3726 2560 quorum

2117 2581 2387 2639 subtilitas
2408 2583 2486 2640 ita
2511 2581 2788 2640 humanos
2807 2580 3134 2656 subterfugit
3153 2598 3367 2652 sensus,
3389 2591 3454 2640 ut
3476 2596 3609 2639 eam
3626 2598 3728 2640 nec

2121 2691 2278 2734 mens
2317 2676 2602 2749 inspicere,
2645 2692 2829 2749 neque
2870 2677 3121 2750 proloqui
3164 2677 3348 2750 lingua
3396 2678 3723 2751 praevaleat,

2119 2770 2320 2843 quibus
2352 2770 2556 2828 sensim
2583 2770 2847 2827 castitatis
2884 2770 3056 2843 ipsius
3084 2769 3349 2843 perfectio
3377 2770 3725 2844 quotidianis

2119 2865 2458 2938 profectibus
2492 2865 2780 2934 adolescit,
2800 2864 3106 2923 secundum
3123 2865 3542 2923 similitudinem
3559 2881 3723 2922 nam-

2117 2976 2226 3034 que
2273 2975 2571 3033 corporum
2617 2968 2969 3019 terrenarum
2986 3001 3003 3031 ,
3059 2974 3189 3034 quas
3246 2960 3474 3035 singulis
3518 2960 3723 3019 diebus

2115 3053 2496 3112 insensibiliter
2540 3054 2628 3112 sui
2679 3054 2901 3127 capiunt
2945 3055 3303 3124 incrementa,
3355 3065 3413 3114 et
3458 3055 3533 3112 ita
3584 3055 3721 3114 dum

2115 3150 2387 3219 nesciunt,
2412 3148 2483 3206 ad
2506 3148 2810 3223 perlectum
2830 3149 3080 3207 habitum
3096 3148 3503 3222 provehuntnr,
3518 3151 3723 3208 anima:

412 3232 591 3285 tamen
625 3229 873 3286 sordibus
901 3233 1182 3301 intingens
1206 3249 1309 3299 me,
1342 3240 1393 3291 et
1427 3237 1886 3301 abominabuntur
1924 3259 2009 3300 me
2038 3253 2084 3317 ο
2116 3259 2335 3318 quoque
2355 3243 2528 3302 robur
2553 3254 2609 3301 et
2637 3245 2928 3303 maturitas
2952 3244 3220 3302 castitatis
3242 3245 3567 3316 acquiritur.
3597 3246 3720 3302 Pri-

405 3326 722 3382 vestimenta
745 3342 865 3381 mea
889 3326 1000 3399 (Job
1031 3332 1143 3396 Ix).
1173 3329 1336 3399 Quod
1358 3338 1543 3388 tamen
1567 3332 1612 3390 is
1631 3334 1724 3407 qui
1750 3350 1851 3392 suo
1876 3336 2006 3394 vitio

404 3433 465 3476 se
486 3419 546 3475 in
565 3420 819 3479 sordibus
845 3421 1030 3496 tingit,
1057 3438 1173 3480 non
1198 3431 1381 3497 potest
1403 3425 1581 3485 dicere
1611 3443 1714 3486 suo
1737 3431 2002 3490 Creatori.

407 3516 603 3572 Donec
617 3530 749 3587 ergo
766 3513 836 3574 ad
859 3516 1165 3589 perfectum
1186 3518 1439 3592 puritatis
1471 3530 1681 3580 statum
1698 3527 2004 3598 perveniat,

2112 3355 2240 3397 mus
2275 3339 2459 3413 itaque
2485 3338 2763 3412 pudicitia;
2796 3337 2997 3411 gradus
3030 3347 3138 3407 est,
3173 3353 3246 3394 ne
3271 3338 3503 3410 vigilans
3528 3339 3721 3411 impu—

2112 3434 2367 3508 gnatione
2394 3432 2596 3491 carnali
2626 3431 2932 3490 monachus
2965 3431 3221 3489 elidatur.
3253 3431 3558 3499 Secimdus,
3580 3434 3607 3467 ⁵
3645 3448 3721 3489 ne

2113 3544 2271 3585 mens
2329 3527 2473 3583 illius
2524 3525 2847 3600 voluptariis
2892 3526 3315 3599 cogitationibus
3365 3526 3716 3585 immoratur.

1505 3631 1761 3687 ALARDI
1800 3634 2027 3693 GAZ/EI
2064 3635 2620 3694 COMMENTARIUS.

481 3731 507 3762 ³
549 3725 654 3783 Sex
694 3725 897 3810 gradus
938 3728 1207 3813 castitatis
1237 3729 1523 3813 distinguit
1563 3732 1655 3790 hic
1678 3736 2006 3813 abbasgdiis

411 3801 600 3855 tamen
619 3801 840 3870 omissis
862 3801 954 3870 qui
976 3801 1118 3856 inter
1139 3817 1236 3859 eos
1256 3804 1404 3859 velut
1413 3801 1735 3863 intermedii
1753 3801 2005 3869 subtilius

407 3877 466 3955 et
490 3868 1163 3955 particulariusdistingui
1177 3882 1445 3955 pqssent,
1469 3877 1710 3955 Joannes
1731 3868 2006 3955 Climacus

410 3948 524 3997 tres
548 3949 768 4024 tantum
793 3941 1133 4024 gradusnsiie
1155 3941 1491 4024 differentias
1526 3949 1842 4024 cpnstituit,
1866 3968 2007 4024 quos

408 4019 587 4095 lvgcat‘
602 4012 839 4095 initium,
883 4012 1162 4095 medium,
1190 4025 1248 4072 et
1291 4017 1459 4095 tinem
1490 4037 1521 4095 _:_
1541 4012 2008 4095 Initium,:in'quit

409 4081 625 4155 (Gradu
657 4085 765 4156 ιε),
791 4087 1057 4142 castitatis
1084 4091 1163 4142 est
1187 4090 1598 4157 cogitationibus
1631 4081 1872 4150 sordidis
1899 4081 2008 4151 ium

409 4157 760 4239 ειρσυίθεεετθι
782 4159 1433 4239 cessaremus.
1457 4167 1753 4239 ιεγηροτυηι
1776 4166 2005 4239 ρδεοεηο

405 4226 618 4296 liquore
633 4228 727 4303 illo
741 4226 1058 4303 simpliciter
1070 4232 1123 4284 et
1135 4230 1335 4301 absque
1351 4232 1468 4287 ulla
1760 4237 2007 4294 illusione

406 4299 673 4381 respergi;
693 4299 928 4382 medium
941 4313 1063 4381 vero
1076 4299 1423 4385 naturalibus
1441 4299 1672 4387 motibus
1689 4322 1759 4361 ea:
1768 4309 2009 4378 repletio-

405 4369 722 4444 neciborum
728 4368 1133 4444 adventantibus
1140 4372 1343 4442 absque
1354 4378 1679 4444 maginibus
1690 4379 2005 4444 inquietari,

1784 4395 2005 4444 metari,

405 4389 472 4421 ne
479 4389 722 4423 amorum
728 4389 1133 4424 adventantem:
1140 4389 1343 4442 uosque
1354 4389 1679 4444 magmwus
1690 4389 2005 4448 inquietari,

405 4439 690 4519 ita‘tamen
705 4443 774 4519 ut
788 4438 863 4519 ad
878 4441 1092 4506 [luteum
1109 4456 1275 4519 usque
1292 4444 1380 4497 illi
1394 4460 1502 4519 non
1513 4451 1861 4516 perveniant;
1880 4452 2009 4519 finis

406 4511 591 4588 autem
609 4510 935 4588 mortificare
946 4524 1158 4588 corpus,
1173 4510 1292 4582 iam
1301 4518 1464 4569 antea
1483 4510 1712 4573 mortuis
1732 4510 2009 4588 cogitatio-

407 4577 1206 4670 zikt‘sssrﬁiiwtsi’sui
1220 4592 1478 4670 comest,
1493 4595 1572 4668 ,ει
1599 4577 1816 4670 animi
1838 4592 2002 4670 casti.-

406 4649 536 4729 tatis
556 4649 756 4707 divisio
766 4660 807 4705 ‘a
828 4654 898 4729 D_.
918 4649 1216 4729 Atpbrosio
1239 4649 1474 4720 tradita,
1488 4656 1550 4729 in;
1565 4649 1906 4729 virginalem,
1930 4663 2008 4719 vi-

404 4721 625 4801 dualem
661 4723 1105 4801 etconjugalem
1150 4743 1187 4801 τὲ
1216 4728 1494 4791 Docemur,
1537 4721 1715 4801 inquit
1757 4721 1901 4799 (Lib.
1938 4734 2005 4790 de

413 4794 1336 4875 mumdﬁelicsmmmissm
1349 4794 1628 4875 υένεαιεηιῖ
1649 4794 1819 4858 min
1833 4805 2005 4875 conu-

401 4867 599 4947 galem,
618 4866 1109 4947 aliamuiduitatis,
1125 4871 1341 4947 tortiam
1352 4871 1709 4947 uirginitatis.
1722 4876 1843 4933 Non
1861 4866 2004 4932 enim

404 4935 575 5017 aliam
599 4937 678 4989 sic
690 4935 1168 5017 pradicanus,'ut
1554 4945 1692 5000 alias
1711 4964 1726 5002 :
1748 4950 1864 5002 suis
1881 4951 2003 5017 qui-

408 5005 612 5089 basque
643 5007 1074 5089 professionibus
1090 5012 1201 5089 ista
1227 5013 1543 5089 conducunt.
1566 5019 1628 5072 In
1644 5017 1740 5089 [ioc
1756 5005 2001 5075 Ecclesiae

653 5076 964 5161 disciplina,
993 5081 1137 5161 quod
1167 5087 1595 5161 quos_pv:teferat
1635 5087 1825 5151 habet,
1868 5106 2000 5159 quos

630 5164 765 5229 lion
807 5150 995 5229 liabet;
1036 5150 1215 5229 atque
1234 5150 1455 5210 utinam
1484 5157 1678 5215 habere
1701 5150 1999 5229 numquam

394 5223 590 5289 possit.
622 5223 709 5295 _Ita
732 5222 909 5289 igitur
927 5224 1049 5295 virg
1056 5224 1299 5279 initatem
1310 5228 1694 5295 praedicamus,
1720 5235 1783 5285 ut
1802 5222 1998 5286 viduas

400 5306 520 5374 non_
553 5293 865 5377 rejiciamus
878 5311 897 5377 ξ
942 5293 1140 5350 viduas
1181 5293 1522 5361 honoramus,
1569 5304 1631 5354 ut
1652 5314 1783 5355 suus
1833 5300 1997 5357 honos

1107 5437 1658 5521 ac.perniciosum_sit
1681 5438 1995 5521 voluptariis

397 5518 500 5561 seu
526 5506 830 5583 libidinosis
847 5506 1281 5583 cogitationibus
1308 5509 1612 5577 immorari,
1642 5506 1843 5583 easque
1870 5515 1990 5571 ani-

400 5588 495 5628 mo
518 5575 705 5634 fovere
731 5578 899 5645 (unde
923 5575 978 5634 ἐι
1000 5594 1238 5637 morosa:
1257 5588 1522 5645 vocantur
1547 5596 1579 5636 a
1600 5575 1768 5638 more"
1777 5583 1863 5639 vel
1882 5583 1991 5641 im-

398 5645 713 5723 plorando),
730 5647 994 5723 hactenus
1010 5666 1156 5722 saepe
1170 5659 1226 5707 et
1240 5651 1402 5709 variis
1419 5651 1480 5707 in
1497 5652 1630 5709 locis
1652 5668 1718 5709 ex
1742 5653 1990 5714 doctrina

395 5715 497 5772 SS.
523 5717 750 5797 Patrum
786 5720 1063 5797 ostensum
1089 5715 1190 5776 est.
1225 5722 1405 5797 Prima
1432 5723 1701 5797 siquidem
1728 5726 1993 5797 castitatis

396 5799 463 5867 ac
487 5786 761 5867 pudicitia:
788 5791 1114 5867 cprruptela,
1141 5801 1196 5846 et
1225 5793 1466 5862 primum
1496 5786 1735 5853 luxuriae
1767 5796 1989 5855 fomen-

396 5856 520 5913 tum
548 5864 631 5914 est
654 5856 768 5932 ipsa
800 5856 1090 5917 delectatio
1127 5856 1371 5931 morosa,
1411 5880 1534 5936 qua
1564 5883 1627 5924 ex
1663 5868 1989 5941 cogitatione

2034 4564 2086 4627 D

2110 3757 2206 3799 seu
2248 3739 2655 3812 imaginatione
2701 3738 2780 3795 rei
2846 3755 3092 3796 venereae
3144 3738 3400 3804 nascitur,
3456 3750 3722 3812 qumque

2112 3811 2355 3869 maxime
2378 3806 2526 3883 ﬁget
2546 3812 2600 3866 in
2632 3810 2736 3866 hoc
2766 3819 3009 3882 peccato,
3036 3811 3243 3867 dicente
3262 3806 3507 3883 apostolo
3531 3806 3721 3883 laco-

2112 3883 2185 3940 bo
2203 3902 2217 3940 :
2239 3877 2614 3954 Unusquisque
2623 3877 2885 3946 tentatur,
2905 3899 2941 3938 a
2960 3877 3373 3954 concupiscentia
3386 3893 3486 3935 sua
3497 3877 3722 3934 abstra-

2112 3959 2229 4011 ctus
2251 3964 2302 4012 et
2326 3955 2555 4011 illectus.
2584 3954 2785 4010 Deinde
2809 3955 3235 4024 concupiscentia
3253 3954 3720 4024 cwn‘conceperit.

2107 4029 2269 4105 parit
2297 4032 2597 4097 peccatum,
2616 4033 2744 4105 e_tc._
2763 4021 3268 4105 ambiguaeque
3288 4021 3455 4105 .enim
3496 4021 3713 4105 591nm,

2113 4091 2259 4154 actio
2297 4091 2552 4154 —externa
2585 4091 2672 4152 ab
2729 4091 2946 4152 interno
2986 4091 3254 4153 desiderio
3285 4094 3342 4149 in
3401 4107 3467 4149 eo
3508 4091 3722 4148 distino

2110 4169 2298 4241 guitur
2347 4169 2416 4227 de
2460 4183 2572 4240 quo
2597 4166 2866 4241 _Cbristus
2900 4167 2975 4241 ait
3016 4184 3030 4221 :
3064 4169 3170 4235 Qui
3197 4166 3402 4241 piderit
3429 4164 3719 4241 mulierem

2112 4237 2187 4295 ad
2230 4237 2701 4311 concupiscendam
2745 4253 2885 4311 eam,
2906 4239 3031 4311 jam
3385 4241 3463 4290 est
3484 4251 3630 4311 _eam
3658 4237 3721 4289 in

2112 4311 2269 4387 corde
2295 4306 2640 4380 suo-(Matth.
2668 4325 2700 4364 v
2716 4311 2766 4378 );
2787 4309 2886 4366 sed
2912 4306 3076 4366 etiam
3096 4306 3720 4387 ipsa‘delectatiotquze

2112 4380 2329 4458 dicitur
2354 4379 2575 4437 mOrosa
2613 4389 2669 4458 et
2696 4395 2943 4449 venerea,
2982 4379 3135 4436 cum'
3149 4379 3454 4458 oblectatur
3494 4379 3721 4458 animus

2114 4452 2441 4523 cogitatione
2485 4451 2664 4522 turpi,
2706 4459 2958 4523 censetur
2994 4450 3264 4523 mortalis,
3300 4448 3467 4506 etiam
3497 4448 3545 4504 si
3574 4462 3718 4523 opus

2115 4519 2297 4604 ipsum
2324 4519 2647 4605 respuatur.
2663 4521 2727 4577 Id
2752 4522 2883 4579 satis
2905 4522 3048 4578 clare
3075 4521 3240 4579 docet
3261 4523 3334 4576 D.
3372 4519 3719 4600 Augustinus

2114 4594 2208 4649 lib.
2254 4608 2349 4651 xu
2389 4598 2459 4651 de
2499 4596 2769 4650 Trnmtate
2806 4594 2955 4663 (Cap.
2991 4594 3071 4662 I2)
3117 4611 3135 4647 :
3182 4595 3288 4650 Nec
3318 4607 3466 4659 sane,
3508 4599 3715 4663 inquit,

2114 4680 2235 4720 cum
2252 4667 2367 4721 sola
2380 4667 2695 4734 cogitatione
2714 4679 2859 4720 mens
2871 4662 3170 4720 oblectatur
3194 4664 3427 4730 illicitis,
3451 4662 3718 4734 nonqui-

2113 4736 2234 4791 dem
2255 4732 2536 4793 decernens
2561 4751 2668 4792 esse
2694 4736 2979 4805 facienda;
3004 4741 3186 4792 tenens
3214 4738 3476 4805 tamenet
3500 4732 3719 4787 volvens

2113 4807 2360 4871 libenter,
2378 4824 2499 4878 qua:
2519 4803 2703 4878 statim
2721 4811 2782 4862 ut
2796 4810 3096 4876 attigerunt
3124 4821 3366 4861 animum
3390 4803 3470 4875 (id
3491 4811 3594 4878 est,
3611 4818 3714 4857 su-

2112 4875 2707 4958 perioremrationgm)
2733 4882 2918 4949 respui
2941 4878 3261 4939 debuerunt,
3291 4875 3613 4958 negandum
3633 4879 3715 4928 est

2105 4964 2216 5005 esse
2239 4955 2559 5021 peccatum).
2592 4948 2726 5006 Esse
2744 4948 2873 5006 vero
2904 4958 3187 5021 peccatum
3207 4948 3561 5004 mortiferum
3589 4960 3714 4999 ma-

2108 5019 2298 5077 nifeste
2336 5020 2541 5077 indicat
2569 5019 2745 5076 verbis
2786 5019 3162 5091 sequentibus,
3207 5034 3335 5091 cum
3369 5018 3449 5073 ait
3483 5034 3498 5073 :
3528 5018 3714 5083 Neque

2107 5093 2248 5146 enim
2270 5094 2409 5148 sicut
2432 5095 2495 5148 in
2517 5093 2628 5149 illis
2646 5092 2851 5147 duobus
2862 5090 3071 5162 primis
3089 5090 3395 5162 hominibus

2106 5175 2261 5234 suam
2287 5167 2510 5234 quisque
2532 5163 2817 5234 portabat,
2855 5156 2908 5217 et
2934 5161 3052 5218 ideo
3080 5165 3132 5217 si
3160 5161 3273 5218 sola
3295 5156 3509 5234 mulier_
3527 5156 3713 5213 cibum

2106 5231 2316 5289 edisset
2325 5231 2597 5301 illicitum,
2618 5234 2732 5289 sola
2751 5236 2938 5304 utique
2950 5236 3137 5289 mortis
3159 5234 3424 5303 supplicio
3444 5231 3715 5304 plectere-

2106 5308 2200 5357 tur
2229 5323 2245 5359 :
2270 5308 2350 5359 ita
2377 5305 2487 5361 dici
2500 5310 2677 5376 potest
2694 5308 2754 5360 in
2779 5301 2885 5360 uno
2902 5306 3138 5373 homine,
3173 5301 3239 5360 si
3257 5301 3715 5376 delectationibus

2101 5376 2306 5430 illicitis
2319 5392 2355 5428 a
2366 5372 2562 5444 quibus
2582 5379 2831 5432 continuo
2858 5392 2914 5431 se
2925 5372 3139 5431 deberet
3151 5379 3413 5436 avertere,
3444 5372 3650 5441 cogitat
3658 5372 3717 5444 io

2104 5446 2328 5500 libenter
2341 5443 2454 5502 sola
2462 5453 2739 5517 pascatur,
2758 5463 2849 5502 nec
2867 5448 3123 5515 facienda
3146 5447 3391 5503 decernat
3404 5445 3553 5517 mala
3571 5462 3589 5508 ἒ
3609 5443 3718 5517 θεά

2102 5520 2283 5572 tamen
2300 5513 2540 5573 suaviter
2558 5523 2617 5575 in
2637 5513 3001 5575 recordatione
3018 5520 3317 5585 teneantur,
3334 5514 3494 5585 quasi
3507 5513 3719 5566 mulie-

2098 5603 2213 5643 rem
2247 5591 2360 5645 sine
2382 5591 2500 5645 viro
2522 5606 2677 5661 posse
2705 5590 2979 5646 damnari.
3010 5588 3172 5647 Absit
3200 5584 3307 5644 hoc
3322 5584 3538 5643 credere
3572 5603 3587 5641 :
3627 5584 3722 5661 (ulc

2098 5662 2297 5730 quippe
2332 5677 2443 5717 una
2462 5653 2698 5733 persona
2724 5666 2821 5725 est,
2853 5676 2991 5721 unus
3016 5661 3168 5716 homo
3196 5663 3294 5723 est,
3327 5663 3578 5733 totusque
3604 5653 3721 5733 da:

2099 5725 2395 5808 fnnhbitur,
2426 5725 2535 5808 nisi
2552 5735 2670 5796 hac,
2701 5749 2823 5808 qua;
2848 5736 2965 5788 sine
2990 5725 3583 5808 voluntat_e_operagi_di.

2100 5806 2278 5857 tamen
2292 5818 2412 5858 cum
2431 5798 2949 5861 voluntate—animm
2969 5803 3170 5859 talibus
3189 5798 3519 5867 oblectandi,
3540 5798 3715 5853 solius

2099 5875 2441 5943 cogitationis
2496 5879 2806 5933 sentiuritur
2830 5890 2939 5932 esse
2968 5879 3211 5948 peccata,
3230 5889 3334 5945 per
3378 5870 3715 5931 Mediatoris
