4040 6206
427 260 529 318 887

1509 255 1788 312 JOANNIS
1820 253 2123 312 CASSIANI
2160 254 2647 313 COLLATIONES.

3626 260 3729 317 888

424 384 672 457 aspiciat,
706 384 884 458 qualis
926 382 1095 441 videri
1129 382 1199 439 ab
1231 381 1549 439 hominibus
1586 381 1880 449 erubescit,
1919 396 2019 437 nec
2046 382 2101 446 Α
2125 381 2264 439 cinae
2291 382 2464 454 ipsius
2492 379 2784 439 necessitas
2804 381 2969 454 cogit,
2996 394 3311 454 quaesumus
3339 387 3550 438 utcum
3568 382 3732 441 venia

428 478 485 535 in
504 495 569 536 eo
595 480 701 535 tale
723 477 930 550 aliquid
953 475 1274 533 inevitabilis
1294 475 1382 531 ille
1402 475 1592 532 oculus
1629 475 1869 545 [Dionys.
1889 475 2022 530 add.

428 572 553 643 Dei]
582 570 972 643 deprehendat,
1005 567 1154 641 quod
1182 569 1251 624 ab
1280 566 1539 624 humanis
1568 566 1872 637 aspectibus
1898 565 2026 622 velit

428 680 548 721 esse
575 664 851 720 celatum:
876 672 929 719 et
950 663 1027 719 ita
1042 676 1171 718 cum
1204 662 1435 732 coeperit
1461 659 1783 717 suavissimo
1819 659 2025 716 lumine

429 759 694 817 castitatis
719 758 923 831 jugiter
958 757 1238 823 delectari,
1282 756 1460 813 dicere
1498 755 1701 829 poterit
1732 770 1859 811 cum
1887 757 2027 811 Pro-

429 853 591 926 pheta
624 872 638 908 :
665 856 737 910 Et
757 868 868 908 nos:
895 852 1223 907 illuminatio
1245 866 1362 907 mea
1386 854 1447 906 in
1475 851 1681 908 deliciis
1706 852 1866 913 meis,
1894 850 2029 920 quia

431 949 660 1004 tenebris
686 964 794 1004 non
820 949 1249 1005 obscurabuntur
1268 951 1388 1013 ate,
1415 952 1465 1002 et
1479 962 1590 1003 nom
1603 949 1741 1003 sicut
1762 946 1874 1002 dies
1895 946 2025 999 illu-

428 1041 918 1115 minabitur(Hebr.
928 1055 1015 1108 Iv,
1020 1042 1496 1112 psal.cxxxv1u);
1510 1043 1647 1095 sicut
1661 1039 2024 1110 tenebrwejusi

431 1136 512 1191 ita
544 1141 595 1192 et
628 1134 805 1192 lumen
851 1135 985 1204 ejus.
1030 1133 1278 1204 Denique
1312 1134 1416 1189 hoc
1452 1133 1662 1205 ipsum,
1698 1132 1825 1204 quia
1863 1146 2024 1202 supra

428 1228 797 1287 conditionem
832 1235 1043 1283 natura:
1064 1225 1279 1281 videtur
1312 1225 1586 1292 humanae,
1617 1223 1845 1297 qualiter
1872 1223 2025 1280 obti-

428 1320 613 1382 nuerit
662 1320 808 1379 idem
847 1318 1116 1393 propheta
1165 1316 1474 1391 subjungit,
1512 1317 1700 1376 dicens
1734 1335 1750 1372 :
1796 1317 1938 1387 Quia
1971 1321 2033 1372 tu

425 1416 721 1488 possedisti
753 1430 905 1475 renes
933 1430 1073 1472 meos
1113 1413 1387 1486 (Ibidem);
1412 1413 1467 1472 id
1490 1422 1591 1479 est,
1618 1428 1733 1470 non
1768 1412 2031 1471 industria

424 1525 553 1569 mea
589 1524 769 1582 neque
811 1508 1011 1569 virtute
1060 1509 1203 1565 hanc
1236 1508 1515 1583 promerui
1561 1506 1856 1580 puritatem
1879 1548 1895 1573 ,
1932 1506 2029 1564 sed

427 1603 559 1679 quia
580 1613 641 1658 tu
676 1600 1021 1665 mortiﬁcasti
1050 1602 1278 1660 insitum
1300 1600 1523 1659 renibus
1555 1600 1697 1659 meis
1721 1597 2028 1661 libidinosae

431 1696 729 1775 voluptatis
751 1695 1025 1757 ardorem.
1738 1684 1743 1687 ’

1044 1799 1282 1861 CAPUT
1319 1801 1424 1859 ιΧ.

507 1909 864 1979 Interrogatio
904 1922 978 1961 an
1018 1907 1256 1976 corporis
1299 1907 1500 1979 motum
1515 1902 1677 1959 etiam
1713 1899 2032 1957 dormientes

965 1980 1239 2049 possimus
1262 1976 1506 2031 euadere.

501 2084 813 2141 Germanus
845 2096 859 2134 :
884 2085 1208 2153 Perpetuam
1234 2077 1455 2150 quidem
1476 2075 1722 2148 corporis
1741 2074 2032 2147 puritatem

431 2194 499 2234 ex
542 2186 696 2250 parte
735 2177 915 2248 aliqua
955 2175 1164 2246 experti
1201 2188 1394 2230 sumus
1430 2188 1460 2228 a
1490 2169 1837 2244 vigilantibus
1875 2185 2034 2242 posse

431 2285 531 2343 per
570 2270 675 2325 Dei
697 2269 932 2341 gratiam
958 2267 1249 2343 possideri;
1276 2274 1332 2322 et
1353 2264 1790 2321 commotionem
1818 2263 2030 2335 carnis,

432 2360 785 2419 districtionis
822 2359 1000 2434 rigore
1032 2367 1198 2432 atque
1223 2357 1431 2430 judicio
1462 2357 1772 2423 resistente,
1803 2357 2033 2431 vigilan-

433 2455 582 2512 tibus
608 2467 768 2525 posse
786 2468 897 2511 non
924 2451 1238 2525 contingere
1257 2466 1370 2508 non
1386 2465 1670 2523 negamus.
1692 2453 1900 2508 Utrum
1927 2466 2033 2507 au-

430 2558 548 2605 tem
574 2555 630 2606 et
650 2548 981 2605 dormientes
1008 2546 1114 2603 hac
1143 2544 1516 2619 inquietudine
1554 2559 1735 2601 carere
1758 2545 2033 2618 possimus

429 2643 686 2700 volumus
725 2641 962 2700 edoceri.
1006 2642 1234 2699 Duabus
1256 2656 1496 2714 namque
1535 2640 1603 2697 de
1639 2641 1815 2697 causis
1855 2641 2034 2713 possi-

431 2737 540 2795 bile
560 2737 665 2795 hoc
702 2752 819 2794 esse
843 2752 958 2793 non
982 2735 1280 2802 credimus,
1319 2750 1459 2809 quas
1494 2735 1621 2792 licet
1650 2734 1856 2808 absque
1882 2750 2033 2793 vere-

433 2832 632 2890 cundia
654 2846 990 2909 nequeamus
1013 2830 1194 2901 effari,
1220 2838 1405 2888 tamen
1441 2830 1704 2903 quoniam
1735 2830 1842 2888 hoc
1868 2830 2034 2889 medi-

2133 477 2235 545 tui,
2264 476 2310 532 si
2328 491 2436 548 qua
2460 474 2603 532 forte
2622 474 3039 532 inverecundius
3065 473 3269 531 fuerint
3285 473 3581 545 denudata,
3605 491 3733 534 sus-

2130 569 2318 641 cipias.
2365 569 2617 625 Primum
2646 585 2777 643 ergo
2811 577 2899 625 est
2940 567 3090 642 quod
3136 584 3231 641 per
3267 569 3447 625 somni
3490 570 3733 641 quietem

2130 660 2332 718 mentis
2358 660 2543 733 vigore
2571 661 2753 718 laxato
2776 660 3055 718 observari
3083 675 3429 734 nequaquam
3463 662 3613 719 illius
3635 678 3733 721 va-

2132 755 2243 812 leat
2290 756 2684 813 commotionis
2727 756 2993 829 obreptio.
3042 756 3315 826 Secundo,
3370 756 3523 830 quod
3571 759 3733 817 etiam

2133 848 2304 905 urinae
2345 848 2590 905 collectio
2618 864 2745 905 cum
2776 850 2966 906 vesicae
2999 851 3355 923 capacitatem
3397 852 3733 922 quiescenti-

2132 940 2238 997 bus
2263 940 2423 998 nobis
2450 941 2819 999 indesinenter
2841 941 3100 999 conﬂuxu
3122 941 3329 998 interni
3355 941 3608 1000 humoris
3626 959 3727 1017 op-

2132 1034 2389 1107 pleverit,
2431 1036 2631 1092 excitet
2664 1035 2915 1093 membra
2943 1037 3352 1105 marcescentia,
3383 1037 3532 1110 quod
3564 1039 3731 1096 etiam

2130 1129 2369 1200 parvulis
2395 1130 2479 1186 vel
2507 1129 2842 1202 spadonibus
2870 1129 3061 1188 eadem
3089 1129 3445 1188 nihilominus
3463 1130 3577 1205 lege
3597 1147 3734 1189 con-

2137 1222 2316 1297 tingit.
2343 1222 2505 1281 Unde
2533 1224 2596 1281 ﬁt
2616 1232 2677 1280 ut
2700 1223 2745 1281 si
2771 1239 2886 1281 non
2905 1224 3196 1281 oblectatio
3230 1223 3468 1283 libidinis
3488 1226 3739 1284 vulnerat

2137 1318 2336 1375 mentis
2372 1333 2676 1388 assensum,
2705 1328 2732 1356 ⁸
2758 1317 3077 1376 confusione
3101 1327 3290 1377 tamen
3321 1322 3443 1376 eam
3486 1319 3739 1378 humiliet

2138 1412 2417 1485 turpitudo
2445 1414 2842 1471 membrorum.

2757 1518 3003 1575 CAPUT
3038 1519 3115 1573 Χ.

2136 1622 2422 1695 Responsio
2444 1621 2585 1696 quod
2600 1636 2698 1694 per
2987 1621 3235 1749 am
3259 1622 3438 1678 carnis
3458 1623 3731 1678 commotio

2615 1709 2721 1748 non
2755 1709 2786 1749 ο
2988 1710 3016 1748 c
3239 1739 3254 1752 .

2615 1709 2721 1748 non
2755 1709 2964 1752 οηιααε
2988 1709 3254 1752 οαεηιαη.

2055 1788 2106 1852 Β
2204 1795 2532 1854 Chaeremon
2565 1818 2579 1855 :
2619 1797 2863 1870 Apparet
2894 1810 2993 1853 vos
3015 1794 3257 1853 necdum
3288 1809 3433 1852 vera:
3473 1793 3739 1851 castitatis

2138 1888 2420 1962 agnovisse
2438 1890 2716 1956 virtutem,
2734 1889 3183 1962 quandoquidem
3207 1888 3564 1946 districtionis
3574 1888 3733 1945 auxi.

2140 1981 2214 2039 lio
2241 1997 2361 2039 eam
2391 1998 2426 2039 a
2457 1983 2810 2057 vigilantibus
2847 1992 3064 2041 tantum
3091 1982 3313 2041 creditis
3340 1983 3617 2041 retentari.
3660 1986 3737 2039 Et

2138 2074 2263 2134 inde
2301 2084 2386 2134 est
2409 2077 2557 2150 quod
2597 2077 2803 2150 putatis
2836 2093 2868 2134 a
2894 2076 3326 2144 dormientibus,
3368 2077 3524 2150 quasi
3559 2077 3742 2150 rigore

2138 2170 2304 2227 animi
2330 2171 2594 2240 resoluto,
2611 2170 2978 2243 integritatem
3002 2185 3117 2228 non
3136 2185 3295 2243 posse
3313 2170 3545 2229 servari.
3568 2172 3739 2227 Porro

2137 2265 2355 2321 castitas
2382 2279 2517 2333 non,
2540 2272 2603 2321 ut
2633 2264 2990 2333 arbitramini,
3019 2266 3047 2301 ι’
3074 2264 3435 2322 districtionis
3461 2263 3737 2337 praesidio,

2137 2358 2233 2417 sed
2261 2375 2447 2417 amore
2473 2359 2555 2417 sui
2584 2369 2639 2416 et
2662 2360 2896 2433 propriae
2927 2358 3175 2432 puritatis
3203 2358 3563 2417 delectatione
3601 2359 3736 2416 sub-

2138 2452 2300 2510 sistit.
2338 2454 2363 2484 ο
2392 2455 2518 2510 Non
2545 2455 2696 2511 enim
2732 2454 2979 2523 castitas,
3003 2454 3102 2513 sed
3143 2454 3480 2512 continentia
3515 2453 3735 2520 dicitur.

2138 2546 2232 2603 ubi
2271 2546 2451 2604 adhuc
2498 2548 2547 2603 ei
2586 2547 2767 2620 aliqua
2811 2548 3016 2604 resistit
3069 2547 3370 2606 adversitas
3418 2548 3737 2621 voluptatis.

2140 2641 2349 2699 Videtis
2376 2658 2505 2716 ergo
2541 2642 2626 2700 his
2650 2643 2743 2716 qui
2773 2644 3035 2702 castitatis
3057 2642 3319 2701 affectum
3349 2660 3447 2718 per
3472 2644 3580 2702 Dei
3617 2659 3741 2718 gra-

2138 2736 2278 2793 tiam
2305 2735 2618 2795 medullitus
2635 2746 2976 2809 receperunt,
3001 2736 3356 2796 districtionis
3377 2739 3739 2796 cessationem

2139 2845 2269 2887 cum
2297 2830 2577 2887 dormiunt
2610 2846 2724 2888 non
2751 2830 2965 2901 obesse,
2991 2847 3117 2905 qua:
3142 2832 3170 2869 ⁸³
3199 2831 3366 2890 inﬁda
3401 2833 3567 2889 etiam
3594 2832 3734 2906 vigi-

1528 2957 1784 3013 ALARDI
1821 2957 2048 3015 GAZJEI
2082 2957 2641 3015 COMMENTARIUS.

433 3072 492 3127 S.
524 3068 815 3138 Antonii):
845 3069 1061 3125 Necesse
1085 3069 1138 3122 ei
1157 3068 1271 3138 fuit
1291 3065 1593 3134 aliquando
1605 3067 1810 3138 flumen
1827 3069 2040 3124 nomine

2145 3067 2481 3125 Lumuriosus
2524 3072 2577 3123 et
2610 3072 2788 3124 castus
2832 3068 2941 3124 sibi
2964 3074 3290 3140 repugnant.
3321 3071 3620 3127 ιιι-ἰνιαήοεί
3666 3078 3741 3129 est

429 3138 834 3208 Lycumsubitis
845 3137 1342 3207 aquisinundatum
1358 3137 1721 3209 transvadere,
1738 3141 2046 3209 rogavitque
2078 3143 2125 3207 C
2151 3144 2326 3195 motus
2352 3141 2568 3203 sentire,
2594 3144 2646 3195 et
2671 3141 2901 3195 motibus
2929 3137 3255 3208 consentire;
3279 3144 3426 3197 casti
3448 3158 3545 3198 nec
3567 3149 3741 3200 motus

443 3207 791 3270 Theodorum,
817 3209 915 3277 qui
942 3222 1061 3261 cum
1084 3209 1198 3276 ipso
1226 3210 1366 3271 erat,
1389 3210 1451 3260 ut
1468 3207 1759 3276 paululum
1792 3225 1827 3261 a
1846 3207 2036 3266 suase-

428 3283 728 3351 pararetur
736 3282 973 3349 aspectu,
990 3292 1057 3332 ne
1070 3277 1629 3351 nuditatemcorporis
1642 3280 1739 3351 inv
1745 3280 1877 3334 icem
1898 3286 2037 3336 uter-

434 3349 539 3420 que
566 3350 943 3420 conspicerent.
959 3350 1191 3406 Recessit
1218 3349 1550 3404 Theodorus:
1572 3350 1921 3406 nihilominus
1946 3353 2037 3408 ille

432 3423 669 3493 seipsum
692 3436 810 3476 cum
823 3421 1032 3476 nudare
1053 3421 1226 3493 uellet,
1241 3422 1470 3476 erubuit.
1500 3422 1829 3490 Cogitantem
1855 3428 2034 3479 autem

433 3493 498 3547 in
506 3490 751 3548 alteram
765 3495 946 3562 ripam
960 3494 1135 3547 uirtus
1150 3490 1340 3547 divina
1356 3496 1711 3563 transposuit.
1730 3496 1816 3549 Ita
1832 3497 1970 3550 Deus
1986 3499 2035 3549 et

436 3567 581 3617 casto
599 3564 802 3632 pudori
817 3568 869 3617 et
882 3563 1161 3633 ptulicitice
1180 3564 1483 3634 consuluit};
1505 3568 1555 3618 et
1572 3580 1738 3634 quam
1752 3565 1860 3618 sibi
1875 3570 2037 3634 grata

436 3638 755 3702 acceptaque
782 3638 932 3695 esset,
962 3634 1172 3701 insigni
1192 3635 1449 3688 miraculo
1478 3636 1729 3689 ostendit.
1756 3637 1797 3690 Ε
1818 3634 2035 3691 diverso

436 3708 621 3758 autem
645 3710 913 3784 quantum
951 3702 1352 3784 ipsi'displiceat
1375 3702 1597 3782 nudatio
1635 3705 2034 3784 membrorum,

436 3772 741 3845 praesertim
781 3772 1192 3845 pudendorum’,
1225 3780 1293 3845 et
1331 3772 1543 3845 curiosa
1588 3781 1683 3829 aut
1708 3773 1906 3831 lasciva
1949 3778 2035 3832 sui

435 3842 680 3916 corporis
702 3842 799 3916 aut
828 3844 998 3916 alieni,
1008 3844 1296 3916 inspectio,
1324 3842 1486 3916 docet
1508 3844 1558 3900 S.
1589 3846 1823 3916 Prosper
1848 3861 2036 3916 egem-

437 3913 846 3988 plo’cujusdam
880 3915 1072 3987 puella:
1095 3913 1259 3988 quam
1280 3913 1449 3988 refert
1466 3913 1568 3988 hac
1594 3915 1661 3988 de
1690 3913 1850 3972 causa
1871 3914 2038 3974 fuisse

439 3985 469 4040 Ξ]
500 3985 752 4071 daemone
777 3985 1082 4071 poséessatn
1111 3985 1136 4068 E_
1161 3987 1437 4071 Quadam,
1462 3985 1636 4071 inquit
1655 3989 1813 4071 (ἏΙιξὸε

435 4060 570 4114 mid.
600 4063 821 4128 tempor.
857 4073 973 4130 cap.
1012 4058 1089 4130 6),
1105 4057 1395 4127 juvencula
1421 4057 1635 4130 ancillae
1667 4061 1766 4114 Dei
1792 4060 2037 4116 habitum

436 4134 673 4200 gestans,
698 4145 818 4183 cum
831 4132 888 4183 in
907 4129 1091 4184 balneo
1116 4130 1323 4193 labans,
1343 4129 1693 4185 simulacrum
1711 4131 1924 4187 Veneris
1936 4134 2041 4186 im-

429 4203 630 4273 pudice
656 4202 919 4273 aspiceret
944 4204 994 4254 et
1012 4202 1261 4273 seipsam,
1294 4202 1448 4270 eique
1469 4203 1913 4273 seconsimilans,
1936 4203 2037 4258 do-

435 4273 700 4327 micilium
721 4286 775 4326 se
789 4272 999 4327 diabolo
1013 4272 1267 4343 praebuit.
1290 4273 1487 4328 Statim
1501 4272 1593 4326 ille
1607 4274 1683 4328 leo
1702 4275 1803 4343 qui
1820 4276 2038 4343 rugiens

437 4345 648 4405 circuit,
677 4359 833 4411 quem
849 4343 1121 4414 quaerebat
1135 4345 1362 4397 invenit.
1384 4345 1593 4398 Meatus
1616 4346 1787 4412 igitur
1798 4348 2036 4414 gutturis

436 4427 717 4483 occupans,
745 4413 958 4485 nullum
982 4413 1160 4485 cibum
1186 4414 1496 4485 nullumque
1520 4418 1712 4483 potum
1740 4413 2034 4485 trajiciens,

430 4498 532 4555 per
549 4484 891 4555 septuaginta
905 4484 1073 4549 ferme
1092 4482 1205 4536 dies
1226 4482 1547 4552 totidemque
1564 4489 1756 4547 noctes,
1763 4482 2038 4555 jejunium

437 4552 550 4608 Sibi
577 4552 825 4606 diabolus
855 4567 919 4606 ea:
945 4555 1101 4622 capto
1114 4567 1456 4623 possessaque
1471 4568 1595 4623 vase
1618 4552 1881 4611 eahibuit.
1902 4559 2038 4612 Haec

438 4626 495 4681 S.
525 4621 1102 4697 iPrOSperLenarrans
1114 4621 1307 4697 deinde
1333 4621 1614 4697 quomodo
1634 4624 1830 4697 eadem
1857 4627 2037 4697 puella

437 4712 468 4751 a
511 4691 1034 4766 dmmoneliberata
1073 4691 1262 4762 fuerit,
1292 4691 1440 4765 quod
1467 4693 1714 4766 superius
1752 4691 2038 4754 alia'occa-

437 4767 595 4824 sione
634 4765 947 4823 retulimus.

510 4849 538 4910 ε
572 4842 660 4896 De
686 4838 790 4895 hac
828 4836 1227 4910 membrorum
1254 4836 1572 4910 genitalium
1607 4836 1944 4910 turpitudine
1979 4847 2036 4896 et

438 4909 670 4990 pudore,
681 4910 917 4990 ejusque
932 4925 1120 4990 causa,
1144 4908 1299 4990 vide,
1309 4909 1355 4965 si
1376 4909 1545 4977 lubet,
1570 4911 1645 4965 D.
1663 4908 2035 4984 A’ugustinum

438 4979 548 5036 inv
577 4979 646 5051 de
676 4979 908 5051 civitate
932 4981 1054 5051 Dei,
1084 4996 1206 5051 cap.
1242 4986 1327 5037 19.

508 5052 535 5086 ι’
574 5046 961 5128 Districtignis,
983 5049 1039 5104 id
1059 5046 1538 5128 esu—austeritatis.
1561 5055 1656 5128 Alta
1670 5052 1875 5128 passim
1889 5055 2034 5128 apud

438 5121 780 5179 Cassianum.
806 5121 912 5177 Sed
940 5136 1119 5197 amore
1144 5122 1528 5197 sui;_intelligo
1558 5121 1727 5197 ipsius
1747 5121 2030 5191 castitatis,

439 5209 564 5265 qua:
602 5208 697 5266 per
735 5207 794 5248 se
837 5191 1084 5247 amabilis
1117 5199 1221 5266 est,
1258 5190 1414 5263 juxta
1446 5190 1597 5251 illud"
1628 5196 1906 5253 Ciceronis
1944 5198 2032 5253 di-

438 5264 642 5322 ctum}
690 5267 907 5326 Virtus,
940 5266 991 5319 si
1029 5264 1194 5318 oculis
1222 5267 1369 5319 cerni
1401 5271 1606 5336 posset,
1639 5268 1917 5323 mirabiles
1948 5270 2036 5321 sui

436 5353 641 5393 amo-res
668 5339 729 5390 in
757 5338 953 5390 animis
982 5336 1255 5407 hominum
1277 5339 1536 5391 emcitaret
1559 5338 1600 5407 (ι
1624 5337 1824 5407 Offic.).

508 5416 530 5441 ο
559 5407 878 5464 Castitatem
904 5422 934 5461 a
964 5406 1297 5463 continentia
1334 5404 1596 5477 distingui
1627 5406 1817 5461 docuit
1844 5404 2031 5463 itidem

431 5477 722 5534 Cassianus
743 5477 838 5534 lib.
867 5493 931 5534 v1
950 5494 1076 5550 cap.
1105 5487 1140 5534 4
1173 5499 1184 5534 :
1217 5480 1412 5550 Aliud,
1437 5476 1632 5548 inquit,
1654 5481 1732 5531 est
1760 5478 2030 5533 continen-

430 5552 537 5602 tem
560 5566 688 5613 esse,
719 5550 780 5604 id
818 5554 915 5615 est,
943 5549 1156 5621 inpari
1173 5569 1188 5617 ;
1220 5549 1380 5604 aliud
1408 5553 1633 5611 castum,
1664 5551 1734 5609 et,
1761 5553 1822 5603 ut
1848 5550 1928 5603 ita
1953 5551 2034 5604 di-

429 5633 569 5689 cam,
577 5622 637 5673 in
651 5622 899 5687 affectum
912 5625 1244 5689 integritatis
1255 5622 1338 5675 vel
1346 5621 1765 5689 incorruptionis
1778 5623 2027 5681 transire,

429 5688 573 5759 quod
589 5689 801 5762 dicitur
821 5690 994 5759 ἁγνόν.
1023 5688 1122 5748 Cui
1155 5690 1429 5747 consentit
1451 5692 1521 5744 D.
1554 5691 1861 5746 Bernardus
1890 5707 2031 5762 quo-

427 5762 555 5834 dam
587 5759 706 5815 loco
732 5764 813 5825 (In
837 5776 998 5834 Serm.
1018 5762 1084 5817 de
1108 5763 1303 5819 Verbis
1333 5762 1494 5834 ,Sap.,
1519 5762 1759 5834 tom.gll)
1790 5762 1864 5817 ita
1893 5759 2033 5817 scri-

428 5832 563 5892 bens
609 5848 622 5887 :
668 5834 806 5895 Nota
847 5833 1001 5891 aliud
1046 5840 1155 5890 es‘se
1196 5833 1575 5897 continentem,
1614 5832 1770 5891 aliud
1803 5837 2027 5891 castum.

2067 4528 2120 4591 D

2150 3212 2362 3273 sentire,
2383 3226 2475 3266 nec
2492 3211 2720 3267 motibus
2738 3214 3029 3266 consentire
3041 3253 3053 3265 .
3074 3214 3359 3269 Continens
3374 3216 3533 3269 estin
3549 3216 3738 3278 medio,

2143 3282 2427 3351 utrobique
2467 3297 2677 3338 sumens
2712 3284 3090 3354 participium,
3121 3299 3241 3338 cum
3277 3286 3447 3339 altero
3475 3301 3743 3342 commune

2145 3354 2342 3408 habens
2368 3356 2541 3408 motus
2561 3356 2778 3422 sentire,
2809 3368 2927 3409 cum
2943 3355 3111 3410 altero
3137 3355 3366 3410 motibus
3388 3371 3500 3410 non
3525 3372 3740 3413 consen-

2145 3427 2270 3488 tire,
2297 3430 2400 3479 etc.
2425 3427 2599 3498 Porro
2621 3426 2927 3498 notandum
2941 3439 3006 3480 ex
3028 3426 3100 3481 D.
3124 3425 3365 3498 Thomas
3391 3432 3591 3498 (2-2,q.
3616 3435 3737 3495 155,

2144 3498 2298 3572 arti
2333 3500 2383 3549 et
2414 3494 2503 3572 2),
2531 3494 2879 3572 continentiae
2923 3510 3129 3553 nomen
3168 3496 3465 3572 dupliciter
3509 3494 3682 3572 accipi
3721 3494 3736 3556 ἑ

2143 3566 2323 3642 primo
2340 3572 2411 3642 ⁵ηεξ
2449 3565 2714 3642 signiﬁcet
2760 3567 3016 3642 virtutem
3045 3565 3361 3642 quamdam,
3385 3585 3495 3642 qua
3519 3565 3650 3642 quis
3671 3572 3740 3628 ab

2144 3634 2294 3714 omni
2321 3634 2673 3714 delectatione
2694 3652 2921 3694 venerea
2948 3634 3203 3705 abstinet,
3218 3634 3512 3714 quomodo
3532 3634 3740 3714 passim

2145 3706 2385 3781 sumitur
2422 3707 2476 3761 in
2505 3708 2781 3781 scriptura
2807 3724 2984 3781 sacra,
3007 3718 3064 3781 et
3094 3706 3359 3781 apud'SS.
3390 3706 3596 3779 Patres,
3630 3728 3739 3768 nec

2144 3774 2337 3833 differt
2365 3791 2398 3832 a
2426 3774 2673 3834 castitate
2716 3798 2729 3834 :
2760 3780 2905 3836 unde
2930 3774 2985 3835 et
3020 3774 3146 3837 haec
3161 3782 3371 3838 ratione
3397 3788 3505 3837 tres
3549 3774 3733 3839 conti-

2143 3848 2345 3925 nentiae
2373 3849 2575 3921 gradus
2603 3865 2649 3925 _a
2688 3849 2956 3925 theologis
2993 3851 3405 3925 distinguuntur,
3433 3852 3729 3925 virginalis,

2144 3917 2401 4000 vidualis;
2414 3927 2470 3977 et
2495 3919 2813 4000 conjugalis,
2834 3917 2906 3987 ut"
2921 3936 3083 4000 supra
3111 3917 3264 4000 (σαί).
3294 3922 3346 4000 7,)
3375 3917 3442 3979 de
3475 3917 3738 4000 castitate

2144 3989 2358 4047 dictum
2371 4000 2492 4066 _est;
2521 3989 2782 4066 secundo,
2809 4001 2871 4066 ut
2897 3989 3165 4066 signiﬁcet
3193 3989 3501 4050 ﬁrmitatem
3539 3994 3737 4063 animi,

2146 4075 2251 4132 qua
2290 4063 2415 4136 quis
2448 4062 2654 4119 resistit
2682 4064 2859 4135 pravis
2887 4062 3362 4191 concoxiscentiis,
3404 4081 3532 4191 tua:
3578 4066 3636 4123 in
3674 4082 3740 4125 eo

2146 4132 2498 4190 vehementes
2525 4143 2658 4190 sunt
2687 4151 2701 4190 :
2730 4143 2785 4191 et
2812 4135 2920 4191 hoc
2948 4150 3046 4191 mo
3087 4152 3120 4191 ο
3148 4138 3343 4191 accipit
3369 4138 3414 4191 P
3457 4137 3740 4191 ilosonlms

2144 4132 2498 4211 vehementes
2525 4143 2658 4211 sunt
2682 4132 2701 4190 Ξ
2730 4135 2920 4211 ethoc
2939 4132 3120 4211 tundo
3148 4132 3740 4211 accipit—Philosophus

2144 4205 2539 4281 continentiam
2588 4204 2642 4259 in
2677 4206 2910 4281 septimo
2933 4204 3281 4281 AEthicorum'
3306 4204 3654 4281 (Interroga
3689 4215 3741 4265 et

2144 4278 2311 4346 seq.),
2342 4291 2570 4348 eamque
2591 4285 2750 4333 vocat
2795 4277 3101 4349 ἐγκράτειαν.
3148 4283 3220 4337 Et
3248 4277 3345 4335 hoc
3384 4277 3556 4337 etiam
3588 4282 3740 4339 modo

2144 4349 2451 4422 accipitur,_
2474 4350 2823 4422 continentia
2844 4352 2904 4422 in
2929 4351 3318 4422 collationibus
3364 4354 3613 4422 Patrum,
3668 4354 3742 4409 ait

2145 4417 2649 4495 sanctus_:i‘homa§,
2680 4417 2826 4495 haud
2848 4419 3015 4495 dubie
3040 4421 3185 4495 hunc
3212 4422 3397 4495 locum
3426 4417 3737 4495 respiciens.

2147 4487 2224 4541 D.
2252 4487 2491 4563 ‘Basilius
2512 4488 2567 4543 in
2595 4490 2819 4563 Regulis
2845 4489 3013 4548 fusius
3037 4491 3327 4563 disputatis
3350 4487 3739 4552 conﬁdentiam

2144 4558 2306 4640 paulo
2336 4558 2492 4640 latius
2524 4558 2714 4640 sumit,
2743 4569 2887 4640 utet
2925 4558 3304 4640 abstinentiam
3338 4573 3396 4621 et
3428 4572 3739 4640 temperan-

2142 4631 2275 4684 tiam
2294 4670 2320 4706 ,_
2350 4637 2407 4685 et
2452 4638 2674 4706 caeteras
2717 4631 2945 4706 virtutes
2992 4635 3307 4706 passionum
3348 4631 3741 4695 moderatrioes

2143 4700 2567 4778 complectatur:
2598 4703 2704 4770 Qui
2720 4700 3104 4769 cmnibusfait,
3130 4708 3304 4761 animi
3316 4710 3409 4762 sui
3432 4711 3735 4778 affectibni-

2143 4773 2239 4852 bus
2264 4773 2598 4852 moderatur,
2626 4790 2793 4852 neque
2818 4778 3155 4846 voluptatum
3187 4773 3511 4852 titillatione
3521 4796 3741 4852 penna—

2138 4847 2316 4908 vetur,
2329 4850 2613 4916 contraque
2622 4848 2845 4923 fortiter
2854 4852 3258 4919 constanterque
3272 4847 3544 4907 adversus
3554 4867 3743 4923 quam-

2140 4930 2361 4994 cumque
2381 4933 2616 4988 pravam
2646 4918 2927 4974 libidinem
2965 4918 3238 4977 animatus
3263 4926 3359 4987 est,
3392 4923 3477 4978 hic
3506 4918 3743 4994 perfecte

2140 4990 2410 5045 continens
2448 4994 2545 5044 est.

2179 5057 2628 5146 EfﬂHaec’omisit
2647 5059 2939 5146 Dionysius
2958 5061 3357 5146 paraphrastes.
3392 5065 3736 5146 gensusesse

2141 5126 2357 5185 videtur
2384 5131 2657 5205 :_Cessat_io
2683 5126 2809 5187 sive'
2830 5126 3148 5205 inteiruptio
3177 5134 3352 5193 solita:
3391 5132 3737 5192 districtionis

2139 5202 2551 5280 etnausteritatis
2583 5202 2796 5280 diurna:
2839 5219 2935 5276 per
2967 5202 3225 5261 somnum
3254 5216 3592 5280 nocturnum
3624 5220 3741 5262 non

2138 5268 2314 5345 ofﬁcit
2342 5271 2757 5341 dormientibus,
2788 5268 2888 5331 nec
2922 5291 3113 5333 eorum
3146 5279 3404 5345 castitati,
3439 5279 3580 5336 dum
3620 5291 3743 5333 car-

2137 5340 2230 5433 eis.
2249 5340 2813 5433 motuipatiunturin
2838 5347 3064 5433 somnis,
3094 5364 3224 5432 cum
3255 5340 3418 5433 etiam
3455 5350 3744 5433 vigilantes

2137 5411 2667 5492 huiusmodi—motus
2698 5432 2764 5472 ac
2789 5411 3351 5492 stimulos'patiantur
3375 5411 3549 5488 inviti",
3580 5428 3646 5492 ut
3669 5418 3742 5492 de

2136 5488 2315 5564 seipso
2354 5488 3016 5564 testatur-Apostolus“
3037 5488 3283 5548 Corinth.
3311 5508 3423 5550 xu.
3474 5488 3632 5564 Unde
3657 5489 3741 5545 eis

2137 5553 2303 5636 infida
2340 5553 2547 5636 dicitur
2576 5553 2861 5636 districtio,
2914 5560 3029 5636 sive
3081 5564 3393 5636 austeritas,
3425 5563 3554 5636 quia
3615 5575 3735 5636 non

2137 5628 2323 5706 statim
2352 5643 2446 5706 eos
2475 5628 2641 5684 etiam
2669 5630 2951 5703 vigilantes
2978 5632 3226 5706 abhomni
3246 5628 3544 5691 tentatione
3555 5632 3741 5706 carnis

2140 5695 2364 5776 liberat._
2392 5701 2490 5776 Est
2512 5708 2698 5756 tamen
2730 5695 3004 5776 magnum
3031 5703 3330 5776 discrimen
3379 5705 3529 5761 inter
3553 5704 3741 5776 homi-

2137 5782 2291 5852 nem“
2317 5768 2630 5852 vigilantem
2651 5780 2733 5852 _et
2768 5768 3132 5852 dormientem
3164 5775 3222 5852 in
3247 5775 3566 5852 hujusmodi
3613 5774 3737 5831 illu-

2136 5839 2393 5897 sionibus'
2420 5849 2476 5897 et
2497 5841 2764 5901 illecebris
2793 5848 2993 5903 carnis.
3036 5839 3579 5921 Siquidem'vigilans
3608 5860 3737 5903 cum
