4040 6206
228 260 329 319 889

1295 264 1633 323 COLLATIO
1670 265 1786 324 ΧΠ.
1823 295 1895 310 --
1932 266 2024 324 DE
2059 264 2462 327 CASTITATE.

3427 278 3537 335 890

230 386 462 444 tantibus
499 386 707 445 ratione
748 387 1057 446 certissima
1095 389 1506 464 comprobatur.
1543 391 1820 465 Quidquid
1847 396 1903 461 Α
1924 395 2202 466 petierint,
2223 398 2316 465 fiet
2332 395 2448 451 illis
2465 412 2501 451 α
2527 398 2689 453 Patre
2706 410 2820 453 meo
2834 397 2933 469 qui
2954 400 3018 453 in
3033 399 3178 457 caelis
3202 405 3283 456 est
3308 402 3532 470 (Matth.

226 479 371 536 enim
392 496 522 539 cum
549 479 739 539 labore
761 484 1172 553 comprimitur,
1193 486 1520 559 temporales
1542 486 1824 545 dimicanti

225 583 449 648 prastat
497 574 765 647 inducias,
793 593 911 636 non
946 586 1136 636 tamen
1163 587 1477 653 perpetuam
1520 581 1826 639 securitatis

225 670 463 760 quietem
499 670 694 728 tribuit
721 680 848 744 post
874 670 1140 760 laborem.
1169 673 1449 747 Quidquid
1477 682 1663 733 autem
1691 689 1820 747 pro-

222 759 390 819 funda
426 760 598 820 fuerit
618 762 822 821 virtute
850 759 1152 835 devictum,
1183 766 1387 839 absque
1410 767 1524 824 ulla
1547 766 1824 839 inquietu-

218 854 369 913 diuis
417 856 721 928 suspicione
757 858 1124 930 compositum
1149 898 1167 926 ,
1193 858 1391 932 jugem
1432 859 1579 932 pacis
1625 840 1821 915 victori

218 950 471 1009 conferet
500 953 835 1011 ﬁrmitatem.
866 954 1241 1024 Quamobrem
1269 955 1444 1012 donec
1466 956 1672 1030 pulsari
1718 970 1822 1012 nos

216 1048 397 1105 carnis
423 1050 804 1109 commotione
831 1051 1120 1122 sentimus,
1147 1052 1468 1109 noverimus
1502 1066 1606 1108 nos
1626 1051 1696 1109 ad
1723 1064 1822 1109 ca-

214 1141 421 1200 stitatis
462 1143 703 1201 necdum
736 1144 1046 1218 pervenisse
1081 1145 1331 1217 fastigia,
1378 1144 1474 1202 sed
1498 1144 1680 1201 adhuc
1716 1144 1820 1201 sub

215 1236 542 1297 inﬁrmitate
581 1238 933 1298 continentia
980 1240 1312 1297 constitutos
1331 1238 1537 1311 praliis
1562 1237 1778 1313 fatigari
1799 1278 1819 1307 ,

213 1329 277 1387 in
297 1331 505 1403 quibus
541 1346 762 1391 necesse
788 1340 878 1390 est
904 1332 1106 1390 dubios
1143 1347 1368 1405 semper
1411 1346 1534 1391 esse
1571 1340 1817 1389 eventus.

211 1424 382 1496 Quod
406 1432 594 1483 autem
630 1425 992 1484 inevitabilem
1031 1440 1153 1484 esse
1183 1425 1611 1483 commotionem
1637 1424 1818 1482 carnis

207 1518 316 1575 hoc
341 1529 596 1578 astruere
622 1521 867 1579 voluistis
889 1520 1113 1589 indicio,
1137 1519 1449 1593 quodeane
1464 1519 1568 1593 ipsi
1592 1519 1820 1592 quidem

208 1613 446 1671 eunuchi
500 1629 688 1671 carere
725 1614 960 1688 demptis
994 1614 1325 1688 genitalibus
1360 1621 1613 1686 possunt,
1644 1613 1820 1668 scien-

210 1705 349 1764 dum
382 1715 473 1765 est
486 1717 515 1745 δ
541 1723 656 1765 non
677 1709 759 1765 eis
771 1708 1015 1765 carnales
1036 1717 1206 1766 astus
1224 1723 1327 1765 nec
1350 1705 1613 1764 affectum
1639 1705 1822 1764 libidi-

158 1802 163 1808 '
216 1799 324 1869 nis,
364 1800 467 1858 sed
496 1801 678 1858 solam
705 1801 897 1859 sativa
932 1801 1305 1875 generationis
1330 1800 1521 1858 deesse
1542 1799 1819 1857 virtutem.

210 1898 380 1957 Unde
405 1899 767 1958 manifestum
796 1908 883 1957 est
910 1915 982 1957 ne
1013 1900 1141 1958 illos
1164 1900 1390 1972 quidem
1411 1899 1460 1957 si
1487 1899 1557 1957 ad
1584 1900 1728 1956 hanc
1752 1899 1826 1956 ad

208 2012 384 2070 quam
406 2012 523 2054 nos
552 1998 783 2054 nitimur
809 1997 1137 2066 castitatem,
1165 1998 1397 2068 cupiunt
1420 1998 1724 2070 pervenire,
1752 1996 1825 2053 ab

205 2089 540 2146 humilitate
561 2098 619 2146 et
643 2089 973 2146 contritione
1007 2088 1193 2146 cordis
1206 2090 1290 2147 vel
1320 2091 1673 2147 continentia
1703 2089 1823 2145 dis-

202 2182 479 2240 trictione
512 2182 711 2241 debere
742 2178 938 2252 laxari,
961 2182 1089 2239 licet
1130 2196 1481 2256 nequaquam
1518 2183 1591 2240 sit
1616 2183 1827 2240 disere-

198 2274 466 2333 dendum
512 2277 731 2334 minore
759 2276 831 2333 ab
858 2277 937 2334 eis
959 2275 1343 2333 castimoniam
1371 2291 1531 2349 posse
1558 2274 1743 2333 labore
1764 2290 1829 2333 ac

199 2368 395 2427 studio
427 2370 850 2443 comprehendi.
916 2374 919 2375 ⁷

604 2468 607 2471 ’
832 2462 1075 2520 CAPUT
1099 2464 1207 2519 XI.

194 2554 356 2624 Quod
377 2555 632 2612 multum
644 2556 866 2612 intersit
887 2557 1032 2612 inter
1055 2558 1356 2612 castitatem
1365 2557 1823 2613 etcontinentiam.

266 2649 682 2722 Quamobrem
716 2648 977 2721 perfectio
1019 2648 1286 2707 castitatis
1316 2665 1347 2707 a
1372 2649 1663 2709 laboriosis
1687 2666 1829 2708 con-

195 2745 465 2802 tinentia
493 2743 831 2802 rudimentis
868 2750 1132 2817 perpetua
1171 2743 1569 2816 tranquillitate
1618 2743 1827 2801 discer-

195 2841 378 2899 nitur.
401 2842 553 2899 Hac
580 2846 667 2896 est
704 2838 856 2896 enim
906 2852 1052 2897 vera
1089 2839 1500 2896 consummatio
1541 2839 1827 2906 castitatis,

199 2951 330 3010 qua
368 2951 493 2993 non
516 2935 849 3008 impugnans
871 2933 1104 2991 carnalis
1132 2934 1589 3008 concupiscentia
1618 2942 1826 3005 motus,

196 3031 298 3090 sed
345 3039 478 3089 toto
508 3030 744 3088 horrore
767 3027 1046 3086 detestans
1063 3070 1080 3097 ,
1104 3029 1295 3102 jugem
1339 3037 1505 3102 atque
1542 3028 1829 3087 inviolabi-

197 3123 312 3182 lem
342 3126 434 3182 sui
488 3122 699 3181 retinet
734 3122 1056 3194 puritatem,
1085 3115 1113 3153 δ
1151 3136 1256 3178 nec
1296 3129 1477 3193 potest
1514 3120 1665 3178 aliud
1699 3120 1830 3193 quid

1929 496 2132 558 xvru).
2165 488 2421 563 Quisquis
2457 505 2587 564 ergo
2617 500 2641 527 ε
2667 490 3049 550 intellectualis
3074 492 3221 551 illius
3248 494 3444 564 Jacob,
3473 495 3530 554 id

1930 592 2054 653 est,
2105 585 2536 657 supplantatoris
2581 586 2987 645 transcenderit
3031 587 3299 660 gradum,
3334 588 3404 646 ab
3438 588 3531 646 illa

1930 679 2287 737 continentia
2332 680 2729 737 colluctatione
2769 696 2836 739 ac
2890 682 3331 755 supplantatione
3380 683 3540 741 vitio-

1928 786 2076 837 rum,
2104 771 2486 845 obstupefacta
2515 771 2748 830 femoris
2786 788 2976 839 nervo,
3021 774 3092 831 ad
3117 775 3334 833 Israelis
3358 776 3533 832 meri-

1929 873 2054 922 tum
2092 871 2352 939 perpetua
2398 866 2582 924 cordis
2617 864 2918 925 directione
2959 869 3308 947 conscendet.
3353 871 3533 941 Quem

1929 959 2180 1017 ordinem
2205 961 2371 1018 etiam
2398 960 2593 1018 beatus
2635 961 2812 1018 David
2848 963 2921 1019 ita
2961 961 3197 1036 Spiritus
3237 964 3414 1020 sancti
3440 979 3533 1021 va-

1927 1053 2242 1112 ticinatione
2287 1055 2556 1124 distinxit,
2599 1055 2657 1112 in
2698 1056 2895 1128 primis
2930 1056 3179 1128 inquiens
3200 1096 3218 1126 ,
3249 1062 3424 1115 Notus
3470 1061 3534 1114 in

1926 1149 2117 1205 Judaa
2138 1152 2302 1217 Deus,
2324 1148 2381 1205 id
2409 1157 2515 1217 est,
2546 1148 2604 1203 in
2630 1148 2813 1204 anima
2843 1163 2966 1220 qua
2998 1149 3178 1206 adhuc
3216 1150 3321 1207 sub
3342 1166 3533 1223 pecca-

1927 1249 2111 1298 torum
2145 1239 2494 1299 confessione
2517 1241 2809 1308 retinetur,
2837 1240 3030 1299 Judaa
3075 1242 3223 1298 enim
3246 1242 3524 1301 confessio

1928 1335 2317 1407 interpretatur
2348 1356 2362 1393 :
2410 1335 2469 1392 in
2493 1335 2661 1393 Israel
2692 1343 2910 1404 autem,
2948 1334 3010 1392 id
3054 1343 3170 1405 est,
3220 1336 3278 1393 in
3325 1351 3393 1393 eo
3438 1337 3533 1410 qui

1925 1430 2077 1486 videt
2105 1432 2300 1498 Deum,
2327 1430 2440 1487 sive
2479 1433 2563 1496 (ut
2600 1430 2825 1502 quidam
2852 1430 3301 1503 interpretantur)
3335 1432 3530 1489 rectis-

1926 1524 2102 1582 simus
2120 1524 2222 1582 Dei
2250 1532 2355 1594 est,
2381 1538 2499 1580 non
2534 1524 2716 1581 solum
2733 1531 2921 1592 notus,
2949 1525 3047 1582 sed
3075 1525 3244 1582 etiam
3263 1540 3534 1598 magnum

1925 1625 2013 1674 est
2033 1632 2239 1673 nomen
2285 1617 2423 1691 ejus.
2470 1615 2687 1674 Deinde
2725 1617 2797 1674 ad
2833 1617 3157 1675 sublimiora
3205 1634 3311 1675 nos
3338 1635 3534 1692 provo-

1926 1726 2079 1779 cans,
2122 1726 2188 1767 ac
2218 1711 2407 1768 volens
2444 1711 2614 1768 etiam
2658 1711 2843 1768 locum
2884 1711 3067 1784 ipsum
3095 1728 3208 1784 quo
3255 1713 3534 1770 Dominus

1849 1830 1899 1894 Β
1929 1804 2249 1873 delectatur,
2275 1803 2560 1862 ostendam
2587 1823 2602 1860 :
2633 1809 2705 1862 Et
2731 1806 2914 1873 factus
2941 1810 3043 1875 est,
3087 1804 3285 1878 inquit,
3316 1810 3383 1862 in
3401 1823 3536 1878 pace

1928 1902 2074 1957 locus
2109 1900 2259 1972 ejus,
2288 1900 2345 1957 id
2393 1907 2507 1966 est,
2551 1914 2665 1956 non
2716 1900 2775 1957 in
2807 1900 3075 1957 conflictu
3108 1900 3429 1957 certaminis
3478 1909 3536 1958 et

1929 1990 2315 2048 colluctatione
2356 1991 2622 2048 vitiorum
2642 2032 2660 2061 ,
2712 1991 2813 2049 sed
2844 1991 2902 2048 in
2926 1990 3267 2049 castimonia
3315 2007 3455 2065 pace
3478 1999 3534 2049 et

1931 2085 1989 2141 in
2024 2084 2210 2142 cordis
2244 2085 2635 2157 tranquillitate
2656 2093 2937 2158 perpetua.
2985 2089 3148 2143 Hunc
3174 2086 3347 2159 igitur
3382 2087 3534 2159 pacis

1933 2178 2117 2236 locum
2170 2179 2533 2237 exstinctione
2587 2180 2892 2237 carnalium
2945 2181 3260 2253 passionum
3306 2182 3356 2238 si
3410 2181 3535 2254 quis

1932 2272 2199 2332 meruerit
2222 2272 2489 2337 obtinere;
2512 2289 2582 2332 ex
2609 2273 2718 2331 hoc
2757 2288 2979 2347 quoque
3001 2274 3292 2347 proﬁciens
3327 2274 3534 2348 gradu,

1935 2380 2001 2422 ac
2035 2369 2062 2403 ἀ
2099 2365 2229 2423 Sion
2251 2365 2539 2438 spiritalis,
2569 2364 2745 2423 idest
2766 2406 2783 2435 ,
2817 2366 3037 2440 specula
3057 2366 3165 2423 Dei
3192 2380 3536 2439 consequen-

1932 2466 2018 2514 ter
2043 2457 2291 2526 effectus,
2316 2460 2422 2516 erit
2460 2462 2630 2517 etiam
2665 2460 2929 2518 habitatio
2953 2460 3088 2533 ejus.
3114 2463 3241 2518 Non
3285 2461 3436 2518 enim
3474 2462 3535 2519 in

1934 2552 2196 2610 conflictu
2222 2552 2595 2621 continentia,
2640 2552 2738 2610 sed
2775 2554 2830 2609 in
2852 2552 2973 2626 jugi
3015 2554 3282 2613 virtutum
3309 2554 3532 2627 specula

1936 2646 2207 2703 Dominus
2248 2653 2650 2714 commoratur,
2695 2646 2791 2702 ubi
2827 2648 2944 2718 jam
2972 2662 3082 2703 non
3113 2647 3391 2718 retundit,
3418 2663 3535 2704 non

1933 2739 2287 2812 comprimit,
2330 2738 2430 2796 sed
2464 2739 2521 2796 in
2565 2748 2893 2812 perpetuum
2937 2739 3214 2813 confregit
3254 2741 3530 2812 potentias

1934 2850 2188 2904 arcuum,
2218 2849 2283 2891 ex
2300 2833 2497 2907 quibus
2520 2833 2768 2891 videlicet
2791 2834 3086 2891 adversum
3112 2848 3218 2891 nos
3241 2834 3532 2892 libidinum

1935 2927 2217 3001 quondam
2255 2927 2436 3001 jacula
2480 2925 2855 3001 dirigebantur
2915 2926 3105 2999 ignita.
3154 2926 3367 2985 Videtis
3403 2941 3537 2999 ergo

1935 3022 2062 3096 quia
2086 3022 2230 3078 sicut
2255 3036 2369 3078 non
2404 3028 2489 3078 est
2515 3020 2570 3076 in
2595 3020 2979 3078 colluctatione
3011 3020 3363 3078 continentia
3385 3063 3401 3091 ,
3431 3020 3529 3077 sed

1936 3114 1993 3171 in
2021 3115 2289 3172 castitatis
2320 3130 2451 3187 pace
2484 3115 2640 3172 locus
2676 3113 2899 3171 Domini
2918 3156 2940 3185 ,
2970 3114 3042 3171 ita
3070 3113 3238 3171 etiam
3267 3113 3535 3173 habitatio

196 3232 323 3276 esse
353 3233 542 3292 quam
586 3216 869 3275 sanctitas.
913 3217 1039 3271 Hoc
1072 3221 1258 3271 autem
1284 3213 1410 3279 lict,
1453 3212 1673 3286 quando
1709 3214 1825 3284 jam
1859 3223 1907 3288 ο
1936 3206 2053 3279 ejus
2101 3207 2159 3263 in
2231 3205 2447 3280 specula
2488 3202 2571 3264 'sit
2611 3214 2671 3262 et
2722 3207 3185 3279 contemplatione
3245 3205 3534 3266 virtutum.

195 3309 479 3370 desinens
509 3326 644 3369 caro
669 3310 929 3367 adversus
963 3309 1224 3381 spiritum
1252 3307 1661 3379 concupiscere,
1686 3306 1830 3365 desi-

191 3405 379 3465 deriis
409 3408 549 3480 ejus
587 3405 885 3478 virtutique
907 3402 1265 3470 consenserit,
1309 3400 1681 3474 caperintque
1714 3400 1816 3456 sibi

189 3501 457 3557 invicem
517 3514 650 3570 pace
702 3497 1018 3554 ﬁrmissima
1071 3495 1325 3553 {adorari
1348 3535 1366 3564 ,
1420 3503 1477 3551 et
1532 3492 1830 3550 secundum

189 3590 637 3666 psalmographi
713 3593 1040 3649 sententiam
1094 3588 1460 3664 habitaverint
1523 3588 1719 3646 fratres
1772 3589 1831 3645 in

184 3704 387 3747 unum
429 3690 619 3756 (Psal.
651 3687 901 3761 cxxxn),
931 3688 1081 3745 illam
1108 3686 1501 3761 repromissam
1529 3701 1560 3741 a
1585 3684 1828 3743 Domino

182 3780 625 3845 beatitudinem
655 3781 999 3855 possidentes
1021 3783 1090 3838 de
1116 3796 1221 3854 qua
1250 3781 1328 3839 ait
1367 3801 1385 3837 :
1410 3781 1472 3838 Si
1495 3780 1603 3836 duo
1630 3795 1699 3836 ea:
1730 3796 1831 3836 υο-

174 3878 265 3934 bis
284 3879 681 3935 consenserint
694 3892 854 3948 super
868 3881 1089 3943 terram,
1107 3876 1173 3931 de
1191 3876 1339 3930 omni
1361 3870 1420 3929 re
1439 3888 1830 3943 quamcumque

1937 3298 2102 3357 Unde
2126 3316 2238 3356 non
2264 3302 2543 3357 immerito
2580 3310 2755 3373 porta
2782 3301 2915 3358 Sion
2936 3303 3149 3358 cunctis
3171 3300 3539 3359 tabernaculis

1938 3394 2109 3451 Jacob
2161 3393 2529 3466 praferuntur
2571 3414 2585 3449 :
2624 3396 2819 3464 Diligit
2858 3394 3005 3452 enim
3052 3398 3310 3452 Dominus
3347 3400 3538 3467 portas

1938 3489 2069 3545 Sion
2093 3503 2253 3558 super
2279 3488 2457 3541 omnia
2485 3486 2839 3542 tabernacula
2863 3488 3023 3543 Jacob
3046 3488 3224 3558 3(Psal.
3255 3491 3536 3556 Lxxxvt).

1938 3583 2101 3655 Quod
2153 3590 2338 3640 autem
2385 3597 2482 3655 per
2528 3581 2637 3639 hoc
2687 3582 3053 3640 inevitabilem
3107 3599 3225 3642 esse
3287 3600 3533 3643 commo-

1935 3678 2142 3736 tionem
2190 3677 2370 3735 carnis
2410 3678 2652 3736 asseritis
2681 3719 2698 3747 ,
2733 3677 2881 3750 quod
2922 3679 3079 3737 urina
3125 3695 3253 3736 cum
3301 3679 3537 3738 vesicam

1928 3776 2046 3851 jugi
2094 3775 2445 3834 instillatione
2499 3777 2788 3849 repleverit
2808 3818 2823 3844 ,
2878 3776 3055 3848 quieta
3105 3778 3269 3834 etiam
3315 3779 3539 3835 suscitet

1935 3869 2207 3939 membra,
2255 3869 2385 3927 licet
2424 3869 2568 3927 veris
2609 3868 2972 3927 sectatoribus
3001 3869 3259 3943 puritatis
3294 3869 3364 3926 ad
3391 3863 3537 3926 obti-

1323 4014 1577 4069 ALARDI
1615 4014 1841 4070 GAZ/El
1881 4015 2442 4072 COMMENTARIUS.

162 4145 245 4200 sit
275 4137 501 4211 integri
545 4147 619 4195 et
636 4137 797 4195 liberi
820 4138 1057 4205 arbitrii,
1081 4145 1138 4211 et
1158 4136 1364 4211 judicii,
1397 4137 1442 4194 si
1485 4138 1788 4195 consentiat
1807 4180 1822 4209 ,

162 4152 245 4200 sit
275 4152 501 4266 integri
545 4152 619 4195 et
640 4152 797 4195 linem
820 4152 1057 4205 arbitra,
1081 4152 1138 4195 et
1158 4152 1364 4211 juulcu,
1397 4153 1442 4194 ει
1485 4152 1788 4195 consentiat
1807 4180 1822 4209 ,

157 4229 289 4273 non
322 4211 518 4284 itaet
552 4226 677 4284 quo
702 4218 1023 4284 excusetur;
1067 4209 1353 4267 dormiens
1374 4225 1681 4284 vero,-cum
1714 4225 1824 4265 non

157 4287 388 4345 habeat
416 4280 687 4354 liberum
716 4280 940 4354 rationis
967 4296 1279 4354 usum,_nec
1299 4280 1608 4337 consentire
1625 4288 1825 4354 potest,

157 4374 278 4417 nec
332 4352 696 4425 dissentire,
744 4351 973 4425 proinde
1005 4367 1109 4408 nec
1156 4352 1293 4408 bene
1326 4366 1485 4425 agere
1525 4351 1642 4408 nec'
1660 4353 1823 4425 male.

164 4436 240 4490 Et
266 4430 403 4486 ideo
433 4424 612 4496 quod
639 4425 759 4493 agit
787 4424 1078 4496 dormiens,
1099 4438 1205 4478 non
1228 4424 1536 4495 imputatur
1553 4426 1603 4480 ei
1625 4424 1702 4478 ad
1724 4425 1828 4496 cul-

1930 4138 2115 4196 dinem
2142 4138 2356 4210 cateris
2382 4138 2670 4210 proniores
2694 4151 2840 4210 esse.
2860 4139 2931 4193 Et
2951 4140 3024 4210 Β.
3041 4136 3418 4209 Hieronymus
3439 4136 3535 4210 lib.

1931 4227 1952 4266 ι
1984 4210 2041 4264 in
2064 4208 2415 4265 Iovinianum
2438 4230 2451 4265 :
2476 4212 2542 4264 In
2567 4210 2800 4280 longam,
2827 4208 3024 4280 inquit,
3043 4208 3391 4280 securumque
3413 4209 3540 4280 libi-

1932 4283 2113 4337 dinem
2134 4284 2373 4336 easecms
2392 4281 2582 4350 spado.
2609 4277 2819 4350 Quibus
2834 4277 3100 4335 consonat
3120 4277 3206 4333 illa
3219 4277 3528 4335 Salomonis

1931 4353 2205 4408 sententia
2232 4369 2249 4406 :
2284 4351 2464 4422 Spado
2494 4351 2836 4422 complectens
2870 4352 3153 4421 virginem,
3188 4353 3536 4422 etsuspirans

1934 4425 2112 4496 (Prov.
2143 4421 2461 4496 grxx)»,*quia
2489 4421 2758 4496 nimirum
2778 4422 2966 4494 nequit
2990 4422 3205 4496 explere
3233 4421 3533 4490 libidinant,

171 4518 348 4575 pum,
371 4493 531 4554 sicut
558 4510 662 4575 nec
678 4495 822 4549 illud
843 4495 988 4575 quod
1015 4498 1139 4575 agit
1157 4493 1401 4575 furiosus
1425 4501 1523 4575 aut
1536 4495 1828 4575 (πηρωθῇ
1854 4539 1905 4575 η
1935 4493 1991 4554 et
2004 4493 2164 4575 θεῷ
2192 4493 2881 4575 arden'ter_appetit_opere
2899 4493 3194 4575 complere.

182 4567 246 4632 Β.
279 4567 564 4630 Thomas
598 4567 641 4635 (ι
664 4581 751 4637 p.,
783 4583 839 4637 q.
879 4572 1075 4637 διατι.
1111 4571 1174 4631 8,
1213 4573 1334 4633 2-2,

172 4646 331 4702 Hinc
344 4646 429 4698 D.
446 4635 808 4709 Prospei-lib:
827 4651 906 4692 ιιι
924 4635 995 4692 de
1016 4637 1139 4691 Vita
1162 4635 1589 4709 Contemplativa
1606 4652 1725 4709 cap.
1754 4641 1788 4691 6
1810 4654 1824 4691 :

180 4720 369 4783 Mens,
395 4707 634 4783 inquit,
652 4708 957 4783 absentibus
977 4709 1307 4783 plerumque.
1319 4708 1643 4783 imaginibus
1662 4708 1831 4783 diem.

181 4778 367 4852 tam;
391 4778 633 4853 affecta
656 4780 953 4853 carnaliter
956 4778 1047 4853 {ut
1056 4780 1227 4853 nimia
1243 4778 1478 4833 sordida
1489 4780 1829 4853 cogitationis

182 4848 511 4916 intentione
525 4852 739 4921 deﬂua,
750 4866 857 4905 non
874 4851 982 4905 sibi
996 4850 1256 4918 imagines
1284 4862 1561 4921 corporum
1582 4848 1830 4902 videatur

185 4925 566 5003 ampleazari,
592 4918 971 5003 sed'cog'pora.
1176 4922 1254 5002 est
1290 4918 1434 5003 quod
1458 4920 1829 5003 ille.corporis

183 4990 400 5072 nm.
428 4996 544 5072 qui
572 4996 642 5067 ﬁt
677 4994 736 5072 in
751 4990 1149 5072 dormientibus
1184 4992 1313 5072 sine.
1327 4992 1517 5072 culpa,
1556 4990 1830 5072 interdum

184 5062 584 5143 uigilantibus
614 5067 898 5143 contingat
918 5078 987 5118 ea
1008 5062 1390 5143 cylpaLAliu‘d
1416 5064 1558 5143 enim
1575 5065 1665 5143 est
1688 5062 1832 5143 quod

184 5132 609 5201 m'dormtente
630 5137 716 5205 fit,
742 5134 898 5189 aliud
911 5135 1053 5203 quod
1069 5132 1303 5205 vigilans
1327 5133 1483 5199 facit.
1502 5132 1586 5187 Ibi
1609 5137 1834 5185 natura.

186 5218 316 5271 liter
332 5202 1252 5285 plenitucio‘humoris’egrpellitur,
1275 5204 1359 5285 hic
1382 5205 1831 5285 turpiter‘concuT

187 5387 441 5414 ιατιιῑυωο
466 5387 628 5408 reuma
652 5387 792 5403 υιννν-
818 5387 1052 5417 ὐιυυυωηυ,
1069 5387 1097 5415 τι
1108 5387 1264 5400 ...νων
1280 5387 1359 5415 ιω.

186 5429 491 5485 sordidum
523 5421 879 5501 commoueat
905 5421 1227 5501 appetitum,
1254 5425 1359 5501 etc.

260 5483 306 5531 ³⁷⁷
349 5483 446 5553 De
500 5488 900 5564 spadonibus,
935 5483 1056 5564 sive
1105 5483 1569 5564 auunchis,__lu§e
1617 5485 1837 5542 disserit

193 5571 260 5626 D.
289 5556 556 5626 Basilius
590 5560 697 5616 lib.
719 5558 788 5632 de
811 5560 949 5632 Vera
984 5558 1333 5632 Virginitate,
1372 5556 1465 5614 ubi
1507 5557 1632 5632 illos
1660 5572 1829 5611 eunu-

186 5639 327 5696 chos
381 5638 646 5696 damnat
665 5628 756 5701 qui
788 5629 1005 5686 tuenda
1033 5627 1295 5686 castitatis
1321 5643 1487 5701 causa
1511 5627 1719 5701 seipsos
1741 5643 1832 5701 ex-

187 5715 527 5770 secuerunt,
554 5712 633 5783 ut_
670 5697 931 5783 Origenes
951 5718 976 5783 _:
1007 5697 1832 5783 ostenditque.hujusmodinho-

188 5783 377 5838 mines
408 5768 727 5837 castratos,
756 5768 878 5826 licet
904 5771 970 5827 ad
988 5768 1515 5841 coitumjﬁhabilés,
1532 5768 1832 5841 majoribus

189 5833 443 5908 uigiliis;
474 5833 735 5906 stimulis
762 5843 950 5915 agitari
980 5859 1044 5898 ac
1061 5833 1347 5915 peruigeri
1370 5884 1386 5912 ,
1414 5833 1580 5913 atque
1605 5833 1663 5897 in
1702 5839 1829 5896 libi-

1364 4539 1828 4636 ᾆῗέιῖξξτέἱῗὲᾖῖ
1852 4539 1905 4603 D
1935 4539 3225 4636 iiiis;siii‘ir'iif'ii'ﬁsi'cziffi'éi’fé)
3257 4563 3538 4636 contendit

1935 4634 2230 4693 Cassianus
2249 4637 2560 4693 castitatem
2586 4637 2657 4693 ab
2683 4636 2950 4707 Apostolo
2985 4635 3534 4707 designatam‘nomi-

1933 4721 2003 4761 ne
2032 4707 2485 4765 sanctiﬁcationis
2519 4715 2576 4764 et
2614 4704 3016 4764 sanctimonia.
3056 4706 3081 4757 Ι
3112 4704 3366 4758 Thessal.
3417 4717 3485 4758 Iv
3514 4723 3529 4756 :

1934 4779 2062 4833 Hac
2085 4783 2163 4833 est
2182 4781 2434 4835 uoluntas
2456 4781 2558 4835 Dei
2578 4778 2933 4846 sanctificatio
2957 4777 3160 4828 vestra.
3181 4773 3251 4827 Et
3271 4772 3341 4846 ad
3363 4771 3533 4846 Hebr.

1934 4862 2012 4903 χιι
2043 4852 2265 4904 :Pacem
2302 4850 2584 4904 sectamini
2612 4863 2733 4902 cum
2755 4844 3001 4900 omnibus
3032 4847 3084 4897 et
3105 4844 3533 4911 sanctimoniam,

1937 4920 2055 4972 sine
2070 4934 2184 4988 qua
2205 4934 2358 4973 nemo
2374 4918 2584 4973 videbit
2610 4921 2801 4988 Deum.

2008 4991 2033 5020 °
2060 4984 2139 5058 De
2159 4997 2392 5058 utraque
2418 4984 3151 5058 nomenclaturaitlacobet
3174 4984 3408 5053 lsraelis,
3436 4984 3533 5042 de-

1938 5072 2044 5130 que
2068 5056 2412 5130 intellectuali
2438 5057 2554 5130 sive
2595 5056 2914 5130 intelligibili
2943 5057 3140 5125 Jacob,
3191 5058 3405 5129 egimus
3426 5058 3534 5112 alio

1939 5127 2082 5200 loco.
2110 5128 2248 5184 Vide
2280 5127 2551 5200 pluralib.
2579 5143 2675 5184 vn
2701 5127 3063 5200 deflncarnat.
3104 5127 3306 5200 capis.

2010 5187 2152 5254 d-lta
2181 5206 2237 5254 et
2263 5187 2340 5255 Ϊ).
2383 5199 2751 5271 Hieronymus
2780 5187 3188 5270 interpretatur‘
3206 5213 3305 5270 ep-
3328 5202 3397 5252 29
3423 5216 3437 5251 :
3468 5200 3533 5253 In

1938 5272 2085 5339 Sion,
2113 5271 2174 5325 id
2195 5276 2294 5340 est,
2312 5273 2373 5325 in
2399 5272 2634 5341 specula,
2668 5273 2727 5325 in
2745 5272 3078 5326 sublimitate
3100 5271 3415 5339 dogmatum
3445 5272 3532 5323 at-

1932 5358 2034 5413 que
2050 5345 2335 5397 virtutum.
2357 5344 2415 5396 in
2427 5344 2609 5396 anima
2638 5343 2921 5397 credentis.
2952 5344 3018 5396 Et
3038 5341 3169 5397 alibi
3192 5342 3371 5410 :Sion,
3401 5354 3526 5409 quae

1939 5417 2330 5485 interpretatur
2357 5414 2589 5485 specula,
2616 5429 2673 5468 eo
2700 5413 2844 5483 quod
2875 5416 2938 5468 in
2962 5416 3141 5468 monte
3159 5414 3267 5467 sita
3291 5413 3397 5485 sit,
3417 5427 3527 5466 ara:

1936 5481 2156 5540 vocatur
2180 5505 2196 5540 :
2220 5481 2436 5556 reliqua
2459 5489 2639 5539 autem
2657 5481 2808 5539 urbis
2822 5498 2958 5555 pars
2985 5485 3288 5556 Jmtsalem
3305 5481 3529 5556 dicitur,

1940 5572 2061 5627 qua
2080 5558 2239 5627 prius
2262 5554 2639 5627 appellabatur
2656 5554 2825 5610 Iebus
2838 5560 2890 5610 et
2907 5556 3101 5611 Solem.
3122 5556 3208 5610 De
3235 5554 3367 5610 Sion
3387 5554 3535 5627 spiri-

1937 5625 2029 5682 tali
2058 5625 2230 5683 multa
2279 5625 2489 5698 eﬁidite
2531 5634 2588 5682 et
2628 5627 2847 5698 prolixe
2886 5629 3086 5682 Petrus
3116 5625 3438 5683 Bercborius
3475 5625 3533 5681 in

1937 5713 2037 5754 suo
2074 5698 2275 5755 morali
2304 5697 2674 5772 Dictionario’,
2699 5698 2789 5753 ubi
2810 5698 2951 5772 inter
2970 5698 3070 5772 alia
3098 5698 3411 5772 isigniﬁcata
3449 5698 3530 5752 in-

1938 5777 2271 5842 terpretatur
2294 5770 2424 5827 Sion
2448 5770 2785 5844 religionem,
2813 5770 2924 5827 sive
2954 5770 3294 5845 religiosum.
