4040 6206
395 288 498 345 895

392 411 660 470 varietate
683 426 855 469 unum
868 418 1053 469 tenere
1071 409 1241 468 animi
1270 415 1497 477 statum,
1523 414 1684 480 atque
1723 403 1984 462 immobi—
2012 408 2067 471 Α

1473 279 1754 338 JOANNIS
1789 274 2091 338 CASSlANl
2127 269 2615 334 COLLATIONES.

3590 258 3698 315 896

2690 391 2941 452 CAPUT
2965 390 3093 447 XV.

391 504 503 561 lem
527 504 586 561 in
614 504 770 561 omni
795 503 1156 562 accidentium
1184 499 1587 576 permutatione
1604 499 1824 556 durare.
1871 501 1989 570 Qua
2096 496 2404 566 Responsio,
2427 495 2581 548 intra
2603 489 2750 561 quod
2778 494 2983 559 tempus
3015 485 3235 539 castitas
3260 480 3435 551 possit

393 596 592 654 virtute
617 595 878 655 fundatus
909 607 938 633 ι
964 611 1127 653 senex
1153 595 1394 668 quidam,
1422 608 1549 650 cum
1578 591 1724 665 apud
1753 592 1991 649 Alexan-

393 689 570 749 driam
591 690 768 748 turbis
797 690 1098 747 inﬁdelium
1121 688 1505 755 circumfusus,
1532 702 1644 743 non
1667 686 1850 743 solum
1873 700 1989 741 ma-

2167 587 2499 645 Chaaremon
2525 603 2540 642 :
2577 581 2957 641 Temerarium
2984 576 3116 635 satis
3143 583 3229 632 est
3249 587 3415 646 super
3433 586 3705 629 consum-

2097 680 2343 737 matione
2364 679 2526 752 hujus
2553 676 2623 735 de
2658 693 2770 751 qua
2814 673 3094 747 loquimur
3119 668 3414 734 castitatis,
3451 668 3509 723 in
3554 673 3704 725 tanta

394 783 622 851 ledictis,
668 798 863 840 verum
888 784 1058 840 etiam
1091 781 1425 857 gravissimis
1462 779 1858 852 impellentium
1888 760 1990 835 ur-
2095 770 2521 847 prasertimlvel
2574 766 2919 843 voluptatum
2960 763 3277 824 diversitate
3328 761 3414 819 vel
3465 761 3703 857 virium,

395 884 613 949 geretur
650 878 882 951 injuriis,
918 878 1077 952 eique
1106 893 1138 934 a
1165 873 1632 934 subsannantibus
1676 873 1987 931 diceretur:

403 969 548 1042 Quid
571 970 825 1029 miraculi
860 972 1114 1030 Christus
1163 979 1366 1039 vester,
1399 985 1563 1043 quem
1600 967 1799 1037 colitis,
1834 965 1994 1024 fecit?

400 1064 491 1121 ille
512 1062 718 1137 inquit,
748 1067 831 1123 Ut
848 1064 935 1121 his
963 1081 1030 1122 ac
1068 1063 1374 1137 majoribus
1392 1105 1410 1132 ,
1445 1061 1493 1119 si
1523 1059 1816 1117 intuleritis
1838 1100 1854 1130 ,
1882 1074 1995 1116 non

399 1172 624 1215 movear
648 1170 751 1214 nec
775 1156 1028 1215 offendar
1050 1157 1284 1230 injuriis.

986 1259 1236 1315 CAPUT
1263 1259 1423 1315 XIV.

401 1358 836 1427 Interrogatiode
853 1359 1199 1415 observantiae
1213 1357 1323 1426 [AL
1348 1353 1705 1426 continentia]
1731 1354 2000 1424 qualitate

488 1434 544 1483 et
572 1432 824 1499 temporis
848 1431 1003 1485 modo
1034 1431 1095 1484 in
1119 1445 1225 1500 quo
1251 1432 1476 1484 castitas
1495 1429 1687 1498 perﬁci
1706 1429 1897 1496 possit.

425 1575 430 1580 .
470 1528 782 1587 Germanus
812 1549 827 1587 :
857 1530 1130 1600 Quoniam
1152 1544 1256 1586 nos
1286 1528 1579 1586 admiratio
1602 1541 1718 1583 non
1743 1526 1999 1584 humans:

406 1621 594 1694 hujus,
649 1638 825 1695 neque
880 1630 1144 1691 terrenae,
1199 1623 1296 1680 sed
1338 1623 1495 1695 plane
1550 1620 1795 1679 cmlestis'
1836 1628 1998 1693 atque

408 1716 667 1789 angelicae
703 1716 985 1787 castitatis,
1033 1718 1107 1774 ita
1141 1716 1328 1774 subito
1355 1725 1581 1788 stupore
1613 1714 1892 1782 confudit,
1934 1721 1998 1769 ut

2095 877 2303 926 certam
2320 866 2585 940 temporis
2609 864 2835 923 deﬁnire
2872 874 3218 929 mensuram,
3259 871 3387 931 qua:
3405 871 3522 913 non
3548 855 3708 913 facile

2100 961 2267 1020 etiam
2322 961 2379 1017 in
2432 960 2548 1016 istis
2600 956 2979 1016 materialibus
3031 953 3243 1011 artibus
3287 967 3355 1010 ac
3401 950 3710 1009 visibiliqu

2099 1052 2395 1127 disciplinis
2428 1051 2665 1110 discerni
2704 1057 2887 1124 potest
2931 1065 2947 1104 :
3001 1044 3312 1105 secundum
3346 1043 3709 1101 intentionem

2030 1186 2033 1189 ν
2100 1164 2341 1222 namque
2366 1146 2533 1203 animi
2557 1153 2718 1218 atque
2744 1142 2943 1217 ingenii
2964 1140 3285 1215 qualitatem
3318 1181 3334 1207 ,
3373 1152 3604 1196 uaccae
3625 1146 3713 1194 est

2100 1252 2196 1294 eas
2238 1237 2308 1295 ab
2342 1248 2677 1308 unoquoque
2737 1233 2821 1289 vel
2866 1230 3095 1288 celerius
3131 1228 3215 1285 vel
3251 1226 3464 1285 tardius
3508 1243 3711 1300 appre-

2105 1330 2309 1399 hendi;
2362 1329 2631 1388 rationem
2662 1336 2847 1386 tamen
2893 1323 3255 1383 observantia
3278 1363 3296 1391 ,
3336 1329 3393 1379 et
3444 1319 3711 1393 temporis

2105 1424 2362 1493 modum,
2412 1424 2556 1481 intra
2596 1438 2766 1496 quem
2812 1419 2931 1493 ejus
2974 1417 3308 1492 possibilitas
3355 1420 3705 1490 agnoscatur,

2103 1517 2539 1577 constantissime
2584 1530 2879 1591 possmnus
2935 1512 3187 1571 deﬁnire.
3239 1509 3503 1584 Quisquis
3547 1507 3712 1580 igitur

2101 1620 2381 1673 extractus
2437 1628 2471 1669 a
2521 1611 2733 1671 cunctis
2780 1606 3319 1668 confabulatiom‘bus
3374 1604 3601 1674 otioa's,
3655 1611 3713 1660 et

2103 1707 2485 1765 mortiﬁcatus'
2511 1705 2582 1763 ab
2615 1705 2766 1763 omni
2793 1703 2872 1760 ira
2920 1718 2987 1761 ac
3031 1700 3434 1768 sollicitudine,
3463 1714 3713 1771 curaque

400 1818 669 1868 terrorem
716 1813 894 1885 magis
934 1810 1330 1883 desperationis
1373 1810 1673 1879 incuteret,
1717 1823 1885 1882 quam
1931 1807 2000 1865 ad
2027 1815 2076 1878 Β
2108 1803 2409 1871 mundana,
2429 1801 2875 1859 duobustantum
2906 1792 2936 1833 δ
2963 1798 3277 1873 paximaciis
3302 1798 3414 1865 [Αι.
3443 1809 3712 1867 perama-

401 1904 757 1977 expetendam
787 1920 846 1963 se
880 1914 1102 1962 nostros
1132 1904 1350 1962 animos
1402 1911 1749 1977 provocaret,
1783 1917 2001 1975 quaesu-

403 2013 530 2056 mus
557 2006 624 2056 ut
645 2015 749 2057 nos
798 2000 869 2057 de
907 1998 1269 2057 observantia:
1306 1998 1571 2075 qualitate
1590 2038 1608 2065 ,
1637 2013 1703 2055 ac
1738 1995 2002 2069 temporis

402 2091 572 2149 modo
613 2107 725 2163 quo
751 2093 961 2166 acquiri
1004 2092 1086 2150 vel
1125 2092 1311 2164 perﬁci
1340 2092 1517 2149 valeat
1539 2132 1560 2164 ,
1601 2089 1849 2148 doctrina
1892 2090 2003 2162 ple-

402 2185 644 2243 nissimae
669 2185 1050 2259 disputationis
1074 2186 1347 2254 instituas,
1378 2193 1646 2257 quatenus
1669 2191 1729 2241 et
1751 2199 2003 2242 consum-

404 2281 547 2337 mari
572 2296 694 2338 eam
725 2296 884 2355 posse
915 2281 1231 2351 credamus,
1260 2289 1317 2337 et
1342 2279 1413 2336 ad
1456 2279 1818 2353 eXpetendam
1851 2279 2005 2337 dein-

403 2388 531 2446 ceps
562 2374 743 2447 spatio
777 2374 1063 2431 constituti
1097 2373 1364 2446 temporis
1404 2373 1734 2430 animemur.
1780 2375 2004 2430 Incom—

404 2466 823 2538 prehensibilem
866 2482 1102 2541 namque
1146 2482 1273 2526 eam
1317 2468 1374 2523 in
1425 2468 1591 2525 carne
1645 2469 1750 2526 hac
1809 2467 2005 2542 positis

405 2560 814 2633 quodammodo
834 2561 1163 2634 judicamus,
1184 2562 1290 2619 nisi
1326 2561 1490 2619 nobis
1519 2561 1657 2620 ordo
1684 2561 1916 2635 quidam
1940 2578 2007 2619 ac

408 2653 491 2711 via
543 2670 652 2729 qua
711 2654 781 2713 ad
832 2654 982 2712 illam
1046 2655 1222 2714 valeat
1274 2654 1539 2729 perveniri
1606 2663 1754 2715 certe
1799 2653 2007 2713 ratione

406 2749 695 2823 pandetur.

2107 1898 2228 1969 ciis]
2254 1896 2422 1955 fuerit
2453 1895 2772 1969 quotidiana
2791 1893 3094 1952 reiectione
3126 1898 3427 1958 contuitus,
3458 1897 3515 1945 et
3539 1902 3711 1961 aqua

2108 1995 2359 2053 satietate
2394 1995 2695 2062 subtracta,
2748 1992 2992 2066 quietem
3041 1989 3222 2047 somni
3256 1988 3422 2046 trium
3467 1984 3586 2043 sive
3625 1984 3716 2055 (ut

2107 2091 2198 2148 alii
2226 2094 2554 2156 statuerunt)
2595 2097 2830 2162 quatuor
2871 2087 3137 2145 horarum
3173 2084 3350 2158 spatio
3375 2080 3712 2143 terminarit.

2110 2201 2213 2244 nec
2231 2193 2417 2243 tamen
2444 2184 2704 2241 laborum
2741 2191 2838 2240 aut
2869 2181 3221 2239 continentia:
3255 2178 3427 2252 hujus
3471 2175 3670 2232 merito
3688 2215 3706 2241 ,

2109 2280 2205 2338 sed
2226 2266 2578 2338 miseratione
2602 2276 2829 2335 Domini
2851 2291 2978 2333 eam
3021 2288 3083 2334 se
3134 2272 3434 2332 crediderit
3483 2269 3710 2341 adeptu-

2110 2387 2235 2429 rum
2262 2373 2413 2445 (quia
2436 2373 2556 2429 sine
2578 2371 2682 2429 hac
2711 2369 2820 2427 ﬁde
2846 2384 2984 2426 vana
3010 2377 3097 2427 est
3128 2369 3319 2425 omnis
3358 2365 3585 2423 humani
3634 2362 3707 2418 la-

2111 2465 2262 2522 boris
2289 2466 2554 2539 intentio),
2597 2481 2709 2523 non
2737 2463 2978 2537 amplius
3025 2477 3193 2535 quam
3219 2472 3243 2499 ο
3290 2476 3391 2519 sex
3429 2456 3721 2517 mensibus

2112 2559 2503 2633 perfectionem
2541 2559 2698 2617 istius
2736 2574 2855 2615 non
2882 2556 3282 2631 impossibilem
3311 2555 3413 2613 sibi
3453 2568 3575 2612 esse
3614 2567 3714 2609 co-

2112 2662 2361 2728 gnoscet.
2386 2653 2620 2711 Evidens
2652 2661 2840 2711 tamen
2881 2659 2966 2711 est
3007 2653 3125 2726 jam
3162 2652 3431 2726 proxima
3457 2648 3713 2723 puritatis

2110 2746 2395 2817 indicium,
2435 2746 2668 2821 incipere
2712 2761 2836 2805 eam
2860 2745 2929 2805 de
2955 2745 3165 2820 proprii
3203 2744 3409 2804 laboris
3440 2742 3716 2803 industria

1514 2923 1771 2979 ALARDI
1805 2922 2034 2979 GAZEI
2070 2918 2628 2977 COMMENTARIUS.

481 3087 508 3116 ⁸
540 3083 676 3153 Quis
695 3082 863 3139 fuerit
886 3098 1052 3140 senex
1078 3083 1211 3149 iste,
1239 3080 1490 3153 nondum
1522 3088 1867 3153 compertum
1907 3079 2012 3139 ha-

413 3150 538 3235 beo.
572 3150 802 3235 Similia.
846 3161 1032 3235 autem
1071 3151 1533 3235 ap0phtheg‘mata
1567 3152 1634 3234 (_le
1655 3150 1924 3235 patientia
1955 3153 2014 3208 in

411 3222 656 3280 adversis
703 3222 1014 3294 retinenda,
1048 3222 1210 3279 etiam
1248 3222 1395 3294 apud
1444 3222 1692 3279 ethnicos
1723 3223 2013 3293 scriptores

413 3295 670 3377 lcgantur
681 3295 995 3377 (Laertalib.
1023 3296 1328 3377 vulgiiam
1450 3308 1513 3350 Ix
1527 3295 1594 3350 de
1609 3296 1784 3377 Varia

410 3365 660 3493 ﬁlionysii
685 3365 925 3494 tiranni,
955 3367 1071 3447 qui,
1094 3380 1264 3493 regno
1295 3365 1505 3447 pulsus,
1530 3375 1755 3468 rogatus
1778 3366 1907 3438 quid
1934 3366 1949 3421 i

480 3444 572 3493 ato
596 3445 651 3493 et
672 3453 707 3494 ι)
750 3436 1030 3494 ιιοεουδιω
1056 3446 1142 3494 stu
1183 3452 1299 3493 tum
1319 3434 1617 3494 profuisset
1647 3479 1660 3491 .
1685 3442 1747 3492 ut
1776 3441 1949 3493 tanta:

415 3434 575 3509 Plato
596 3445 651 3493 et
672 3434 1030 3509 philosophiae
1056 3434 1627 3509 studium'profuisset'
1647 3455 1660 3491 :
1685 3442 1747 3492 ut
1776 3434 2008 3509 tantam,

413 3508 610 3580 inquit,
641 3510 878 3580 fortuna:
898 3508 1251 3564 mutationem
1275 3508 1427 3579 (equo
1445 3511 1635 3580 animo
1652 3509 1849 3575 feram.
1884 3508 2008 3565 Dio-

413 3578 587 3652 genis,
612 3579 719 3652 qui
743 3580 1081 3651 percontanti
1107 3578 1347 3652 cuidam’
1361 3578 1505 3652 quid
1541 3580 1676 3634 lucri
1698 3588 1917 3652 caperet
1941 3595 2007 3635 ex

413 3648 763 3721 philosophia
781 3670 795 3706 :
831 3653 901 3707 Ut
925 3652 1090 3714 nihil,
1121 3649 1320 3721 inquit,
1348 3648 1535 3721 aliud,
1558 3648 1840 3721 certehoc,
1868 3652 2010 3721 quod

415 3718 701 3791 adomném
709 3723 902 3790 fortun
911 3736 1000 3775 am
1007 3718 1384 3791 paratussum.
1397 3720 1647 3791 Denique
1660 3718 2012 3776 adolescéntis

415 3789 717 3863 cujusdam.
747 3791 817 3847 de
832 3806 941 3863 quo
966 3789 1206 3846 Elianus
1229 3790 1314 3846 his
1336 3789 1512 3846 verbis
1528 3807 1545 3863 ς
1561 3789 2011 3846 Adulescentulus

414 3862 643 3931 quidam
669 3862 947 3919 Eretricus
990 3865 1211 3918 Zenonis
1232 3863 1486 3926 scholam,
1514 3862 1824 3917 litterarum
1850 3877 2013 3918 causa

417 3933 572 4002 ῖοησο
592 3933 1297 4004 temporeﬁ‘equentaverat.
1310 3937 1601 3990 Reversum
1609 3937 1771 4002 pater
1789 3935 2013 3988 interro.

417 4007 568 4073 gavit
587 4005 1141 4075 quidnamsapientice
1166 4004 1462 4059 didicisset.
1492 4004 1600 4070 Qui
1621 4018 1741 4057 cum
1766 4019 1821 4059 se
1844 4009 2014 4060 osten-

413 4090 603 4131 surum
620 4077 872 4143 discisset,
889 4076 1212 4145 indignatus
1217 4080 1398 4146 pater,
1414 4075 1640 4129 verbera
1657 4076 1765 4145 ipsi
1778 4077 2006 4144 inﬁiazit.

414 4148 599 4219 Atille
613 4148 845 4203 modeste
849 4150 1224 4219 patienterque
1235 4148 1414 4215 feretis
1431 4163 1445 4200 :
1472 4149 1581 4202 Hoc
1582 4147 2009 4219 ipsum,inquit,

414 4218 606 4289 didici,
631 4223 698 4289 ut
709 4216 1053 4289 iramipatris
1064 4216 1339 4274 moderate
1359 4219 1562 4289 feram.
1582 4216 1719 4289 Haec
1730 4217 1828 4273 illi.
1842 4220 2011 4289 _Porro

413 4287 468 4360 si
499 4287 654 4360 apud
675 4287 935 4360 ethnicos
974 4297 1190 4345 tantum
1222 4288 1404 4360 potuit
1434 4303 1571 4342 vana
1606 4288 1693 4342 illa
1716 4296 1789 4360 _et
1831 4287 2011 4360 fucata

414 4357 787 4431 philosophia;
808 4368 1076 4431 quantum
1101 4357 1245 4431 apud
1283 4358 1825 4431 Christianosvalere
1852 4357 2013 4414 debet

415 4443 542 4485 vera
573 4427 966 4500 et‘evang‘elica
1003 4427 1203 4484 Christi
1246 4429 1542 4499 sapientia,
1585 4427 1815 4484 dicentis
1860 4448 1873 4484 :
1914 4433 2013 4486 Be-

415 4500 645 4553 nedicite
661 4500 1098 4568 persequentibus
1118 4504 1169 4553 et
1183 4500 1639 4554 calumniantibus
1655 4514 1776 4565 nos;
1804 4501 2013 4555 benedi-

416 4570 540 4633 cite,
568 4574 621 4624 et
639 4570 807 4624 nolite
827 4569 1144 4624 maledicere
1170 4569 1350 4639 (Matt.
1398 4569 1471 4639 v),
1498 4576 1601 4624 etc.
1635 4571 1698 4626 Si
1731 4574 1877 4625 tanti
1923 4575 2012 4625 vi-

419 4645 591 4711 trum,
626 4639 703 4696 ait
741 4642 809 4697 B.
841 4639 1215 4713 Hieronymus
1244 4640 1439 4712 (Epist.
1472 4644 1536 4695 ιο
1558 4640 1633 4694 ad
1663 4642 2011 4711 Paulinum),

416 4715 616 4783 quanti
642 4714 1088 4784 pretiosissimum
1122 4713 1526 4784 margaritum}

2194 3081 2216 3105 '
2248 3081 2574 3155 Dionysius:
2595 3082 2753 3150 infra
2780 3095 3122 3155 ser‘menses.
3151 3081 3336 3155 Locus
3359 3078 3485 3155 iste,
3501 3078 3723 3155 ubi_se-

2121 3160 2326 3226 mestre
2369 3149 2613 3226 spatium
2654 3149 3034 3226 praescribitur
3057 3152 3297 3226 castitati
3327 3149 3716 3226 acquirendae,

2122 3224 2339 3297 videtur
2359 3221 2518 3297 egere
2535 3221 2764 3281 censura
2782 3231 3099 3297 quaa_ex_stat
3116 3225 3172 3278 in
3197 3222 3323 3280 Vita
3351 3221 3730 3297 P_.:Baltasaris

2122 3295 2350 3367 Alvarez
2376 3292 2657 3352 societatis
2681 3292 2816 3352 Jesu
2853 3294 3092 3367 religiosi
3136 3309 3310 3366 nuper
3342 3292 3520 3367 edita,
3551 3306 3730 3367 eaque

1993 3367 2007 3422 i
2042 3403 2087 3466 Ο
2123 3366 2207 3422 his
2236 3366 2416 3423 verbis
2455 3369 2605 3438 (Cap.
2636 3367 2725 3438 42)
2774 3383 2788 3422 :
2826 3368 2947 3425 Non
2962 3365 3193 3437 'oportet
3215 3365 3580 3436 praescribere
3610 3366 3730 3419 Deo

1993 3480 2008 3492 .
2119 3442 2322 3492 temnus
2332 3440 2704 3492 visitationum
2720 3441 2771 3492 et
2784 3437 3530 3492 misericordiammsuarum
3544 3436 3730 3492 Quare

2332 3436 2771 3494 visitationum'et
2784 3437 3530 3493 misericordiarumsuarum.
3544 3436 3730 3503 Quare

2113 3508 2358 3579 suspecta
2375 3525 2459 3565 res
2474 3525 2583 3565 esse
2594 3510 2767 3577 debet,
2786 3510 2838 3564 si
2853 3510 2978 3579 quis
2991 3509 3294 3577 generalem
3310 3508 3559 3577 aliquam
3574 3521 3731 3579 regu-

2116 3522 2358 3579 suspecta
2375 3525 2459 3594 res
2474 3525 2583 3565 esse
2594 3522 2767 3577 debet,
2786 3524 2835 3591 st
2853 3523 2978 3593 quis
2991 3522 3294 3591 generalem
3310 3522 3725 3633 aliquam

2116 3581 2228 3634 lam
2251 3584 2561 3643 constituat,
2587 3581 2733 3650 quod
2751 3580 2951 3636 scilicet
2965 3595 3063 3649 qui
3080 3579 3245 3634 talem
3260 3582 3359 3633 aut
3372 3579 3541 3634 talem
3702 3601 3725 3616 -

2119 3651 2637 3720 bueritdiligentiam
2640 3667 2744 3722 per
2759 3654 2839 3706 tot
2847 3666 3016 3706 annos
3040 3655 3139 3705 aut
3160 3665 3377 3713 menses,
3395 3650 3605 3704 talema
3618 3652 3734 3705 Deo

2125 3722 2482 3790 favoremfaut
2489 3723 2708 3776 virtutis
2724 3722 2960 3791 gradum
2974 3723 3046 3777 sit
3058 3726 3447 3776 consecuturus.
3458 3722 3524 3775 In
3533 3734 3645 3791 qua
3663 3734 3734 3772 re

2118 3792 2188 3847 ab
2199 3792 2474 3861 aliquibus
2488 3796 2710 3847 notatur
2722 3789 3030 3856 Cassianus,
3047 3789 3579 3863 quod
3587 3793 3732 3863 mg

2111 3878 2219 3934 pus
2240 3859 2467 3935 aliquod
2488 3864 2565 3919 ad
2589 3865 2858 3919 castitatis
2886 3859 3268 3935 perfectionem
3291 3859 3641 3935 obtinendam
3657 3862 3729 3935 _ei

2117 3932 2215 4004 qui
2227 3932 2503 3991 adhiberet
2516 3935 2832 4004 diligentias
2846 3932 2909 3990 ac
2923 3937 3039 4006 ipso
3050 3936 3134 3990 ibi
3449 3934 3559 3988 Hoc
3574 3932 3733 3987 enim

2117 4020 2225 4060 non
2253 4009 2367 4060 tam
2396 4008 2640 4061 consistit
2660 4008 2718 4060 in
2731 4007 3025 4074 industria,
3045 4011 3166 4061 arte
3195 4008 3294 4059 aut
3322 4008 3577 4074 tempore,
3603 4018 3734 4058 cum

2117 4078 2340 4160 είτρρτξε
2366 4080 2704 4161 assumat
2737 4077 3032 4161 Ρερυιᾲξνίβ
3061 4078 3160 4132 Dei
3624 4076 3733 4161 Ψ

2117 4150 2408 4217 unicuique
2423 4149 2628 4203 dividit
2651 4148 2944 4218 proutnult
2967 4153 3019 4203 et
3030 4148 3251 4218 quando
3262 4148 3403 4201 vult.
3422 4148 3605 4214 Quare
3620 4148 3728 4198 uir-

2119 4221 2253 4299 tutis
2272 4222 2591 4299 eaercitium
2608 4220 2989 4299 incipientibus
2999 4221 3304 4299 plurimm:
3317 4218 3493 4285 refert
3512 4217 3732 4299 ordina-

2120 4292 2264 4344 riam
2289 4292 2582 4360 tritumque
2600 4292 2748 4344 viam
2770 4294 2965 4357 tenere,
2978 4297 3029 4346 et
3054 4292 3327 4358 ferventer
3345 4292 3629 4359 cooperari
3650 4302 3726 4342 ex

2113 4364 2276 4430 parte
2299 4375 2398 4415 sua
2424 4361 2720 4415 ordinaria:
2746 4362 2846 4415 Dei
2869 4361 3155 4417 directioni
3187 4365 3240 4415 et
3264 4362 3485 4429 gratiis,
3508 4360 3725 4414 remotis

2117 4431 2513 4501 impedimentis
2533 4435 2585 4485 et
2590 4434 2929 4503 prwscriptis
2955 4433 3145 4487 mediis
3163 4431 3446 4491 adhibitis,

2118 4503 2263 4556 curis
2288 4508 2339 4556 et
2352 4501 2723 4558 anxietatibus
2734 4501 3082 4573 profectuum
3087 4518 3190 4574 per
3209 4504 3329 4556 vias
3342 4501 3727 4574 extraordina-

2119 4574 2272 4638 rios;
2302 4588 2433 4642 quos
2470 4571 2756 4643 profectus
2784 4576 2975 4629 merito
3009 4571 3336 4629 contmittent
3356 4571 3724 4643 providentia

2118 4645 2246 4712 Dei,
2266 4648 2329 4697 ut
2346 4658 2451 4713 pro
2475 4659 2571 4699 suo
2599 4646 2757 4700 libita
2779 4645 2994 4714 dirigat
3016 4661 3080 4700 ac
3102 4645 3354 4715 disponat
3381 4643 3532 4714 quod
3549 4644 3729 4715 magis

2118 4715 2366 4785 empediet
2383 4734 2400 4782 ;
2419 4731 2573 4770 suam
2603 4717 2823 4771 interim
2842 4713 3127 4771 stationem
3148 4713 3255 4770 non
3273 4713 3593 4776 deserentes,
3617 4713 3727 4766 do.

483 4785 512 4820 ι’
571 4780 664 4842 De
700 4783 1062 4858 pax‘amaciis,
1104 4782 1214 4840 sive
1239 4780 1584 4858 paximaciis,
1622 4781 1755 4838 alias
1795 4780 2010 4840 abunde
2037 4783 2091 4847 D
2120 4780 2213 4858 nec
2239 4780 3221 4858 audiantzAmice,ascendesuperius
3241 4784 3733 4858 (Luc.;iv).Haac

414 4853 771 4928 tractavimus
793 4856 934 4928 (Lib.
961 4870 1028 4928 tv
1055 4858 1191 4928 Inst.
1218 4853 1265 4928 c'1
1296 4853 1402 4928 145
1422 4856 1540 4910 coll.
1567 4861 1622 4922 2,
1647 4870 1694 4909 c.
1722 4860 1783 4910 11
1820 4859 1870 4911 et
1901 4861 2007 4922 I9).

413 4926 576 4998 Unde
602 4925 819 4998 constat
849 4927 1211 4998 paximacium
1235 4925 1404 4998 fuisse
1422 4941 1649 4998 parvum
1675 4941 1892 4998 panem,
1915 4942 2011 4998 sex

414 4995 526 5070 fere
537 4996 832 5070 Aunciarum
847 4995 1249 5070 istatutumque
1258 4995 1491 5054 modum
1506 4995 1833 5070 quotidiana:
1847 4996 2013 5054 reiec-

413 5066 722 5149 ti_o_nis,_seu
738 5066 1133 5149 quotidianam,
1155 5066 1219 5123 ut
1240 5077 1454 5149 vocant,
1488 5066 1788 5149 portionem
1811 5085 2013 5149 mona-

414 5109 777 5214 ἱέιῖἷὲίέἓῖῥέ
785 5109 1133 5196 "digii?
1150 5109 1472 5208 ῥἐἷιέὣνέὲὶὲ,
1488 5109 1574 5214 iii
1588 5109 2010 5214 ‘ia'iE‘SEa'EI‘i‘E-

412 5212 603 5268 nuitur
631 5209 677 5267 ’τ’
701 5209 823 5283 ἰιιιδ
869 5217 1061 5266 tamen
1114 5223 1369 5283 mensura
1421 5209 1777 5283 perfectiores
1814 5211 2015 5283 quique

413 5284 643 5340 minime
688 5280 771 5339 usi
814 5289 976 5355 sunt,
1029 5280 1273 5355 parciore
1322 5280 1497 5338 multo
1536 5280 2014 5355 contenti,_‘ut’de

414 5354 719 5418 Hilarione,
758 5350 1280 5423 Antonio,'aliisque
1314 5359 1510 5408 notum
1556 5359 1658 5423 est.
1693 5350 1885 5406 Suidas
1927 5359 2010 5406 ta-

414 5439 545 5482 men
566 5427 707 5483 hanc
723 5439 915 5497 vocem
944 5423 1128 5497 potius
1137 5422 1397 5497 Lstinam
1410 5436 1576 5494 quam
1600 5422 2011 5497 Grzgcamesse,

413 5503 470 5568 et
507 5511 701 5568 panem
737 5496 820 5554 bis
869 5491 1089 5568 coctum
1130 5491 1443 5568 signiﬁcare
1456 5491 1903 5568 _contendit,_sic
1936 5492 2012 5568 _de

415 5562 781 5640 illo'scribens
812 5585 828 5624 :
881 5566 1106 5640 παξαμὰς
1142 5562 1401 5640 δ’δίπυρᾳς
1445 5563 1611 5635 ἄρτος,
1654 5562 1759 5640 ἐστῇ
1797 5562 1850 5617 δὲ
1889 5564 2013 5640 λέξις

412 5633 702 5722 Perusini“,
730 5638 784 5694 id
835 5648 951 5707 est,
982 5633 1232 5722 p'axim'as
1255 5681 1272 5707 ,
1306 5633 1430 5722 sive
1473 5633 1883 5722 paxam‘acium,
1926 5639 2010 5692 vel

451 5708 842 5774 axamadium,
870 5708 1027 5774 panis
1053 5716 1137 5764 est
1160 5710 1247 5765 bis
1293 5715 1483 5765 coctus
1539 5726 1552 5761 :
1600 5714 1684 5762 est
1732 5721 1860 5762 vero
1910 5722 2013 5763 vox

464 5792 686 5845 omana,
715 5779 827 5834 sive
858 5776 1068 5835 Latina.
1101 5783 1182 5833 De
1212 5776 1534 5849 paxamaciis
1569 5776 1815 5833 meminit
1845 5778 2011 5834 etiam

413 5856 639 5908 sanctus
677 5849 915 5927 Ephrem
943 5851 997 5906 in
1022 5857 1254 5907 tractatu
1283 5851 1351 5908 de
1378 5850 1575 5906 virtute
1598 5866 1716 5924 cap.
1746 5856 1831 5907 to.

2119 4856 2228 4940 ibi;
2260 4856 2332 4940 in_
2358 4857 2557 4940 quibus
2586 4867 2868 4940 spectasse
2902 4855 3731 4940 videtur.Auctor-ill_ehgravern

2119 4927 2268 5001 illam
2284 4935 2338 5001 et
2363 4926 2780 5001 increpatoriam
2802 4928 3105 5001 orationem
3118 4926 3307 5001 ,lndith
3327 4926 3564 5001 (Iudith.
3584 4929 3727 4989 πη)

2120 4999 2191 5054 ad
2215 4999 2490 5072 principes
2511 4998 2876 5072 et_populum
2910 4999 3343 5072 Bethuliensent,
3388 4998 3482 5070 qui
3507 5005 3722 5072 certum

2119 5068 2339 5141 tempus
2358 5068 2542 5127 auxilii
2569 5068 2778 5126 ferendi
2808 5073 2927 5143 Deo
2952 5069 3362 5143 quodammodo
3383 5068 3727 5143 praescripse-

2120 5150 2246 5196 rant
2275 5156 2290 5195 :
2327 5143 2482 5209 Quod
2507 5146 2585 5197 est
2608 5143 2703 5197 hoc
2729 5141 2985 5206 verbum;
3020 5144 3083 5197 in
3110 5157 3216 5213 quo
3236 5141 3499 5196 consensit
3520 5141 3679 5197 Ozias
3705 5179 3727 5206 ,

2119 5217 2183 5266 ut
2207 5214 2398 5269 tradat
2412 5216 2683 5268 civitatem
2699 5214 2960 5282 Assyriis,
2988 5215 3039 5268 si
3051 5216 3202 5269 intra
3220 5214 3457 5283 quinque
3475 5213 3595 5267 dies
3614 5225 3734 5265 non

2118 5286 2324 5338 venerit
2347 5286 2495 5339 vobis
2522 5284 2899 5353 adjutorium?
2916 5288 2989 5341 Et
3014 5286 3247 5354 quiestis
3264 5296 3354 5339 vos
3381 5285 3484 5353 qui
3498 5284 3735 5338 tentatis

2119 5356 2447 5426 Dominum?
2473 5370 2580 5409 non
2607 5360 2683 5410 est
2710 5357 2813 5410 iste
2836 5370 3008 5411 sermo
3031 5358 3131 5426 qui
3592 5368 3741 5426 pro-

2118 5430 2284 5487 vocet,
2297 5425 2391 5479 sed
2405 5427 2589 5496 potius
2610 5428 2710 5496 qui
2729 5428 2875 5481 iram
2899 5423 3093 5482 excitet
3111 5431 3163 5482 et
3178 5428 3422 5494 furorem
3435 5423 3733 5496 accendat.

2119 5497 2380 5552 Posuistis
2407 5495 2497 5551 vos
2521 5495 2729 5555 tempus
2766 5500 3131 5553 miserationis
3151 5498 3377 5555 Domini
3398 5496 3531 5550 etin
3560 5495 3740 5550 arbi-

2118 5568 2287 5622 trium
2318 5573 2554 5623 vestrum
2581 5565 2726 5623 diem
2761 5570 3116 5625 constituistis
3155 5571 3213 5624 ei
3226 5610 3245 5637 ,
3275 5576 3382 5624 etc.
3410 5565 3737 5625 Retinenda

2117 5637 2280 5709 igitur
2300 5638 2392 5695 illa
2412 5639 2653 5712 ejusdem
2682 5638 3056 5696 Chaeremonis
3079 5636 3343 5695 sententia
3375 5638 3536 5695 initio
3563 5636 3739 5712 hujus

2117 5725 2236 5781 cap.
2256 5711 2501 5779 prolata:
2533 5713 2897 5766 Temerarium
2936 5726 3047 5767 esse
3080 5725 3245 5783 super
3266 5711 3737 5767 consummatione

2116 5783 2388 5837 castitatis
2414 5786 2614 5837 certam
2645 5786 2895 5853 temporis
2924 5783 3147 5853 deﬁnire
3172 5797 3484 5837 mensuram
3498 5824 3517 5845 ,
3550 5788 3657 5838 etc.
