4040 6206
245 305 343 364 897
1170 304 1507 363 COLLATIO
1542 302 1680 362 Xlll.
1713 330 1787 345 -
1823 304 1913 362 DE
1949 302 2435 363 PROTECTIONE
2474 303 2609 362 DEI.
3443 310 3546 369 898

242 445 357 489 non
382 446 622 507 sperare.
642 429 700 491 Si
724 428 872 490 enim
896 428 1008 489 vim
1028 431 1275 490 versiculi
1292 431 1436 490 illius
1454 432 1832 506 unusquisque
1858 437 1914 501 Α
1939 446 2084 503 mus,
2108 431 2161 488 in
2185 449 2357 490 unum
2384 434 2568 491 omnia
2581 438 2708 507 qua:
2729 431 2947 507 copiose
2966 436 3308 509 sparsimque
3326 435 3543 511 digesta

244 526 303 582 in
350 527 576 585 veritate
614 526 927 600 conceperit
971 546 986 584 :
1030 528 1155 586 Nisi
1186 529 1443 585 Dominus
1489 526 1839 605 wdificaverit
1942 535 2075 585 sunt
2118 527 2455 599 colligentes,
2506 527 2626 585 hmo
2683 536 2767 587 est
2811 529 3214 586 consummatio
3260 530 3546 603 castitatis,

240 621 1112 693 domum,inuanumlaborantqui
1121 622 1678 695 mdiﬁcanteanKPsal.
1693 621 1836 694 xn),
1943 628 2007 676 ut
2048 618 2365 693 vigilantem
2408 621 2743 681 monachum
2793 621 3083 680 oblectatio
3128 621 3362 685 libidinis
3397 623 3548 680 nulla

241 716 485 788 sequitur
508 722 578 774 ut
598 732 703 774 nec
725 715 795 774 de
836 712 1089 789 puritatis
1115 731 1231 774 suae
1272 715 1482 773 meritis
1506 715 1839 787 extollatur,
1946 715 2301 789 perstringat,
2342 723 2407 773 ut
2432 715 2800 788 quiescentem
2851 716 3198 775 somniorum
3243 733 3360 791 non
3393 717 3549 777 fallat

243 810 548 884 intelligens
587 826 711 869 eam
752 825 813 869 se
839 826 952 868 non
999 826 1099 869 sua
1141 809 1444 884 diligentia,
1486 808 1586 868 sed
1610 809 1839 867 Domini
1945 808 2154 878 illusio;
2201 810 2445 869 sedcum
2473 811 2770 871 dormienti
2795 820 3013 870 tantum
3042 828 3139 886 per
3165 813 3364 885 s0pitai
3386 826 3545 870 men-

632 938 633 941 η
655 914 1048 975 consewtum;
1093 922 1197 964 nec
1230 914 1420 964 contra
1458 906 1597 965 alios
1633 903 1841 962 immiti
1945 903 2021 961 tis
2049 905 2313 963 incuriam
2344 906 2646 964 commotio
2689 906 2871 965 carnis
2918 907 3238 980 obrepmrit,
3277 906 3549 980 quemad-

242 1000 418 1073 rigore
464 1009 774 1070 moveatur,
803 1000 985 1058 sciens
1011 1000 1312 1058 humanam
1340 999 1471 1058 nihil
1498 1014 1618 1058 esse
1665 999 1843 1056 virtu-
1945 997 2178 1057 modum
2203 999 2319 1059 sine
2357 999 2467 1056 ulla
2502 1000 2813 1059 titillatione
2853 984 3147 1074 voluptatis
3173 1002 3402 1061 excitata
3440 1010 3545 1071 est,

241 1102 374 1162 tem,
393 1094 440 1153 si
461 1109 589 1153 eam
607 1094 783 1154 virtus
806 1091 997 1153 divina
1023 1111 1139 1155 non
1155 1094 1382 1169 juverit.
1947 1090 2021 1147 ita
2060 1091 2227 1148 etiam
2276 1091 2395 1149 sine
2441 1092 2554 1149 ullo
2599 1093 2815 1164 pruritu
2864 1095 3112 1166 corporis
3173 1095 3543 1168 conquiescat.

817 1237 1063 1296 CAPUT
1067 1237 1255 1306 ;XVI.

310 1365 388 1421 De
428 1365 534 1434 ﬁne
573 1378 637 1420 ac
692 1362 927 1420 remedio
1378 1365 1431 1417 et
1477 1357 1839 1416 custodienda:

892 1449 978 1489 cas
1048 1451 1083 1489 a
1161 1474 1177 1487 .

892 1449 1177 1490 casmans.

308 1567 543 1626 Proinde
564 1568 857 1642 unicuique
878 1576 1134 1627 nostrum
1159 1566 1422 1626 adversus
1450 1565 1704 1639 spiritum
1727 1563 1840 1623 for-

1945 1183 2073 1240 llaec
2105 1182 2178 1240 de
2203 1184 2464 1242 castitatis
2490 1183 2619 1253 ﬁne,
2649 1194 2921 1257 quantum
2941 1185 3248 1257 potuimus,
3290 1202 3404 1244 non
3427 1204 3546 1245 ver-

1943 1278 2050 1347 bis,
2080 1276 2174 1335 sed
2198 1280 2227 1315 δ
2276 1277 2607 1348 experientia
2634 1277 2993 1351 magistrante
3016 1278 3362 1351 digessimus.
3407 1281 3546 1349 Quae

1947 1372 2071 1429 licet
2084 1387 2115 1428 a
2132 1370 2416 1431 desidiosis
2428 1387 2495 1430 ac
2518 1364 2917 1445 negligentibus
2940 1371 3173 1429 arbitrer
3191 1372 3545 1445 impossibilia

1944 1464 2179 1524 forsitan
2209 1466 2521 1538 judicanda,
2545 1474 2727 1524 certus
2751 1474 2936 1524 tamen
2973 1482 3098 1524 sum
3124 1484 3157 1525 a
3195 1467 3456 1526 studiosis
3483 1484 3548 1526 ac

1944 1557 2279 1631 spiritalibus
2323 1559 2454 1617 viris
2495 1559 2846 1633 agnoscenda
2901 1561 3100 1635 pariter
3138 1578 3202 1619 ac
3240 1562 3542 1634 probanda.

239 1660 522 1719 nicationis
565 1661 695 1719 totis
732 1661 936 1719 viribus
972 1660 1257 1720 desudanti
1284 1669 1310 1697 ⁸
1333 1659 1561 1717 victoria
1596 1658 1839 1730 singula-
1942 1656 2185 1712 Tantum
2208 1669 2451 1727 namque
2479 1655 2623 1713 inter
2659 1654 2939 1714 hominem
2962 1656 3129 1714 distat
3160 1666 3216 1715 et
3242 1658 3546 1729 hominem,

238 1754 313 1812 ris
330 1763 432 1823 est,
456 1754 526 1813 de
542 1755 741 1813 merito
761 1762 993 1813 conatus
1012 1756 1099 1813 sui
1118 1753 1427 1812 remedium
1446 1768 1560 1809 non
1576 1766 1796 1825 sperare
1819 1769 1833 1806 :
1945 1754 2211 1820 quantum
2239 1755 2295 1802 et
2320 1746 2410 1803 illa
2436 1747 2492 1803 in
2519 1747 2718 1820 quibus
2746 1746 2915 1804 animi
2947 1764 3140 1806 eorum
3162 1750 3340 1808 tendit
3362 1751 3548 1809 inten-

240 1862 360 1920 quaa
382 1847 518 1906 ﬁdes
546 1847 673 1905 licet
695 1846 875 1905 facilis
900 1864 964 1905 ac
989 1848 1147 1921 plana
1175 1846 1436 1905 omnibus
1461 1844 1728 1914 videatur,
1750 1852 1839 1899 ω-
1869 1871 1919 1935 Β
1944 1842 2021 1901 tio
2061 1843 2132 1902 ab
2160 1843 2394 1901 invicem
2439 1842 2806 1917 disparantur,
2850 1844 2908 1903 id
2947 1854 3052 1917 est,
3104 1847 3189 1903 vel
3226 1847 3430 1905 caelum
3478 1849 3547 1905 ab

240 1956 369 1998 men
393 1949 512 1998 tam
552 1940 775 2000 difﬁcile
800 1942 871 1999 ab
896 1941 1284 2013 incipientibus
1318 1955 1489 2013 quam
1515 1938 1686 2012 ipsius
1712 1952 1836 1994 cas—
1944 1938 2184 2009 inferno,
2218 1939 2298 1996 vel
2325 1939 2573 1997 Christus
2600 1955 2632 1995 a
2660 1940 2850 2011 Belial,
2880 1941 3198 2011 secundumf
3221 1942 3548 2000 sententiam

239 2034 409 2095 titat'n
427 2034 688 2109 perfectio
711 2035 1044 2110 possidetur.
1062 2039 1205 2093 Nam
1225 2051 1355 2093 cum
1378 2036 1458 2093 eis
1477 2033 1559 2091 vel
1584 2033 1837 2107 particula
1943 2033 2168 2090 Domini
2190 2032 2511 2105 Salvatoris,
2544 2034 2608 2090 Si
2631 2034 2753 2104 quis
2774 2034 2915 2089 mihi
2937 2034 3233 2100 ministrat,
3260 2052 3346 2093 me
3368 2052 3549 2108 sequa-

237 2128 495 2201 puritatis
537 2128 803 2197 arriserit,
830 2128 1093 2185 continuo
1119 2128 1176 2184 in
1220 2127 1565 2185 conscientiae
1608 2141 1723 2184 sua:
1748 2142 1842 2184 se-
1947 2131 2069 2193 tur;
2097 2132 2153 2183 et
2172 2127 2268 2182 ubi
2287 2142 2383 2195 ego
2400 2142 2520 2182 sum
2537 2168 2556 2191 ,
2579 2128 2692 2182 illic
2718 2130 2771 2183 et
2790 2129 3039 2184 monster
3060 2144 3209 2185 meus
3230 2131 3335 2185 erit
3361 2129 3546 2203 (Joan.

239 2221 406 2278 cretis
432 2219 685 2278 elatione
722 2220 961 2295 quadam
1002 2221 1273 2278 subtiliter
1321 2219 1577 2277 illabente
1622 2219 1847 2276 sibimet

236 2313 614 2385 blandiuntur,
677 2314 1064 2388 credentesque
1109 2330 1235 2372 eam
1285 2329 1346 2372 se
1388 2313 1680 2386 diligentiae
1723 2327 1839 2371 suae

234 2406 422 2465 snldio
446 2417 795 2478 consecutos,
821 2424 1043 2466 necesse
1072 2417 1156 2467 est
1180 2417 1242 2466 ut
1265 2424 1505 2481 superno
1531 2408 1624 2464 illo
1646 2407 1838 2481 praesi-

232 2501 328 2559 dio
352 2501 638 2576 paululum
663 2502 947 2572 denudati,
971 2501 1186 2559 tamdiu
1208 2501 1330 2572 illis,
1359 2515 1495 2575 quas
1519 2501 1704 2559 divina
1725 2502 1837 2558 vir-

234 2603 326 2653 tus
369 2596 726 2666 exstinxerat,
753 2596 1102 2669 passionibus
1146 2595 1545 2670 Opprimantur,
1574 2595 1838 2669 quamdiu

233 2690 571 2763 experientia
594 2689 827 2748 docente
867 2698 1200 2764 cognoscent
1221 2705 1283 2747 se
1317 2689 1526 2747 viribus
1548 2698 1715 2763 atque
1755 2690 1844 2748 in-

241 2782 448 2842 dustria
491 2798 591 2842 sua
637 2785 891 2859 puritatis
915 2784 1125 2842 bonum
1149 2784 1397 2841 obtinere
1422 2797 1535 2841 non
1555 2798 1737 2857 posse.
1767 2786 1842 2841 Et

240 2887 303 2936 ut
329 2877 760 2952 disputationem
786 2885 1038 2937 nostram
1057 2876 1126 2936 de
1150 2876 1260 2935 ﬁne
1284 2876 1608 2951 plenissimae
1625 2877 1842 2935 castita-

233 2974 307 3031 tis
330 2975 491 3048 longa
515 2974 895 3034 lucubratione
930 2973 1240 3032 confectam
1266 2974 1504 3033 breviter
1540 2971 1839 3030 concluda-

1947 2224 2086 2287 χιι).
2106 2222 2180 2277 Et
2204 2219 2405 2275 iterum
2433 2239 2446 2276 :
2482 2220 2586 2277 Ubi
2599 2223 2679 2289 est
2698 2221 2978 2276 thesaurus
2994 2225 3140 2289 tuus,
3169 2223 3252 2277 ibi
3265 2225 3368 2279 erit
3390 2224 3443 2279 e't
3457 2239 3551 2279 cor

1946 2319 2098 2371 tuum
2138 2312 2357 2384 (Matth.
2386 2313 2493 2384 vr).
2534 2315 2837 2386 Hucusque
2882 2314 3076 2372 beatus
3103 2315 3427 2374 Chaeremon
3474 2316 3546 2374 de

1943 2408 2202 2465 castitatis
2246 2407 2621 2480 [perfectione
2689 2407 2966 2477 disseruit,
3066 2408 3550 2484 admirabilemque

1942 2502 2248 2559 doctrinam
2265 2501 2666 2559 sublimissima:
2683 2501 2936 2574 puritatis
2949 2501 3046 2560 tali
3060 2518 3313 2562 sermone
3324 2505 3546 2562 concluo

1945 2593 2037 2661 sit,
2086 2594 2323 2653 suadens
2382 2594 2722 2667 stupentibus
2784 2603 2948 2667 atque
2998 2596 3168 2655 anxiis
3224 2598 3400 2668 nobis,
3459 2606 3546 2669 ut,

1946 2690 2077 2762 quia
2138 2688 2256 2761 jam
2310 2688 2488 2745 noctis
2541 2703 2669 2760 pars
2733 2688 2914 2760 major
2981 2689 3286 2760 efﬂuxerat,
3347 2692 3547 2762 tradita

1945 2782 2114 2856 quieti
2155 2780 2436 2856 paululum
2470 2780 2720 2838 membra
2755 2782 2987 2839 naturali
3029 2784 3243 2855 soporis
3282 2784 3406 2841 cibo
3448 2785 3550 2841 mi-

1945 2876 2093 2933 nime
2119 2874 2519 2946 fraudaremus,
2547 2891 2620 2934 ne
2646 2876 2906 2949 languens
2941 2885 3165 2950 torpore
3189 2879 3436 2951 corporis
3463 2880 3548 2937 sui

1944 2970 2113 3028 etiam
2140 2985 2298 3028 mens
2324 2970 2571 3042 vigorem
2607 2980 2811 3029 sanctae
2837 2970 3160 3031 intentionis
3178 2974 3476 3032 amitteret.

1336 3088 1593 3146 ALABDI
1628 3089 1853 3145 GALEI
1889 3086 2443 3145 COMMENTARIUS.

306 3204 347 3281 ‘_
372 3198 485 3282 Sic-
501 3198 770 3282 Serapion
806 3212 1027 3282 quoque
1093 3196 1385 3282 collatione
1447 3200 1668 3282 quinta,
1708 3211 1838 3253 cum
1866 3201 1912 3264 C
1943 3198 2333 3282 Nisi
2589 3200 2773 3282 carnis

235 3268 461 3326 dixisset
470 3268 903 3342 tentationumet
917 3268 1395 3342 impugnationem
1417 3268 1839 3342 exstinctionem

234 3356 271 3395 a
294 3343 416 3414 Deo
440 3340 740 3414 specialiter
763 3346 820 3398 et
832 3338 1040 3414 jugiter
1059 3338 1413 3414 poscendam,
1438 3338 1662 3414 subjieit
1688 3355 1702 3394 :
1723 3341 1841 3414 _Im-

226 3410 487 3493 Ροεθίθίέέ
503 3428 739 3483 “mque
765 3410 851 3493 es".
869 3410 936 3468 αὖ
961 3410 1206 3493 Qualibet
1499 3410 1840 3493 ξϋμηξινξκηι

231 3484 544 3554 quempiam
551 3482 869 3554 promereri,
880 3486 1209 3554 priusquam
1220 3482 1549 3538 intellexerit
1562 3482 1841 3537 industria

231 3555 322 3608 uel
347 3555 526 3610 labore
533 3557 755 3623 proprii
773 3557 1083 3611 certaminis
1101 3559 1264 3609 semet
1280 3555 1518 3609 obtinere
1533 3569 1643 3608 non
1661 3567 1834 3623 posse.

229 3570 322 3608 net
347 3570 526 3610 taoorc
773 3570 1083 3611 certaminis
1101 3570 1264 3609 semet
1280 3570 1518 3609 oonnere
1533 3570 1643 3608 non
1661 3570 1834 3623 posse.

232 3625 511 3682 Climacus
775 3626 869 3698 ubi
898 3641 1063 3698 supra
1095 3643 1109 3680 :
1144 3626 1251 3693 Qui
1273 3641 1375 3681 sua
1402 3626 1678 3681 industria
1713 3639 1838 3678 car-

226 3711 355 3751 nem
384 3713 541 3753 suam
556 3700 766 3754 uincere
780 3697 866 3753 vel
883 3697 1148 3754 debellare
1166 3698 1311 3762 vult,
1332 3699 1394 3752 in
1411 3711 1611 3752 uanum
1638 3697 1832 3751 currit.

3416 3215 3545 3255 am-

1944 3283 2047 3323 mte
2059 3268 2435 3337 (ediﬁcaverit,
2461 3271 2678 3335 frustra
2698 3271 2978 3339 quispiam
2995 3270 3151 3324 illam
3156 3268 3459 3340 jejunando
3480 3287 3546 3326 ac

1945 3340 2227 3408 vigilando
2249 3340 2520 3394 destruere
2540 3341 2745 3393 nititur
2772 3358 2789 3393 :
2816 3341 2979 3408 Offer
2997 3346 3123 3395 ante
3140 3344 3314 3396 oculos
3332 3344 3549 3397 Domini

1945 3413 2122 3464 carnis
2137 3410 2444 3463 naturalem
2461 3411 2849 3479 inﬁmitatem,
2867 3413 2918 3465 et
2937 3416 3089 3465 trram
3106 3411 3424 3467 humiliatus
3441 3415 3546 3468 im-

1949 3482 2284 3535 becillitatem
2297 3494 2606 3549 agnoscens,
2616 3494 2841 3550 prorsus
2857 3483 3116 3552 suscipies
3128 3484 3188 3538 in
3204 3484 3411 3538 intimis
3429 3498 3546 3539 cas-

1949 3554 2125 3605 titatis
2150 3552 2367 3605 donum.

1947 3554 2125 3607 titatis
2150 3554 2367 3606 donum.

2014 3624 2044 3659 δ
2072 3624 2163 3695 Ita
2180 3622 2347 3695 etiam
2375 3620 2501 3695 alibi
2530 3622 2740 3694 (Collat.
2788 3629 2870 3695 l0,
2904 3625 3035 3695 Cap.
3072 3625 3125 3694 1)
3144 3624 3277 3682 dixit
3307 3642 3322 3680 :
3359 3627 3543 3695 Magi-

1942 3694 2243 3750 strantibus
2263 3693 2546 3763 alrectibus
2559 3694 2644 3749 vel
2668 3694 2942 3765 effectibus
3359 3700 3363 3705 ’

779 3927 1561 4027 COLLATIO
1640 3926 2269 4028 DECIMA
2363 3926 2990 4048 TERTIA,

1217 4096 1376 4170 Qum
1409 4096 1509 4161 est
1538 4091 1739 4160 tertia
1773 4091 2041 4159 abbatis
2079 4092 2530 4161 Chmremonis
2547 4146 2567 4180 ,

1314 4216 1321 4223 ’
1529 4233 1612 4286 ne
1648 4231 2100 4288 PROTECTIONE
2134 4230 2263 4284 DEI.

1675 4358 2102 4380 -ῌ--ι

741 4461 985 4520 CAPUT
1025 4461 1345 4521 PRIMUM.

304 4554 454 4610 Cum
478 4560 505 4588 ⁸
533 4551 602 4610 ad
628 4553 874 4626 synaxim
904 4555 1234 4612 matutinam
1265 4563 1522 4630 percepto
1549 4556 1834 4630 paululum

223 4663 432 4722 sopore
479 4656 808 4718 remeantes,
854 4663 1044 4706 senem
1076 4648 1460 4722 reperiremus,
1490 4651 1696 4724 ingenti
1740 4652 1835 4710 ab-

1941 4461 2040 4521 bas
2077 4464 2389 4522 Germanus
2427 4465 2683 4538 scrupulo
2724 4465 3066 4540 movebatur,
3102 4467 3249 4541 quod
3294 4471 3351 4526 in
3398 4484 3540 4542 prae-

1942 4558 2101 4614 terita
2149 4557 2544 4631 disputatione,
2599 4559 2755 4634 cujus
2792 4561 2960 4619 virtus
3008 4578 3291 4620 summum
3338 4563 3544 4621 deside-

1943 4653 2090 4710 rium
2111 4653 2403 4728 incognitaa
2429 4654 2591 4713 nobis
2611 4655 2873 4713 castitatis
2898 4654 3192 4725 infuderat,
3211 4652 3236 4691 δ
3264 4658 3421 4714 unius
3440 4659 3543 4713 ad—

1325 4766 1580 4823 ALARDI
1617 4769 1843 4825 GAZzEl
1881 4768 2444 4829 COMMENTARIUS.

302 4874 331 4903 ³
374 4871 442 4947 ld_
452 4880 572 4947 est,
612 4872 681 4929 ad
707 4871 1518 4947 conventumgmatutinumtin
1561 4890 1670 4947 quo
1711 4873 1833 4931 ofﬁ-
1864 4881 1916 4944 D
2015 4879 2041 4913 ι’
2074 4878 2256 4946 Quam
2282 4893 2347 4933 su

222 4942 383 5028 cium
409 4942 658 5028 divinum
683 4945 866 5028 primo
892 4945 1272 5028 persolvebant
1298 4962 1323 5025 :_
1350 4943 1497 5028 unde
1524 4942 1835 5028 orationum

225 5023 288 5069 et
314 5013 656 5094 psalmorum
683 5013 1102 5098 solemnitatem
1124 5014 1367 5097 vocatin
1387 5015 1497 5098 ﬁne
1524 5015 1686 5099 hujus
1711 5032 1831 5089 cap.

224 5084 451 5168 Deinde
609 5085 801 5168 rebus.
819 5084 1021 5168 divinis
1069 5095 1126 5143 et
1168 5085 1537 5168 spiritualibus
1580 5096 1727 5168 inter
1777 5104 1836 5144 se

224 5155 548 5214 tractabant
573 5166 629 5214 et
665 5154 1019 5215 conferebant
1057 5177 1071 5214 :
1103 5154 1251 5215 unde
1306 5157 1625 5215 collationes
1674 5159 1835 5216 dicta:

223 5225 555 5301 hujusmodi
579 5244 906 5301 congressus
929 5237 988 5301 et
1021 5237 1342 5301 conventus,
1371 5238 1435 5285 ut
1470 5228 1607 5301 alias
1628 5229 1834 5286 dictum

224 5296 341 5355 est.
375 5296 439 5373 1d
462 5307 611 5371 patet
630 5296 753 5356 tuin
778 5316 844 5373 ex
885 5298 970 5357 his
1011 5299 1394 5373 collationibus
1418 5300 1687 5373 plerisque
1711 5315 1837 5373 quae

222 5370 512 5441 matutino
540 5377 810 5441 tempore,
831 5371 938 5429 hoc
955 5380 1059 5439 est,
1094 5379 1216 5441 post
1240 5370 1479 5441 quietem
1506 5370 1837 5429 nocturnam

224 5437 448 5515 habitae
470 5437 813 5515 referuntur;
841 5451 959 5498 tum
987 5437 1054 5499 ex
1076 5437 1287 5515 Regula
1321 5442 1378 5515 S.
1396 5442 1710 5515 _Pachomii,
1734 5460 1835 5501 cu-

219 5511 327 5583 jus
344 5508 610 5569 articulus
628 5508 895 5584 septinius
932 5529 1003 5570 ex
1026 5508 1355 5586 Hieronymi
1393 5508 1840 5585 interpretatione

224 5581 318 5638 sic
342 5581 508 5641 habet
529 5605 543 5640 :
571 5586 730 5641 Mane
742 5599 844 5654 per
864 5587 1111 5655 singulas
1119 5586 1301 5642 domos
1313 5587 1485 5655 ﬁnitis
1503 5587 1839 5641 orationibus

529 5605 543 5640 ε
571 5601 730 5641 mane
747 5601 844 5641 υεν
864 5601 1111 5641 simulas
1119 5601 1301 5641 αοπιοε
1314 5601 1485 5641 ληίης
1503 5601 1716 5641 oration

224 5599 318 5638 sic
343 5599 508 5641 nanet
529 5605 543 5640 :
571 5599 730 5641 mane
742 5599 844 5654 per
864 5599 1111 5655 singulas
1119 5599 1301 5642 domos
1313 5599 1485 5655 mutis
1503 5599 1839 5641 orationibus

223 5669 345 5709 non
359 5657 549 5711 statim
562 5656 636 5712 ad
658 5670 785 5712 suas
808 5657 967 5713 cellas
982 5662 1339 5719 revertentur,
1355 5655 1450 5712 sed
1468 5659 1743 5725 conferent
1756 5660 1840 5711 in-

228 5729 323 5798 τεν
336 5740 393 5798 ει
415 5742 537 5796 sua
554 5729 869 5798 ρνωροείιοε
880 5727 1162 5783 audierint
1175 5728 1534 5798 disputantes,
1555 5731 1841 5784 ettuncin-

228 5797 464 5869 trabunt
480 5797 685 5853 cubilia
700 5813 822 5853 sua.
841 5800 1151 5868 Disputatio
1167 5804 1351 5855 autem
1363 5815 1402 5853 a
1418 5802 1729 5869 praepositis
1748 5800 1843 5857 do-

230 5866 451 5925 morum
479 5884 592 5943 per
619 5869 865 5941 singulas
894 5866 1251 5933 hébdomadas
1271 5866 1562 5941 tertio—ﬂet,
1590 5878 1696 5929 etc.

2449 4877 2782 4963 insideant.
2818 4877 2936 4963 I2)_
2950 4876 3083 4963 aliis
3097 4886 3261 4963 atque
3284 4877 3545 4963 aliisnver-

1942 4947 2031 5004 bis
2065 4962 2178 5003 non
2209 4947 2377 5002 semel
2397 4948 2681 5017 expressit.
2717 4948 2849 5019 Cap.
2878 4952 2942 5002 15
2973 4969 2988 5005 :
3019 4949 3083 5006 Si
3101 4947 3240 5005 enim
3261 4954 3369 5008 vnn
3396 4955 3544 5011 illius

1940 5019 2197 5073 vei-simili
2206 5019 2589 5092 unusquisque
2613 5020 2672 5073 in
2695 5021 2923 5076 veritate
2944 5024 3235 5092 conceperit
3259 5043 3275 5080 :
3297 5027 3424 5084 Nisi
3442 5029 3545 5083 Do—

1938 5092 2120 5166 minus
2137 5088 2485 5166 (ediﬁcaverit
2504 5088 2746 5166 domum,
2760 5092 2819 5145 in
2834 5107 3031 5166 vanum
3049 5088 3428 5152 liberaverunt
3447 5102 3547 5166 qui

1938 5160 2210 5236 aediﬁcant
2236 5159 2544 5236 eam_{Psal.
2565 5159 2754 5236 exxv)
2770 5180 2797 5236 ςγ
2817 5165 3062 5236 sequitur
3088 5169 3150 5219 ut
3173 5180 3268 5219 nec
3296 5166 3363 5221 de
3379 5159 3543 5236 puri-

1942 5233 2073 5285 tatis
2087 5245 2198 5285 suis
2435 5231 2757 5297 extollatur;
2776 5231 3080 5302 intelligens
3102 5251 3222 5291 eam
3239 5251 3295 5292 se
3311 5231 3419 5292 non
3440 5255 3543 5296 sua

1943 5302 2267 5372 diligentia,
2304 5301 2400 5356 sed
2421 5303 2639 5373 Domini
2656 5301 3026 5360 misericordia
3051 5312 3404 5373 consecutum,
3435 5318 3541 5367 etc.

1944 5374 2020 5452 EF.
2041 5372 2441 5452 θεριεαιμεειβ
2483 5391 2496 5452 ξ
2858 5381 3105 5452 uestrum
3143 5378 3404 5452 adem
3438 5385 3544 5452 spi-

1944 5446 2117 5499 ritum
2143 5444 2519 5511 fornicationis
2539 5446 2663 5500 totis
2671 5446 2878 5501 mribus
2887 5446 3178 5502 desudanti
3190 5451 3415 5507 victoria
3432 5444 3546 5509 sin-

1946 5515 2164 5595 aulaea;
2180 5520 2261 5595 βεδε
2277 5514 2353 5595 με
2378 5517 2566 5595 πίενίεο
2592 5520 2813 5595 Wes
2834 5520 2929 5595 sui
2962 5519 3261 5595 medium
3287 5536 3394 5578 non
3419 5538 3545 5595 spe-

1945 5582 2091 5660 rare.
2122 5586 2196 5640 Et
2215 5582 2357 5660 infra
2377 5603 2401 5660 _:
2427 5588 2788 5660 Experientia
2811 5588 3033 5643 docente
3055 5598 3369 5660 cognoscunt
3389 5582 3547 5652 se‘oi-

1947 5657 2101 5712 ribus
2115 5661 2276 5728 atque
2293 5656 2680 5713 industriam
2691 5661 2962 5728 puritatis
2984 5656 3174 5718 bonum
3185 5664 3419 5723 obtinere
3436 5683 3545 5724 non

1942 5743 2127 5809 posse._
2148 5727 2329 5799 Hujus
2364 5743 2530 5799 porro
2576 5727 2862 5814 sententiae
2899 5730 3131 5814 adiectio
3151 5734 3235 5817 .in
3267 5738 3545 5817 superiore

1949 5798 2243 5871 collatione
2286 5797 2452 5867 facta,
2503 5799 2629 5857 huic
2670 5802 2946 5860 collatiom
2991 5819 3329 5863 occasionem
3370 5806 3538 5871 dedit,

2425 5840 2452 5867 ι’

1950 5885 2116 5941 quam
2125 5869 2212 5941 ,de
2239 5871 2579 5943 protectione
2601 5872 2704 5932 Dei
2735 5873 2939 5947 placuit
2956 5877 3180 5936 Auctori
3202 5869 3547 5955 inscribere;
