4040 6206
471 241 575 294 007

1548 225 1828 284 JOANNIS
1863 226 2165 282 CASSIANI
2202 222 2689 280 COLLATIONES.

3680 226 3791 279 908

473 363 723 436 pertinet,
744 376 839 433 per
860 375 920 417 se
936 358 1132 427 solam,
1154 356 1209 414 id
1225 364 1328 423 est,
1353 354 1468 413 sine
1488 352 1765 427 adjutorio
1790 354 1891 408 Dei
1913 367 2073 425 posse
2098 355 2153 417 Α
2183 348 2468 423 peragendi
2494 356 2701 404 nostra:
2728 345 2975 419 subjacet
3003 344 3293 418 potestati?
3324 345 3468 401 Nam
3489 336 3665 419 neque
3695 364 3787 405 rc-

472 457 754 529 perﬁeere,
782 465 809 493 ι
835 454 891 510 in
914 452 1066 509 nullo
1091 450 1258 507 modo
1280 458 1465 505 tamen
1497 447 1800 505 evidentius
1825 461 1988 517 quam
2013 446 2069 500 in

440 570 443 573 ’
471 550 831 624 acquisitione
872 557 1035 620 atque
1063 545 1309 602 custodia
1336 543 1600 600 castitatis
1629 540 1954 598 ostenditur.
1989 542 2071 597 Ut

472 644 620 701 enim
651 638 909 712 tantisper
940 639 1012 695 de
1045 635 1379 709 integritatis
1404 636 1521 707 ejus
1546 635 1869 691 difﬁcultate
1894 632 2072 705 dispu-

444 736 607 793 .tatio
646 733 953 801 differatur,
983 731 1052 789 de
1088 729 1462 787 instrumentis
1496 728 1614 802 ejus
1649 728 1884 807 breviter
1930 725 2069 783 inte-

471 828 577 885 rim
609 827 969 898 disputemus.
1026 824 1164 894 Quis
1198 823 1505 895 praevaleat,
1552 836 1763 894 quaeso,
1819 820 2072 891 quamvis

470 921 687 979 fervens
717 919 931 993 spiritu,
970 919 1052 975 vel
1099 917 1410 990 squalorem
1451 915 1787 985 solitudinis,
1834 916 1916 971 vel
1936 913 2072 976 sicci

473 1016 648 1087 panis,
680 1030 794 1070 non
821 1013 1021 1081 dicam,
1064 1011 1439 1084 quotidianam
1467 1009 1730 1075 esuriem,
1766 1007 1863 1065 sed
1899 1008 2073 1079 ipsam

472 1111 834 1173 saturitatem,
878 1106 1028 1163 nulla
1082 1105 1374 1161 hominum
1428 1102 1586 1159 laude
1629 1101 1908 1171 suffultus,
1960 1100 2075 1157 suis

452 1204 683 1262 ‘viribns
708 1199 1163 1271 sustinereiquis
1205 1213 1363 1270 aqum
1401 1204 1719 1268 perpetuam
1767 1195 1918 1250 sitim
1955 1194 2075 1249 sine

473 1296 700 1351 Domini
748 1292 1122 1350 consolatione
1170 1291 1438 1347 tolerare?
1466 1290 1730 1361 illumque
1764 1287 1982 1345 dulcem
2011 1302 2076 1343 ac

475 1387 846 1445 delectabilem
881 1386 1221 1442 matutinum
1242 1399 1496 1456 soporem
1525 1382 1783 1439 humanis
1826 1380 2076 1437 fraudari

475 1480 668 1550 oculis,
699 1488 754 1536 et
776 1473 802 1512 ¹³
831 1480 979 1539 intra
1002 1479 1272 1537 terminos
1299 1477 1567 1533 horarum
1594 1485 1831 1547 quatuor
1854 1490 2075 1531 omnem

476 1574 671 1647 quietis
696 1573 1051 1631 refectionem
1070 1572 1186 1647 jugi
1218 1572 1391 1644 possit
1412 1573 1531 1644 lege
1559 1570 1924 1627 concludere?
1948 1569 2079 1640 Quis

454 1661 868 1726 indesinentem
908 1661 1157 1724 lectionis
1186 1665 1544 1723 instantiam?
1586 1665 1711 1736 quis
1738 1662 2078 1719 irremissam

2180 443 2445 499 motionis
2493 441 2796 509 silentium,
2846 453 2948 496 nec
2995 437 3368 495 districtiones
3424 438 3786 513 jejuniornm,

2183 552 2285 593 nec
2314 534 2559 591 lectionis
2584 533 2921 601 instantiam,
2942 531 3033 587 illo
3061 532 3225 588 etiam
3253 540 3509 604 tempore
3533 548 3648 605 quo
3667 550 3795 605 pos-

2179 646 2395 697 sumus,
2420 644 2518 701 pro
2548 636 2740 685 nostro
2771 627 2998 683 arbitrio
3025 634 3383 696 retentamus,
3424 626 3533 683 sed
3558 628 3789 701 quibus-

2178 724 2309 781 dam
2338 721 2747 780 occurrentibus
2774 720 2975 789 causis,
3005 719 3173 777 etiam
3198 719 3509 777 invitissimi
3535 719 3801 794 frequen-

2180 827 2267 875 ter
2310 816 2644 874 retrabimur
2684 831 2716 871 a
2757 813 3085 872 salutaribus
3130 813 3419 882 institutis,
3456 815 3533 870 ita
3576 823 3658 884 ut,
3706 809 3795 873 vel

2181 915 2304 982 loci,
2336 914 2416 970 vel
2444 912 2711 985 temporis
2751 907 2965 984 copiam
2990 912 3048 967 in
3077 926 3191 984 quo
3218 910 3338 967 haec
3365 925 3621 968 exercere
3654 928 3789 985 pos-

2187 1011 2383 1077 simus,
2426 1022 2647 1066 necesse
2697 1007 2767 1063 sit
2817 1020 2922 1063 nos
2964 1020 2995 1061 a
3047 1004 3289 1060 Domino
3336 1005 3640 1077 deprecari,
3684 1022 3804 1063 nec

2185 1103 2437 1161 sufﬁcere
2478 1101 2642 1158 nobis
2680 1101 2738 1157 id
2774 1099 2922 1172 quod
2952 1113 3246 1172 possumus
3282 1106 3491 1155 certum
3540 1108 3647 1167 est,
3679 1100 3796 1157 nisi

2184 1198 2348 1253 etiam
2386 1195 2766 1269 opportunitas
2807 1190 3097 1267 peragendi
3144 1202 3209 1248 ea
3239 1206 3364 1265 qua:
3390 1190 3563 1269 nobis
3602 1192 3807 1266 utique

2184 1289 2465 1362 possibilia
2495 1297 2640 1356 sunt,
2673 1302 2703 1343 a
2750 1286 2990 1343 Domino
3040 1284 3333 1352 tribuatur,
3376 1285 3449 1344 de
3485 1285 3689 1359 quibus
3740 1295 3799 1343 et

2186 1384 2509 1457 Apostolus,
2543 1385 2806 1452 Quoniam
2832 1384 3119 1445 voluimus,
3147 1381 3344 1453 inquit,
3376 1385 3565 1437 venire
3592 1383 3669 1439 ad
3704 1399 3795 1439 vos

2191 1484 2239 1534 et
2262 1480 2421 1535 semel
2453 1482 2504 1533 et
2527 1482 2744 1546 iterum,
2771 1482 2822 1533 et
2850 1477 3130 1548 meum:
3152 1488 3246 1531 nos
3275 1477 3525 1533 Satanas
3552 1477 3599 1548 (ἰ
3640 1478 3793 1535 Tha.

2187 1576 2293 1639 11);
2316 1573 2389 1627 ita
2418 1579 2480 1627 ut
2504 1582 2925 1642 nonnumquam
2949 1584 3052 1626 nos
3083 1567 3248 1625 etiam
3288 1568 3497 1626 utiliter
3545 1570 3615 1626 ab
3664 1570 3788 1627 istis

2189 1663 2518 1736 spiritalibus
2534 1663 2832 1720 sentiamus
2860 1662 3056 1719 studiis
3090 1661 3329 1731 avocari,
3358 1670 3421 1719 ut
3443 1662 3579 1720 dum
3603 1664 3799 1720 nolen-

477 1762 661 1834 operis
688 1756 1057 1831 sedulitatem,
1091 1760 1303 1817 nullum
1342 1758 1628 1832 praesentis
1652 1758 1787 1814 lucri
1828 1772 2082 1814 commo-
2111 1775 2159 1837 Β
2191 1759 2338 1815 tibus
2364 1758 2523 1815 nobis
2560 1758 2979 1830 interrumpitur
3019 1759 3197 1814 nostri
3229 1773 3423 1815 cursus
3459 1758 3708 1833 intentio,
3740 1770 3799 1816 et

475 1856 615 1914 dum
660 1864 904 1929 captans,
946 1856 1152 1927 absque
1189 1856 1287 1911 Dei
1325 1854 1496 1928 gratia
1539 1854 1754 1925 explere
1803 1852 2078 1909 sufﬁciat?

477 1953 616 2024 Quae
643 1951 829 2006 omnia
870 1951 1012 2005 sicut
1039 1948 1331 2005 desiderari
1373 1963 1403 2004 a
1448 1948 1610 2004 nobis
1631 1946 1840 2020 jugiter
1877 1947 2081 2017 absque

475 2045 657 2101 divina
683 2044 1033 2117 inspiratione
1081 2059 1194 2099 non
1223 2051 1471 2114 possunt,
1520 2042 1594 2097 ita
1636 2057 1703 2095 ne
1741 2040 1925 2111 perfici
1957 2041 2081 2111 qui-

475 2136 601 2193 dem
632 2138 751 2192 sine
792 2136 910 2207 ejus
951 2134 1145 2190 auxilio
1188 2134 1457 2190 ullatenus
1486 2140 1718 2204 queunt.
1753 2136 1822 2189 Et
1868 2141 1930 2188 ut
1964 2135 2082 2189 haec

476 2228 669 2283 eadem
695 2244 807 2283 non
851 2226 1037 2282 solum
1083 2227 1308 2297 probata
1340 2227 1499 2282 nobis
1538 2226 1884 2298 experientiae
1913 2227 2081 2283 disci--

478 2320 644 2392 plina,
673 2319 770 2376 sed
798 2320 966 2375 etiam
998 2320 1165 2375 certis
1210 2319 1419 2375 indiciis
1450 2326 1506 2375 et
1536 2322 1876 2392 argumentis
1902 2323 2077 2377 mani-

476 2413 698 2473 festiora
737 2412 1054 2479 reddamus,
1094 2428 1281 2469 nonne
1308 2414 1361 2469 in
1388 2414 1576 2471 multis
1603 2430 1728 2488 qua:
1754 2416 1964 2472 utiliter
1987 2432 2083 2487 op-

478 2517 662 2566 tamus
690 2506 940 2581 impiere,
974 2523 1104 2564 cum
1127 2506 1386 2564 desiderii
1411 2508 1603 2580 plenus
1619 2509 1784 2566 ardor
1806 2525 1869 2565 ac
1896 2511 2084 2567 volun-

478 2611 561 2661 tas
588 2601 825 2675 perfecta
858 2618 973 2659 non
993 2602 1156 2671 desit,
1182 2602 1531 2675 interpellans
1559 2619 1927 2677 quaecumque
1962 2602 2080 2661 fra-

476 2696 661 2768 gilitas
692 2702 868 2751 cassat
921 2701 1046 2752 vota
1085 2703 1369 2767 concepta,
1419 2710 1521 2752 nec
1560 2697 1845 2769 proposito
1893 2706 2083 2754 nostro

476 2788 682 2847 assistit
708 2786 958 2857 effectus,
999 2789 1102 2847 nisi
1136 2789 1309 2847 virtus
1331 2789 1642 2862 perﬁciendi
1668 2793 1895 2848 Domini
1923 2790 2086 2849 fuerit

475 2880 831 2938 miseratione
857 2879 1078 2948 donata,
1111 2879 1187 2935 ita
1221 2888 1283 2935 ut
1307 2896 1439 2937 cum
1480 2879 1551 2937 sit
1574 2881 1865 2937 innumera
1895 2881 2083 2937 multi-

428 3028 431 3029 ν
475 2975 609 3031 tudo
639 2976 859 3031 illorum
886 2975 980 3047 qui
1011 2973 1240 3029 ﬁdeliter
1270 2973 1534 3029 virtutum
1556 2973 1749 3029 studiis
1773 2974 2085 3031 desiderent

400 3100 411 3111 κ
476 3067 768 3133 inhaerere,
794 3062 1073 3122 summam
1110 3076 1299 3121 tamen
1337 3081 1530 3121 eorum
1561 3068 1651 3137 qui
1682 3066 1798 3123 base
1828 3067 2082 3139 perficere

2188 1853 2495 1909 infirmitati
2520 1854 2699 1910 carnis
2751 1853 2899 1919 aliud
2930 1852 3263 1922 relaxamus,
3310 1853 3465 1909 etiam
3508 1853 3664 1909 inviti
3714 1854 3795 1910 ad

2189 1948 2488 2005 salutarem
2529 1947 2989 2020 perseverantiam
3015 1962 3372 2004 reservemur.
3413 1948 3488 2002 De
3518 1964 3627 2018 qua
3672 1945 3803 2002 dis-

2191 2042 2509 2115 pensatione
2558 2041 2678 2110 Dei,
2712 2041 2890 2097 simile
2936 2040 3144 2113 aliquid
3187 2041 3378 2096 beatus
3427 2040 3730 2112 Apostolus
3783 2057 3796 2091 :

2188 2138 2418 2207 Propter
2430 2136 2595 2206 quod,
2623 2134 2820 2206 inquit,
2844 2138 2923 2190 ter
2941 2137 3232 2192 Dominum
3252 2136 3464 2203 rogaui,
3493 2137 3555 2187 ut
3574 2133 3805 2190 discede.

2190 2234 2271 2286 ret
2289 2247 2323 2285 α
2346 2246 2459 2296 me;
2486 2235 2537 2285 et
2562 2230 2709 2285 discit
2733 2231 2876 2285 mihi
2898 2248 2913 2284 :
2932 2229 3153 2299 Sufﬁcit
3176 2230 3282 2284 tibi
3294 2231 3482 2299 gratia
3506 2244 3657 2294 mea;
3674 2245 3799 2284 nam

2191 2327 2365 2380 virtus
2386 2328 2445 2379 in
2465 2326 2781 2395 inﬁrmitate
2798 2326 3084 2395 perﬁcitur
3101 2325 3175 2394 (ll
3203 2324 3323 2381 Cor.
3342 2324 3551 2394 xu).Et
3566 2323 3764 2379 iterum
3784 2341 3798 2377 :

2195 2418 2343 2483 Quid
2368 2420 2511 2473 enim
2535 2433 2761 2481 oremus,
2790 2419 3079 2473 secundum
3099 2418 3245 2488 quod
3273 2421 3503 2488 oportet,
3538 2420 3805 2472 nescimus

2195 2508 2362 2580 (Rom.
2389 2510 2539 2581 vm).

2808 2604 3049 2661 CAPUT
3074 2605 3192 2659 Vll.

2193 2703 2269 2756 De
2276 2698 2554 2769 principal
2561 2701 2581 2752 i
2588 2700 2860 2769 proposito
2876 2701 2993 2762 Dei,
3013 2703 3062 2754 et
3085 2699 3439 2769 providentia
3456 2699 3802 2768 quotidiana.

2264 2790 2616 2862 Propositum
2645 2805 2879 2862 namque
2896 2791 3021 2854 Dei,
3041 2805 3151 2862 quo
3172 2806 3284 2846 non
3306 2790 3380 2847 ob
3396 2790 3505 2847 hoc
3521 2791 3804 2847 hominem

2191 2884 2393 2942 fecerat
2424 2894 2487 2942 ut
2514 2887 2731 2958 periret,
2764 2884 2859 2944 sed
2897 2895 2961 2944 ut
2987 2887 3043 2942 in
3064 2896 3392 2960 perpetuum
3422 2888 3643 2956 viveret,
3678 2902 3799 2944 ma-

2192 2988 2285 3035 net
2313 2979 2613 3038 immobile.
2666 2980 2834 3053 Cujus
2875 2981 3178 3055 benignitas
3202 2984 3226 3015 ο
3256 2998 3385 3037 cum
3418 2983 3579 3040 bona!
3611 2983 3805 3039 volun-

2194 3072 2320 3129 tatis
2340 3072 2399 3128 in
2427 3072 2586 3130 nobis
2605 3076 3169 3147 quantulamcumque
3195 3075 3491 3132 scintillam
3523 3076 3805 3133 emicuisse

479 3158 565 3214 vel
594 3157 824 3213 tolerare
846 3158 1194 3229 praevaleant,
1224 3156 1475 3214 invenias
1502 3159 1818 3217 raritatem:
1852 3170 1912 3218 ut
1939 3177 2083 3233 prm—
2114 3167 2158 3230 C
2193 3167 2546 3239 perspexerit,
2581 3167 2664 3224 vel
2698 3185 2863 3241 quam
2909 3170 3025 3243 ipse
3054 3178 3337 3242 tamquam
3380 3171 3448 3227 de
3491 3170 3626 3227 dura
3655 3170 3807 3227 silice

478 3249 787 3306 termittam
814 3249 961 3322 quod
984 3264 1054 3306 ne
1080 3257 1215 3306 tunc
1238 3250 1485 3322 quidem,
1524 3267 1653 3308 cum
1677 3253 1902 3310 omnino
1933 3256 2083 3312 nulla

382 3401 388 3407 ,
479 3358 583 3401 nos
612 3352 759 3401 arcet
796 3343 1103 3413 infirmitas,
1133 3341 1361 3401 facultas
1396 3345 1647 3401 universa
1681 3362 1804 3419 quae
1835 3349 2087 3406 volumus

2191 3261 2365 3316 nostri
2398 3261 2581 3319 cordis
2619 3264 2935 3332 excusserit,
2966 3262 3218 3320 confovet
3245 3279 3369 3321 eam
3411 3272 3465 3320 et
3497 3266 3806 3331 exsuscitat,

2196 3368 2400 3426 suaque
2424 3355 2779 3428 inspiratione
2803 3355 3100 3426 confortat,
3126 3357 3154 3394 ἀ
3178 3359 3357 3414 volens
3371 3374 3546 3414 omnes
3567 3359 3810 3413 horm‘nes

1582 3475 1836 3530 ALARDI
1876 3478 2101 3535 GAZEI
2140 3480 2702 3541 COMMENTARIUS.

468 3588 553 3651 ad
569 3588 1033 3663 justifieationem,
1056 3588 1294 3663 gratiam»
1311 3598 1373 3663 et
1388 3591 1625 3663 salutem
1655 3595 2085 3663 promerendam

483 3661 775 3736 pertineat;
815 3667 871 3713 at
903 3674 1013 3714 non
1039 3674 1203 3736 posse
1243 3660 1378 3736 illud
1408 3660 1683 3736 perficere,
1725 3673 1780 3720 et
1807 3666 1875 3721 ad
1903 3665 2085 3736 perfe-

483 3728 685 3810 ctionis
727 3729 899 3810 finem
926 3728 1637 3810 perducere,_sine'special_i
1666 3728 1731 3789 et
1753 3728 2089 3810 supernatu-

479 3802 581 3860 tali
611 3800 816 3858 auxilio
842 3800 964 3856 Dei.
987 3802 1063 3855 At
1085 3800 1352 3856 catholica
1373 3801 1566 3859 veritas
1591 3803 1749 3860 docet
1772 3800 1882 3862 nun
1905 3808 2087 3864 solum

485 3888 854 3946 progressum,
885 3870 1267 3942 perfectionem
1293 3881 1345 3927 et
1368 3875 1897 3946 consummationem
1922 3879 2093 3936 virtu-

484 3943 612 4017 tum
637 3951 689 4017 et
723 3944 993 4017 bonorum
1014 3958 1284 4017 operum,
1312 3943 1411 4017 sed
1437 3953 1491 4000 et
1515 3945 1697 4017 ipsum
1726 3948 1966 4016 initium,
1999 3951 2088 4006 in-

399 4063 402 4066 .
468 4015 853 4081 -choationem,
881 4013 1232 4084 desiderium,
1253 4013 1440 4083 ﬁdem,
1468 4013 1800 4082 orationem,
1827 4020 1921 4076 Dei
1942 4013 2089 4079 dona

486 4102 623 4153 esse,
654 4096 706 4141 et
734 4102 765 4142 a
794 4085 890 4141 Dei
922 4086 1097 4158 gratia
1122 4086 1373 4155 pendere.
1406 4090 1587 4158 Atque
1624 4088 1679 4144 in
1704 4090 1808 4146 hoc
1836 4100 1949 4148 tota
1974 4092 2090 4149 fere

487 4159 741 4215 consistit
767 4157 1137 4230 contraversia
1153 4160 1221 4212 D.
1246 4157 1571 4230 Prosperi’et
1594 4161 1830 4218 aliorum
1864 4165 2086 4220 Patrum

487 4230 748 4287 adversus
784 4228 1112 4302 Cassianum
1152 4228 1588 4302 ejusque’socios
1617 4233 1846 4289 clericos
1888 4237 2088 4291 Massi-

489 4303 872 4425 lienfeshquae
913 4299 971 4354 in
1012 4299 1302 4372 progressu
1344 4300 1508 4373 hujus
1534 4302 1839 4361 collationis
1881 4306 2089 4375 plenius

490 4388 593 4425 exn
616 4388 692 4425 ica
736 4388 749 4423 ι
782 4386 865 4424 ur.

490 4386 865 4441 explicabitur.

564 4438 587 4473 ει
611 4441 774 4521 idem
820 4438 1084 4521 superiori
1113 4441 1294 4497 collat.
1326 4458 1445 4513 cap.
1476 4444 1679 4514 penult.
1719 4454 1774 4502 et
1807 4447 1934 4514 ult.,
1961 4448 2088 4505 alibi

492 4511 692 4616 saepius
716 4509 1071 4590 inculcatum.

625 4582 743 4616 Πηη
781 4594 925 4616 onum
972 4587 1071 4616 Inh:

624 4582 743 4636 Hoc
781 4579 926 4634 enim
971 4579 1111 4653 inter
1152 4581 1255 4637 alia
1301 4584 1554 4653 perfectae
1597 4594 1651 4640 et
1695 4599 2090 4647 consummatae

494 4652 752 4709 castitatis
780 4651 1163 4722 comparandae
1202 4651 1376 4709 media
1421 4654 1535 4711 sive
1582 4656 1949 4723 inttrumenta
2003 4677 2088 4717 re-

493 4724 704 4781 censuit
753 4723 1077 4795 prazcedenti
1113 4724 1295 4780 collat.
1330 4744 1342 4780 :
1370 4728 1433 4783 Si
1459 4730 1687 4796 quietem
1709 4733 1884 4785 somni
1923 4735 2091 4788 trium

492 4800 602 4853 sive
625 4800 703 4868 (ut
722 4798 828 4872 alii
847 4796 1173 4872 statuerunt)
1189 4802 1425 4872 quatuor
1452 4800 1707 4854 horarum
1723 4805 1901 4872 spatio
1918 4808 2094 4860 termi-

494 4871 642 4939 narit
659 4889 675 4937 ;
708 4867 849 4923 unde
876 4868 1179 4939 colligimus
1208 4870 1306 4926 SS.
1338 4869 1458 4926 illos
1506 4867 1859 4929 anachorétas
1882 4885 1936 4930 et
1965 4891 2089 4932 mo-

493 4913 725 5001 nachos,
767 4913 1035 5012 perfecté3
1060 4940 1322 4997 castitatis
1351 4913 1936 5012 δηιδῐοῗθέιῖδῇυἷίξῖ
2122 4913 2172 4975 D

496 5017 799 5087 quatuorve
812 5008 990 5087 horas
1018 5025 1211 5087 somno
1250 5021 1304 5087 et
1344 5013 1509 5087 quieti
1554 5008 1904 5073 concessisse.
1931 5019 2090 5087 Quod

494 5080 659 5138 etiam
687 5096 761 5137 ex
801 5080 1041 5137 Cassiani
1083 5082 1234 5140 libris
1264 5080 1503 5143 Institut.
1555 5088 1795 5145 secundo
1840 5099 1895 5145 et
1931 5080 2088 5146 tartio

496 5154 658 5211 datur
699 5152 942 5225 intelligi,
1007 5153 1096 5209 ubi
1133 5154 1332 5211 dicitur
1374 5172 1485 5213 non
1533 5158 1751 5216 licuisse
1808 5161 2088 5217 monachis

497 5236 620 5297 post
659 5235 991 5282 nocturnum
1033 5226 1280 5283 officium
1327 5235 1382 5282 et
1428 5230 1640 5286 Laudes
1681 5232 1978 5287 matutinas
2017 5232 2085 5286 ad

492 5313 752 5354 somnum
770 5300 993 5364 reverti;
1017 5298 1111 5369 sed
1127 5299 1300 5355 noctis
1334 5300 1613 5357 residuum
1643 5300 1897 5369 orationi,
1922 5302 2089 5358 medi-

492 5369 706 5431 tationi,
746 5370 828 5425 vel
880 5368 1053 5442 operi
1080 5384 1344 5426 manuum
1372 5370 1441 5427 ab
1466 5372 1546 5427 eis
1581 5370 1743 5427 fuisse
1775 5371 2087 5442 impensum

490 5442 628 5511 (Lib.
661 5457 709 5498 ιι
736 5458 779 5497 c.
819 5446 881 5496 13
911 5444 961 5496 et
991 5440 1085 5494 lib.
1122 5455 1189 5495 ur
1212 5458 1257 5496 c.
1303 5444 1379 5511 5).
1415 5443 1583 5497 Fuere
1611 5449 1797 5497 autem
1831 5440 2085 5503 nonnulli

488 5514 578 5584 qui
614 5529 713 5568 nec
750 5514 911 5568 unius
942 5511 1092 5584 horae
1117 5512 1353 5583 spatium
1383 5512 1483 5568 sibi
1523 5513 1592 5569 ad
1621 5529 1877 5571 somnum
1904 5515 2082 5573 indul-

487 5581 676 5656 gerent
723 5602 737 5639 :
775 5584 918 5656 unde
943 5581 1227 5654 ἆκοίμητξοι,
1266 5584 1319 5639 id
1353 5593 1436 5641 est
1488 5584 1783 5656 insomnes,
1814 5587 1965 5644 dicti.
1997 5593 2083 5646 De

486 5653 972 5730 QuibusEvagrius
996 5653 1207 5730 Hister.
1231 5656 1546 5730 Ecclesiast.
1571 5657 1663 5712 lib.
1690 5653 1778 5715 ιη’
1794 5675 1915 5730 cap.
1943 5667 2009 5721 19
2032 5667 2081 5717 et

484 5723 575 5782 20.
602 5723 786 5799 abbas
822 5723 1101 5799 Arsenius,
1135 5735 1197 5782 ut
1220 5736 1304 5783 est
1346 5729 1401 5782 in
1438 5728 1574 5784 Vitis
1622 5732 1844 5786 Patrum
1862 5723 2010 5799 '(Lib.
2046 5749 2081 5789 ν

485 5798 662 5853 libello
681 5794 713 5851 4
727 5811 875 5852 nova:
894 5795 1187 5867 editionis),
1205 5803 1318 5855 tota
1335 5804 1484 5858 nocte
1502 5802 1800 5872 vigilabat;
1816 5807 1868 5860 et
1882 5794 2083 5876 quanto

2193 3600 2403 3655 volebat
2429 3604 2569 3655 circa.
2595 3616 2752 3655 mane
2766 3607 2990 3671 propter
3010 3606 3227 3657 natura:
3264 3605 3629 3658 necessitatem
3676 3604 3806 3658 dor-

2194 3674 2352 3737 mire,
2374 3671 2586 3744 dicebat
2610 3688 2825 3727 somno:
2854 3675 3011 3737 Veni,
3029 3689 3176 3728 serve
3195 3675 3332 3727 male
3350 3692 3366 3735 ;
3387 3678 3437 3726 et
3454 3689 3517 3744 su
3529 3675 3810 3744 rripiebat

2191 3743 2510 3812 paucaillum
2551 3746 2727 3797 somni
2751 3743 3002 3807 sedendo,
3030 3750 3081 3798 et
3104 3748 3285 3799 statim
3312 3743 3577 3810 surgebat.
3611 3743 3811 3800 ’Plura

2199 3810 2446 3885 exempla
2488 3812 2654 3885 habes
2681 3814 2825 3885 apud
2857 3815 3165 3870 Palladium
3188 3816 3262 3884 (In
3286 3816 3481 3885 litatur.
3506 3816 3813 3885 Lausdzca)

2203 3883 2259 3939 in
2287 3886 2478 3956 Moyse
2505 3883 2779 3955 Etliiope,
2814 3885 3073 3951 Macario,
3107 3896 3163 3941 et
3189 3883 3482 3956 aliis._Vi_de
3501 3883 3816 3956 Turrecre4

2201 3954 2416 4029 matqu
2450 3955 2504 4010 in
2530 3971 2650 4028 cap.
2683 3954 2751 4010 23
2785 3956 3106 4029 RegulaagD.
3148 3954 3440 4020 Benedicti,
3466 3955 3561 4010 ubi
3605 3965 3810 4014 contra

2201 4027 2585 4100 somnoleutos
2600 4026 2915 4100 monachos
2944 4027 3072 4100 agit.

2272 4106 2293 4133 ο
2317 4098 2421 4152 Hic
2440 4098 2665 4170 demum
2686 4099 2870 4170 incipit
2890 4098 3105 4170 Auctor
3128 4098 3337 4170 aperire
3357 4106 3598 4153 mentem
3619 4114 3803 4161 suam,

2202 4176 2256 4223 et
2289 4172 2489 4253 erroris
2520 4169 2761 4252 initium,
2787 4169 2973 4253 quod.
2989 4169 3234 4253 sequenti
3254 4242 3264 4252 ι
3274 4170 3673 4253 capiteciarius
3709 4186 3805 4225 ex-

2205 4240 2379 4309 ponit.
2408 4241 2584 4311 Quam
2611 4241 2754 4296 enim
2787 4240 2877 4297 hic
2902 4240 3360 4311 scintillamhillic
3386 4250 3570 4295 ortum
3601 4255 3796 4311 quem-

2201 4302 2328 4368 dam
2349 4302 2508 4368 bona:
2527 4313 2818 4368 voluntatis
2835 4321 3007 4379 vocat,
3027 4313 3119 4367 ubi
3131 4302 3318 4368 de'ﬁoc
3334 4311 3496 4367 latius
3515 4302 3803 4383 agendum.

2272 4382 2298 4418 τι
2335 4386 2357 4437 Ι
2406 4384 2614 4439 Timet.
2647 4399 2690 4439 It
2739 4403 2750 4439 :
2791 4387 2979 4442 Coram
3014 4384 3293 4440 Saluatore
3320 4391 3502 4438 nostro
3551 4382 3672 4445 Deo,
3709 4385 3807 4452 qui

2201 4469 2379 4508 omnes
2399 4455 2635 4509 homines
2654 4456 2769 4510 vult
2793 4457 2965 4511 salvos
2988 4458 3126 4525 ﬁeri,
3158 4459 3207 4510 et
3232 4455 3307 4509 ad
3328 4457 3659 4525 agnitionem
3676 4457 3803 4508 reri-

2203 4527 2336 4598 tatis
2360 4527 2556 4579 venire.
2582 4526 2750 4598 Cujus
2777 4527 3063 4598 sententiae
3091 4526 3233 4598 varia
3263 4531 3348 4580 est
3375 4526 3667 4598 expositio.
3686 4526 3807 4580 Tri—

2202 4594 2392 4666 plicem
2419 4611 2481 4650 ex
2514 4594 2762 4653 Patribus
2794 4596 2958 4654 affert
2991 4600 3046 4654 S.
3076 4596 3322 4652 Thomas
3354 4603 3396 4661 (1
3436 4594 3588 4669 part.
3619 4614 3671 4665 q.
3705 4601 3801 4659 89,

2200 4672 2306 4720 art.
2350 4670 2399 4736 6)
2433 4685 2449 4720 :
2480 4669 2643 4734 Illud,
2677 4669 2870 4740 inquit,
2926 4670 3147 4725 uerbum
3195 4669 3466 4738 Apostoli,
3490 4669 3801 4740 quodDeus

2200 4740 2316 4792 vult
2345 4754 2520 4794 omnes
2545 4739 2775 4796 homines
2800 4742 2970 4796 salvos
2999 4742 3141 4809 ﬁeri,
3172 4747 3301 4801 etc.,
3325 4745 3500 4809 potest
3520 4739 3803 4808 mpliciter

2204 4810 2464 4879 intell-igi.
2511 4813 2620 4866 Uno
2644 4812 2818 4874 modo,
2840 4818 2901 4866 ut
2930 4815 3003 4865 sit
3021 4811 3357 4866 accommoda
3379 4810 3681 4865 distributio
3708 4824 3801 4863 se-

2200 4882 2434 4935 cundum
2468 4883 2607 4938 hunc
2656 4898 2868 4939 sensum
2903 4900 2915 4937 :
2948 4887 3087 4940 Deus
3111 4884 3231 4937 vult
3265 4882 3434 4936 salvos
3474 4883 3596 4950 ﬁeri
3622 4895 3802 4933 omnes

2201 4952 2436 5008 homines
2477 4957 2578 5023 qui
2612 4956 2911 5009 salvantur.
2954 4957 3068 5011 Non
3112 4956 3245 5022 quia
3292 4954 3479 5006 nullus
3528 4954 3666 5006 homo
3715 4953 3802 5005 sit

2200 5039 2355 5093 quem
2386 5022 2592 5079 salvum
2611 5028 2733 5095 ﬁeri
2754 5042 2859 5081 non
2886 5027 3034 5088 uelit,
3055 5026 3149 5080 sed
3170 5027 3300 5094 quia
3319 5025 3501 5078 nullus
3523 5024 3688 5095 salvus
3714 5022 3803 5095 sit

2198 5090 2351 5164 quem
2379 5113 2484 5151 non
2506 5090 2634 5152 uelit
2653 5097 2860 5152 salvum
2885 5100 3023 5167 ﬁeri,
3052 5101 3115 5150 ut
3140 5090 3274 5151 dicit
3292 5097 3619 5167 Augustinus
3640 5090 3801 5167 (Lib.

2197 5162 2225 5220 ῐ
2240 5167 2305 5222 de
2334 5169 2649 5223 Prcedestin.
2682 5162 2924 5225 Sanctor.
2953 5185 2997 5223 c.
3027 5167 3103 5239 8).
3147 5162 3577 5237 Secundo’potést
3598 5163 3807 5217 intelli.

2198 5240 2277 5306 gi,
2298 5245 2360 5295 ut
2378 5243 2475 5309 ﬁat
2503 5240 2819 5295 distributio
2837 5257 2939 5311 pro
2970 5240 3251 5309 generibus
3291 5240 3644 5307 singulorum.
3660 5249 3801 5311 Δηοη

2192 5324 2295 5378 pro
2316 5308 2548 5378 singulis
2576 5308 2858 5380 generum;
2870 5308 3160 5368 secundum
3192 5313 3331 5366 hunc
3368 5324 3575 5365 sensum
3602 5326 3617 5360 :
3652 5308 3806 5360 Deus

2197 5380 2313 5435 vult
2342 5381 2408 5433 de
2435 5384 2666 5450 quolibet
2690 5388 2838 5439 statu
2866 5384 3139 5438 hominum
3180 5382 3353 5437 salvos
3381 5385 3519 5450 ﬁeri,
3548 5391 3711 5433 narres
3744 5382 3808 5431 et

2192 5452 2451 5518 feminas,
2472 5454 2681 5510 Judceos
2707 5461 2757 5511 et
2778 5457 3023 5524 gentiles,
3046 5469 3241 5525 parvos
3260 5458 3311 5508 et
3327 5466 3555 5525 magnus,
3582 5463 3685 5525 non
3711 5450 3807 5501 ta-

2194 5537 2314 5578 men
2324 5539 2498 5581 omnes
2509 5526 2573 5581 de
2583 5522 2815 5596 singulis
2828 5522 3078 5581 statibus.
3090 5527 3287 5593 Tertio,
3306 5522 3732 5596 secundum‘Dam
3742 5536 3811 5596 a-

2193 5599 2566 5673 scenum_<Lib.
2597 5612 2646 5652 Π
2665 5592 2730 5673 de
2756 5599 2887 5673 Fide
2905 5614 2949 5654 ο.
2979 5602 3059 5665 9),
3083 5598 3413 5666 intelligitur
3436 5596 3499 5673 de
3519 5592 3807 5673 uoluntate

2196 5669 2558 5737 antecedente,
2570 5685 2673 5725 non
2688 5661 3038 5725 devolantate
3048 5661 3415 5737 consequente.
3435 5668 3561 5733 Qua
3579 5661 3803 5737 quid?"

2192 5737 2468 5813 distinctio
2491 5734 2598 5796 nan
2617 5745 2882 5813 accipitur
2903 5759 2972 5798 ea:
2988 5747 3150 5812 parte
3172 5734 3473 5795 uoluntatis
3495 5739 3700 5813 diuinis,
3728 5734 3802 5784 in

2192 5826 2301 5882 qua
2318 5812 2458 5868 nihil
2469 5817 2546 5869 est
2558 5816 2719 5884 prius
2727 5809 2821 5870 'vel
2831 5809 3218 5885 posteiius,sed
3235 5827 3307 5869 ex
3316 5818 3477 5884 parte
3494 5809 3769 5866 voliturum
3780 5844 3797 5857 .
