4040 6206
322 307 422 361 909

1272 303 1608 360 COLLATIO
1647 306 1785 360 Xlll.
1821 333 1894 345 —
1931 305 2020 360 DE
2057 305 2540 364 PROTECTIONE
2579 311 2711 366 DEI.

3533 322 3638 378 910

323 433 498 489 salvos
511 431 1144 502 ﬁeri,etadagnitionem
1161 431 1416 498 veritatis
1435 431 1676 497 venireﬂ
1696 427 1925 487 Timoth.
1956 434 2008 496 Α
2037 429 2166 498 tur,
2187 430 2262 488 ita
2300 431 2581 505 Scriptura
2613 440 2846 492 testante
2878 455 2890 492 :
2923 439 3063 505 Quia
3087 443 3230 496 Deus
3249 445 3474 497 mortem
3524 459 3636 500 non

323 529 412 592 ιι).
441 525 581 592 Quia
615 537 723 579 non
747 528 850 592 est,
897 521 1097 596 inquit,
1123 523 1372 578 wizmtas
1411 525 1540 578 ante
1582 523 1802 578 Patrem
1843 537 1932 578 ve-

329 623 503 676 strum
525 619 626 688 qui
638 621 699 673 in
719 618 866 674 caelis
893 621 992 681 est,
1016 621 1080 673 ut
1099 621 1290 688 pereat
1313 630 1452 673 unus
1477 632 1548 672 ea:
1561 613 1786 688 pusillis
1807 619 1928 672 istis

324 710 538 783 (Matth.
571 715 765 782 xvur).
815 714 880 767 Et
919 709 1120 768 iterum
1159 729 1174 767 :
1204 711 1325 769 Non
1350 710 1470 765 vult
1492 751 1508 779 ,
1537 708 1741 794 inquit,
1788 711 1928 766 Deus

315 809 494 878 perire
511 809 774 872 animam,
799 805 894 862 sed
912 809 1175 862 retractat
1201 807 1444 876 cogitans
1459 807 1634 875 (Lips.
1663 807 1724 860 in
1747 819 1924 875 marg.

319 911 619 960 retractans
644 899 874 974 cogitat]
895 913 968 956 ne
994 903 1216 971 penitus
1238 903 1428 970 pereat
1456 900 1558 969 qui
1581 897 1830 968 abjectus-
1849 901 1926 954 est

320 999 389 1064 (Il
415 999 547 1066 Reg.
578 999 727 1061 xxv).
762 997 944 1050 Verax
969 1007 1209 1066 namque
1254 1001 1347 1050 est
1401 997 1456 1050 et
1493 1007 1606 1048 non
1637 991 1923 1050 mentitur.

304 1091 485 1157 Deus,
529 1101 661 1144 cum
690 1087 1059 1144 obtestatione
1099 1086 1372 1144 deﬁniens
1411 1105 1426 1142 :
1486 1089 1620 1146 Vivo
1647 1102 1763 1156 ego,
1790 1087 1924 1142 dicit

315 1186 572 1240 Dominus
589 1186 748 1246 Deus,
769 1183 900 1252 quia
923 1183 1046 1239 nolo
1064 1185 1286 1239 mortem
1306 1183 1484 1252 impii,
1505 1180 1600 1238 sed
1623 1183 1687 1235 ut
1707 1193 1920 1238 conver-

317 1279 468 1332 tatur
493 1293 528 1332 a
548 1279 641 1332 via
668 1291 771 1332 sua
793 1279 844 1332 et
861 1277 1012 1331 vivat
1044 1275 1257 1344 (Ezech.
1281 1278 1522 1342 χχχιιι).
1554 1271 1661 1346 Qui
1693 1273 1839 1328 enim
1859 1280 1922 1328 ut

211 1431 217 1438 ρ
316 1377 502 1442 pereat
529 1385 669 1426 unus
704 1383 779 1424 ex
808 1367 1018 1440 pusillis
1053 1382 1167 1424 non
1191 1365 1358 1422 habet
1385 1365 1744 1434 voluntatem,
1774 1379 1921 1436 quo-

314 1461 488 1520 modo
507 1462 627 1520 sine
663 1460 868 1532 ingenti
896 1459 1176 1532 sacrilegio
1204 1457 1481 1531 putandus
1508 1465 1615 1528 est,
1651 1473 1765 1516 non
1793 1458 1920 1515 uni-

307 1555 596 1612 versaliter
619 1569 834 1622 omnes,
869 1553 967 1610 sed
1005 1552 1273 1626 quosdam
1295 1551 1472 1608 salvos
1497 1551 1616 1607 ﬁeri
1647 1551 1783 1608 velle
1813 1566 1918 1622 pro

308 1648 610 1707 omnibus?
635 1659 662 1684 ⁸
692 1649 832 1722 Ergo
859 1647 1196 1722 quicumque
1243 1657 1504 1722 pereunt,
1549 1657 1751 1724 contra
1774 1647 1920 1705 illius

302 1750 544 1816 pereunt
587 1743 964 1813 voluntatem,
995 1743 1072 1802 ita
1125 1758 1190 1802 eo
1228 1751 1422 1800 contra
1472 1756 1922 1814 unumquemque

2035 525 2184 593 fecit,
2211 541 2308 581 nec
2332 527 2536 596 gaudet
2573 529 2633 583 in
2677 529 2977 599 perditione
3001 534 3241 589 vivorum
3273 534 3532 606 (Sapient.
3561 536 3628 607 ι).

2037 619 2111 674 Et
2127 616 2253 676 inde
2273 627 2358 677 est
2383 619 2534 692 quod
2561 621 2884 696 plerumque
2901 623 3033 682 dum
3055 641 3154 698 pro
3177 627 3332 693 ubis
3358 631 3635 687 contraria

2035 711 2403 784 postulamus,
2449 715 2532 772 vel
2554 714 2779 787 tardius
2807 717 2889 774 vel
2935 731 3278 792 nequaquam
3317 731 3504 780 nostra
3535 739 3632 780 ex-

2033 807 2260 864 auditur
2303 809 2509 878 oratio;
2559 817 2616 866 et
2664 816 2854 868 rursus
2874 852 2890 880 ,
2920 827 2982 868 ea
3026 828 3153 885 qua:
3195 813 3473 872 credimus
3517 831 3636 874 esse

2033 903 2326 973 contraria,
2358 904 2586 976 utiliter,
2612 913 2673 962 ut
2699 906 3126 980 benignissimus
3166 909 3434 978 medicus,
3465 910 3636 968 etiam

2031 993 2374 1054 invitissimis
2415 999 2688 1056 Dominus
2713 999 2916 1056 inferre
2944 1000 3232 1074 dignatur;
3264 1014 3327 1061 ac
3351 1019 3630 1060 nonnum-

2027 1103 2200 1160 quam
2259 1089 2596 1160 perniciosas
2667 1091 3054 1163 dispositiones
3097 1103 3314 1152 nostras
3379 1096 3629 1155 lethales-

2025 1195 2134 1254 que
2196 1192 2430 1240 conatus
2481 1183 2554 1240 ab
2615 1184 2816 1242 effectu
2891 1187 3199 1244 detestabili
3267 1191 3506 1248 retardat
3567 1207 3632 1247 ac

2028 1283 2279 1344 revocat;
2331 1291 2397 1331 ac
2462 1286 2814 1349 properantes
2859 1277 2928 1334 ad
2994 1287 3232 1336 mortem
3283 1281 3514 1338 retrahit
3563 1283 3636 1340 ad

2026 1365 2282 1437 salutem,
2333 1376 2388 1425 et
2457 1369 2526 1425 de
2585 1369 2784 1426 inferni
2854 1370 3098 1428 faucibus
3169 1374 3400 1431 extrahit
3469 1375 3628 1448 igno-

2027 1471 2232 1518 rantes.
2278 1517 2282 1520 ,

2611 1556 2858 1611 CAPUT
2899 1557 3051 1610 VIII.

2298 1649 2374 1702 De
2405 1649 2589 1716 gratia
2612 1649 2732 1716 Dei,
2773 1648 2825 1704 et
2847 1649 3074 1704 arbitrii
3100 1651 3362 1706 libertate.

2101 1741 2282 1811 Quam
2319 1757 2507 1800 curam
2533 1749 2698 1814 atque
2725 1742 3130 1815 providentiam
3157 1745 3299 1803 circa
3339 1761 3442 1803 nos
3465 1763 3623 1804 suam

302 1850 505 1894 eorum
533 1835 782 1908 quotidie
797 1837 1173 1910 proclamante
1196 1857 1210 1892 :
1231 1839 1621 1896 Convertimini
1641 1853 1676 1892 a
1702 1839 1805 1892 viis
1828 1852 1924 1892 ue—
1955 1821 2135 1892 B-sub
2187 1834 2362 1908 ﬁgura
2402 1835 2702 1892 meretricis
2757 1837 3065 1894 Jerusalem
3107 1845 3162 1894 et
3207 1839 3506 1912 perniciosa
3556 1840 3626 1898 ad

300 1933 432 1988 stris
440 1933 776 2004 pessimis,et
789 1948 958 2003 quare
969 1933 1294 1996 moriemini,
1309 1931 1498 1988 domus
1514 1932 1686 1986 Israel
1699 1928 1923 2002 (Ibid)?

299 2027 373 2082 Et
401 2027 611 2084 iterum
637 2043 652 2080 :
689 2029 904 2093 Quoties
929 2027 1081 2082 volui
1107 2041 1433 2096 congregare
1458 2026 1596 2096 ﬁlios
1617 2030 1758 2094 tuos,
1779 2027 1919 2082 sicut

297 2121 524 2190 gallina
549 2121 1022 2190 congregatpullos
1043 2135 1164 2177 suos
1189 2121 1292 2176 sub
1313 2122 1434 2176 alas
1455 2135 1605 2184 suas,
1623 2123 1676 2175 et
1695 2121 1922 2176 noluisti

301 2215 540 2284 (Matth.
569 2217 786 2283 1x111)?
809 2217 880 2271 Et
907 2231 1096 2286 quare,
1127 2213 1322 2288 inquit,
1343 2229 1566 2270 aversus
1585 2217 1664 2270 est
1683 2215 1917 2286 populus

293 2313 400 2368 iste
412 2314 480 2366 in
501 2311 814 2382 Jerusalem,
831 2313 1106 2370 aversione
1120 2312 1451 2368 contentiosa
1464 2313 1492 2366 ?
1515 2311 1917 2367 Induraverunt

285 2408 466 2476 facies
498 2405 672 2475 (Lips.
695 2409 754 2460 in
765 2421 944 2476 marg.
967 2404 1218 2480 cervices]
1239 2421 1386 2474 suas,
1410 2407 1698 2460 notuerunt
1713 2408 1914 2462 reverti

288 2501 524 2569 (Ierem.
555 2507 712 2566 vm).
745 2492 996 2555 ’Praasto
1024 2505 1107 2555 est
1134 2513 1260 2571 ergo
1285 2497 1526 2571 quotidie
1557 2497 1758 2554 Christi
1787 2513 1914 2570 gra-

282 2595 384 2662 tia,
415 2609 555 2667 qua:
577 2593 713 2652 dum
737 2596 854 2651 vult
889 2611 1067 2652 omnes
1091 2596 1328 2651 homines
1367 2595 1540 2650 salvos
1568 2597 1728 2666 ﬁeri,
1761 2600 1811 2652 et
1838 2595 1914 2651 ad

282 2690 642 2760 agnitionem
669 2691 919 2744 veritatis
939 2691 1141 2754 venire,
1163 2696 1395 2745 cunctos
1413 2687 1622 2761 absque
1631 2687 1746 2745 ulla
1767 2700 1916 2746 exce-

278 2785 484 2858 ptione
521 2791 808 2852 convocat,
840 2782 1065 2841 dicens:
1102 2785 1290 2843 Venite
1314 2782 1390 2838 ad
1431 2799 1550 2847 me,
1596 2797 1773 2838 omnes
1815 2786 1914 2852 qui

277 2877 482 2934 labora
499 2877 568 2932 tis
577 2880 629 2932 et
639 2879 853 2933 onerati
857 2879 1006 2941 estis,
1027 2861 1077 2933 et
1090 2893 1184 2947 ego
1207 2877 1447 2947 reﬁciam
1462 2891 1550 2931 vos
1571 2873 1784 2947 (Matth.
1800 2873 1884 2946 x1)
1894 2916 1908 2930 .

276 2972 338 3030 Si
363 2977 572 3028 autem
593 2984 706 3026 non
735 2985 928 3026 omnes
964 2971 1358 3040 universaliter,
1389 2969 1488 3026 sed
1523 2969 1796 3040 quosdam
1823 2967 1914 3026 ad-

279 3069 482 3132 vocat,
515 3061 765 3133 sequitur
789 3069 851 3116 ut
866 3075 968 3118 nec
982 3041 1198 3119 omnes
1211 3063 1323 3118 sint
1349 3061 1589 3130 onerati,
1618 3063 1701 3119 vel
1741 3063 1917 3134 origi-

277 3159 406 3218 nali
451 3158 541 3215 vel
588 3155 788 3215 actuali
821 3165 1062 3228 peccato,
1093 3173 1193 3214 nec
1242 3173 1367 3213 vera
1389 3157 1463 3214 sit
1484 3157 1573 3212 illa
1599 3157 1866 3214 sententia
1899 3176 1912 3211 :

2029 1928 2306 1986 idolorum
2361 1930 2573 1987 cultum
2629 1929 3243 2004 alacritate'tendentis,
3283 1949 3379 2007 per
3405 1937 3621 1992 'Oseam

2030 2024 2354 2096 prophetam
2399 2040 2585 2082 sermo
2627 2025 2844 2084 divinus
2880 2027 3149 2100 eleganter
3199 2031 3482 2102 expressit.
3523 2029 3628 2086 Di-

2025 2127 2182 2176 cente
2224 2134 2462 2191 namque
2488 2133 2555 2176 ea
2586 2135 2602 2176 :
2648 2122 2862 2177 Vadam
2881 2127 3007 2192 post
3033 2127 3302 2179 amatores
3323 2139 3464 2179 meos
3483 2165 3500 2188 ,
3530 2126 3634 2194 qui

2025 2213 2160 2268 dant
2171 2215 2338 2284 panes
2356 2214 2511 2278 mihi,
2529 2217 2581 2268 et
2598 2229 2769 2284 aquas
2787 2229 2955 2280 meas,
2979 2215 3162 2271 lanam
3176 2232 3368 2280 meam,
3387 2222 3437 2272 et
3457 2217 3630 2272 linum

2023 2321 2216 2376 meum,
2248 2307 2419 2362 oleum
2441 2321 2638 2371 meum,
2668 2312 2722 2362 et
2753 2313 2948 2378 potum
2975 2325 3174 2380 meum,
3211 2310 3515 2382 respondit,
3548 2325 3625 2367 sa-

2021 2398 2123 2454 luti
2148 2399 2302 2472 ejus,
2328 2415 2450 2456 non
2479 2398 2767 2468 voluntati,
2787 2400 3083 2458 consulens
3114 2400 3295 2458 divina
3325 2402 3571 2476 dignatio
3609 2421 3622 2457 :

2020 2495 2152 2550 Ecce
2168 2509 2259 2565 ego
2283 2497 2488 2565 sepiam
2509 2497 2650 2550 viam
2684 2495 2798 2565 ejus
2822 2498 3018 2567 spinis,
3047 2501 3100 2552 et
3120 2499 3324 2567 sepiam
3349 2513 3464 2552 eam
3501 2513 3624 2554 ma-

2019 2591 2182 2654 ceria,
2213 2593 2264 2646 et
2287 2593 2506 2648 semitas
2539 2604 2667 2646 suas
2695 2605 2800 2645 non
2827 2592 3078 2654 inveniet,
3099 2595 3150 2646 et
3175 2596 3428 2662 sequetur
3451 2607 3611 2647 ama-

2021 2685 2160 2738 tores
2176 2698 2320 2748 suos,
2341 2687 2396 2739 et
2414 2698 2523 2739 non
2553 2683 2917 2753 apprehcndet
2934 2701 2954 2751 ς
2973 2687 3028 2740 et
3063 2689 3268 2754 qureret
3283 2700 3387 2748 eos,
3417 2700 3510 2738 nec
3525 2685 3624 2738 in-

2019 2783 2191 2836 veniet
2212 2781 2352 2849 illos,
2368 2784 2422 2836 et
2443 2780 2618 2836 dicet:
2639 2781 2898 2836 Revertar
2914 2779 3168 2834 advirum
3182 2795 3358 2836 meum
3376 2781 3616 2850 priorem

2017 2877 2148 2946 quia
2163 2875 2286 2930 bene
2305 2875 2572 2931 mihierat
2597 2877 2724 2930 tunc
2738 2875 2914 2944 magis
2932 2889 3096 2944 quam
3115 2890 3260 2930 nunc
3273 2879 3351 2930 est
3374 2875 3512 2946 (Ose.
3529 2873 3621 2946 ιι).

2021 2970 2104 3024 Ac
2123 2980 2320 3024 rursus
2357 2967 2735 3024 contumacius
2773 2973 2987 3022 nostras
3029 2975 3195 3038 atque
3232 2975 3581 3040 contemptus
3607 3007 3622 3036 ,

2021 3060 2218 3134 quibus
2241 3076 2368 3118 eum
2396 3060 2466 3118 ad
2503 3061 2772 3118 salutares
2800 3059 3122 3116 invitantem
3150 3076 3402 3118 recursus
3431 3059 3617 3117 rebelli

2022 3155 2210 3228 spiritu
2233 3156 2622 3228 dedignamur,
2653 3156 2747 3212 tali
2776 3155 3190 3228 comparatione
3213 3156 3472 3213 describit
3505 3175 3517 3211 :
3551 3161 3622 3213 Et

285 3255 502 3312 Omnes
532 3253 673 3306 enim
690 3253 1042 3320 peccaverunt
1065 3256 1120 3306 et
1145 3257 1302 3320 egent
1329 3253 1505 3322 gloria
1533 3253 1652 3315 Dei,
1678 3266 1782 3307 nec
1815 3268 1918 3322 per
1946 3242 1991 3306 C
2025 3250 2168 3314 dimi,
2199 3251 2397 3322 inquit,
2427 3253 2648 3306 Patrem
2683 3251 2897 3306 vocabis
2925 3266 3028 3314 me,
3073 3255 3124 3305 et
3144 3254 3268 3320 post
3304 3267 3387 3306 me
3412 3251 3627 3320 ingredi

283 3361 490 3404 omnes
523 3345 762 3400 homines
775 3359 919 3399 mors
935 3347 1295 3416 pertransisse
1316 3343 1573 3400 credatur
1591 3348 1766 3412 (Rom.
1791 3345 1910 3418 ιιι).

279 3445 366 3499 Et
394 3441 459 3495 in
492 3445 711 3496 tantum
737 3453 932 3496 omnes
956 3438 1048 3511 qui
1071 3446 1319 3511 pereunt,
1340 3447 1534 3496 contra
1562 3439 1666 3497 Dei
1687 3448 1917 3512 pereunt

276 3530 674 3598 voluntatem,
699 3537 760 3585 ut
780 3545 880 3586 nec
901 3530 1078 3602 ipsam
1095 3537 1335 3588 mortem
1363 3533 1514 3588 Deus
1537 3529 1738 3588 fecisse
1769 3531 1912 3587 dica-

2021 3356 2130 3397 non
2154 3342 2396 3397 cessabis.
2418 3343 2524 3399 Sed
2552 3343 2814 3412 quomodo
2833 3345 2882 3396 si
2913 3346 3213 3398 contemnat
3247 3345 3440 3398 mulier
3466 3359 3624 3398 ama-

2025 3437 2188 3492 torem
2215 3451 2395 3504 suum,
2417 3437 2495 3490 sic
2521 3437 2835 3506 contempsit
2872 3451 2956 3492 me
2981 3437 3170 3491 domus
3198 3438 3387 3501 Israel,
3417 3439 3498 3492 ait
3525 3441 3621 3492 Do-

2021 3533 2204 3586 minus
2229 3531 2440 3598 (Jirem.
2453 3535 2572 3598 ιιι).
2589 3529 2733 3586 Satis
2759 3545 3018 3602 congrue,
3034 3529 3296 3602 quoniam
3315 3531 3620 3586 Jerusalem

1408 3685 1663 3752 ALARDI
1703 3683 1929 3738 GAZJEI
1966 3681 2524 3738 COMMENTARIUS.

272 3823 428 3878 Haec
444 3821 511 3895 S.
542 3821 802 3890 Thomas,
828 3821 1104 3895 explicans
1122 3821 1320 3878 deinde
1343 3823 1587 3894 pluribus
1611 3821 1911 3895 qumrdica-

267 3902 375 3950 tur
407 3893 684 3974 voluntas
698 3893 1039 3974 antecedens,
1063 3907 1187 3960 quae
1198 3893 1536 3974 consequens
1557 3893 1716 3962 ;quae
1741 3894 1910 3974 lector

261 3963 436 4037 apud
475 3963 668 4030 ipsum
702 3963 966 4030 requirat.
1000 3965 1172 4016 Porro
1201 3963 1524 4016 Damasceni
1550 3963 1818 4017 sententia
1839 3963 1911 4018 de

260 4037 592 4090 voluntate
624 4030 717 4084 Dei
754 4029 1109 4101 antecedente
1127 4039 1180 4084 et
1207 4039 1572 4101 consequente
1593 4032 1675 4086 sic
1703 4032 1908 4088 habet:

255 4101 599 4163 Sciendum
616 4104 694 4154 est
706 4103 874 4156 Deum
891 4100 1259 4156 antecedenter
1270 4100 1404 4155 velle
1416 4117 1593 4157 omnes
1610 4104 1838 4165 salvari,
1860 4109 1912 4158 et

257 4187 462 4246 regno
493 4173 674 4246 ipsius
696 4173 888 4241 potiri.
907 4174 1026 4246 Non
1043 4173 1183 4246 mnu
1204 4172 1280 4226 ad
1287 4173 1626 4246 puniendum
1649 4175 1912 4240 formavit

255 4243 376 4304 nos
394 4265 416 4312 ;
449 4243 582 4305 sed,
609 4247 888 4313 tamquam
902 4243 1085 4306 bonus,
1097 4245 1172 4298 ad
1182 4258 1295 4298 sure
1316 4243 1572 4299 bonitatis
1582 4248 1908 4300 communio-

250 4333 400 4376 nem
417 4335 438 4382 ;
446 4319 770 4386 peccatores
778 4319 956 4370 autem
964 4315 1082 4368 vult
1084 4317 1304 4384 punire,
1328 4320 1608 4386 tamquam
1611 4315 1644 4385 j
1647 4319 1910 4372 ustus.Di-

249 4393 428 4446 citur
447 4401 598 4455 ergo
615 4387 774 4455 prior
799 4386 1046 4440 voluntas
1062 4387 1394 4454 antecedens,
1415 4392 1467 4442 et
1487 4387 1906 4456 beneplacitum,

253 4475 451 4534 quam
459 4461 538 4534 in
554 4472 610 4511 se
627 4459 862 4534 concepit
872 4458 1544 4534 ;_altert_t_vero_consequens
1567 4463 1618 4514 et
1626 4461 1913 4534 permissio

248 4529 332 4591 ea:
355 4531 788 4588 nobiscausam
807 4529 1024 4584 habens.
1054 4530 1187 4584 Haec
1209 4531 1598 4586 Damascenu.
1624 4532 1917 4585 Voluntate

2019 3821 2220 3892 posuit.
2255 3821 2525 3877 Voluntas
2553 3821 2700 3876 enim
2719 3819 2859 3892 signi
2886 3819 3091 3892 dicitur
3115 3819 3336 3892 signum
3379 3822 3618 3892 volunta-

2017 3889 2088 3948 tis
2110 3893 2245 3964 ejus,
2278 3901 2341 3948 ut
2364 3900 2493 3964 sunt
2512 3889 2797 3964 praecepta
2821 3899 2876 3964 et
2902 3889 3126 3947 consilia
3158 3889 3189 3964 ξ
3211 3891 3349 3964 sicut
3376 3890 3613 3964 dicimus

2019 3961 2229 4034 litteras
2285 3961 2552 4034 principis
2593 3961 2715 4018 esse
2759 3961 3100 4017 voluntatem
3160 3961 3351 4032 ipsius,
3399 3961 3454 4018 id
3489 3971 3610 4032 est,

2019 4033 2238 4138 signum
2259 4033 2569 4113 voluntatis.
2671 4101 2682 4113 ⁸
2711 4055 2722 4058 έ

2146 4103 2288 4138 Qun!
2313 4101 2430 4138 hmn
2459 4117 2639 4138 nnmn
2667 4117 2722 4138 ιη

2146 4103 2290 4156 Sunt
2313 4101 2432 4156 haec
2459 4103 2640 4170 primo
2667 4101 2869 4155 intuitu
2899 4101 2984 4170 pia
3012 4109 3068 4156 et
3095 4101 3359 4156 catholica
3378 4144 3392 4167 ,
3421 4103 3612 4158 valent-

2019 4187 2127 4244 que
2155 4173 2223 4226 ad
2248 4171 2592 4244 probandum
2621 4170 2888 4244 omnibus
2900 4170 3216 4244 hominibus
3243 4188 3342 4244 pro
3369 4182 3612 4244 tempore

2021 4241 2076 4298 et
2105 4243 2224 4314 loco
2249 4241 2369 4298 dari
2394 4241 2669 4297 sufficiens
2704 4241 2969 4314 auxilium
2997 4241 3188 4314 gratiae
3210 4283 3230 4314 ,
3247 4241 3385 4314 'quo
3414 4241 3608 4302 salvari

2023 4313 2252 4386 possint,
2283 4314 2598 4386 secundum,
2614 4311 3038 4386 probabiliorem
3069 4311 3450 4386 theologorum
3484 4333 3612 4372 sen-

2021 4385 2506 4460 tentiam._Verum
2554 4385 2762 4456 aliquid
2802 4385 2933 4440 latet
2979 4385 3311 4460 inrecessu,
3352 4389 3506 4460 quod
3544 4389 3614 4446 ad

2019 4456 2747 4532 ljelagianismumspectat,
2779 4464 2842 4532 ut
2877 4471 2941 4512 ex
2989 4455 3155 4532 dictis
3185 4455 3391 4530 colligi'
3412 4468 3609 4532 potest.

2025 4527 2307 4610 Sententia
2333 4527 2601 4610 siquidem
2631 4527 3062 4610 Pelagianorum
3077 4527 3196 4610 luit,
3227 4538 3282 4585 et
3308 4527 3497 4610 eorum
3513 4533 3610 4610 qui

250 4605 476 4676 itaque
511 4599 877 4681 antecedente
899 4600 1016 4654 vult
1045 4603 1191 4654 Deus
1219 4616 1412 4655 omnes
1431 4600 1612 4656 salvos
1640 4601 1776 4683 lieri,
1801 4601 1907 4658 hoc
1939 4631 1990 4695 Ι)
2024 4599 2344 4695 Pelagianis
2369 4598 2422 4654 in
2453 4600 2637 4695 βᾳέιιδ
2662 4598 2880 4656 occulte
2922 4598 3181 4656 favebant
3200 4603 3476 4695 ,Jgratiam
3513 4598 3611 4658 Dei

247 4671 387 4740 est;
407 4679 711 4744 quantum
743 4671 797 4725 in
833 4685 896 4744 se
919 4678 1022 4744 est,
1050 4678 1106 4724 et
1131 4685 1194 4725 ex
1237 4679 1388 4744 parte
1415 4687 1534 4736 sua,
1565 4673 1688 4742 quia
1713 4688 1906 4744 omnes

243 4747 326 4824 ad
359 4741 671 4804 aeternam
701 4741 1094 4824 beatitudinem
1135 4741 1508 4824 condidit,”et
1556 4741 1910 4824 congruentia

247 4819 328 4875 ad
380 4829 537 4872 eam
574 4813 1013 4884 consequendam
1065 4811 1244 4868 media
1281 4811 1538 4868 omnibus
1573 4811 1810 4869 instituit
1856 4823 1912 4870 et

239 4892 545 4964 praestat:
587 4881 884 4964 voluntate
907 4893 1090 4964 autem
1134 4892 1504 4964 consequente
1531 4892 1586 4939 et
1621 4884 1868 4964 absoluta
1891 4927 1906 4956 ,

239 4952 390 5018 vult
423 4952 758 5022 unicuique
795 4955 1018 5010 reddere
1038 4955 1192 5026 juxta
1234 4952 1396 5026 opera
1439 4970 1560 5022 sua,
1591 4952 1906 5024 praemium,

238 5033 545 5104 inquam,
576 5031 679 5104 aut
697 5039 930 5104 pinnam,
951 5025 1417 5104 quemadmodum
1447 5027 1528 5081 lex
1558 5027 1828 5097 aequitatis
1855 5037 1911 5083 et

231 5096 516 5177 jus'titia
551 5096 821 5177 postUIat.
847 5096 1148 5177 Eolifnim
1179 5096 1494 5154 misericors
1518 5096 1735 5154 tantum
1773 5114 1912 5170 pra:-

239 5167 534 5236 Hicatur,
556 5167 668 5223 sed
699 5177 753 5223 et
763 5169 948 5239 justus
977 5171 1254 5226 Dominus.

323 5255 355 5282 ι
403 5246 565 5300 Νοιι
601 5247 796 5296 contra
828 5241 1162 5296 voluntatem
1193 5240 1530 5306 absolutam,
1564 5255 1685 5310 quae
1713 5239 1914 5296 dicitur

238 5319 556 5374 voluntas
581 5311 930 5382 beneplaciti,
961 5311 1030 5367 de
1049 5327 1153 5382 qua
1179 5311 1384 5367 dictum
1411 5322 1496 5368 est
1521 5333 1534 5368 :
1560 5313 1754 5370 Omnia
1775 5328 1914 5382 qua:-

239 5403 518 5459 cumque
535 5379 722 5459 voluit
732 5379 1016 5459 Dominus,
1037 5379 1176 5459 fecit
1190 5385 1251 5438 in
1277 5385 1402 5438 caelo
1429 5390 1481 5440 et
1499 5387 1558 5459 in
1573 5388 1720 5440 terra
1740 5379 1908 5459 (Psal.

239 5454 600 5524 cxxilv)?
635 5454 722 5516 Et,
761 5456 1046 5510 Voluntati
1083 5456 1200 5526 ejus
1227 5459 1350 5526 quis
1373 5457 1572 5512 resistit
1603 5459 1762 5521 (Rom
1789 5458 1914 5522 1x)?

237 5533 355 5589 sed
406 5534 648 5586 contra
703 5525 1036 5582 voluntatem
1063 5525 1506 5592 antecedentem,
1551 5541 1660 5596 qua
1713 5526 1916 5582 dicitur

243 5607 421 5660 Deus
462 5597 628 5668 velle
653 5610 848 5652 omnes
877 5597 1125 5653 homines
1163 5599 1344 5655 salvos
1373 5598 1488 5654 ﬁeri
1507 5637 1522 5663 ,
1553 5605 1825 5668 quantum
1856 5597 1915 5652 in

237 5692 313 5752 se
341 5684 468 5734 est.
512 5667 682 5752 quia
713 5669 992 5752 nemiuem
1031 5669 1549 5752 impeditasalutc,
1580 5667 1691 5752 sed
1723 5683 1918 5752 attines

237 5747 321 5804 ad
355 5761 510 5804 eam
539 5739 751 5796 invitat
773 5751 826 5795 et
849 5739 1129 5812 provocat,
1149 5749 1209 5796 ut
1236 5741 1444 5797 dictum
1469 5749 1586 5809 est;
1611 5739 1704 5812 vel
1723 5747 1916 5812 contra

240 5817 659 5875 voluntatem
685 5811 987 5883 signi,’quia
1023 5813 1162 5868 Deus
1189 5821 1457 5882 prmeepta
1475 5819 1532 5867 et
1556 5811 1786 5868 consilia
1819 5826 1918 5868 sua

241 5891 484 5963 quibus
515 5883 606 5942 ad
651 5883 883 5940 salutem
916 5884 1134 5940 instruit
1162 5889 1217 5939 et
1251 5883 1476 5954 invitat,
1503 5883 1760 5940 omnibus
1791 5898 1918 5955 pro.

2021 4670 2284 4726 omnibus
2313 4670 2635 4728 hominibus
2669 4678 2916 4742 paratam
2945 4685 3096 4735 esse,
3127 4671 3294 4724 modo
3339 4670 3442 4740 ipsi
3487 4686 3609 4726 eam

2021 4751 2204 4812 petere
2231 4751 2288 4797 et
2313 4743 2566 4812 excipere
2605 4743 2772 4812 velint
2791 4759 2808 4812 ς
2842 4747 3208 4812 posseautem
3239 4753 3614 4812 unumquem-

2017 4808 2132 4884 que
2149 4829 2213 4867 ex
2247 4808 2453 4884 viribus
2490 4811 2652 4884 liberi
2685 4808 2939 4876 arbitrii,
2965 4808 3084 4862 sine
3121 4809 3221 4884 alia
3266 4808 3444 4878 gratia
3470 4827 3614 4884 prat-

2018 4877 2268 4962 veniente
2307 4879 3095 4962 ipsam‘gratiamnexpetere,
3143 4877 3422 4962 invocare,
3464 4877 3615 4939 exci-

2017 4967 2163 5024 pere.
2200 4949 2573 5026 Atsententia
2597 4949 2994 5026 catholicorum
3020 4959 3124 5026 est,
3145 4949 3426 5026 neminem
3456 4970 3614 5026 posse

2019 5021 2200 5094 petere
2229 5062 2250 5095 ,_
2277 5022 2528 5095 invocare
2553 5063 2570 5085 ,
2617 5021 2795 5095 immo
2834 5036 2902 5076 ne
2924 5021 3172 5095 cogitare
3207 5023 3430 5095 quidem
3458 5021 3474 5090 ζ
3505 5027 3607 5082 nisi

2017 5091 2382 5167 praeveniente
2413 5093 2507 5167 Dei
2534 5091 2706 5164 gratia
2725 5092 2794 5148 ad
2813 5091 3134 5164 petendum,
3165 5091 3517 5167 pulsandum,
3540 5097 3614 5152 in-

2017 5163 2328 5238 vocantium
2361 5163 2627 5238 excitetur
2663 5163 3043 5238 etmoveatur
3071 5184 3085 5218 :
3121 5163 3350 5238 proinde
3375 5168 3610 5238 gratiam

2018 5237 2124 5293 Dei
2150 5245 2204 5292 et
2241 5236 2550 5308 motionem
2602 5234 2832 5308 Spiritus
2855 5237 3048 5308 sancti
3091 5234 3403 5308 praevenire
3424 5239 3611 5295 omnia

2010 5307 2322 5372 desideria,
2366 5323 2588 5363 omnem
2631 5307 3030 5378 invocationem
3075 5307 3341 5364 nostram.
3371 5310 3532 5378 Quod
3559 5312 3615 5367 in

2015 5380 2246 5436 concilio
2305 5379 2644 5436 Arausicauo
2689 5377 2980 5433 deﬁnitum
3037 5378 3265 5435 habetur
3311 5377 3413 5436 his
3439 5382 3616 5446 verbis

2017 5455 2171 5519 (Can.
2188 5453 2244 5519 3)
2269 5471 2282 5506 :
2303 5453 2366 5508 Si
2381 5455 2504 5522 quis
2524 5453 2855 5506 invocatione
2865 5451 3097 5505 humana
3121 5453 3356 5520 gratiam
3370 5456 3473 5510 Dei
3484 5454 3618 5511 dicit

2015 5539 2171 5594 posse
2192 5525 2450 5590 conferri,
2474 5538 2583 5577 non
2601 5527 2781 5577 autem
2803 5523 2980 5592 ipsam
2997 5525 3233 5590 gratiam
3253 5525 3432 5591 facere
3449 5529 3512 5580 ut
3535 5528 3619 5582 in-

2019 5601 2282 5668 vocetur_a
2300 5595 2484 5668 nobis;
2511 5595 2832 5650 contradicit
2871 5595 3031 5649 Isaia:
3061 5595 3358 5666 propheta,
3377 5599 3460 5652 vel
3477 5599 3620 5668 Apo-

2020 5668 2154 5722 stolo
2177 5666 2322 5721 idem
2357 5667 2558 5722 dicenti
2582 5686 2599 5721 :
2628 5670 2878 5723 Inventus
2894 5681 3013 5722 sum
3041 5681 3077 5720 a
3118 5683 3224 5723 non
3259 5666 3618 5738 querentibus

2014 5755 2143 5867 mg
2154 5739 2344 5870 pilam
2355 5743 2596 5884 apparat“
2603 5741 2686 5796 his
2694 5741 2795 5810 qui
2806 5755 2892 5796 me
2904 5753 3011 5795 non
3021 5739 3427 5812 interrogabant
3447 5740 3619 5809 (Isaiw

2022 5826 2058 5868 ι.
2147 5851 2166 5882 ,
2244 5827 2347 5868 om.
2391 5826 2471 5870 ι.

2022 5823 2166 5882 va,
2196 5823 2347 5870 Rom.
2391 5823 2471 5882 ι).
