4034 6212
362 210 464 263 915

1439 201 1721 259 JOANNIS
1759 203 2062 260 CASSIANI
2101 200 2570 259 COLLATIONES

3566 196 3674 250 916

359 299 831 403 quemadmodum
861 324 1134 383 Dominus
1161 325 1470 397 petentibus
1504 325 1734 393 tribuat,
1765 343 1797 381 a
1830 342 1977 399 qum-
2001 333 2054 394 Α
2084 332 2207 393 Deo,
2237 331 2287 381 et
2307 322 2947 397 appropinquabit'cobis
2968 322 3106 392 (Jac.
3128 324 3208 388 rv)
3227 323 3252 376 il
3274 321 3347 375 Et
3373 318 3522 391 quod
3544 320 3673 378 alibi

362 425 609 485 rentibus
648 420 969 492 inveniatur,
1001 420 1316 492 aperiatque
1363 419 1704 492 pulsantibus
1747 423 1969 490 (Matth.

362 516 518 587 ﬁt);
545 529 601 573 et
625 531 816 575 rursus
841 514 1151 571 inveniatur
1173 528 1204 571 a
1232 528 1345 570 non
1372 514 1746 585 quaerentibus
1770 531 1848 584 se,
1876 531 1969 587 pa-

360 612 473 668 lam
503 616 755 682 appareat
784 608 926 665 inter
964 607 1089 665 illos
1117 606 1207 679 qui
1231 622 1357 664 eum
1394 622 1508 663 non
1543 607 1964 682 interrogabant,

363 712 420 761 et
442 713 557 780 tota
610 702 696 758 die
735 700 1008 774 expandat
1051 715 1249 757 manus
1295 716 1423 758 suas
1449 700 1520 758 ad
1561 702 1827 775 populum
1854 719 1968 759 non

326 787 678 865 ‘cred'entem
709 794 823 851 ‘sibi
866 803 922 851 et
963 793 1426 852 contradicentem
1467 797 1600 864 (Isa.
1635 812 1773 854 va.
1817 800 1968 855 Rom.

365 891 451 962 χ),
498 888 812 945 resistentes
853 904 918 945 ac
954 888 1118 962 longe
1167 889 1375 962 positos
1419 897 1596 961 vocet,
1639 890 1843 949 invitos
1886 901 1973 949 at-

363 982 545 1040 trahat
586 982 656 1039 ad
699 982 956 1053 salutem,
1019 998 1243 1055 peccare
1288 983 1638 1056 cupientibus
1695 985 1974 1057 explendae

366 1077 583 1150 capiam
604 1076 888 1134 subtrahat
911 1077 1224 1146 voluntatis,
1247 1077 1316 1135 ad
1351 1079 1649 1150 nequitiam
1676 1095 1974 1153 properau-

366 1171 518 1227 tibus
542 1169 809 1243 benignus
822 1170 1068 1228 obsistat.
1085 1180 1110 1208 ⁸
1129 1172 1229 1229 Cui
1244 1180 1434 1229 autem
1450 1171 1601 1229 facile
1615 1181 1811 1246 pateat,
1831 1189 1973 1248 quo-

372 1263 538 1323 modo
566 1264 753 1320 salutis
780 1279 996 1320 summa
1009 1272 1202 1322 nostro
1224 1265 1493 1322 tribuatur
1505 1266 1754 1336 arbitrio,
1776 1266 1844 1323 de
1864 1282 1973 1339 quo

372 1357 575 1414 dicitur
610 1377 622 1413 :
655 1359 720 1414 Si
744 1359 1019 1416 volueritis
1045 1365 1095 1416 et
1111 1360 1397 1417 audieritis
1422 1377 1525 1426 me,
1551 1377 1670 1432 qua:
1699 1362 1833 1417 bona
1854 1366 1978 1417 sunt

372 1456 531 1507 terra
553 1452 953 1509 manducabitis
982 1456 1157 1521 (Isaia:
1185 1454 1255 1527 1);
1285 1462 1339 1511 et
1357 1456 1638 1527 quomodo
1661 1473 1766 1512 non
1794 1458 1980 1512 volen-

374 1548 445 1601 tis
471 1561 642 1616 neque
670 1549 953 1612 currentis,
984 1549 1079 1604 sed
1103 1550 1406 1605 miserentis
1427 1551 1503 1605 sit
1527 1553 1627 1607 Dei
1651 1553 1825 1621 (Rom.
1860 1555 1979 1619 Ix)?

2080 421 2235 490 dicit,
2257 424 2418 479 Nemo
2444 423 2589 476 venit
2611 420 2685 474 ad
2710 435 2813 487 me,
2841 420 2955 473 nisi
2980 418 3256 486 Paterqui
3277 416 3433 471 misit
3458 430 3565 478 me,
3583 421 3677 469 at-

2078 517 2312 571 traxerit
2361 530 2481 569 eum
2525 514 2696 586 (Joan.
2758 511 2883 581 VI)?
2937 507 3081 580 Quid
3132 508 3206 565 sit
3250 506 3400 581 quod
3454 506 3678 578 dicitur,

2074 617 2095 646 ο
2122 611 2306 665 Beatos
2333 621 2523 663 cursus
2563 607 2656 674 fac
2691 605 2924 677 pedibus
2955 606 3083 673 tuis,
3110 607 3161 658 et
3187 605 3305 658 vias
3349 606 3474 658 tuas
3501 601 3680 672 dirige

2076 703 2246 772 (Psal.
2276 704 2371 770 v);
2405 708 2460 756 et
2497 698 2723 771 quidfsit
2760 698 2907 772 quod
2941 696 3177 755 dicimus
3210 704 3448 765 orantes,
3493 699 3682 767 Dirige

2080 800 2137 853 in
2163 801 2436 868 conspectu
2466 800 2558 851 tuo
2580 799 2730 851 viam
2750 810 2939 850 meam.
2971 792 3060 862 Et,
3086 794 3282 861 Perfice
3296 806 3516 861 gressus
3545 807 3681 847 meos

2082 893 2143 946 in
2168 893 2374 948 semitis
2398 891 2532 956 tuis,
2557 891 2621 945 ut
2636 904 2740 945 non
2763 890 3079 943 moveantur
3103 887 3342 954 vestigia
3369 901 3489 940 mea
3513 886 3680 954 (Psal.

2082 988 2227 1053 xw).
2252 982 2401 1054 Quid
2431 983 2595 1040 etiam
2618 983 2691 1039 sit
2716 981 2862 1055 quod
2884 981 3081 1037 iterum
3107 992 3553 1046 commonemur,
3580 981 3685 1034 Βαι-

2082 1084 2183 1135 cite
2200 1081 2349 1136 vobis
2368 1095 2455 1135 cor
2474 1095 2665 1135 novum
2686 1082 2737 1134 et
2762 1079 3016 1148 spiritum
3033 1090 3227 1130 novum
3252 1073 3461 1138 (Ezech.
3485 1075 3679 1144 xvm);

2084 1184 2138 1232 et
2165 1173 2296 1247 quid
2323 1174 2397 1231 sit
2424 1172 2557 1231 illud
2577 1171 2725 1246 quod
2750 1167 3176 1244 repromittitur,
3201 1168 3351 1223 Dabo
3374 1170 3451 1223 eis
3474 1182 3562 1222 cor
3582 1184 3687 1224 no—

2083 1285 2228 1335 vum,
2261 1274 2312 1327 et
2332 1272 2591 1341 spiritum
2610 1282 2805 1323 novum
2828 1264 3068 1322 tribuam
3087 1264 3144 1317 in
3162 1261 3453 1319 visceribus
3484 1278 3688 1325 eorum,

2085 1369 2137 1420 et
2162 1366 2410 1443 auferam
2437 1379 2530 1419 cor
2548 1362 2827 1434 lapideum
2854 1360 2921 1415 de
2947 1374 3107 1414 carne
3132 1373 3333 1421 eorum,
3361 1362 3414 1412 et
3447 1357 3588 1412 dabo
3614 1361 3693 1413 eis

2087 1474 2175 1516 cor
2199 1474 2472 1526 corneum,
2502 1462 2566 1514 ut
2587 1460 2645 1513 in
2665 1458 2955 1528 praceptis
2971 1456 3103 1511 meis
3124 1454 3423 1517 ambulent,
3453 1458 3508 1509 et
3523 1455 3693 1525 judi-

2089 1556 2174 1607 cia
2200 1569 2319 1609 mea
2355 1553 2660 1608 custodiant
2689 1550 2898 1620 (Ezech.
2935 1548 3069 1621 x1)?
3095 1547 3240 1617 Quid
3266 1546 3335 1603 sit
3365 1544 3516 1620 quod
3553 1561 3694 1619 pra.

371 1640 398 1676 ἀ
433 1638 574 1708 Quid
598 1639 765 1695 etiam
808 1639 882 1696 sit
906 1640 1058 1707 illud,
1098 1642 1247 1715 quod
1288 1646 1426 1700 Deus
1464 1644 1653 1700 reddet
1696 1649 1984 1717 unicuique
2089 1646 2233 1719 cepit
2256 1644 2523 1705 Dominus
2554 1644 2743 1702 dicens
2769 1666 2783 1702 :
2809 1647 2958 1701 Lava
2984 1659 3020 1698 a
3041 1643 3263 1698 malitia
3283 1658 3372 1699 cor
3396 1647 3567 1705 tuum,
3599 1644 3689 1698 Je-

372 1733 665 1788 secundum
699 1749 859 1804 opera
888 1735 1003 1804 ejus
1029 1734 1199 1807 (Rom.
1234 1740 1321 1805 ιι),
1354 1745 1427 1805 et,
1454 1742 1594 1793 Deus
1628 1742 1706 1794 est
1730 1740 1825 1811 qui
1853 1754 1979 1810 ope-
2006 1748 2054 1810 Β
2085 1740 2338 1807 rusalem,
2368 1744 2431 1795 ut
2465 1739 2619 1795 salva
2645 1742 2747 1810 ﬁas
2774 1739 2983 1803 (Jerem.
3030 1735 3148 1807 iv)?
3190 1743 3248 1791 et
3272 1734 3392 1808 quid
3416 1735 3489 1791 sit
3530 1733 3683 1807 quod

374 1830 534 1881 ratur
560 1828 622 1882 in
649 1828 796 1884 vobis
825 1834 877 1883 et
899 1830 1029 1885 velle
1055 1835 1105 1886 et
1123 1833 1374 1902 perﬁcere
1398 1847 1502 1903 pro
1534 1833 1667 1888 bona
1698 1815 1978 1888 voluntate
2083 1836 2198 1906 ipse
2218 1833 2492 1905 Propheta
2523 1847 2555 1889 a
2596 1832 2843 1889 Domino
2875 1830 3134 1904 postulat,
3165 1827 3368 1899 dicens,
3396 1828 3497 1885 Cor
3529 1843 3683 1882 mun-

377 1920 602 1992 (Philip.
636 1925 727 1991 ιι),
756 1931 830 1991 et,
862 1924 955 1979 hoc
982 1939 1088 1980 non
1116 1940 1183 1981 ea:
1204 1927 1370 1994 vobis,
1404 1926 1499 1981 sed
1520 1927 1620 1984 Dei
1640 1926 1836 1982 donum
1872 1931 1971 1990 est,
2084 1928 2213 1984 dum
2240 1943 2359 1985 crea
2382 1930 2439 1982 in
2458 1943 2560 1996 me,
2585 1930 2725 1983 Deus
2787 1927 2857 1981 Et
2880 1924 3079 1981 iterum
3103 1943 3117 1979 :
3137 1921 3377 1980 Lavabis
3396 1938 3498 1985 me,
3520 1927 3571 1977 et
3589 1937 3690 1977 su-

375 2029 481 2070 non
520 2030 590 2070 ea:
629 2017 892 2085 operibus,
934 2021 998 2072 ut
1023 2034 1090 2072 ne
1126 2021 1248 2088 quis
1293 2020 1554 2088 glorietur
1591 2019 1806 2090 (Ephes.
1861 2019 1975 2089 n)?

2099 2037 2177 2091 per
2203 2024 2375 2077 nivem
2402 2020 2693 2077 dealbabor
2735 2018 2901 2091 (Psal.
2930 2020 3009 2088 ι).
3043 2015 3285 2089 Ωυὶἁξείῑ
3306 2013 3456 2088 quod
3504 2013 3573 2069 ad
3596 2029 3699 2069 nos

380 2108 521 2177 Quid
557 2108 625 2165 sit
655 2110 820 2167 etiam
873 2110 1003 2167 illud
1049 2111 1197 2184 quod
1242 2112 1438 2169 dicitur
1479 2130 1492 2168 :
1528 2114 1978 2184 Appropinquam
2084 2113 2303 2184 dicitur,
2337 2114 2365 2150 ά
2418 2114 2727 2171 Illuminate
2757 2112 2908 2168 vobis
2946 2111 3125 2167 lumen
3158 2111 3397 2167 scientia
3442 2109 3580 2175 (Ose.
3613 2106 3694 2177 ι).

1478 2275 1732 2333 ALARDI
1772 2277 1993 2334 GAZxEl
2033 2274 2591 2334 COMMENTARIUS.

384 2424 697 2499 deﬁnitioni
727 2423 902 2499 simile
934 2424 1218 2483 decretum
1253 2425 1486 2484 habetur
1519 2427 1574 2484 in
1603 2428 1837 2485 concilio
1864 2429 1989 2486 Tri-
2099 2432 2247 2484 Deus
2267 2433 2524 2499 operatur
2539 2425 2594 2482 in
2611 2426 2795 2494 nobis,
2823 2431 2886 2481 ut
2904 2430 2960 2482 et
2972 2437 3080 2499 nos
3097 2436 3319 2495 quoque
3338 2435 3696 2499 ccupat-amur

383 2497 535 2555 dent.
565 2497 647 2552 his
671 2496 852 2571 verbis
881 2498 1033 2567 (Sess.
1059 2500 1112 2564 6,
1139 2514 1260 2555 can.
1285 2499 1335 2571 8)
1363 2516 1376 2554 :
1408 2501 1470 2556 Si
1495 2501 1618 2570 quis
1646 2500 1851 2558 dixerit
1874 2503 1989 2557 sine

379 2571 734 2642 prreveniente
763 2569 1002 2638 Spiritus
1029 2572 1207 2625 sancti
1245 2569 1622 2642 inspiratiOne,
1669 2577 1831 2641 atque
1871 2572 1987 2641 ejus

382 2640 675 2710 adiutorio,
697 2640 961 2695 hominem
974 2642 1205 2706 credere,
1235 2640 1474 2713 sperare,
1497 2640 1753 2712 diligere,
1766 2648 1863 2698 aut
1877 2640 1990 2713 pa:-

382 2715 552 2767 nitere
567 2726 740 2782 posse,
768 2712 906 2785 sicut
937 2715 1162 2783 oportet,
1196 2712 1335 2770 ut’ei
1376 2715 1782 2785 justiﬁcationis
1807 2712 1986 2784 gratia

384 2786 712 2851 conferatur,
742 2784 1033 2838 anathema
1057 2785 1148 2840 sit.

456 2858 479 2886 ⁸
502 2852 759 2933 Secunda
783 2852 1016 2933 objectio
1063 2854 1381 2933 Collatoris,
1424 2854 1580 2933 cujus
1608 2854 1880 2933 praecipua
1910 2854 1988 2908 vis

387 2933 471 2981 est
499 2925 558 2981 in
580 2925 679 2980 illis
722 2923 901 2997 verbis
932 2925 1182 2997 Apostoli
1233 2947 1244 2982 :
1289 2929 1405 2982 Non
1447 2923 1524 2981 est
1551 2923 1790 2988 volentis,
1819 2939 1986 2993 neque

386 2998 673 3077 currentis,
692 2996 784 3077 sed
811 2996 1111 3077 miserantis
1139 2998 1236 3077 Dei
1266 2996 1586 3077 (Romani).
1609 2996 1751 3077 Nam
1776 3008 1982 3077 praece-

387 3065 567 3137 dentia
601 3064 728 3137 nihil
765 3074 861 3123 aut
898 3082 1089 3137 parum
1122 3066 1215 3137 ad
1250 3063 1388 3137 irem
1425 3063 1646 3137 faciunt.
1677 3063 1793 3137 Ubi
1837 3064 1987 3121 enim

332 3146 341 3155 '
393 3136 517 3209 legit
546 3136 807 3203 Collator,
843 3135 947 3193 nisi
973 3136 1514 3209 gapud‘i’el‘agiauos,
1553 3135 1743 3192 salutis
1773 3143 1986 3209 nostrae

391 3206 665 3263 summam
688 3218 876 3264 nostro
897 3206 1061 3263 tribui
1085 3206 1334 3274 arbitrio,
1363 3222 1490 3263 cum
1518 3206 1821 3262 econtrario
1842 3208 1985 3264 Scri-

2097 2514 2224 2555 cum
2252 2493 2322 2555 eo
2344 2518 2356 2552 :
2396 2499 2642 2555 Volentes
2664 2493 2898 2561 oramus,
2935 2495 3013 2551 ait
3040 2493 3271 2564 Prosper
3306 2493 3468 2564 (Cap.
3497 2493 3621 2563 38};
3647 2497 3701 2548 et

2099 2576 2293 2637 tamen,
2321 2572 2472 2626 Misit
2494 2574 2632 2627 Deus
2668 2571 2940 2639 Spiritum
2963 2570 3021 2621 in
3053 2565 3215 2639 corda
3239 2569 3431 2639 nostra
3458 2565 3701 2639 claman-

2096 2647 2202 2696 tem
2231 2660 2248 2696 :
2272 2642 2457 2705 Abba,
2479 2643 2639 2697 Pater
2661 2637 2832 2706 (Rom.
2865 2642 3029 2703 vui).
3057 2637 3303 2693 Volentes
3330 2637 3625 2705 loquimur;
3647 2640 3700 2690 et

2096 2717 2295 2779 tamen,
2319 2715 2372 2768 si
2393 2715 2547 2783 pium
2574 2716 2655 2767 est
2678 2711 2823 2780 quod
2847 2710 3139 2783 loquimur,
3161 2710 3279 2783 Non
3292 2721 3481 2783 sumus
3503 2722 3598 2783 nos
3618 2707 3703 2763 lo-

2132 2788 2331 2847 uentes,
2353 2780 2446 2838 sed
2462 2784 2703 2852 Spiritus
2723 2783 2904 2837 Patris
2928 2781 3116 2842 nostri,
3136 2782 3240 2850 qui
3249 2780 3500 2852 loquitur
3527 2781 3587 2832 in
3606 2793 3701 2834 no-

2132 2856 2179 2909 is
2206 2854 2424 2922 (Matth.
2456 2849 2542 2919 κ).
2587 2854 2825 2909 Volentes
2860 2849 3160 2921 operantur
3181 2849 3411 2905 salutem
3437 2854 3693 2913 nostram,

2095 2930 2145 2980 et
2176 2930 2351 2980 tamen
2365 2927 2541 2994 ipsum
2559 2924 2690 2979 velle
2701 2928 2861 2993 atque
2876 2923 3110 2992 operari,
3134 2923 3273 2994 Deus
3287 2924 3368 2975 est
3392 2923 3496 2994 qui
3509 2936 3697 2991 opera-

2095 3000 2185 3050 tur
2207 2998 2265 3049 in
2283 2992 2432 3050 nobis
2458 2995 2719 3066 (Philipp.
2749 2992 2775 3066 r
2783 2996 2856 3063 1).
2892 2994 3135 3050 Volentes
3158 2992 3448 3066 diligimys
3463 2993 3633 3047 Deum
3649 2997 3700 3047 et

2089 3069 2424 3137 proximum,
2447 3070 2499 3121 et
2522 3062 2700 3122 tanien
2711 3065 2949 3125 charitas
2968 3079 3038 3120 ea:
3052 3066 3157 3119 Deo
3174 3067 3273 3126 est,
3295 3062 3505 3137 diﬁusa
3522 3066 3580 3117 in
3596 3077 3704 3137 φτ.

2095 3133 2257 3193 dibus
2273 3139 2469 3193 nostris
2479 3153 2581 3208 per
2593 3138 2864 3208 Spiritum
2876 3139 3140 3208 sanctum,
3161 3136 3263 3204 qui
3279 3133 3442 3208 datus
3454 3138 3534 3190 est
3552 3134 3703 3189 nobis

2098 3212 2274 3282 (Rom-
2308 3206 2534 3282 ν)·11ὖο
2569 3206 2645 3264 ἀεί
2667 3206 2793 3282 ﬁdit:
2830 3208 2924 3282 ’φρ
2951 3207 3017 3282 ἐίθ
3040 3207 3335 3282 τριεναηέὲὶι

389 3253 1988 3351 ᾖῐὶἶιὶἷᾶἰὲεἶῗὲἕνᾶίὶὶὄὶᾶἱι⁷ἦἱὲ,ᾙὲἱιὲιζὶῖἧιῖαὗῐὲῂι
2021 3253 2065 3316 C
2094 3253 2286 3337 ὶῶἵὲἱὲ
2318 3253 2926 3351 saansaan-tgna
2948 3253 3393 3351 etiam
3181 3253 3703 3345 ””’⁵”’ἔα”ἕὲὧῖὶ

392 3352 758 3422 tantummodo
784 3352 935 3407 salus
979 3350 1116 3422 (Ose.
1158 3352 1332 3419 xm)?
1360 3350 1455 3405 Illa
1477 3359 1673 3422 autem
1697 3349 1988 3422 promissio

394 3417 467 3493 de
486 3420 752 3477 fructibus
783 3431 944 3480 terrae
988 3417 1365 3485 comedendis,
1396 3420 1523 3493 quid
1550 3417 1893 3493 adgratiam
1937 3430 1993 3476 et

392 3490 625 3566 salutem
670 3497 916 3566 spectat?
958 3492 1137 3566 Verba
1184 3501 1367 3566 autem
1413 3490 1664 3563 'Apostoli
1694 3493 1993 3566 Gregorius

394 3559 770 3642 Nazianaenus
814 3562 984 3642 (Orat.
1044 3565 1134 3642 3t)
1168 3571 1224 3617 et
1260 3559 1834 3642 Qhrysostom_us_(ln'_
1852 3564 1994 3620 Com-

396 3631 587 3697 ment.)
614 3630 681 3681 ita
703 3636 1006 3697 exponunt,
1037 3639 1098 3684 ut
1129 3646 1238 3685 non
1255 3631 1325 3684 sit
1350 3630 1518 3686 solius
1546 3630 1773 3687 volentis
1787 3639 1842 3688 et
1865 3648 1989 3688 cur-

396 3696 590 3771 rentis,
615 3696 839 3771 scilicet
879 3698 1135 3771 hominis,
1178 3701 1492 3771 gratiamet
1527 3701 1756 3756 salutem
1803 3716 1996 3758 conse-

393 3768 507 3842 qui,
538 3768 638 3842 sed
657 3769 971 3842 miser-cutis
1005 3769 1102 3825 Dei
1143 3768 1308 3842 :quia
1339 3770 1587 3842 voluntas
1630 3786 1741 3827 non
1767 3771 1991 3840 sufﬁcit,

396 3839 499 3914 nisi
538 3840 641 3914 Dei
679 3840 847 3914 gratia
889 3839 1216 3914 adjuveturf
1236 3844 1442 3914 Verum
1487 3841 1605 3899 haec
1643 3843 1842 3899 solutio
1882 3839 1993 3899 non

396 3856 499 3895 ms:
538 3856 641 3896 uel
679 3856 847 3966 gatta
889 3856 1196 3914 adjuvetur.
1243 3856 1442 3897 verum
1488 3856 1605 3899 haec
1643 3856 1842 3899 s0IutIo
1882 3859 1993 3899 non

396 3911 656 3968 satisfacit
739 3952 754 3986 ε
780 3913 1083 3986 Augustino
1109 3934 1120 3969 :
1144 3915 1209 3971 Si
1223 3917 1386 3982 enim,
1410 3913 1606 3985 inquit,
1632 3919 1771 3970 recte
1793 3915 1995 3970 dictum

394 3987 471 4057 est
493 4004 505 4039 :
528 3985 643 4041 Non
667 3984 891 4057 volentis
918 3986 1168 4049 hominis,
1190 3986 1283 4040 sed
1299 3984 1603 4041 miserantis
1627 3990 1706 4041 est
1729 3988 1845 4055 Dei,
1866 3989 1997 4057 quia

399 4055 460 4109 id
472 4057 721 4110 voluntas
737 4056 966 4112 hominis
981 4057 1095 4112 sola
1116 4071 1223 4111 non
1242 4058 1430 4127 implet
1444 4079 1458 4117 ς
1477 4073 1572 4112 cur
1588 4072 1693 4113 non
1705 4061 1756 4112 et
1770 4055 1992 4113 econtra-

392 4128 475 4180 rio
497 4131 635 4182 recte
660 4127 865 4183 dicitur
888 4147 905 4183 :
936 4131 1053 4186 Non
1077 4130 1377 4184 miserantis
1404 4133 1481 4184 est
1512 4127 1629 4192 Dei,
1658 4129 1751 4183 sed
1770 4130 1997 4185 volentis

399 4200 477 4251 est
492 4199 742 4271 hominis,
764 4201 897 4271 quia
924 4202 984 4255 id
1002 4201 1372 4271 misericordia
1392 4201 1491 4256 Dei
1505 4201 1621 4255 sola
1639 4215 1746 4256 non
1767 4201 1995 4271 implet?

395 4269 539 4341 quod
561 4271 744 4325 nullus
759 4270 1094 4326 Christianus
1113 4270 1284 4326 dicere
1300 4272 1536 4327 audebit.
1556 4272 1636 4327 Ita
1657 4269 1996 4341 Augustinus

400 4337 643 4409 (_Enchir.
672 4355 790 4409 cap.
832 4345 943 4406 32).
990 4341 1107 4396 Etsi
1134 4342 1278 4396 enim
1308 4341 1361 4395 in
1391 4341 1658 4397 currendo
1682 4349 1735 4397 et
1751 4337 1993 4399 'volendo

398 4406 593 4487 divinae
618 4406 1321 4487 misericordimhumanum
1336 4418 1661 4487 cooperetur
1680 4412 1967 4469 arbitrium
1979 4452 1994 4479 ,

398 4478 527 4557 quia
553 4484 733 4532 tamen
758 4478 874 4557 ipsa
890 4480 1057 4550 gratia
1079 4480 1339 4557 ducatum
1360 4490 1412 4535 et
1437 4478 1804 4557 principatum
1824 4478 1993 4549 tenet,

396 4546 451 4603 id
495 4546 554 4602 in
597 4561 758 4602 causa
782 4546 864 4603 est
896 4546 998 4604 cur
1024 4565 1135 4604 non
1174 4551 1247 4605 ita
1274 4559 1420 4606 recte
1439 4546 1657 4607 'dicatu'r
1695 4572 1708 4607 :
1751 4554 1872 4608 Non
1915 4546 1997 4609 est

399 4618 723 4695 miserentisi
748 4618 869 4687 Dei,
932 4620 1026 4695 sed
1066 4620 1299 4695 hominis
1337 4622 1624 4695 currentis,
1669 4622 1813 4677 sicut
1853 4632 1998 4679 recte
2026 4632 2076 4695 1)
2102 4627 2279 4682 dendo
2315 4618 2801 4692 adhortationibus,
2840 4618 3095 4683 movendo
3147 4642 3176 4681 e

397 4688 597 4761 dicitur
625 4712 637 4747 :
671 4694 787 4749 Non
818 4697 898 4747 est
917 4693 1148 4748 volentis
1168 4692 1421 4761 hominis,
1443 4692 1537 4749 sed
1559 4695 1855 4749 miserantis
1874 4698 1991 4751 Dei.

398 4760 527 4849 ideo
552 4762 838 4849 subjungit
866 4763 1201 4849 august'inus
1225 4783 1241 4849 ξ
1273 4767 1459 4849 liestat
1485 4769 1546 4819 ut
1560 4769 1845 4849 propterea
1861 4772 1997 4849 recte

395 4833 598 4887 dictum
623 4833 1003 4904 intelligatur}
1029 4838 1145 4894 Non
1156 4836 1399 4899 volentis,
1419 4833 1589 4907 neque
1603 4833 1880 4901 currentis,
1905 4837 1997 4894 sed

396 4906 697 4989 miserantis
714 4910 790 4957 est
810 4908 926 4989 Dei,
950 4912 1010 4961 ut
1030 4911 1326 4989 totum‘Deo
1342 4908 1522 4989 detur,
1545 4910 1641 4989 qui
1655 4909 1888 4989 hominis
1912 4925 1998 4964 vo-

402 4974 663 5051 luntatem
677 4973 865 5051 bonum
877 4980 926 5029 et
936 4973 1609 5051 prceparﬂjuvandamkt
1624 4979 1854 5051 adjuvat
1868 4997 2001 5050 pra:-

391 5047 837 5131 p‘aratam..Nam
856 5050 1143 5127 utrumque
1183 5047 1380 5131 legitur
1410 5052 1468 5104 in
1483 5047 1704 5131 structis
1729 5047 1993 5131 eloquiis_:_

393 5119 484 5200 Et.
501 5117 870 5200 misericordia
898 5118 1016 5200 ejus
1035 5122 1326 5200 prceveniet
1357 5124 1640 5200 me__(Psal.
1691 5117 1887 5200 mni).
1911 5127 1998 5200 “Et

404 5189 769 5244 misericordia
796 5190 909 5261 ejus
930 5189 1279 5260 subsequetur
1317 5208 1400 5247 me
1427 5196 1654 5260 (Psalm.
1700 5189 1869 5262 xm)’.
1900 5198 1997 5251 No-

393 5259 585 5334 lentem
626 5264 914 5332 praevenit,
938 5266 997 5317 ut
1025 5262 1181 5331 velit;
1246 5264 1504 5319 volentem
1528 5265 1890 5334 subsequitur,
1930 5281 1997 5322 ne

395 5331 612 5397 frustra
630 5331 779 5388 velit.
813 5362 817 5367 θ
1687 5331 1707 5334 “

466 5393 493 5432 ³³
521 5403 700 5478 Tertia
738 5402 1127 5478 objectio._Cui
1178 5402 1335 5478 facile
1379 5404 1759 5478 respondetur,
1811 5408 1988 5464 Deum

395 5472 620 5561 posteri
652 5472 903 5561 inundbis
931 5476 1065 5561 velle
1094 5485 1178 5561 _et‘
1205 5472 1486 5549 perlicere;
1511 5478 1649 5561 quia
1682 5472 1989 5561 gratia‘sua

392 5539 522 5596 facit
562 5550 624 5596 ut
648 5546 895 5617 velimus,
934 5549 987 5606 id
1030 5557 1133 5617 est,
1163 5539 1369 5605 bonum
1414 5539 1754 5622 propositum
1796 5549 1991 5607 habea-

398 5626 543 5677 mus,
575 5620 630 5667 et
664 5614 793 5671 illud
826 5634 1191 5677 exsequamur
1223 5637 1235 5673 :
1281 5635 1382 5676 nec
1418 5628 1603 5677 tamen
1635 5621 1839 5677 desinit
1867 5638 1988 5677 esse

398 5626 543 5679 mus,
575 5625 630 5667 et
664 5625 793 5671 Illud
826 5634 1191 5690 exsequamur
1223 5637 1235 5673 :
1281 5635 1382 5676 nec
1418 5628 1603 5677 tamen
1635 5625 1839 5678 desinit
1867 5638 1988 5679 esse

396 5698 541 5773 ρρυε
563 5692 833 5773 verum.
863 5690 1010 5773 ειυρά
1037 5705 1067 5744 a
1096 5692 1375 5773 νοξιμιηειε
1404 5700 1589 5773 eastra
1616 5693 1988 5773 consenuere

391 5764 459 5826 et.
487 5766 811 5828 cooperante
852 5761 1048 5814 divina:
1075 5762 1263 5831 gratiae
1309 5761 1683 5831 proﬁciscitur.
1714 5763 1805 5822 Sic
1835 5765 1983 5822 enim

2097 3353 2231 3416 nali,
2262 3349 2607 3421 manibusque
2649 3350 2966 3413 virtutibus,
3002 3349 3119 3421 sine
3144 3350 3452 3417 exceptione
3478 3352 3699 3418 proﬁte-

2098 3439 2253 3489 mur;
2284 3422 2430 3493 quod
2458 3418 2571 3493 nisi
2595 3421 2798 3493 donata
2820 3424 2989 3493 essent
3012 3418 3187 3481 nobis,
3207 3434 3317 3475 non
3334 3421 3704 3473 invenirentur

2101 3496 2159 3548 in
2183 3490 2354 3549 nobis.
2383 3493 2471 3549 Ad
2506 3492 2640 3548 alius
2688 3490 3039 3563 objectiones,
3069 3503 3194 3561 quae
3231 3498 3700 3563 sequuntur,4una

2101 3572 2183 3635 est
2210 3563 2492 3635 responsio
2531 3560 2780 3635 superius
2807 3560 3048 3635 _reddita,
3088 3560 3215 3635 qua!
3242 3560 3580 3635 et’sequenti
3604 3576 3703 3635 ea.

2104 3632 2215 3705 pite
2242 3631 2560 3705 explicatur,
2590 3631 3229 3705 quibusdamrsententiis
3273 3631 3615 3705 comprobari
3644 3639 3699 3686 et

2103 3701 2715 3785 rommendarihgratim
2773 3703 3058 3785 auxilium,
3108 3701 3426 3785 quibusdam
3461 3701 3690 3785 liberum

2103 3774 2337 3830 hominis
2371 3770 2690 3852 arbitrium;
2719 3775 2979 3852 quoniam
3004 3770 3299 3852 utrumque
3323 3770 3390 3827 ad
3425 3786 3559 3852 opus

2103 3860 2238 3925 num
2284 3845 2590 3902 necessario
2617 3844 2947 3925 requiritur.L
2974 3846 3053 3901 sic
3081 3844 3367 3925 tamenut
3405 3844 3693 3925 priores_et

2104 3916 2347 3989 potiores
2389 3925 2569 3989 partes
2612 3913 2803 3989 gratiae
2823 3987 2831 3989 _
2850 3914 3187 3989 deferantur.
3242 3915 3300 3972 Si
3355 3913 3699 3989 enim_solus

2106 3984 2254 4059 Deus
2282 3984 2643 4059 istaifaceretf
2666 4003 2790 4059 qua;
2820 3986 2906 4043 hic
2940 3995 3466 4054 commemorantur,
3500 3984 3702 4059 frustra

2105 4058 2374 4116 diceretur
2408 4057 2726 4116 hominibus
2759 4078 2772 4112 :
2814 4060 3265 4130 Appropinquate
3293 4060 3433 4124 Dea;
3480 4057 3703 4130 dirigite

2104 4133 2221 4186 vias
2238 4135 2471 4197 vestras;
2500 4133 2667 4199 facite
2691 4130 2836 4185 vobis
2858 4128 2947 4184 eor
2972 4128 3194 4198 nimum;
3221 4131 3613 4199 convertimini
3631 4128 3702 4182 ad

2102 4205 2292 4264 Deum,
2324 4210 2431 4257 etc.
2467 4197 2531 4257 Et
2557 4203 2601 4258 si
2646 4200 2901 4256 homines
2942 4200 3012 4257 ad
3058 4197 3539 4267 ista'sufticerent,
3587 4197 3700 4254 fru-

2102 4280 2212 4328 stra
2240 4272 2512 4328 diceretur
2548 4289 2564 4326 :
2605 4273 2854 4330 Converte
2884 4287 2999 4341 nos,
3030 4275 3169 4327 Deus
3196 4271 3458 4326 salutaris
3488 4274 3682 4325 noster.

2108 4345 2206 4398 Cor
2250 4344 2510 4398 mundum
2538 4358 2657 4399 crea
2687 4346 2746 4397 in
2788 4359 2893 4408 me,
2925 4348 3081 4399 Deus.
3120 4345 3303 4412 Dirige
3338 4345 3399 4396 in

2103 4419 2195 4468 tuo
2213 4417 2358 4468 viam
2383 4429 2575 4484 meam,
2595 4422 2697 4469 etc.
2729 4418 2917 4484 Itaque
2947 4417 3013 4468 D.
3050 4416 3284 4484 Prosper
3312 4412 3409 4468 lib.
3432 4413 3503 4469 de
3527 4414 3702 4484 Voca—

2100 4484 2251 4540 tione
2277 4483 2522 4556 gentium
2550 4500 2651 4556 cap
2675 4491 2745 4541 26
2771 4506 2783 4540 :
2818 4483 3009 4543 Gratia
3035 4483 3252 4555 quidem
3272 4486 3394 4548 Dei,
3419 4483 3616 4555 inquit,
3643 4486 3697 4536 in

2103 4555 2348 4611 omnibus
2353 4555 2834 4627 justiﬁcationibus
2840 4557 3218 4627 principaliter
3225 4557 3567 4627 praeminet,
3580 4569 3702 4627 sua-

3175 4624 3431 4697 templis,
3464 4624 3702 4681 terrendo

2097 4699 2381 4768 periculis,
2402 4700 2674 4755 incitando
2701 4699 3003 4762 miraculis,
3034 4698 3217 4753 dando
3242 4698 3590 4764 intellectum,
3613 4699 3702 4768 ine

2102 4767 2366 4840 spirando
2389 4772 2692 4834 consilium,
2722 4785 2913 4840 corque
2929 4772 3106 4840 ipsum
3129 4768 3496 4825 illuminanda
3513 4773 3563 4824 et
3581 4767 3705 4839 ﬁdei

2104 4841 2476 4909 affectionibus
2511 4842 2791 4897 imbuenda
2824 4860 2836 4896 :
2875 4840 2969 4897 sed
3004 4843 3171 4899 etiam
3195 4842 3449 4897 voluntas
3477 4840 3704 4896 hominis

2104 4912 2455 4983 subjungitur
2481 4916 2531 4968 ei
2549 4928 2667 4983 qua:
2691 4913 2765 4968 ad
2789 4914 2882 4968 hoc
2902 4914 3182 4983 praedictis
3209 4918 3285 4969 est
3306 4915 3547 4968 excitata
3561 4925 3699 4983 prte-

2107 4984 2288 5046 sidiis,
2305 4989 2372 5056 ut
2393 4985 2557 5053 digno
2574 4986 2633 5038 in
2651 4999 2708 5039 se
2723 4989 3027 5055 cooperetur
3045 4988 3216 5056 operi,
3233 4989 3285 5039 et
3304 4986 3536 5055 inch
3552 4995 3695 5056 φειδ

2107 5068 2221 5128 cere
2239 5055 2315 5109 ad
2774 5052 3000 5128 superne
3026 5052 3487 5128 se'mineconcepit
3504 5052 3571 5108 ad
3590 5056 3691 5128 stu.

2105 5124 2290 5192 dium;
2318 5126 2387 5181 de
2397 5142 2499 5181 sua
2513 5124 2711 5183 habens
2724 5124 3109 5192 mutabilitate,
3135 5131 3187 5183 si
3210 5124 3418 5197 deﬁcit}
3438 5126 3505 5182 de
3517 5124 3698 5194 φυκία

2104 5198 2476 5270 opitulatione,
2501 5200 2553 5252 si
2566 5201 2804 5269 proﬁcit.
2832 5199 2959 5266 Ome
2980 5200 3268 5270 opitulatio
3280 5214 3380 5269 per

2100 5269 2302 5331 modos,
2322 5270 2433 5323 sive
2447 5267 2691 5333 occultos,
2716 5272 2826 5324 sive
2844 5267 3180 5337 manifestos,
3209 5267 3451 5326 matribus
3475 5267 3703 5324 adhibe-

2100 5344 2192 5394 tur
2206 5358 2223 5406 ;
2239 5340 2438 5409 etquod
2449 5355 2483 5412 ᾳ
2495 5342 2682 5395 multis
2696 5342 2997 5408 refutatur,
3009 5343 3248 5412 ipsorum
3255 5343 3542 5411 nequitia;
3555 5337 3703 5410 quod

2096 5416 2277 5466 autem
2304 5426 2340 5465 α
2357 5411 2543 5467 multis
2565 5414 2881 5483 suscipitur,
2908 5416 2959 5469 et
2979 5415 3172 5483 gratia:
3200 5418 3281 5469 est
3304 5414 3523 5480 duritia,
3544 5415 3596 5465 et
3614 5423 3701 5463 vo-

2098 5484 2325 5539 luntatis
2363 5483 2625 5539 humatur.

2167 5562 2189 5589 ε
2236 5554 2464 5625 Vulgata
2518 5554 2684 5611 editio
2729 5557 2952 5626 :Dirige
2981 5560 3199 5612 semitas
3224 5556 3457 5628 pedibus
3490 5556 3621 5624 tuis,
3651 5558 3706 5609 et

2093 5640 2271 5682 omnes
2296 5629 2399 5682 vim
2426 5632 2534 5682 tua:
2552 5628 2912 5683 stabilientur.

2163 5696 2191 5733 (ι
2216 5696 2350 5772 Vide
2372 5696 2513 5754 hanc
2529 5699 2857 5772 sententiam
2888 5699 3068 5758 collat.
3114 5703 3181 5757 14
3210 5715 3331 5772 cap.
3360 5706 3398 5758 9
3422 5704 3479 5753 et
3516 5703 3587 5755 t6
3607 5697 3701 5755 iti-

2092 5766 2220 5823 dem
2245 5768 2469 5826 citatam
2497 5778 2553 5825 et
2583 5768 2934 5830 elucidatam.
