4034 6212
406 260 509 317 923

1481 255 1762 313 JOANNIS
1798 254 2102 311 CASSIANI
2139 251 2631 310 COLLATIONES.

3611 248 3725 301 9'25

409 386 592 453 Deus;
617 398 686 441 an
728 384 856 456 quia
885 387 1034 441 Deus
1070 384 1378 451 miseretur,
1407 397 1810 454 consequamur
1835 356 2000 439 bona:
2028 384 2080 447 Α
2106 382 2245 450 silio,
2270 381 2363 436 sed
2384 381 2658 435 uoluntate
2685 378 2783 433 Dei
2824 374 2926 429 huc
2953 375 3148 429 missus
3168 387 3308 436 sum,
3342 372 3446 441 qui
3481 372 3619 438 fecit
3643 387 3725 428 me

409 479 702 535 voluntatis
725 478 981 535 initium?
1009 478 1168 534 Multi
1196 477 1344 534 enim
1375 477 1582 549 singula
1609 476 1729 533 haec
1756 491 2002 548 quaeren-

411 579 492 628 tes
533 588 597 628 ac
617 571 769 644 justo
809 570 1045 644 amplius
1079 578 1398 635 asserentes,
1429 570 1589 627 variis
1625 570 1838 644 sibique
1866 586 2005 627 con-

408 666 589 723 trariis
632 671 763 721 sunt
800 663 1074 721 erroribus
1116 664 1360 722 involuti.
1402 665 1462 722 Si
1514 665 1662 722 enim
1710 663 2008 721 dixerimus

409 766 666 814 nostrum
694 772 810 812 esse
838 756 998 815 bonae
1035 756 1363 830 principium
1389 758 1704 825 voluntatis,
1739 756 1873 829 quid
1905 755 2012 812 fuit

409 850 466 906 in
509 858 853 921 persecutore
884 851 1050 908 Paulo
1070 893 1086 919 ,
1120 851 1247 923 quid
1286 851 1341 908 in
1371 853 1662 925 publicano
1707 850 1971 909 Matthmo
1994 891 2009 919 ,

412 959 648 1018 quorum
691 960 833 1003 unus
860 946 1042 1003 cruori
1071 962 1136 1002 ac
1156 946 1432 1019 suppliciis
1454 946 1827 1015 innocentum,
1873 945 2014 1002 alius

411 1039 682 1096 violentiis
707 1052 772 1096 ac
807 1040 1010 1112 rapinis
1053 1041 1281 1114 publicis
1326 1041 1592 1098 incubans
1628 1040 1917 1097 attrahitur
1944 1038 2013 1095 ad

416 1136 687 1193 salutem?
709 1137 808 1192 Sin
831 1150 959 1192 vero
986 1137 1153 1209 gratia
1185 1138 1285 1193 Dei
1329 1151 1552 1208 semper
1579 1134 1826 1209 iuSpirari
1852 1135 2012 1191 bonae

413 1230 709 1287 voluntatis
761 1230 1016 1303 principia
1067 1229 1402 1299 dixerimus,
1445 1240 1470 1267 ι
1514 1229 1644 1303 quid
1682 1229 1750 1286 de
1799 1227 2012 1284 Zachaei

412 1324 537 1392 ﬁde,
578 1325 707 1396 quid
736 1324 804 1381 de
833 1324 975 1381 illius
1002 1325 1062 1381 in
1099 1341 1260 1382 cruce
1284 1325 1512 1381 latronis
1537 1326 1734 1397 pietate
1757 1323 2009 1393 dicimus,

410 1418 506 1490 qui
545 1415 813 1475 desiderio
858 1434 958 1476 suo
996 1420 1105 1475 vim
1149 1419 1441 1491 quamdam
1483 1419 1668 1492 regnis
1709 1417 2012 1474 caalestibus

419 1510 734 1581 inferentes,
764 1512 1013 1585 specialia
1038 1504 1566 1568 vocationismonita
1596 1512 2013 1584 praevenerunt?

415 1605 963 1664 Consummationem
1007 1623 1136 1664 vero
1187 1608 1455 1665 virtutum
1503 1616 1559 1663 et
1605 1604 2015 1662 exsecutionem

412 1698 802 1755 mandatorum
830 1700 954 1766 Dei,
986 1701 1029 1756 si
1055 1709 1247 1758 nostro
1293 1699 1734 1773 deputaverimus
1765 1697 2016 1767 arbitrio,

417 1791 696 1863 quomodo
715 1807 964 1850 oramus:
982 1795 1269 1866 Conﬁrma,
1297 1799 1458 1857 Deus,
1484 1795 1579 1849 hoc
1599 1794 1746 1863 quod
1770 1796 2020 1863 ope-ratus
2047 1796 2095 1860 Β
2125 1788 2369 1858 adversa,
2394 1788 2489 1845 sed
2529 1795 2759 1860 utraque
2787 1785 3147 1853 concordant,
3188 1792 3245 1840 et

417 1890 493 1941 est
519 1888 575 1941 in
592 1887 752 1942 nobis
783 1889 954 1960 (Psal.
977 1889 1172 1960 van)
1192 1909 1208 1958 ;
1231 1898 1310 1958 et,
1334 1891 1509 1960 Opera
1536 1903 1795 1943 manuum
1809 1889 2025 1941 nostra-

416 1994 539 2033 rum
565 1981 744 2050 dirige
776 1997 939 2051 super
975 1998 1069 2037 nos
1110 1982 1281 2053 (Psal.
1334 1986 1614 2047 Lxxxtx)?
1660 1980 1870 2035 Scimus
1895 1971 1922 2010 ¹³
1950 1977 2021 2034 ad

416 2072 854 2130 maledicendum
914 2074 1099 2130 Israeli
1168 2076 1391 2130 Balaam
1454 2073 1622 2130 fuisse
1683 2070 2020 2128 conductum

419 2162 597 2235 (Num.
636 2170 821 2234 χχιι),
849 2166 945 2222 sed
976 2165 1226 2221 videmus
1276 2165 1598 2221 maledicere
1631 2166 1871 2238 cupienti
1907 2181 2020 2223 non

416 2255 582 2313 fuisse
622 2260 975 2330 permissum.
1024 2258 1345 2315 Custoditur
1402 2258 1739 2327 Abimelech,
1791 2275 1862 2317 ne
1906 2263 2024 2317 Re-

417 2348 642 2408 beccam
668 2360 898 2425 tangens
925 2360 1112 2424 peccet
1137 2352 1193 2408 in
1219 2355 1397 2408 Deum
1426 2354 1629 2419 (Genes.
1661 2358 1790 2420 xx).
1819 2354 2023 2426 Joseph

420 2440 650 2500 fratrum
714 2444 880 2502 livore
934 2444 1275 2513 distrahitur,
1332 2452 1396 2502 ut
1449 2445 1726 2503 descensio
1780 2445 2022 2507 ﬁliorum

421 2539 587 2617 lsrgel
628 2539 685 2596 in
734 2541 1030 2613 Egyptum
1076 2539 1241 2609 ﬁerit,
1271 2550 1330 2598 et
1357 2540 1465 2597 illis
1505 2540 1574 2596 de
1602 2540 1849 2613 germani
1889 2556 2024 2599 nece

418 2633 799 2705 tractantibus,
866 2634 1066 2691 futurae
1132 2633 1297 2691 famis
1364 2633 1609 2691 remedia
1676 2642 2019 2707 pararentur.

419 2725 581 2798 Quod
608 2728 754 2785 idem
797 2728 1002 2802 Josepb
1029 2744 1059 2784 a
1107 2728 1365 2786 fratribus
1410 2728 1628 2800 agnitus
1672 2727 2020 2799 manifestat,

419 2820 611 2880 dicens
643 2841 657 2879 :
698 2825 873 2882 Nolite
917 2840 1148 2896 pavere,
1197 2840 1290 2879 nec
1330 2824 1533 2879 durum
1573 2823 1720 2878 vobis
1771 2824 2024 2878 videatur

426 2918 574 2987 quod
582 2920 903 2976 vendidistis
920 2935 1005 2974 me
1022 2921 1080 2975 in
1100 2918 1185 2973 his
1202 2919 1509 2988 regionibus
1539 2936 1556 2971 :
1576 2932 1680 2988 pro
1689 2917 1863 2972 salute
1881 2919 2022 2972 enim

422 3014 601 3065 vestra
629 3014 781 3067 misit
804 3012 1162 3068 meDominus
1176 3014 1300 3065 ante
1322 3026 1431 3065 vos.
1459 3012 1530 3065 Et
1553 3007 1726 3064 infra:
1749 3010 2024 3064 Prcemisit

425 3104 668 3159 enimme
701 3107 959 3159 Dominus
979 3145 994 3172 ,
1028 3108 1089 3157 ut
1130 3106 1474 3159 resem‘emini
1497 3119 1656 3175 super
1697 3107 1896 3158 terram
1922 3144 1936 3171 ,
1973 3106 2025 3159 et

2110 481 2269 549 quasi
2298 482 2509 549 patrem
2551 475 2855 532 Pharaonis
2871 515 2886 536 ,
2931 476 2982 527 et
3016 471 3290 526 dominum
3320 471 3489 524 totius
3533 469 3725 525 domus

2113 574 2248 644 ejus,
2275 576 2327 628 et
2352 573 2652 643 principem
2676 572 2736 624 in
2767 572 2914 623 terra
2940 568 3164 637 Egypti
3199 554 3411 632 (Genes.
3444 568 3608 630 XLV).
3654 566 3728 620 Et

2114 682 2245 724 cum
2288 673 2412 738 post
2432 665 2643 721 obitum
2674 664 2840 735 patris
2867 649 3294 719 formidantibus
3320 648 3590 715 fratribus
3624 673 3709 715 su-

2115 759 2415 832 spicionem
2445 756 2660 814 timoris
2693 754 2974 811 auferret:
3024 755 3220 822 Nolite,
3257 752 3467 824 inquit,
3503 755 3723 820 timere;

2120 854 2501 925 numquidDei
2515 866 2796 923 possumus
2840 851 3086 907 resistere
3114 836 3425 903 uoluntati?
3480 848 3609 929 Vos
3637 864 3730 904 oo—

2116 950 2336 1018 gitastis
2364 948 2646 1003 aduersum
2671 960 2754 999 me
2782 946 3002 1007 malum,
3022 929 3086 998 et
3112 947 3253 1000 Deus
3279 944 3439 997 vertit
3474 943 3625 998 illud
3665 946 3729 997 in

2120 1046 2402 1107 bonum‘,ut
2413 1042 2681 1099 exultaret
2695 1055 2797 1107 me,
2814 1041 2957 1094 sicut
2965 1038 3460 1108 impraesentiarum
3474 1041 3724 1101 cernitis,

2118 1142 2169 1193 et
2206 1135 2379 1193 salvos
2423 1138 2626 1204 faceret
2673 1135 2899 1205 populos
2942 1128 3134 1187 multos
3184 1129 3388 1201 (Genes.
3439 1135 3517 1199 ι).
3555 1130 3731 1203 Quod

2119 1232 2282 1287 etiam
2310 1230 2500 1287 beatus
2524 1228 2702 1285 David
2732 1226 3071 1321 oecqnomice
3092 1234 3226 1313 tunc
3245 1223 3457 1281 factum
3485 1223 3541 1279 in
3580 1224 3734 1296 psal-

2119 1341 2213 1382 mo
2244 1325 2544 1382 centesimo
2562 1324 2783 1396 "quarto
2808 1317 3060 1377 similiter
3095 1318 3356 1386 declarat,
3383 1317 3573 1375 dicens
3613 1339 3628 1375 :
3660 1323 3730 1376 Et

2119 1422 2326 1475 vocavit
2360 1421 2565 1487 famem
2587 1433 2749 1487 super
2790 1421 2995 1470 terram
3017 1457 3035 1478 ,
3076 1417 3125 1468 et
3152 1428 3304 1468 onme
3323 1414 3729 1483 ﬁrmamentum

2117 1517 2279 1586 panis
2307 1515 2581 1569 contriuit.
2625 1512 2778 1567 Misit
2805 1514 2935 1566 ante
2963 1522 3048 1564 eos
3074 1509 3286 1570 virum,
3316 1508 3379 1561 in
3405 1522 3603 1561 sei-rum
3631 1523 3728 1562 ce-

2122 1607 2421 1662 numdatus
2439 1608 2518 1662 est
2539 1604 2749 1676 Ioseph.
2777 1605 2912 1660 Haec
2940 1601 3073 1669 duo,
3092 1600 3148 1657 id
3168 1608 3269 1668 est,
3298 1600 3382 1656 vel
3413 1603 3577 1673 gratia
3594 1599 3721 1669 Dei,

2126 1701 2210 1757 vel
2236 1700 2468 1757 liberum
2493 1698 2805 1767 arbitrium,
2836 1696 2937 1753 sibi
2964 1695 3186 1768 quidem
3217 1694 3445 1751 invicem
3471 1695 3727 1751 videntur

3293 1793 3315 1819 ο
3357 1793 3577 1856 unaque
3610 1799 3720 1840 nos

2132 1884 2334 1957 pariter
2352 1882 2548 1940 debere
2575 1882 2868 1953 suscipere,
2900 1879 3113 1952 pietatis
3142 1878 3363 1936 ratione
3390 1877 3718 1951 colligimus,

2130 1993 2198 2034 ne
2226 1992 2397 2033 unum
2434 1976 2635 2032 horum
2657 1973 2879 2043 Lhomini
2911 1971 3316 2036 subtrahentes,
3347 1969 3728 2026 ecclesiastica:

2129 2069 2254 2127 fidei
2292 2068 2539 2143 regulam
2568 2066 2859 2123 excessisse
2898 2065 3197 2122 videamur.
3222 2067 3363 2121 Nam
3386 2050 3436 2101 ’ἀ
3479 2079 3607 2120 cum
3648 2064 3737 2120 vi-

2129 2164 2270 2221 derit
2302 2178 2407 2220 nos
2433 2167 2583 2220 Deus
2618 2161 2688 2219 ad
2716 2161 2920 2217 bonum
2960 2159 3095 2216 velle
3117 2159 3431 2228 deﬂectere,
3454 2159 3731 2229 occurrit,

2129 2258 2315 2331 dirigit
2351 2266 2513 2329 atque
2538 2255 2830 2313 confortat.
2858 2255 2950 2312 Ad
2986 2270 3160 2310 vocem
3187 2254 3335 2309 enim
3374 2254 3625 2309 clantoris
3648 2256 3737 2309 tui

2131 2355 2321 2408 statim
2344 2357 2408 2407 ut
2421 2352 2665 2407 audierit
2688 2347 3027 2421 respondebit
3052 2348 3158 2404 tibi
3177 2346 3536 2420 (Isaia-xxx).
3552 2349 3616 2402 Et
3638 2352 3731 2402 In-

2132 2461 2258 2501 voca
2274 2461 2379 2513 me,
2404 2444 2600 2515 inquit,
2620 2446 2679 2499 in
2707 2444 2795 2499 die
2822 2444 3192 2498 tribulationis
3219 2446 3347 2510 tute,
3373 2448 3429 2497 et
3451 2458 3634 2498 eruam
3658 2447 3729 2511 te,

2131 2540 2459 2610 gloriﬁcabis
2487 2554 2570 2594 me
2600 2541 2689 2594 Ps.
2721 2540 2921 2605 χιιι).
2970 2540 3039 2592 Et
3064 2550 3255 2593 rursus
3282 2537 3327 2592 si
3352 2551 3456 2592 nos
3482 2537 3627 2591 nolle
3650 2536 3731 2591 vel

2130 2633 2423 2706 intepuisse
2485 2630 2851 2705 perspexerit,
2930 2629 3349 2687 adhortationes
3390 2627 3730 2713 {salutiferas

2129 2728 2388 2786 admovet
2428 2726 2687 2782 cordibus
2713 2724 2937 2792 nostris,
2968 2724 3166 2797 quibus
3194 2723 3451 2779 voluntas
3480 2724 3622 2778 bona
3654 2723 3733 2778 vel

2131 2830 2411 2896 reparetur
2435 2820 2515 2875 vel
2546 2818 2815 2875 formetur
2842 2818 2898 2873 in
2923 2818 3103 2873 nobis.

2719 2922 2963 2978 CAPUT
2999 2924 3129 2977 XII.

2131 3020 2282 3089 Quod
2313 3020 2557 3075 voluntas
2598 3019 2733 3073 bona
2769 3035 2862 3074 nec
2890 3034 3096 3090 semper
3141 3021 3375 3088 gratiae,
3417 3035 3512 3073 nec
3536 3033 3736 3090 semper

2614 3092 2686 3145 sit
2720 3091 2923 3145 homini
2958 3091 3263 3146 tribuenda.

427 3197 670 3251 escasad
708 3199 996 3253 vivendum
1017 3201 1238 3269 possitis
1288 3200 1505 3255 habere.
1549 3200 1666 3256 Non
1694 3202 1868 3254 oestro
1903 3213 2022 3252 con-
2055 3183 2101 3246 C
2205 3198 2228 3227 °
2270 3195 2385 3251 Nec
2427 3191 2570 3250 enim
2595 3192 2761 3249 talem
2794 3195 2943 3249 Deus
2968 3191 3260 3248 hominem
3293 3190 3488 3248 fecisse
3509 3192 3735 3249 creden-

1522 3309 1777 3366 ALARDI
1813 3308 2041 3365 (ΞΑΖᾸΞΙ
2077 3302 2633 3364 COMMENTARIUS.

497 3421 521 3449 ⁸
561 3417 880 3493 Respondet
907 3421 1142 3493 Prosper
1166 3425 1223 3493 et
1250 3418 1413 3493 (idem
1440 3418 1674 3476 Zachan
1693 3461 1708 3486 ,
1739 3426 1795 3475 et
1838 3416 2031 3493 latroni

2141 3414 2750 3481 c.5,§4,etc.6§t.
2788 3410 3730 3479 Quodetiaminooncihb'l‘rident.

422 3482 694 3561 pietatem.
725 3507 755 3545 a
791 3494 906 3545 Deo
962 3482 1130 3543 fuisse
1164 3488 1501 3560 inspiratam,
1535 3498 1588 3544 et
1625 3482 1920 3561 utrumque
1944 3487 2035 3561 di-
2140 3501 2268 3561 sese.
2306 3491 2339 3540 6
2366 3500 2410 3561 c.
2438 3488 2471 3538 5
2497 3484 2779 3561 deﬁnitum
2804 3488 2902 3545 est,
2929 3486 2980 3537 et
2996 3498 3133 3561 Acan.
3167 3482 3397 3561 {fidem
3425 3487 3591 3539 etiam
3612 3501 3733 3539 oon-

427 3558 551 3611 vina
574 3560 857 3613 vocatione
886 3558 1379 3628 praeventumIQui
1403 3563 1544 3613 enim
1575 3562 1766 3615 illumit
1794 3558 1852 3614 in
1876 3559 2033 3614 corde

425 3629 672 3683 Matthcei
706 3629 1028 3697 publicani,
1082 3633 1132 3699 et
1155 3630 1318 3683 Pauli
1347 3635 1471 3683 tunc
1516 3632 1807 3684 Ecclesium
1848 3644 2027 3699 perse-

464 3700 660 3765 uentis,
692 3700 805 3769 ipse
840 3702 893 3753 et
917 3699 979 3752 in
1001 3697 1153 3752 corde
1176 3699 1394 3752 Zachoei
1426 3703 1477 3754 et
1504 3701 1561 3752 in
1598 3700 1752 3753 corde
1780 3697 2027 3768 cruciﬁxi

447 3772 658 3825 atronis
684 3771 902 3837 illuait;
918 3784 1024 3824 non
1044 3770 1186 3824 enim
1211 3772 1428 3826 Domini
1447 3785 1554 3824 vos:
1569 3771 1739 3824 otiosa
1760 3771 1876 3837 fuit
1904 3784 2024 3823 cum

424 3843 726 3911 Zachceum,
756 3844 855 3913 qui
871 3841 1145 3913 quaerebat
1163 3841 1350 3897 videre
1377 3857 1515 3908 eum,
1548 3843 1671 3911 quis
1696 3845 1848 3906 esset,
1881 3855 2026 3913 com-

418 3914 627 3984 pellare
638 3912 894 3983 dignatus
912 3913 1180 3968 estdicens
1199 3929 1213 3966 :
1229 3913 1463 3975 Zachtee,
1480 3914 1749 3979 festinans
1772 3912 2026 3968 descende

422 3988 555 4056 quia
585 3986 741 4041 hodie
761 3988 820 4040 in
857 3986 1013 4040 domo
1033 3987 1134 4039 tua
1179 3990 1384 4055 oportet
1426 4000 1509 4039 me
1540 4000 1780 4039 manere.
1816 3986 1887 4038 Et
1917 3998 2026 4037 non

424 4058 894 4185 ῃφὶιξῖῧᾳὲαυίιιῗίξί
1058 4059 1324 4185 αηὶνῖιέιηι,
1345 4056 1499 4126 cujus
1512 4057 1673 4126 elegit
1696 4056 2025 4126 hospitium?

596 4146 610 4183 ι
653 4145 683 4184 e
704 4145 767 4183 co
807 4145 837 4184 a
871 4171 882 4184 .
1012 4143 1132 4185 can.
1244 4172 1255 4183 .

596 4143 683 4184 tae
704 4143 882 4184 conat.
925 4143 989 4183 24
1012 4143 1132 4184 CBD.
1168 4143 1228 4184 l7
1244 4172 1255 4183 .

494 4144 519 4159 υ
553 4144 683 4185 Vide
704 4144 882 4184 canat.
925 4144 989 4183 24
1012 4144 1132 4198 cap.
1168 4144 1255 4185 17.

493 4202 515 4231 ε
544 4202 668 4255 Νοιι
696 4201 773 4255 ita
796 4208 1002 4267 tamen,
1035 4207 1092 4254 ut
1131 4200 1185 4254 in
1226 4197 1905 4271 quibusdamhominibus
1931 4209 2025 4252 vo-

426 4269 605 4342 luntas
632 4271 887 4342 gratiam,
909 4271 970 4342 in
996 4270 1118 4325 aliis
1145 4269 1317 4342 gratia
1340 4270 1637 4341 praeveniat
1656 4270 2023 4342 voluntatem;

424 4339 519 4412 sed
573 4339 725 4412 utiin
749 4340 1039 4412 omnibus
1072 4339 1320 4412 voluntas
1341 4339 1605 4412 gratiam
1640 4339 2021 4412 subsequatur.

434 4407 647 4477 Alioqui
676 4408 819 4462 enim
850 4409 897 4461 si
940 4407 1189 4464 aufertur
1231 4407 1462 4465 liberum
1493 4410 1781 4467 arbitrium
1820 4407 1956 4466 eum
1993 4423 2026 4464 a

424 4476 594 4551 gratia
607 4477 966 4551 praevenitur,
991 4477 1240 4551 aufertur
1266 4479 1433 4551 etiam
1456 4481 1628 4551 gratia
1653 4496 1780 4551 cum
1805 4497 1834 4535 a
1854 4480 2024 4551 libero

426 4546 658 4603 arbitrio
684 4546 1050 4619 praevenitur;
1090 4548 1286 4617 sicque.
1307 4546 1538 4604 alterum
1570 4548 1778 4604 homini
1809 4550 2028 4606 subtra-

431 4620 612 4676 hatur.
633 4616 805 4675 Porro
816 4618 958 4674 circa
972 4616 1313 4675 huuclocum
1344 4635 1373 4674 a
1407 4623 1471 4674 D.
1494 4620 1769 4675 Antonino
1790 4621 2028 4676 relatum

2142 3558 2325 3612 cilium
2353 3557 2759 3610 Arausicanum
2804 3568 2873 3619 ιι,
2902 3570 2946 3608 c.
2985 3558 3040 3622 6,
3069 3558 3121 3609 et
3171 3554 3566 3617 Mi'leeitanum,
3596 3572 3641 3609 c.
3673 3562 3728 3622 5,

2142 3633 2268 3695 ante
2294 3629 2618 3681 statuerunt.
2644 3625 2777 3679 Haec
2808 3624 2941 3695 ipse.

2203 3686 2233 3730 ά
2288 3699 2410 3767 Hoc
2456 3686 2841 3767 commentum
2881 3695 3131 3766 superius
3171 3696 3317 3767 (Cap.
3364 3699 3396 3751 8
3427 3702 3481 3750 et
3517 3697 3567 3763 9)
3597 3695 3722 3767 aliis

2132 3775 2297 3839 atque
2318 3765 2433 3822 aliis
2458 3764 2997 3839 verbisjnculoatum
3022 3774 3073 3821 et
3098 3764 3381 3823 refutatum
3403 3773 3526 3839 est:
3565 3765 3713 3835 quod

2133 3848 2191 3910 et
2204 3835 2281 3894 ab
2305 3839 2423 3910 ipso
2441 3835 2656 3910 Pelagio
2681 3835 3005 3910 damnatum
3027 3839 3221 3893 asserit
3254 3840 3474 3909 Prosper
3499 3837 3552 3892 in
3579 3852 3715 3892 con-

2133 3909 2258 3966 cilio
2284 3908 2581 3983 Palaestino
2601 3908 2654 3962 in
2676 3921 2835 3983 causa
2874 3908 3042 3983 ipsius
3065 3908 3407 3983 congregato;

2207 3992 2228 4018 ο
2280 3983 2467 4036 Plures
2495 3980 2679 4034 itidem
2718 3980 3082 4035 absurditates
3123 3980 3208 4036 hic
3247 3980 3422 4051 notari
3470 3986 3723 4051 possunt.

2140 4053 2326 4109 Primo
2357 4052 2480 4122 quia
2502 4051 2754 4122 imperite
2782 4052 3306 4124 allegatexemplum
3324 4050 3549 4118 Adami,
3568 4065 3727 4122 quem

2139 4132 2353 4180 constat
2377 4130 2587 4178 rectum
2619 4131 2674 4178 et
2702 4123 2857 4179 omni
2878 4123 3006 4177 vitio
3051 4131 3331 4177 carentem
3362 4139 3392 4178 a
3428 4124 3549 4178 Deo
3578 4137 3730 4178 crea-

2134 4203 2253 4251 tum
2284 4194 2488 4262 fuisse;
2537 4209 2664 4267 cum
2690 4194 2780 4250 hic
2806 4209 2915 4249 non
2951 4203 3140 4267 agatur
3185 4194 3255 4249 de
3307 4195 3482 4267 libero
3511 4193 3728 4267 arbitrio

2138 4269 2190 4320 in
2216 4274 2359 4322 statu
2387 4266 2714 4323 innocentia:
2740 4274 2794 4321 et
2829 4266 3040 4321 natura;
3085 4266 3335 4337 integrae,
3367 4266 3469 4323 sed
3509 4266 3567 4337 in
3591 4273 3728 4337 statu

2135 4346 2344 4393 naturae
2366 4344 2756 4409 corruptaeper
2782 4345 3072 4409 peccatum,
3103 4336 3321 4409 Adami.
3357 4339 3503 4393 Nam
3541 4336 3727 4409 debili-

2136 4415 2365 4480 tas,seu
2408 4406 2745 4463 imbecillitas
2774 4406 2926 4480 liberi
2957 4407 3168 4463 arbitrii
3200 4423 3312 4463 non
3341 4414 3429 4464 est
3466 4424 3533 4464 ex
3563 4408 3727 4480 prima

2136 4478 2476 4535 institutione
2522 4485 2752 4544 naturae,
2800 4479 2896 4534 sed
2933 4494 2997 4534 ex
3049 4487 3269 4549 peccato
3298 4478 3601 4536 contracta.
3632 4481 3725 4534 Se-

2134 4550 2317 4606 cundo
2341 4549 2483 4605 male
2499 4549 2849 4606 ratiocinatur
2874 4550 3111 4606 Collator
3130 4549 3237 4606 hoc
3259 4551 3428 4607 modo
3454 4570 3467 4604 :
3486 4553 3541 4607 Si
3567 4550 3721 4607 homo

2137 4637 2247 4677 non
2277 4620 2448 4692 possit
2475 4620 2609 4676 velle
2638 4622 2841 4678 bonum
2870 4637 2938 4677 ex
2979 4637 3058 4687 se,
3080 4637 3225 4693 ergo
3255 4631 3409 4678 caret
3440 4621 3614 4679 libero
3636 4635 3722 4676 ar-

428 4694 622 4776 Petriis
653 4694 901 4776 Maturus
926 4691 1129 4776 saepius
1152 4706 1181 4745 a
1215 4706 1306 4746 me
1316 4690 1527 4776 renatus
1556 4692 1874 4776 (Ubins‘upra
1906 4708 2033 4776 cap.
2058 4709 2109 4771 Ι)
2138 4690 2321 4776 bitrio.
2353 4696 2597 4776 litigatur
2618 4693 2958 4776 consecutio.
2989 4690 3202 4776 ξιιῑῆοῆ
3226 4694 3374 4776 enim
3411 4693 3481 4750 ad
3513 4694 3719 4750 liberta-

427 4767 528 4831 ιιι)
557 4764 673 4820 haec
697 4762 1025 4819 annotavit:
1057 4767 1285 4820 Joannes
1310 4764 1621 4830 Cassianus,
1672 4763 2032 4832 Chrysostomi

429 4838 672 4901 auditor,
694 4836 927 4890 medium
945 4850 999 4891 se
1011 4840 1255 4891 statuens
1276 4837 1419 4889 inter
1430 4850 1514 4890 eos
1525 4837 1749 4904 quicum
1759 4835 2031 4890 catholicis

428 4909 716 4978 afﬁrmant
735 4921 829 4960 nos
848 4908 946 4960 Dei
960 4910 1140 4974 gratia
1148 4909 1457 4978 praveniri,
1477 4911 1527 4962 et
1542 4908 1686 4962 inter
1705 4922 1786 4962 eos
1801 4909 2027 4978 quicum

427 4977 744 5044 Pelagianis
767 4982 1013 5048 asserunt
1029 4993 1123 5032 nos
1142 4981 1243 5033 Dei
1257 4980 1489 5047 gratiam
1503 4977 1817 5048 prleuenire,
1851 4980 2032 5034 docuit

429 5048 689 5117 quosdam
709 5060 808 5101 sua
841 5046 1112 5102 voluntate
1134 5050 1379 5103 divinam
1416 5046 1653 5118 gratiam
1676 5055 2027 5115 antevertcre,

427 5118 787 5192 quorumdam
805 5132 925 5173 vero
952 5118 1247 5174 voluntates
1276 5135 1311 5173 a
1334 5120 1524 5175 divina
1545 5124 1730 5191 gratia
1751 5126 2026 5192 prwverti.

427 5192 663 5262 Prosper
688 5191 1002 5259 Rhegiensis
1031 5192 1307 5260 episcopus
1340 5192 1594 5247 adversus
1622 5191 1759 5247 hanc
1782 5195 2034 5249 Cassiani

431 5276 460 5314 ο
499 5264 732 5317 inionem
751 5262 813 5316 d'
915 5263 1049 5316 tavit
1059 5262 1324 5331 peculiari
1340 5264 1625 5325 volumine,
1641 5266 1734 5318 cui
1751 5265 1940 5318 titulus
1953 5269 2031 5319 est

427 5277 498 5385 αξ
520 5334 710 5385 Libero
736 5277 963 5385 Agyro
982 5372 998 5385 .
1049 5335 1240 5385 Simtus
1269 5335 1485 5385 Senens.
1527 5335 1622 5385 lib.
1656 5348 1723 5385 Vl
1773 5334 2027 5385 Biblioth.

467 5348 493 5386 e
520 5334 710 5388 Libero
736 5334 998 5400 Arbitro,
1049 5335 1240 5389 Simius
1269 5335 1485 5391 Senens.
1527 5335 1622 5388 lib.
1656 5348 1723 5389 Vl
1772 5334 2027 5390 Biblioth.

429 5409 615 5475 annot.
660 5409 778 5459 183.
815 5406 1061 5475 Prosperi
1082 5409 1406 5459 sententiam
1445 5408 1765 5475 conﬁrmant
1804 5406 2027 5475 Augus-

429 5474 574 5529 tinus
593 5478 651 5528 in
679 5476 772 5529 lib.
805 5476 870 5530 de
891 5474 1148 5533 Praedest.
1176 5477 1360 5533 Sanct.
1388 5492 1433 5531 c.
1468 5485 1520 5541 '2,
1542 5474 1599 5532 et
1628 5475 1728 5531 lib.
1766 5492 1816 5533 It
1844 5474 2029 5534 contra

428 5543 568 5618 duas
587 5546 840 5618 epistolas
864 5549 1278 5618 Pelagianorum
1306 5564 1351 5603 c.
1381 5553 1417 5604 9
1438 5590 1452 5613 ,
1478 5553 1529 5604 et
1554 5549 1650 5605 lib.
1678 5549 1745 5604 de
1768 5551 2023 5608 Prtedest.

429 5619 479 5669 et
506 5616 707 5689 Gratia
726 5616 1065 5689 _cap._10,'et
1092 5621 1185 5674 lib.
1217 5620 1283 5675 de
1316 5621 1561 5674 Ecclesia:
1596 5622 1948 5689 Dogmatibus
1977 5637 2021 5677 c.

428 5690 531 5754 44;
563 5691 617 5741 et
639 5686 950 5752 Fulgentius
979 5689 1045 5742 de
1071 5692 1447 5744 Incarnatione
1463 5695 1516 5744 et
1543 5686 1738 5748 Gratia
1761 5692 1964 5747 Christi
1978 5707 2022 5747 c.

430 5758 530 5825 {9;
559 5760 625 5814 1).
663 5756 890 5832 Thomas
913 5759 1123 5832 int-2‘,
1158 5775 1213 5827 q.
1239 5761 1372 5832 _l09,
1406 5764 1515 5813 art.
1546 5764 1610 5832 9,
1633 5765 1685 5814 et
1718 5765 1830 5826 2-2,
1854 5776 1908 5832 q.
1957 5767 2024 5832 6,

424 5843 478 5884 a.
509 5832 567 5899 l;
594 5832 645 5885 et
664 5830 776 5899 ipse
795 5829 861 5883 D.
886 5828 1189 5895 Antoninus
1225 5829 1283 5881 in
1308 5840 1375 5882 ιγ
1399 5834 1554 5897 part.
1584 5831 1821 5887 Summae
1851 5828 1938 5897 tit,
1966 5828 2023 5903 9,

2141 4771 2252 4819 tem
2290 4764 2494 4820 arbitrii
2545 4766 2690 4835 quod
2716 4764 2822 4836 hoc
2858 4764 3053 4836 possit,
3080 4765 3378 4834 suppositis
3405 4777 3726 4836 supponen-

2138 4835 2246 4900 dis,
2294 4851 2492 4907 nempe
2537 4833 2744 4891 auxiliis
2789 4833 2992 4909 divina
3030 4833 3256 4909 gratiae,
3306 4851 3449 4909 quae
3479 4833 3728 4892 omnibus

2139 4915 2338 4978 praesto
2398 4905 2566 4980 sunt,
2620 4915 2682 4980 ut
2723 4906 2974 4980 superius
3026 4905 3258 4978 ipsemet
3319 4905 3602 4980 professus
3647 4915 3727 4961 est

2139 4971 2296 5050 '(Cap.
2337 4984 2415 5053 β).
2457 4971 2720 5053 Alioquin
2761 4971 2957 5053 eoﬁem
3021 4971 3348 5053 argumento
3386 4980 3719 5053 colligerentr

2137 5047 2254 5106 non
2270 5050 2451 5106 solum
2469 5048 2548 5121 ad
2564 5047 2956 5121 incipiendum,
2986 5047 3209 5105 sed'nec
3234 5048 3306 5106 ad
3334 5047 3717 5121 perliciendum

2137 5122 2311 5192 gratia
2339 5122 2439 5178 Dei
2463 5116 3141 5193 indigere,‘mntra:ipsum
3167 5116 3526 5178 Collatorem.
3546 5116 3722 5193 Tertio

2137 5190 2422 5264 perperam
2429 5190 2601 5264 etiam
2609 5190 2887 5263 produxit,
2898 5191 2965 5248 ad
2979 5190 3327 5264 probandam
3344 5194 3558 5249 arbitrii
3580 5192 3731 5248 liber-

2136 5263 2306 5319 tatem
2334 5272 2390 5319 et
2417 5263 2763 5331 facultatem,
2802 5263 3012 5319 textum
3044 5264 3201 5319 illum
3230 5265 3512 5321 Geneseos
3546 5283 3562 5318 :
3608 5266 3732 5320 Ecce

2134 5335 2319 5392 Adam
2335 5336 2513 5401 factus
2537 5338 2632 5397 est,
2664 5338 2801 5390 sicut
2825 5350 2966 5390 unus
2986 5351 3055 5389 ea:
3079 5336 3254 5404 nobis,
3271 5340 3440 5392 sciens
3464 5337 3653 5391 bonum
3674 5337 3731 5387 et

2136 5407 2706 5478 malum(G6ﬂ88-Iu).
2754 5406 2925 5478 Quasi
2949 5405 3204 5478 diabolus
3248 5407 3386 5464 Adm
3431 5422 3549 5463 vera
3577 5417 3724 5478 prie:

2137 5476 2335 5551 dixerit
2356 5484 2409 5533 et
2436 5473 2798 5549 promiserit;
2821 5486 2877 5533 et
2915 5477 3001 5532 his
3026 5477 3559 5551 verbis‘siguiﬁoetur
3579 5473 3726 5551 quid

2138 5548 2317 5621 Adam
2351 5546 2455 5621 per
2497 5557 2779 5621 peccatum
2816 5558 3141 5605 consecutus
3177 5546 3357 5621 sitfet
3400 5564 3509 5606 non
3544 5546 3733 5621 potius

2134 5620 2267 5692 quid
2287 5620 2529 5676 amiserit
2552 5637 2565 5675 :
2592 5636 2719 5676 cum
2741 5620 3040 5692 haacgverba
3056 5620 3357 5677 secundum
3375 5620 3732 5679 communem

2134 5691 2360 5766 sensum
2378 5699 2735 5747 tractatorum
2756 5733 2771 5759 ,
2826 5691 2880 5748 id
2906 5702 2989 5766 est
3006 5733 3021 5760 ,
3053 5692 3411 5766 interpretum
3430 5733 3447 5759 ,
3489 5709 3588 5766 per
3613 5692 3731 5766 iro;-

2133 5762 2280 5836 n_iam
2309 5761 2449 5836 dicta
2464 5771 2802 5836 censeantur
2826 5781 2843 5831 ;
2866 5770 2929 5819 ut
2948 5761 3343 5836 intelligeretur
3368 5761 3575 5836 quanta
3598 5761 3734 5819 deri.

2133 5833 2282 5891 sione
2300 5840 2356 5889 et
2390 5832 2624 5890 ludibrio
2647 5832 2844 5907 dignus
2874 5841 3018 5892 esset
3044 5832 3245 5901 Adam,
3277 5837 3378 5906 qui
3386 5832 3521 5891 ’που
3556 5836 3725 5891 solum
