4040 6206
425 280 527 335 927

1504 268 1785 325 JOANNIS
1821 268 2131 327 CASSIANI
2168 269 2662 329 COLLATIONES.

3637 272 3750 328 928

427 402 590 474 Quod
616 403 803 475 utique
845 400 922 458 eis
948 415 1060 456 non
1083 397 1326 467 dixisset,
1375 396 1481 454 nisi
1509 412 1604 454 eos
1627 397 1834 470 iudicio
1868 408 2035 456 natu-
2059 403 2114 466 Α
2138 401 2285 455 cabis
2313 401 2533 457 domum
2571 401 2780 456 nomini
2803 413 2916 455 meo
2946 400 3041 466 (Ill
3078 399 3206 467 Reg.
3235 400 3400 463 vui).
3429 397 3565 452 Haec
3608 414 3747 472 ergo

425 499 524 555 rali
578 496 635 554 id
685 495 835 568 quod
879 510 1104 569 aequum
1144 503 1228 551 est
1268 493 1462 550 scisset
1498 508 1660 566 posse
1697 492 2020 551 discernere.

423 590 590 648 Unde
606 590 908 647 cavendum
937 598 1019 646 est
1044 587 1206 645 nobis
1227 603 1297 645 ne
1324 589 1401 644 ita
1427 586 1496 644 ad
1516 589 1818 644 Dominum
1843 589 2027 645 omnia

424 692 741 741 sancton
771 682 963 739 merita
998 681 1308 739 referamus
1331 691 1378 751 ι,
1404 690 1467 738 ut
1492 680 1624 737 nihil
1653 681 1755 737 nisi
1782 681 1839 737 id
1880 681 2029 754 quod

424 778 635 835 malum
662 786 827 850 atque
852 792 1166 849 perversum
1186 783 1268 831 est
1283 775 1543 831 humana:
1564 775 1905 831 ascribamus
1925 791 2030 832 na-

424 879 584 928 turai.
612 872 677 926 In
696 885 807 941 quo
836 868 1060 942 quidem
1089 867 1477 940 sapientissimi
1496 866 1833 934 Salomonis,
1860 866 2029 926 immo

427 961 838 1034 Domini,cuius
851 961 972 1019 haec
988 960 1151 1018 verba
1165 959 1635 1029 sunt,testimonio
1657 958 1792 1015 conf
1790 968 2026 1018 utamur.
2079 988 2083 991 Α

426 1061 505 1115 Ita
528 1057 678 1114 enim
707 1072 836 1114 cum
864 1063 1245 1114 consummata
1278 1053 1467 1125 templi
1513 1054 1880 1111 exstructione
1908 1070 2029 1112 ora-

424 1161 532 1222 ret,
561 1151 759 1209 effatus
788 1160 869 1208 est
895 1172 907 1208 :
949 1152 1236 1221 Voluitque
1272 1148 1463 1205 David
1481 1152 1645 1219 pater
1678 1164 1826 1203 meus
1853 1149 2031 1220 cadi/t-

426 1262 549 1303 care
571 1247 789 1302 domum
820 1248 1032 1300 nomini
1068 1245 1290 1300 Domini
1322 1245 1423 1298 Dei
1447 1244 1638 1311 Israel,
1667 1247 1715 1297 et
1743 1246 1825 1298 ait
1855 1245 2033 1298 Domi-

427 1356 527 1397 nus
555 1343 693 1395 Deus
721 1340 796 1395 ad
821 1339 1001 1394 David
1033 1343 1245 1409 patrem
1268 1353 1444 1393 meum
1472 1355 1488 1392 :
1520 1336 1670 1405 Quod
1691 1339 1943 1406 cogitasti
1968 1340 2028 1392 in

427 1435 580 1492 corde
609 1437 701 1489 tuo
724 1435 996 1502 aediﬁcare
1035 1432 1251 1487 domum
1284 1434 1493 1487 nomini
1520 1446 1652 1494 meo,
1688 1430 1813 1486 bene
1840 1414 2028 1513 fecisti

428 1532 523 1587 hoc
553 1533 729 1602 ipsum
756 1534 933 1586 mente
962 1533 1236 1597 tractans;
1263 1532 1632 1584 verumtamen
1647 1542 1754 1581 non
1785 1530 1845 1581 tu
1868 1526 2027 1596 (ediﬁ-

2135 494 2162 529 δ
2182 493 2444 566 cogitatio
2485 500 2649 566 atque
2674 493 2777 549 iste
2794 498 3059 548 tractatus
3077 491 3221 563 regis
3251 487 3465 559 David,
3487 497 3751 548 utrumne

2134 587 2315 644 bonus
2343 595 2399 643 et
2421 603 2484 643 ex
2518 590 2661 656 Deo,
2688 603 2760 644 an
2798 584 2981 643 malus
3022 591 3081 640 et
3104 583 3172 640 ab
3195 582 3428 640 homine
3458 581 3631 640 fuisse
3655 584 3745 643 di-

2136 679 2344 738 cendus
2373 685 2490 738 est?
2514 682 2571 739 Si
2600 681 2747 737 enim
2774 680 2933 737 bona
2953 686 3117 750 atque
3141 693 3205 735 ex
3231 680 3351 735 Deo
3378 675 3485 733 fuit
3516 677 3612 734 illa
3651 693 3746 736 co-

2136 775 2344 847 gitatio,
2367 790 2467 832 cur
2486 775 2555 833 ab
2578 790 2643 832 eo
2680 790 2713 832 a
2750 789 2858 846 quo
2887 775 3146 848 inspirata
3169 781 3277 841 est,
3306 773 3486 831 eidem
3513 784 3749 848 negatur

2138 866 2408 925 effectus?
2435 869 2488 925 Si
2517 876 2701 926 autem
2729 868 2872 926 mala
2910 875 2963 924 et
2989 884 3053 923 ex
3076 866 3305 925 homine
3332 864 3459 939 fuit,
3499 883 3602 924 cur
3621 867 3744 925 lan-

2139 961 2300 1020 datur
2340 980 2372 1020 a
2400 964 2676 1021 Domino?
2701 967 2892 1020 Restat
2926 978 3056 1036 ergo
3083 969 3147 1018 ut
3172 969 3229 1018 et
3255 961 3395 1019 bona
3435 971 3490 1019 et
3524 979 3596 1019 ex
3640 962 3744 1020 lio-

2141 1057 2287 1113 mine
2314 1056 2481 1114 l'uisse
2504 1057 2773 1113 credatur.
2796 1057 2861 1112 In
2885 1070 3049 1129 quem
3068 1053 3301 1113 modum
3327 1054 3489 1111 etiam
3513 1066 3745 1114 nostras

2141 1152 2386 1225 quotidie
2401 1153 2759 1227 cogitationes
2781 1166 3077 1227 possumus
3090 1149 3356 1224 judicare.
3376 1154 3564 1223 Neque
3577 1153 3746 1215 enim

2140 1255 2237 1303 aut
2262 1248 2365 1304 soli
2398 1247 2571 1305 David
2599 1248 2806 1305 bonum
2835 1263 2902 1303 ex
2920 1247 3216 1320 semetipso
3248 1245 3489 1318 cogitare
3510 1261 3747 1304 conces-

2135 1356 2260 1397 sum
2285 1351 2392 1410 est,
2421 1350 2521 1398 aut
2544 1341 2705 1399 nobis
2729 1356 2799 1397 ne
2818 1339 2949 1413 quid
2976 1340 3108 1397 boni
3135 1354 3399 1412 umquam
3432 1354 3627 1411 sapere
3652 1348 3748 1399 aut

2134 1435 2377 1507 cogitare
2404 1436 2698 1508 possimus,
2732 1434 3056 1492 naturaliter
3083 1433 3403 1507 denegatur.
3435 1436 3460 1466 ο
3490 1432 3740 1490 Dubitari

2135 1544 2265 1601 ergo
2286 1545 2397 1586 non
2437 1538 2618 1602 potest
2647 1530 2825 1586 inesse
2851 1529 3076 1603 quidem
3120 1529 3306 1586 omnia
3347 1528 3549 1589 animae
3581 1536 3741 1585 natu-

1527 1670 1783 1725 ALARDI
1823 1670 2049 1725 GAZ/El
2088 1669 2644 1728 COMMENTARIUS.

499 1802 523 1831 ³
553 1801 738 1855 Immo
768 1804 957 1853 contra
983 1794 1471 1869 carendumnobis
1493 1803 1594 1863 est,
1618 1811 1687 1852 ne
1714 1796 1790 1852 sic
1814 1796 2031 1869 aliquod
2059 1803 2108 1866 B
2140 1798 2328 1855 multis
2353 1797 2405 1853 id
2433 1813 2545 1854 non
2581 1797 2851 1869 impetrat.
2891 1797 2990 1853 His
3025 1795 3165 1869 adde
3195 1796 3307 1854 duo
3344 1797 3447 1854 alia
3468 1798 3743 1869 exempla

427 1869 636 1926 bonum
664 1877 877 1924 naturae
917 1868 1257 1924 ascribamus
1292 1866 1572 1936 humanm,
1604 1876 1670 1922 ut
1692 1883 1803 1923 non
1848 1866 2031 1923 omnia
2139 1869 2357 1924 similia.
2398 1871 2545 1925 Bona
2569 1866 2674 1925 fuit
2707 1869 2956 1925 voluntas
2984 1868 3227 1925 Abrahae
3278 1868 3499 1924 volentis
3532 1866 3745 1925 imnio-

426 1949 743 1997 sanctorum
776 1939 965 1994 merita
995 1940 1049 1994 in
1080 1942 1257 1995 Deum
1280 1936 1602 1994 referamus.
1634 1938 1723 1994 Sic
1754 1938 1899 1993 enim
1931 1938 2029 1995 de-

426 2011 597 2068 ﬁnivit
613 2012 942 2068 Coelestinus
962 2013 983 2065 I
1007 2010 1060 2065 in
1086 2009 1315 2080 epistola
1335 2010 1581 2080 superius
1599 2011 1755 2065 citata
1779 2009 1927 2080 (Cap.
1948 2012 2027 2076 8),

427 2098 494 2139 ex
546 2083 812 2140 sententia
858 2080 1161 2138 Innocentii
1208 2080 1620 2153 prmdecessoris
1669 2080 1752 2136 sui
1797 2098 1810 2134 :
1878 2082 2031 2153 Quod

426 2157 606 2210 omnia
634 2155 817 2211 studia
843 2158 894 2209 et
920 2156 1100 2208 omnia
1127 2151 1286 2223 opera
1311 2169 1372 2208 ac
1400 2155 1593 2208 merita
1619 2156 1928 2207 sanctorum
1957 2151 2030 2207 ad

427 2227 529 2281 Dei
570 2226 799 2293 gloriam
832 2225 1152 2293 laudemque
1196 2224 1479 2291 referenda
1522 2225 1654 2286 sint,
1704 2226 1832 2293 quia
1881 2239 2029 2279 nemo

429 2296 652 2350 aliunde
678 2297 729 2350 ei
751 2296 963 2365 placeat
989 2296 1100 2361 [AL
1138 2296 1386 2363 placuit],
1435 2297 1546 2350 nisi
1572 2311 1641 2349 ea:
1665 2310 1722 2350 eo
1748 2296 1894 2364 quod
1918 2296 2032 2365 ipsi

429 2366 732 2437 donaverit.
770 2366 1061 2437 thclarius
1101 2365 1156 2419 id
1184 2366 1448 2437 expressit
1477 2365 1769 2422 concilium
1797 2367 2030 2420 Triden-

430 2436 612 2492 tinum
637 2436 719 2492 his
748 2435 927 2492 verbis
954 2435 1110 2507 (Sess.
1144 2451 1210 2492 vr
1247 2435 1292 2491 ὁ.
1330 2438 1411 2508 16)
1453 2454 1467 2491 :
1515 2439 1660 2492 Licet
1690 2437 1836 2491 bonis
1863 2439 2031 2507 operi-

433 2509 529 2563 bus
550 2510 607 2562 in
624 2510 794 2563 sacris
812 2508 1004 2562 litteris
1024 2523 1188 2578 usque
1212 2508 1345 2569 adeo
1361 2508 1655 2576 tribuatur,
1673 2513 1734 2562 ut
1754 2509 1920 2562 etiam
1935 2510 2036 2578 qui

425 2580 527 2633 uni
546 2596 615 2633 ea:
626 2581 866 2634 minimis
889 2581 1000 2633 suis
1012 2584 1200 2650 potum
1225 2594 1383 2650 aquae
1402 2579 1628 2648 frigidae
1648 2579 1880 2642 dederit,
1902 2595 2031 2649 pro-

427 2652 611 2705 mittat
639 2652 880 2709 Christus
907 2666 1027 2705 eum
1064 2667 1167 2705 non
1196 2666 1305 2706 esse
1331 2667 1430 2705 sua
1457 2650 1692 2705 mercede
1730 2652 2029 2705 cariturum

426 2722 645 2787 (Matth.
680 2737 748 2777 1x
776 2726 827 2776 et
871 2725 966 2789 x);
998 2726 1048 2776 et
1085 2723 1373 2792 Apostolus
1403 2725 1642 2789 testetur,
1695 2722 1757 2792 id
1783 2722 1929 2791 quod
1972 2724 2029 2775 in

420 2796 687 2864 praesenti
729 2797 808 2848 est
842 2791 1264 2848 momentaneum
1311 2797 1362 2848 et
1389 2794 1496 2849 leve
1539 2791 1904 2848 tribulationis
1940 2809 2030 2847 no.

418 2868 573 2928 strue,
621 2881 790 2935 supra
834 2866 1050 2919 modum
1089 2867 1147 2918 in
1173 2865 1797 2935 sublimitateatemum
1845 2865 2032 2931 glorite

421 2936 635 3005 pondus
661 2938 878 3006 operari
900 2938 959 2989 in
998 2936 1152 2990 nobis
1180 2938 1256 3002 (ll
1298 2938 1419 2989 Cor.
1450 2935 1561 3006 Iv);
1581 2935 1729 3006 absit
1766 2938 1943 3006 tamen
1970 2938 2035 2988 ut

429 3005 765 3064 Christianus
788 3009 938 3062 homo
967 3008 1025 3060 in
1053 3008 1223 3076 seipse
1247 3006 1331 3059 vel
1354 3005 1593 3073 conﬁdat
1619 3005 1703 3058 vel
1740 3005 2030 3076 glorietur;

428 3080 480 3132 et
502 3093 605 3131 non
629 3080 690 3132 in
712 3080 955 3143 Domino,
983 3078 1135 3145 cujus
1162 3080 1318 3130 tanta
1342 3081 1420 3129 est
1443 3091 1575 3144 erga
1593 3088 1769 3129 omnes
1793 3075 2032 3131 homines

430 3148 657 3215 bonitas,
700 3153 762 3203 ut
793 3164 977 3204 eorum
1017 3149 1146 3202 velit
1174 3160 1283 3201 esse
1320 3148 1514 3200 merita
1540 3162 1663 3217 quin
1698 3151 1825 3201 sunt
1861 3148 2032 3216 ipsius

427 3218 586 3274 dona.
793 3192 1091 3300 synodus.
1120 3219 1258 3300 Quae
1287 3192 1574 3300 postrema.
1603 3217 1769 3300 verba
1808 3192 2029 3300 sumpta
2066 3192 2111 3256 (ἶ

427 3297 559 3346 sunt
582 3306 646 3345 ex
677 3287 980 3362 Augustino
1009 3287 1234 3360 epistola
1265 3287 1376 3362 {ob
1403 3296 1457 3344 et
1483 3288 1605 3362 aliis
1639 3287 2027 3362 locis.‘Gra'vi-

426 3368 512 3417 ter
536 3377 673 3432 poro
696 3357 967 3417 iniehitur
1009 3357 1241 3431 Prosper
1265 3360 1319 3415 in
1350 3359 1525 3432 istam
1556 3357 1848 3417 Collatoris
1898 3375 2028 3416 sen-

426 3431 679 3514 tentiam,
706 3441 769 3514 ρὶ
790 3442 847 3514 et
874 3432 1222 3514 Pelagianam
1265 3431 1721 3514 et‘bla‘sphemam
1750 3446 1870 3485 eam
1902 3445 2027 3514 pro-

426 3504 643 3558 nuntiet
665 3522 679 3558 :
698 3506 806 3570 Qui
822 3507 986 3569 enim,
1008 3502 1204 3573 inquit,
1225 3502 1546 3567 evidentius,
1568 3504 1703 3573 quid
1723 3506 2029 3573 expressius

427 3573 719 3644 secundum
766 3576 984 3643 Pelagii
1026 3574 1358 3644 Calestit'quc
1401 3580 1745 3629 commentum
1800 3575 1873 3628 ab
1921 3575 2031 3628 ullo

430 3642 697 3711 discipulo
719 3642 909 3710 potuit
929 3644 1185 3710 deﬁniri?
1211 3642 1304 3698 Illi
1340 3645 1529 3698 dicunt
1562 3647 1799 3711 gratiam
1830 3646 1927 3700 Dei
1952 3661 2030 3699 se-

428 3714 665 3766 cundum
689 3714 883 3767 merita
907 3718 1095 3767 nostra
1119 3714 1263 3775 dari,
1294 3718 1346 3769 et
1361 3714 1483 3768 ideo
1511 3714 1625 3780 [AL
1648 3714 1834 3782 iidem]
1852 3714 2031 3770 dicent

427 3784 665 3853 gratiam
708 3785 808 3838 Dei
832 3800 936 3838 non
980 3784 1055 3838 ad
1099 3785 1341 3853 singulos
1382 3789 1533 3840 actus
1577 3785 1719 3839 dari.
1754 3788 1851 3840 Hic
1882 3788 2031 3841 intra

426 3871 596 3909 unam
623 3858 943 3910 sententiam
972 3856 1353 3925 blasphemiam
1376 3860 1661 3926 utrumque
1677 3858 1930 3911 conclusit
1952 3859 2035 3912 di-

428 3941 548 3982 cens
576 3944 592 3980 :
636 3928 951 3982 Cavendum
990 3927 1143 3981 nobis
1183 3942 1311 3994 esse,
1337 3943 1403 3983 ne
1440 3929 1523 3982 ita
1552 3928 1626 3982 ad
1660 3931 1824 3983 Deum
1852 3932 2030 3983 omnia

426 4001 733 4053 sanctorum
757 4002 953 4053 merita
983 4000 1301 4067 referamus,
1339 4004 1401 4053 ut
1423 3999 1584 4061 nihil,
1610 4001 1722 4053 nisi
1744 4001 1889 4069 quod
1924 4016 2033 4053 ma-

429 4069 542 4124 lum
562 4074 728 4140 atque
746 4085 1062 4140 perversum
1073 4074 1173 4138 est,
1189 4071 1436 4126 humana:
1448 4071 1778 4126 ascribamus
1791 4076 2026 4126 natm'ce.

433 4141 565 4198 Vult
587 4156 712 4211 ergo
751 4157 861 4196 esse
894 4143 1068 4197 multa
1102 4144 1331 4212 propria
1359 4143 1633 4197 hominum
1661 4145 1874 4205 merita,
1912 4159 2030 4213 qua:

425 4227 530 4267 non
549 4218 677 4268 sunt
698 4216 895 4282 gratia:
919 4215 1174 4283 largitate
1199 4214 1410 4279 collata,
1437 4214 1633 4283 quibus
1663 4215 1738 4268 ad
1755 4215 2030 4282 augendas

425 4286 703 4339 naturales
729 4285 949 4340 divitias
978 4285 1228 4354 quaedam
1254 4286 1535 4340 desursum
1562 4301 1784 4339 munera
1812 4286 2031 4341 debean-

428 4359 540 4411 tur.
600 4357 732 4411 Vult
778 4371 870 4409 nos
914 4359 1148 4423 gratiam
1195 4358 1299 4411 Dei
1333 4371 1439 4410 non
1479 4356 1553 4409 ad
1588 4358 1824 4424 singulos
1879 4362 2030 4411 actus

427 4428 687 4548 recipere,t
707 4441 769 4479 ac
793 4427 1022 4494 proinde
1047 4441 1152 4479 non
1171 4441 1273 4496 pro
1311 4429 1459 4481 omni
1494 4427 1626 4481 bono
1650 4443 1803 4496 opere
1828 4443 2032 4498 semper

431 4508 605 4548 orare.
633 4510 661 4548 e
688 4510 737 4548 c.

431 4508 605 4561 orare,
633 4508 737 4549 etc.

2138 1940 2249 1995 lare
2292 1939 2462 2012 filium
2501 1956 2695 2012 suum,
2726 1948 2787 2012 ut
2835 1942 2950 1995 Deo
2999 1939 3277 2005 obediret;
3309 1947 3359 2012 et
3391 1948 3577 2012 tamen
3611 1940 3741 2012 ejus

2142 2011 2415 2083 exsecutio
2444 2010 2700 2083 impedita
2737 2011 2937 2081 (Genes.
2983 2014 3163 2080 χχιι).
3196 2012 3289 2067 Sic
3322 2010 3464 2083 bona
3501 2010 3613 2066 fuit
3637 2010 3745 2068 iro-

2142 2081 2808 2154 luntaquauli'apostoli,
2832 2098 2959 2154 qua
2988 2084 3152 2138 tertio
3183 2081 3484 2154 Dominum
3529 2083 3749 2154 rogavit

2142 2151 2623 2225 utauferretura
2671 2169 2729 2210 se
2774 2151 3027 2209 stimulus
3067 2154 3263 2225 carnis
3287 2152 3553 2225 quiveum
3593 2151 3741 2211 cola-

2140 2223 2424 2294 phizabat;
2473 2232 2527 2279 et
2569 2223 2671 2279 hoc
2707 2232 2889 2281 tamen
2920 2240 3030 2279 non
3057 2223 3320 2290 obtinuit,
3360 2223 3578 2280 dicente
3618 2227 3743 2280 Do—

2139 2295 2291 2350 mino
2334 2315 2366 2366 :7
2389 2297 2608 2365 Sufﬁcit
2628 2296 2733 2350 tibi
2752 2297 2936 2366 gratia
2962 2312 3083 2351 mea
3108 2297 3176 2365 (ll
3201 2297 3322 2352 Cor.
3343 2296 3476 2365 xtl).

2211 2375 2231 2401 ο
2256 2365 2479 2422 Refellit
2502 2367 2665 2421 etiam
2696 2365 2766 2422 D.
2798 2368 3031 2437 Prosper
3068 2366 3210 2423 hanc
3233 2366 3583 2431 sententiam;
3608 2380 3744 2437 qua:

2136 2443 2320 2493 tamen
2347 2453 2378 2492 a
2420 2438 2510 2493 SS.
2546 2436 2802 2510 Patribus
2841 2436 2953 2510 non
2986 2445 3461 2510 raroqusurpatur,
3487 2437 3588 2510 sed,
3626 2436 3742 2510 alio

2136 2523 2320 2564 sensu.
2352 2511 2493 2564 Nam
2525 2508 2788 2564 virtutum
2821 2507 3024 2565 semina
3048 2508 3209 2564 nobis
3232 2507 3553 2565 naturaliter
3579 2508 3743 2564 insita

2133 2578 2439 2651 significare
2467 2578 2716 2635 videntur
2748 2580 2817 2651 VS.
2869 2579 3144 2651 Antonius
3185 2580 3328 2650 apud
3349 2579 3743 2651 Athanasium

2141 2648 2223 2721 (In
2254 2653 2382 2708 Vita
2425 2652 2483 2708 S.
2514 2650 2762 2721 Antonii)
2795 2651 2851 2705 in
2882 2648 3261 2707 exhortatione
3302 2648 3373 2706 ad
3420 2649 3614 2707 fratres
3643 2649 3745 2706 ba-

2139 2719 2271 2789 bita,
2297 2730 2351 2777 et
2375 2722 2607 2778 Basilius
2657 2719 2847 2776 homil.
2878 2727 2912 2779 9
2943 2721 2995 2778 in
3030 2724 3431 2787 Hexaemeron,
3460 2731 3521 2778 et
3546 2722 3599 2777 in
3629 2725 3745 2777 Re-

2140 2792 2282 2865 gulis
2304 2792 2476 2865 fusius
2520 2792 2722 2863 disput.
2750 2800 2956 2865 cap._2.
2996 2793 3262 2851 Eamdem
3308 2792 3616 2865 expressius
3640 2793 3746 2865 ad-

2143 2863 2383 2937 mittunt
2397 2863 2838 2937 Chrysostomus‘
2867 2863 3055 2937 liomil.
3087 2869 3118 2918 2
3149 2865 3203 2919 in
3237 2866 3413 2935 Epist.
3445 2863 3515 2937 ad
3554 2863 3738 2937 Ephe-

2140 2933 2253 3006 sios
2286 2953 2299 2988 :
2337 2933 2523 3006 Vides,
2561 2934 2756 3005 inquit,
2788 2936 2929 3004 quod
2969 2937 3043 2991 ad
3086 2939 3209 3006 ipsa
3252 2933 3458 2990 natura
3487 2933 3744 2991 habemus

2140 3005 2319 3059 indita
2341 3005 2418 3060 ad
2441 3009 2695 3061 virtutem
2708 3008 3028 3073 seminaria;
3050 3005 3172 3077 quia
3197 3023 3321 3062 vero
3338 3009 3564 3061 malitia
3583 3013 3740 3072 situt,

2205 3081 2339 3131 ceter
2370 3082 2630 3151 naturam
2826 3077 3199 3151 Hieronymus
3226 3078 3286 3133 in
3308 3093 3429 3149 cap.
3493 3093 3513 3134 ι
3538 3078 3610 3134 ad
3630 3080 3742 3135 Ga-

2160 3156 2274 3220 atas
2294 3167 2306 3203 :
2326 3149 2504 3217 Multi,
2525 3148 2721 3220 inquit,
2735 3148 2935 3218 absque
2952 3148 3077 3219 ﬁde,
3099 3150 3183 3205 vel
3196 3151 3493 3219 Evangelia
3516 3152 3739 3219 Christi,

2136 3219 2219 3292 vel
2244 3222 2516 3290 sapienter
2536 3219 2748 3288 faciunt
2766 3221 2975 3290 aliqua,
3003 3222 3085 3276 vel
3108 3226 3307 3288 sancte,
3335 3227 3399 3275 ut
3424 3222 3747 3292 parentibus

2136 3289 2515 3375 obsequantur,
2544 3293 2787 3375 ut‘inopi
2807 3289 3027 3375 mal}???
3058 3295 3376 3375 Ροτζνίθαηίε
3422 3289 3527 3347 ho"

2135 3367 2288 3434 munt
2313 3362 2536 3434 vicinos,
2564 3364 2742 3417 aliena
2766 3378 2873 3418 non
2896 3362 3188 3434 diripiant,
3212 3366 3497 3433 magisque
3522 3362 3752 3420 obnoxii

2134 3433 2333 3488 idcirco
2353 3433 2566 3503 judicio
2584 3437 2684 3490 Dei
2700 3436 2854 3503 ﬁant,
2871 3433 3022 3506 quod
3039 3436 3296 3490 habentes
3314 3439 3373 3489 in
3389 3450 3442 3489 se
3454 3438 3745 3505 principia

2135 3506 2416 3565 virtutum.
2451 3510 2501 3560 et
2529 3508 2629 3563 Dei
2648 3507 2872 3569 semina,
2917 3521 3023 3561 non
3050 3506 3279 3577 credunt
3302 3509 3361 3560 in
3396 3521 3457 3577 eo
3493 3509 3612 3562 sine
3637 3523 3746 3577 quo

2135 3590 2245 3630 esse
2266 3592 2373 3630 non
2399 3581 2643 3646 possunt.
2680 3578 3061 3633 Damascenus
3088 3576 3183 3632 lib.
3226 3592 3300 3633 m
3345 3576 3585 3633 Orthod.
3618 3576 3739 3635 Fid.

2137 3661 2255 3716 cap.
2292 3652 2356 3701 14
2389 3666 2402 3701 :
2450 3649 2738 3704 Naturales
2765 3656 2896 3703 sunt
2918 3651 3171 3717 virtutes,
3208 3655 3260 3703 et
3304 3650 3654 3712 naturaliter,
3692 3655 3747 3704 et

2136 3732 2284 3787 (eque
2295 3719 2353 3772 in
2368 3718 2613 3772 omnibus
2638 3720 2844 3781 insunt,
2856 3722 2959 3774 etsi
2977 3735 3082 3775 non
3094 3735 3269 3775 omnes
3285 3734 3436 3788 (eque
3451 3733 3747 3788 operemur

2136 3804 2199 3842 ea
2231 3804 2350 3857 quae
2375 3794 2760 3861 suntne-turre.
2793 3791 3000 3847 Verum
3025 3791 3175 3847 aliter
3204 3799 3256 3844 et
3280 3789 3452 3861 magis
3500 3791 3745 3861 proprie

2135 3860 2325 3932 Patres
2353 3859 2439 3914 isti
2469 3859 2737 3916 virtutum
2769 3861 2978 3917 semina
3025 3867 3354 3932 acceperunt,
3381 3859 3557 3930 quam
3586 3859 3744 3932 Cas-

2135 3929 2351 4004 sianus,
2370 3946 2536 4003 quem
2565 3934 2816 4004 Prosper,
2831 3932 3135 4003 impugnat.
3150 3929 3302 3989 Nam
3323 3929 3533 4004 semina
3551 3929 3744 3987 virtu-

2135 4009 2275 4085 tum,
2308 4001 2614 4085 sijproprie
2652 4001 3015 4085 accipiantur;
3034 4004 3167 4085 nihil
3209 4009 3336 4085 sunt
3377 4001 3522 4085 aliud
3563 4017 3744 4085 quam

2137 4071 2320 4129 lumen
2365 4071 2666 4129 intellectus
2692 4071 2928 4140 practici,
2961 4083 3017 4130 et
3037 4075 3313 4130 inclinatio
3333 4071 3632 4130 voluntatis
3667 4073 3742 4131 ad

2136 4142 2342 4199 bonum
2367 4142 2827 4217 prosequendum,
2855 4153 2910 4200 et
2947 4147 3160 4201 malum
3186 4145 3528 4217 fugiendum,
3560 4144 3743 4217 utqdo—

2135 4224 2219 4269 cet
2246 4217 2323 4287 iS.
2355 4214 2600 4271 Thomas
2647 4222 2757 4283 1-2,
2785 4232 2841 4287 q.
2881 4221 2949 4272 63
2987 4221 3121 4285 (art.
3158 4222 3179 4272 ι
3210 4214 3275 4273 εἰ
3299 4222 3373 4284 2)-
3402 4223 3587 4287 Atque
3626 4214 3743 4271 hoc

2137 4286 2303 4342 modo
2323 4302 2513 4343 verum
2533 4294 2615 4343 est
2642 4286 2852 4342 semina
2879 4287 3141 4343 virtutum
3169 4287 3344 4344 inesse
3368 4288 3525 4344 omni
3544 4287 3744 4344 animm

2135 4357 2505 4431 rationali,qct
2542 4359 2864 4431 remansisse
2909 4359 3240 4431 etiampost
3283 4367 3586 4430 peccatum,
3632 4373 3741 4414 nec

2136 4443 2293 4508 posse
2312 4428 2527 4513 penitus
2556 4428 2623 4513 in.
2651 4429 2877 4512 homine
2900 4428 3423 4513 abolericum‘sint
3466 4431 3642 4513 prima
3688 4438 3744 4485 et

2137 4499 2444 4585 immobilia
2468 4498 2735 4585 quaedam.
2752 4501 3013 4585 principia
3035 4501 3278 4585 rationis
3306 4498 3583 4585 practicae,
3612 4516 3743 4585 qua

499 4556 1573 4645 bgigjtationetn,nsive_consilinmnaut
1600 4574 1891 4645 tractatum
1935 4583 2025 4623 re-
2058 4566 2109 4630 D
2146 4573 2216 4645 D.
2243 4556 2601 4645 Augustflib.
2625 4586 2677 4626 Il
2703 4556 2771 4645 de
2793 4556 2993 4645 Libero
3019 4556 3270 4645 Arbitrio
3286 4556 3445 4628 v‘ocat

427 4635 510 4707 gis
539 4635 710 4692 Daiid
755 4635 823 4692 de
855 4635 1180 4693 teddicando
1214 4638 1419 4707 templo
1448 4636 1613 4693 fuisse
1642 4638 1871 4707 bonum,
1909 4647 1964 4694 et
1993 4657 2023 4695 a

425 4710 546 4764 Deo
566 4707 923 4781 'inspiratum,
965 4707 1111 4763 nulla
1139 4708 1348 4781 ratione
1371 4707 1602 4764 dubitari
1648 4717 1849 4781 potest,
1894 4725 2021 4767 cum

427 4793 565 4852 Opus
592 4779 734 4837 esset
756 4796 819 4836 ex
849 4795 906 4835 se
932 4780 1083 4850 pium
1110 4788 1165 4835 et
1192 4779 1508 4853 honesturn,
1537 4788 1593 4836 et
1617 4779 1765 4837 recta
1795 4780 1913 4853 ejus
1936 4783 2022 4839 in-

430 4849 622 4924 tentio.
648 4854 836 4924 Neque
860 4849 1037 4907 obstat
1062 4851 1208 4924 quod
1227 4851 1355 4924 ejus
1392 4849 1624 4924 effectus
1667 4868 1765 4909 seu
1807 4849 2024 4910 exsecu-

426 4920 514 4996 tio
528 4921 600 4976 ob
637 4920 810 4996 certas
838 4920 1280 4996 rationes’fueriti
1304 4923 1350 4979 ei
1378 4921 1643 4996 denegata
1672 4932 1727 4980 et
1774 4925 1885 4981 lilio
1908 4924 2025 4996 ejus

427 4991 708 5069 Salomoni
736 5004 1027 5069 reservata.
1064 4997 1199 5069 Nam
1232 4995 1286 5051 id
1309 5011 1423 5069 non
1442 4991 1773 5069 infrequens
1796 5005 1898 5069 est,
1929 4991 2026 5051 aut

426 5062 733 5140 insolitum,
757 5072 817 5120 ut
850 5064 1046 5140 probat
1065 5068 1299 5138 Prosper
1328 5067 1531 5140 duplici
1557 5062 1826 5140 exemplo,
1853 5062 2022 5140 altero

424 5149 457 5211 ρ
483 5135 757 5211 scriptura
784 5137 975 5208 petito,
1001 5138 1171 5193 altero
1207 5135 1278 5193 ex
1319 5135 1421 5193 usu
1462 5149 1516 5195 et
1544 5141 1694 5211 praxi
1716 5135 2017 5196 'Ecclesiaa.

424 5208 699 5281 Scriptura
733 5225 970 5280 namque
1011 5218 1414 5265 commemorat
1435 5208 1749 5281 Apostolos,
1793 5225 2025 5281 cumar-

424 5278 745 5353 dentissime
790 5278 988 5335 vellent
1062 5281 1413 5353 Evangelium
1462 5278 1720 5353 omnibus
1774 5279 2021 5353 gentibus

423 5351 738 5422 praedicare,
782 5360 967 5406 tamen
1016 5366 1127 5406 non
1181 5350 1625 5422 potuisserloqui
1682 5350 1929 5422 verbum
1965 5350 2023 5406 in

424 5420 583 5494 Asia;
613 5432 667 5477 et
696 5437 823 5494 cum
854 5429 1127 5478 tentarent
1159 5420 1239 5477 ire
1266 5423 1323 5477 in
1349 5420 1687 5494 Bithyniam,
1719 5420 2022 5494 prohibitos

424 5490 592 5549 fuisse
619 5510 649 5549 a
680 5493 883 5565 Spiritu
913 5494 1044 5549 Jesu
1075 5493 1283 5562 (Actor.
1317 5490 1643 5565 nvonuis
1679 5490 1870 5565 eorum
1913 5493 2021 5550 bo-

422 5576 552 5617 nam
593 5562 954 5638 voluntatem,
987 5573 1040 5620 et
1075 5582 1106 5619 a
1153 5568 1273 5621 Deo
1305 5563 1518 5638 dubitet
1540 5562 1887 5638 inspiratam,
1927 5565 2020 5638 qui

423 5639 775 5709 tamengam
807 5637 984 5709 noluit
1020 5644 1155 5709 tunc
1188 5635 1454 5709 temporis
1494 5636 1824 5709 exsecutioni
1860 5635 2026 5709 man-

423 5702 585 5778 dari?
612 5704 988 5778 SicEcclesia:
1019 5707 1158 5763 bona
1180 5717 1265 5764 est
1298 5702 1568 5773 voluntas,
1602 5716 1658 5763 et
1700 5708 1851 5778 pium
1887 5707 2029 5764 desi-

2138 4646 2189 4695 et
2199 4643 2403 4696 lumina
2412 4644 2699 4716 virtutum.
2716 4642 2871 4716 Sicut
2880 4644 3029 4699 enim
3041 4642 3387 4716 inintellectu
3398 4642 3743 4716 speculativo

2135 4720 2281 4787 certa
2306 4714 2557 4785 quaedam
2587 4713 2850 4787 principia
2870 4723 3063 4787 natura
3095 4713 3312 4787 indidit,
3354 4713 3479 4787 quae
3504 4714 3747 4787 philoso-

2135 4783 2224 4854 phi
2252 4783 2517 4858 vocarunt
2552 4783 2842 4852 aiiomata,
2879 4800 2975 4842 seu
3007 4785 3316 4858 dignitates,
3362 4783 3421 4842 et
3444 4783 3743 4854 maximas,

2133 4870 2268 4925 quas
2294 4856 2476 4939 nullus
2495 4872 2694 4939 negare
2719 4864 2930 4928 potest;
2961 4865 3042 4925 ut,
3066 4856 3209 4939 nihil
3232 4859 3601 4939 simulesSeet
3631 4872 3746 4938 non

2131 4941 2260 4999 esse,
2306 4932 2476 4983 totum
2503 4927 2680 4998 majus
2708 4927 2816 4983 esse
2863 4944 2965 4984 sua
2998 4934 3178 4999 parte,
3205 4937 3339 4993 etc.;
3378 4928 3458 4984 ita
3488 4929 3651 4984 etiam
3678 4927 3743 4983 in

2132 4998 2407 5056 intellectu
2441 5002 2675 5068 practice
2707 5005 2835 5055 sunt
2862 4998 3015 5056 certa
3035 5009 3090 5055 et
3112 4999 3372 5057 omnibus
3409 5009 3552 5068 nota
3574 5011 3744 5068 quae-

2131 5068 2262 5152 dam
2294 5067 2572 5152 principia,
2615 5084 2738 5152 qua;
2764 5085 2875 5152 non
2911 5070 3058 5152 aliud
3080 5078 3207 5152 sunt
3222 5086 3414 5152 quam
3441 5070 3504 5152 de
3531 5067 3745 5126 ﬁnibus

2134 5138 2387 5197 humanis
2410 5138 2558 5197 certa
2578 5138 2831 5213 quaedam
2848 5140 3046 5213 judicia
3076 5164 3088 5199 :
3115 5151 3199 5210 ut,
3219 5138 3611 5213 beatitudinem
3621 5154 3747 5198 esse

2130 5214 2507 5285 appetendam,
2543 5210 2870 5268 studendum
2906 5216 3207 5285 sapientiae,
3241 5216 3398 5285 juste
3424 5210 3743 5280 vivendum,

2170 5284 2277 5337 uod
2308 5286 2412 5339 tibi
2436 5300 2542 5340 non
2563 5287 2644 5340 vis
2687 5286 2810 5355 ﬁeri
2835 5284 2998 5340 alteri
3016 5301 3087 5356 ne
3126 5284 3339 5353 feceris,
3362 5285 3745 5356 postponenda

2169 5357 2395 5429 eterim-a
2413 5356 2751 5429 melioribus,
2777 5363 2833 5429 et
2858 5356 2942 5429 his
2981 5355 3199 5429 similia.
3227 5355 3549 5429 Cujusmodi
3578 5355 3747 5425 judi-

2130 5424 2602 5499 ciumintellectus
2648 5427 2869 5499 practici
2896 5428 2956 5483 S.
2984 5427 3227 5499 fl‘homas
3261 5424 3328 5484 ei
3366 5424 3747 5499 Hieronymo,

2131 5504 2191 5551 et
2226 5495 2340 5552 aliis
2364 5576 2367 5577 ν
2392 5495 2820 5577 antiquioribus,
2845 5497 3203 5577 _synderesim
3240 5506 3396 5555 vocat
3409 5516 3425 5577 ξ
3460 5495 3582 5577 αξη-⁷
3608 5497 3753 5577 api—

2130 5582 2272 5637 cem,
2324 5576 2380 5624 et
2414 5565 2644 5643 sublime
2689 5565 2909 5641 mentis,
2953 5570 3105 5643 quod
3148 5585 3363 5643 semper
3408 5565 3758 5643 inviolatum

2131 5648 2319 5725 manet
2336 5648 2393 5696 et
2412 5640 2807 5725 incorruptum,
2850 5637 3196 5725 quantumvis
3232 5637 3404 5725 homo
3430 5637 3589 5725 falsis
3620 5640 3757 5712 opi-

2129 5711 2385 5785 nionibus
2421 5721 2478 5768 et
2506 5711 2682 5785 pravis
2721 5711 3008 5770 affectibus
3032 5715 3102 5769 sit
3136 5722 3452 5785 corruptus.
3484 5715 3561 5768 At
3604 5711 3763 5785 vero

422 5774 824 5853 deriumtd‘um
868 5778 1112 5847 quotidie
1138 5794 1249 5849 pro.
1265 5779 1523 5835 omnibus
1548 5774 1785 5836 inimicis
1806 5778 1938 5848 suis,
1970 5781 2026 5837 id
2132 5781 2418 5838 Cassianus
2486 5774 2583 5853 per
2618 5784 2828 5841 semina
2884 5785 3174 5842 virtutum-
3208 5774 3474 5841 intellexit
3529 5783 3773 5853 semina

421 5855 528 5916 est,
553 5844 859 5903 inﬁdelibus
884 5844 1027 5916 orat,
1072 5844 1588 5921 iit-convertantur;
1630 5860 1684 5909 et
1712 5860 1896 5909 tamen
1924 5844 2025 5925 pro

2135 5868 2274 5910 verae
2312 5852 2546 5926 pietatis,
2578 5856 2631 5913 id
2659 5863 2761 5927 est,
2801 5857 2975 5916 bonas
3003 5856 3382 5932 cogitationes,
3425 5864 3482 5912 et
3511 5855 3598 5927 pia
3640 5852 3771 5910 de—
