4034 6212
249 268 352 323 929
1209 254 1548 314 COLLATIO
1585 257 1722 314 xm.
1760 283 1832 296 -
1869 255 1958 312 ne
1995 256 2480 316 PROTECTIONE
2514 262 2648 316 om.
3468 275 3574 332 930

257 389 438 446 raliter
463 386 722 444 virtutum
769 383 979 442 semina
1026 382 1294 442 beneﬁcio
1325 381 1600 441 Creatoris
1628 381 1861 449 inserta;
1897 385 1944 449 Α
1979 399 2100 452 qua
2121 389 2203 439 est
2227 385 2286 439 in
2307 389 2358 440 te
2378 385 2418 457 (l
2449 386 2696 458 Τίνων).
2721 389 2794 444 Et
2815 387 3014 447 iterum
3037 409 3050 445 :
3077 392 3154 448 0b
3171 409 3338 464 quam
3355 410 3572 455 causam

252 482 348 540 sed
386 479 488 537 nisi
525 479 645 537 haec
689 477 1057 553 opitulatione
1109 477 1211 535 Dei
1249 476 1457 534 fuerint
1502 475 1758 544 excitata,
1791 473 1864 532 ad
1971 497 2156 538 moneo
2203 489 2284 548 te,
2322 488 2386 540 ut
2413 488 2692 542 resuscites
2726 491 2966 558 gratiam
3005 494 3108 548 Dei
3149 508 3270 563 quae
3310 500 3390 550 est
3415 499 3478 550 in
3523 501 3575 554 te

259 575 659 633 incrementum
701 572 1052 647 perfectionis
1101 587 1215 628 non
1247 579 1508 646 poterunt
1554 569 1859 644 pervenire,
1974 579 2048 652 (ll
2082 584 2219 638 Tim.
2251 581 2328 652 ι).
2363 581 2494 639 Inde
2521 591 2604 640 est
2627 585 2773 656 quod
2803 587 2970 644 etiam
3014 589 3306 646 Corinthiis
3331 591 3572 650 scribens

261 660 388 742 quia
409 666 714 724 secundum
736 667 958 724 beatum
983 665 1328 739 Apostolum,
1348 681 1519 737 neque
1531 667 1634 736 qui
1639 666 1850 736 plantat

1973 677 2225 736 hortatur
2248 687 2304 736 et
2325 689 2646 738 commonet
2671 697 2741 738 ne
2774 682 3030 755 indignos
3053 701 3114 742 se
3155 687 3324 759 gratia
3357 690 3458 746 Dei
3489 689 3568 746 in-

253 767 334 820 est
355 763 589 834 aliquid,
611 777 781 832 neque
812 761 910 832 qui
927 762 1100 830 rigat,
1124 759 1218 816 sed
1237 760 1336 830 qui
1360 761 1738 816 incrementem
1765 760 1850 815 da:

1973 777 2274 834 fructuosis
2296 777 2554 850 operibus
2581 779 2916 848 exhiberem,
2955 781 3141 839 dicens
3181 801 3196 838 :
3232 785 3570 855 Adjuoantes

255 861 395 914 Deus
426 854 470 928 (l
497 856 614 912 Cor.
648 853 758 925 In).
796 851 1062 923 Adjacere
1093 859 1280 908 autem
1299 849 1515 908 homini
1541 851 1598 908 in
1615 852 1857 924 quamli-

249 949 340 1004 bet
385 955 618 1021 partem,
664 945 878 1003 arbitrii
926 944 1256 1012 libertatem,
1307 944 1473 1001 etiam
1517 947 1542 977 "
1592 944 1732 1002 liber
1768 945 1858 1002 ille

249 1041 361 1115 (qui
385 1040 582 1098 dicitur
607 1039 864 1112 Patoris)
885 1037 1225 1112 apertissime
1255 1037 1442 1108 docet,
1469 1038 1524 1095 in
1555 1053 1666 1110 quo
1691 1032 1718 1070 ³³
1743 1038 1855 1095 duo

243 1135 420 1210 angeli
449 1135 744 1208 unicuique
763 1145 1017 1192 nostrum
1043 1133 1325 1192 adhaerere
1352 1134 1635 1202 dicuntur,
1665 1132 1722 1191 id
1750 1141 1854 1203 est,

246 1232 423 1290 bonus
446 1248 511 1289 ac
531 1233 738 1302 malus,
771 1233 830 1288 in
860 1230 1104 1290 hominis
1123 1245 1250 1287 vero
1280 1231 1505 1303 optione
1534 1229 1853 1297 consistere,

243 1333 306 1382 ut
357 1325 524 1400 eligat
563 1342 726 1399 quem
759 1333 1038 1399 sequatur.
1073 1325 1146 1382 Et
1189 1323 1400 1381 idcirco
1436 1331 1622 1379 manet
1655 1322 1710 1378 in
1745 1322 1854 1378 ho—

244 1419 394 1476 mine
417 1435 635 1492 semper
671 1419 908 1476 liberum
941 1417 1248 1487 arbitrium,
1291 1415 1440 1488 quod
1476 1415 1710 1488 gratiam
1750 1416 1854 1472 Dei

243 1511 416 1586 possit
447 1514 532 1569 vel
557 1523 581 1550 ο
607 1513 882 1586 negligere
909 1511 992 1568 vel
1021 1525 1226 1568 amare.
1249 1511 1378 1566 Non
1401 1507 1553 1566 enim
1576 1509 1854 1582 pracepis-

243 1615 328 1664 set
349 1605 672 1680 Apostolus,
698 1605 891 1663 dicens
919 1623 936 1660 :
960 1607 1097 1664 Cum
1119 1608 1265 1662 metu
1295 1608 1347 1660 et
1366 1607 1593 1658 tremore
1619 1606 1853 1659 vestram

242 1701 472 1756 salutem
515 1703 821 1772 operamini
851 1701 1076 1770 (Philip.
1113 1699 1207 1768 II),
1245 1697 1350 1755 nisi
1383 1696 1578 1754 scisset
1619 1711 1743 1758 eam
1769 1695 1850 1754 vel

243 1795 418 1852 excoli
446 1810 478 1850 a
512 1794 673 1850 nobis
705 1808 886 1866 posse,
927 1793 1010 1850 vel
1057 1790 1280 1865 negligi.
1317 1791 1430 1849 Sed
1465 1805 1534 1848 ne
1568 1789 1852 1848 crederent
1880 1797 1930 1860 Β

243 1902 304 1942 se
331 1887 401 1944 ad
424 1901 561 1960 opus
599 1887 789 1943 salutis
815 1885 1008 1944 divino
1045 1885 1248 1944 auxilio
1270 1901 1386 1942 non
1407 1900 1592 1956 egere,
1619 1883 1852 1956 subjun-

247 1981 326 2053 git
377 1999 392 2038 :
421 1985 560 2038 Deus
585 1987 664 2038 est
697 1984 839 2038 enim
873 1985 972 2052 qui
1003 1985 1269 2052 operatur
1299 1984 1360 2037 in
1385 1982 1532 2038 vobis
1565 1986 1617 2038 et
1642 1979 1778 2038 velle
1801 1983 1853 2036 et

239 2077 608 2146 perﬁcerepro
629 2075 1057 2130 bonaaoluntate
1079 2072 1288 2144 (Ibid).
1321 2076 1391 2130 Et
1425 2073 1629 2130 idcirco
1647 2073 1848 2130 Timo-
1898 2113 1903 2120 -

245 2164 439 2223 theum
465 2181 698 2225 monens
729 2185 743 2224 :
775 2168 920 2232 Noli,
949 2166 1145 2240 inquit,
1183 2168 1448 2237 negligere
1483 2170 1719 2237 gratiam
1752 2168 1853 2222 Dei

1970 880 2150 932 autem
2178 881 2230 932 et
2264 877 2593 932 obsecramus
2619 892 2684 932 ne
2712 879 2770 932 in
2789 893 3023 934 uacuum
3050 883 3293 950 gratiam
3315 885 3416 939 Dei
3438 887 3573 941 reci-

1961 975 2134 1046 piatis
2157 974 2225 1046 (II
2249 975 2364 1031 Cor.
2397 975 2503 1039 vr).
2535 973 2714 1043 Quam
2753 976 2869 1032 sine
2896 976 3065 1034 dubio
3090 977 3219 1055 quia
3245 979 3298 1034 in
3339 995 3568 1040 vacuum

1961 1079 2254 1142 receperat
2276 1070 2485 1139 Simon,
2505 1087 2616 1128 non
2642 1072 2851 1144 profuit
2875 1075 2923 1129 ei
2951 1077 3234 1147 perceptio“
3259 1079 3454 1149 gratiae
3475 1093 3567 1136 sa-

1961 1167 2169 1224 lutaris.
2201 1169 2326 1223 Non
2356 1167 2502 1223 enim
2535 1168 2823 1240 praeceptis
2861 1169 3004 1225 beati
3041 1173 3190 1226 Patri
3217 1173 3408 1228 maluit
3431 1175 3567 1232 obe-

1981 1267 2118 1336 dire,
2141 1267 2391 1334 dicentis,
2421 1269 2801 1324 Pcenitentiam
2833 1284 2935 1338 age
2959 1270 3028 1322 ab
3055 1270 3155 1349 hac
3180 1271 3424 1340 nequitia
3448 1276 3566 1336 tua,

1976 1372 2028 1422 et
2051 1381 2149 1422 ora
2165 1370 2334 1424 Deum
2351 1367 2402 1420 si
2419 1367 2564 1433 forte
2581 1366 2896 1421 remittatur
2917 1365 3028 1419 tibi
3042 1363 3159 1420 lucc
3177 1366 3434 1434 cogitatio
3453 1379 3568 1421 cor-

1968 1466 2056 1521 dis
2087 1467 2199 1533 tui;
2229 1467 2288 1518 in
2305 1462 2432 1532 felle
2454 1467 2597 1518 enim
2615 1463 3006 1518 amaritudinis
3033 1468 3084 1519 et
3105 1465 3430 1534 obligatione
3454 1466 3568 1520 ini-

1961 1565 2190 1635 quitatis
2221 1562 2380 1617 video
2411 1565 2460 1617 te
2487 1577 2596 1617 esse
2627 1562 2828 1633 (Actor.
2853 1561 3006 1634 vni).
3034 1561 3302 1618 Praevenit
3319 1577 3449 1634 ergo
3470 1561 3568 1620 ho-

1965 1658 2132 1715 minis
2152 1658 2491 1714 voluntatem
2527 1655 2900 1713 misericordia
2932 1655 3172 1724 Domini,
3205 1655 3273 1712 de
3309 1671 3416 1728 qua
3441 1657 3569 1716 dici-

1965 1765 2062 1814 tur
2117 1777 2129 1812 :
2175 1759 2314 1813 Deus
2362 1770 2530 1821 meus,
2576 1755 2954 1812 misericordia
2999 1755 3114 1826 ejus
3152 1757 3444 1826 prceveniet
3488 1770 3570 1812 me

1967 1855 2130 1928 (Psal.
2155 1857 2356 1922 LVIII).
2375 1855 2446 1909 Et
2458 1869 2667 1920 rursus,
2683 1852 2990 1908 Dominum
3010 1861 3380 1909 rcmorantem
3404 1861 3570 1926 atque

1967 1957 2170 2015 utiliter
2193 1954 2607 2030 quodammodo
2625 1955 3034 2020 subsistentem,
3062 1963 3124 2012 ut
3141 1963 3390 2011 nostrum
3410 1971 3474 2011 ex
3480 1970 3568 2028 pe-

1958 2061 2134 2116 riatur
2159 2059 2468 2127 arbitrium,
2498 2059 2750 2115 voluntas
2788 2059 3050 2130 praevenit
3082 2067 3290 2127 nostra,
3321 2074 3451 2115 cum
3476 2058 3566 2116 di-

1956 2165 2106 2220 citur
2149 2182 2163 2218 :
2214 2166 2284 2220 Et
2310 2149 2336 2194 δ
2381 2177 2537 2218 mane
2571 2163 2742 2218 oratio
2791 2177 2910 2217 mea
2949 2165 3244 2232 prtereniet
3291 2167 3341 2218 te
3399 2161 3563 2233 (Psal.

1337 2283 1594 2348 AEARDI
1631 2291 1855 2347 GAZrEl
1893 2288 2453 2346 COMMENTARIUS.

249 2409 474 2482 sideria,
506 2409 657 2468 initia
685 2411 848 2468 etiam
880 2409 1001 2468 ﬁdei
1021 2454 1040 2480 ,
1072 2419 1128 2467 et
1153 2410 1384 2468 aliarum
1414 2411 1710 2482 virtutum,
1740 2409 1850 2482 qui-

243 2481 348 2540 bus
370 2482 642 2564 homohse
684 2497 995 2564 praeparare
1028 2483 1198 2564 possit
1237 2482 1306 2564 ad
1333 2481 1586 2564 gratiam,
1629 2489 1686 2536 et
1707 2481 1849 2564 quo-

243 2568 374 2626 ΜΨ
410 2553 626 2626 intuitu
663 2552 978 2626 conferatur
1024 2552 1102 2610 illi
1136 2552 1355 2626 gratia.’
1381 2552 1636 2626 Idgenim_
1664 2561 1850 2623 aperte

241 2623 518 2697 colligitur
539 2631 662 2697 tum
687 2640 754 2680 ex
789 2624 895 2680 hoc
913 2625 1066 2697 loco,
1097 2623 1190 2682 ubi
1224 2626 1424 2697 asserit
1445 2623 1852 2697 haec‘virtutum

241 2693 452 2752 semina
506 2695 586 2752 sic
623 2709 746 2752 esse
773 2695 924 2751 omni
964 2693 1170 2752 animai
1195 2695 1516 2750 naturaliter
1574 2693 1754 2757 insita,
1795 2703 1856 2749 ut

244 2766 806 2839 opitulationedivina
833 2781 946 2825 non
975 2775 1188 2839 egeant.
1215 2766 1320 2822 nisi
1353 2775 1415 2822 ut
1437 2765 1506 2822 ad
1545 2765 1854 2822 incremen-

241 2837 364 2912 tum
381 2837 751 2912 perfectionis
790 2837 1072 2912 pervenire
1100 2839 1350 2912 possint;
1386 2845 1507 2892 tum
1539 2851 1610 2891 ex
1643 2850 1852 2912 praece-

243 2907 525 2972 dentibus,
556 2907 899 2980 praesertim
918 2925 1041 2980 cap.
1074 2907 1130 2975 9',
1156 2907 1246 2964 ubi
1277 2909 1357 2963 ait
1388 2922 1488 2978 per
1523 2912 1739 2964 natura:
1763 2907 1851 2962 bo-

246 2993 402 3040 num,
423 2979 570 3046 quod
595 2979 840 3047 beneﬁcio
877 2979 1136 3042 Creatoris
1158 2980 1432 3034 indultum
1454 2983 1554 3042 est,
1583 2994 1852 3033 nonnum-

241 3063 414 3118 quam
463 3049 726 3104 bonarum
764 3049 1102 3120 voluntatum
1139 3050 1364 3118 prodire
1399 3051 1693 3120 principia,
1733 3064 1853 3118 qua:

244 3123 434 3174 tamen
447 3121 566 3182 nisi
579 3135 615 3174 a
642 3120 864 3174 Domino
889 3119 1223 3188 dirigantur,
1245 3120 1318 3174 ad
1345 3121 1855 3174 consummationem

242 3193 518 3245 uirtutum
537 3191 825 3260 peruenire
855 3205 962 3244 non
985 3191 1208 3260 possint.
1230 3189 1340 3246 Ubi
1367 3190 1666 3245 notandum
1700 3189 1854 3244 Pela-

242 3261 442 3334 gianos
479 3258 559 3334 eti
575 3275 769 3316 eorum
802 3258 1042 3334 fautores
1074 3259 1400 3334 beneﬁcium
1435 3261 1722 3334 creationis
1754 3275 1850 3334 vo-

245 3329 398 3404 casse
417 3331 680 3404 gratiam,
700 3341 873 3404 atque
893 3330 1000 3388 hoc
1022 3331 1184 3386 veluti
1211 3331 1370 3403 pallio
1410 3345 1568 3386 suam
1590 3329 1849 3404 haeresim

243 3401 586 3475 occultasse;
623 3418 752 3460 cum
779 3401 938 3458 enim
979 3401 1323 3475 urgerentur,
1361 3409 1422 3460 ut
1463 3401 1696 3475 gratiam
1747 3402 1847 3475 Dei

240 3474 627 3546 necessariam;
661 3471 1397 3546 agnoscerentflatebantur
1443 3471 1664 3546 quidem
1730 3471 1847 3546 sine

243 3545 344 3618 Dei
375 3545 546 3618 gratia
575 3543 722 3618 nihil
740 3561 842 3602 nos
879 3560 1039 3618 agere
1066 3560 1260 3618 posse;
1287 3543 1384 3600 sed
1411 3543 1635 3618 nomine
1653 3545 1844 3618 gratia:

243 3614 484 3676 liberum
513 3615 801 3674 arbitrium
825 3614 998 3688 atque
1022 3614 1087 3688 id
1109 3631 1282 3688 genus
1297 3615 1569 3688 naturalia
1594 3614 1734 3688 dona
1761 3614 1850 3688 in-

243 3688 406 3761 telligi
457 3687 715 3761 volebant
749 3707 761 3761 :_
789 3685 976 3758 sicque
1004 3685 1248 3761 Pelagius
1278 3685 1574 3761 concilium
1603 3685 1846 3742 Palaesti-

243 3759 378 3829 ωιιὶ
405 3759 602 3816 callide
630 3759 808 3823 elusit,
840 3766 981 3814 teste
1015 3760 1085 3814 D.
1119 3759 1424 3829 Augustino
1468 3759 1625 3829 epist.
1660 3763 1759 3813 105
1791 3765 1846 3812 et

242 3828 335 3886 lib.
367 3831 444 3887 de
469 3829 656 3888 Gratia
698 3829 917 3900 Christi,
943 3844 1061 3900 cap.
1097 3825 1519 3900 adsiententiam
1555 3843 1684 3884 vero
1717 3829 1848 3900 Col-

240 3901 432 3958 latoris
489 3902 556 3958 de
611 3899 922 3968 huiusmodi
973 3897 1279 3968 seminibus
1339 3899 1602 3968 virtutum
1648 3897 1848 3954 refellit

241 3975 478 4036 Prosper
525 3971 607 4028 his
653 3967 878 4025 verbis:
929 3969 1035 4034 Qui
1059 3983 1182 4035 ergo
1219 3967 1354 4021 dicit
1376 3969 1493 4020 sine
1535 3967 1650 4020 ullo
1691 3983 1846 4036 opere

238 4059 346 4113 gra
353 4038 448 4102 tite
461 4041 784 4098 naturaliter
789 4039 942 4113 omni
950 4039 1150 4113 animm
1161 4038 1365 4113 semina
1381 4038 1546 4113 inesse
1563 4038 1845 4113 uirtutum,

240 4107 378 4184 quid
399 4113 608 4168 laborat
621 4109 910 4184 ostendere,
940 4107 1126 4184 niside
1149 4108 1272 4184 istis
1289 4107 1582 4184 seminibus
1600 4108 1847 4184 quadam

241 4177 500 4254 germina
523 4179 943 4254 praecedentium
958 4180 1058 4254 Dei
1075 4181 1311 4254 gratiam
1335 4177 1614 4254 pullulare
1637 4180 1849 4254 merito-

242 4247 410 4310 rum?
445 4247 550 4306 hoc
577 4259 679 4318 est,
710 4250 842 4306 nihil
875 4248 1022 4305 aliud
1047 4249 1160 4304 vult
1184 4247 1474 4305 ostendere
1503 4257 1557 4303 et
1593 4247 1844 4319 probare,

242 4339 416 4396 quam
440 4322 549 4396 ista
570 4323 778 4396 semina
817 4335 932 4396 esse
959 4319 1209 4396 quaedam
1237 4320 1292 4376 in
1317 4319 1474 4396 nobis
1499 4319 1692 4374 merita
1723 4334 1849 4396 qua?

245 4389 472 4522 omnsm
494 4393 688 4450 Christi
707 4391 937 4466 gratiam
955 4389 1295 4449 antecedant.
1328 4389 1464 4449 Vide
1484 4399 1679 4450 caetera
1700 4389 1847 4463 apud

245 4481 374 4522 eum
419 4481 525 4520 em.

245 4481 525 4522 eumaem.

318 4539 346 4568 ⁸
376 4539 460 4591 De
501 4536 640 4592 libro
669 4533 906 4592 Pastoris
947 4533 1156 4590 dictum
1187 4540 1268 4590 est
1309 4532 1495 4590 collat.
1527 4540 1561 4590 8
1587 4549 1708 4604 cap.
1757 4539 1844 4598 17,

1963 2415 2024 2464 13
2061 2425 2182 2479 cap.
2220 2412 2305 2472 12,
2329 2413 2381 2464 et
2405 2408 2552 2466 Beda
2577 2411 2637 2463 in
2661 2423 2779 2479 cap.
2801 2422 2892 2464 χιι
2919 2407 3042 2463 Act.
3070 2409 3401 2477 Conﬁrmant
3423 2423 3568 2464 eam-

1959 2480 2081 2534 dem
2099 2480 2445 2536 traditionem
2471 2481 2757 2548 Gregorius
2777 2481 3051 2549 Nyssenus
3075 2482 3132 2534 in
3159 2483 3287 2537 Vita
3309 2482 3488 2542 Mosis,
3516 2485 3567 2534 et

1957 2556 2144 2606 auctor
2172 2551 2476 2621 Imperfect.
2528 2551 2706 2606 homil.
2737 2557 2770 2605 5
2792 2552 2850 2604 in
2887 2551 3220 2606 Matthmum.
3253 2554 3430 2607 Potest
3453 2551 3564 2605 ali-

1959 2623 2104 2690 quod
2131 2623 2248 2692 ejus
2267 2623 2351 2676 rei
2369 2623 2654 2690 uestigium
2677 2623 2735 2674 in
2769 2621 3055 2692 Scriptura
3090 2625 3286 2676 notari.
3331 2625 3466 2680 Nam
3495 2627 3560 2678 D.

1960 2693 2166 2748 Paulus
2203 2693 2393 2748 datum
2418 2693 2526 2747 sibi
2548 2691 2682 2746 dicit
2703 2691 2955 2760 angelum
2977 2693 3194 2748 Satance
3217 2695 3316 2762 qui
3334 2709 3388 2748 se
3417 2694 3564 2747 cola-

1955 2763 2146 2834 phizet
2175 2765 2242 2828 (ll
2266 2764 2383 2820 Cor.
2411 2764 2532 2831 xu)
2562 2761 2744 2834 :quod
2771 2765 2874 2816 etsi
2890 2763 3019 2817 aliis
3034 2764 3204 2818 modis
3232 2761 3462 2832 intelligi
3475 2779 3566 2834 po-

1961 2838 2084 2896 test,
2111 2839 2290 2904 potest
2315 2839 2366 2889 et
2384 2835 2500 2897 hoc,
2525 2839 2576 2889 et
2603 2833 2858 2888 credibile
2879 2837 2954 2888 est
2980 2834 3258 2888 diabolum
3276 2833 3564 2889 daemonio-

1959 2921 2082 2960 rum
2105 2907 2408 2974 principem
2427 2907 2485 2960 in
2498 2905 2972 2959 administratione
2982 2908 3138 2975 regni
3150 2909 3241 2960 sui
3267 2910 3435 2962 Deum
3452 2908 3565 2960 imi-

1961 2977 2097 3039 tari,
2111 2980 2163 3030 et
2171 2976 2618 3046 quemadmodum
2627 2979 2766 3031 Deus
2777 2976 3005 3044 singulis
3017 2976 3318 3032 hominibus
3327 2978 3564 3045 singulos

1961 3047 2178 3126 angelos
2195 3048 2492 3126 praeponit,
2514 3048 2593 3100 ita
2607 3061 2728 3100 eum
2738 3061 3002 3126 opponere
3023 3048 3260 3126 singulos
3275 3048 3560 3104 dccmones.

1961 3118 2050 3172 Sic
2069 3118 2440 3188 Maldonatus,
2459 3126 2517 3172 ut
2536 3124 2779 3188 apparet,
2801 3117 2857 3170 in
2879 3125 3090 3188 partem
3119 3117 3492 3174 afﬁrmantem
3507 3127 3564 3174 et

1963 3187 2294 3260 sententiam?
2315 3187 2481 3260 hujus
2506 3186 2760 3260 auctoris
2786 3186 2965 3260 magis
2995 3189 3354 3258 propendens.
3383 3192 3561 3260 Quam

1911 3229 2481 3330 Caesa‘aa'sti’a
2495 3229 2760 3314 ἁὶῗὲἑιᾘίῖ
2789 3229 3354 3330 Ῑόἒῖῖιᾳῖὒνυνᾶἲιῖῖιέ
3381 3229 3562 3317 liii?

1959 3328 2028 3400 de
2069 3328 2287 3400 Ritibus
2313 3329 2571 3400 Ecclesiae
2599 3343 2722 3398 cap.
2767 3334 2848 3382 l3.
2892 3328 3033 3400 Vide
3067 3331 3281 3400 Magist.
3315 3333 3558 3400 scatent.

1959 3399 2057 3454 lib.
2083 3413 2134 3472 ῃ
2158 3399 2284 3454 dist.
2314 3404 2400 3454 ιι.
2431 3397 2571 3454 Huic
2585 3397 2783 3472 tamen
2805 3398 3089 3472 sententiae
3113 3397 3269 3472 m'ulti
3295 3399 3562 3472 refragan-

1957 3469 2261 3544 tur,_inter
2296 3483 2435 3544 quos
2473 3468 2623 3524 card.
2671 3467 3032 3544 Bellarminus
3089 3471 3223 3541 (Lib.
3275 3470 3341 3526 de
3383 3467 3557 3544 Sci-ip.

1967 3540 2160 3612 Eccl),
2192 3538 2354 3612 quem
2380 3539 2564 3612 plector
2589 3538 2854 3612 consulat.

2038 3621 2060 3645 ο
2085 3610 2280 3686 Per—se
2299 3610 2523 3686 quidem
2550 3610 2844 3686 negligere,
2877 3619 2933 3676 at
2963 3625 3076 3666 non
3108 3627 3203 3686 per
3233 3627 3313 3680 se,
3339 3612 3438 3670 sed
3465 3630 3562 3686 per

1960 3681 2193 3754 gratiam
2224 3681 2325 3736 Dei
2356 3681 2848 3763 amare;_lioc’.est,
2881 3696 2978 3763 per
3003 3697 3060 3763 se
3105 3681 3320 3750 cadere,
3351 3693 3424 3763 at
3447 3681 3560 3763 non

1962 3753 2061 3826 per
2111 3769 2169 3810 se
2211 3767 2512 3825 resurgere.
2563 3753 2761 3810 Facilis
2808 3753 2954 3808 enim
3001 3754 3281 3810 descensus
3321 3757 3556 3824 Averni;

2019 3859 2112 3908 Sed
2139 3871 2365 3909 revocare
2390 3857 2595 3920 gradum
2610 3893 2625 3918 ,
2647 3869 2944 3920 superasque
2973 3858 3234 3906 ascendere
3257 3857 3319 3906 ad
3351 3871 3522 3920 auras,

2017 3921 2123 3970 Hoc
2150 3934 2305 3984 opus,
2335 3917 2416 3970 hic
2442 3917 2578 3970 labor
2606 3917 2739 3968 est”)

1955 4039 2036 4109 ait
2065 4049 2217 4109 poeta
2245 4041 2426 4106 (Virg.
2457 4053 2524 4094 γι
2551 4037 2806 4109 Δῑηθίά.).
2831 4041 2904 4094 Et
2931 4041 3001 4094 D.
3031 4038 3338 4094 Bernardus
3360 4038 3457 4094 lib.
3487 4039 3559 4096 de

1958 4108 2146 4182 Gratia
2168 4126 2182 4162 :
2203 4111 2474 4182 Peccantis
2501 4109 2684 4182 lapsus
2701 4108 2808 4182 non
2832 4109 2965 4182 dono
2991 4111 3330 4166 ascribcndus
3359 4115 3437 4166 est
3453 4127 3556 4182 po-

1957 4180 2186 4240 testatis,
2208 4177 2302 4232 sed
2327 4178 2460 4230 vitio
2487 4177 2798 4232 uoluntatis.
2817 4181 3037 4248 .Lapsus
3070 4185 3246 4234 tamen
3269 4197 3338 4236 ea:
3365 4177 3557 4240 volun-

1958 4254 2200 4310 tate,non
2212 4263 2360 4320 teque
2369 4262 2437 4302 ea:
2449 4249 2725 4304 uoluntate
2735 4264 3006 4318 resurgere
3007 4251 3039 4320 j
3041 4267 3130 4305 am
3140 4253 3364 4308 liberum
3373 4255 3553 4310 habet:

1957 4322 2092 4392 quia
2115 4321 2216 4374 etsi
2235 4319 2424 4374 datum
2442 4321 2556 4388 fuit
2580 4319 2851 4394 voluntati
2869 4319 3022 4390 posse
3036 4328 3204 4388 stare,
3230 4341 3294 4380 ne
3313 4325 3552 4394 caderet;

1954 4396 2260 4475 nontamen
2287 4406 2589 4475 resurgere,
2609 4393 2662 4446 si
2691 4391 2916 4448 caderet.
2942 4396 3229 4475 lion‘mim
3255 4401 3368 4475 tam_
3383 4391 3556 4475 facile

1955 4465 2076 4533 quis
2101 4463 2242 4518 valet
2275 4463 2426 4518 exire
2452 4463 2518 4518 de
2553 4464 2730 4530 fovea,
2755 4479 2917 4534 quam
2943 4467 3106 4531 facile
3127 4467 3183 4521 in
3211 4484 3327 4526 eam
3349 4463 3478 4525 labi.

2025 4521 2052 4565 ἀ
2069 4533 2271 4622 iniqua
2289 4539 2352 4622 Aet
2378 4534 2556 4622 inepta
2570 4621 2573 4622 γ
2588 4535 3144 4622 instituam-collatio.
3177 4549 3229 4594 et
3259 4555 3552 4622 compara-

241 4607 405 4691 cujus
433 4607 808 4689 testimonium
836 4605 926 4691 hic
951 4621 995 4691 ei
1009 4605 1278 4660 Collatore
1299 4606 1594 4691 prolatum,
1629 4603 1697 4691 ut,
1709 4605 1844 4691 gul:
1873 4603 1928 4668 D
1959 4604 2036 4660 tio
2066 4603 2355 4691 voluntatis
2381 4603 2636 4688 humana:
2659 4622 2785 4691 cum
2803 4606 2986 4691 divina
2999 4610 3201 4691 gratia,
3225 4603 3554 4691 quasi'paris

239 4676 344 4734 lius
371 4678 742 4741 auctoritatis,
783 4691 814 4732 a
856 4677 928 4730 D.
957 4677 1223 4744 PrOSpero
1260 4677 1632 4732 contemnitur
1681 4676 1846 4746 (Vide

241 4752 366 4820 Bay.
393 4754 535 4806 Tom.
565 4752 619 4820 ll_
641 4751 789 4806 Ann.
808 4748 1062 4820 subianno
1092 4749 1235 4820 159).

316 4813 344 4851 ¹³
377 4821 493 4876 Etsi
519 4813 661 4875 hanc
685 4819 1009 4875 sententiam
1035 4813 1284 4888 superius
1306 4820 1610 4888 utcumque
1627 4815 1842 4873 discus-

241 4890 414 4948 serim
454 4891 662 4962 (Collat.
706 4897 740 4962 8
764 4907 881 4960 cap.
930 4890 1036 4962 17),
1074 4888 1210 4962 libet
1237 4895 1420 4942 tamen
1460 4888 1550 4962 _h_ic
1578 4888 1844 4962 insignem

242 4961 412 5034 huius
451 4958 646 5034 saeculi
695 4958 1012 5034 theologum
1054 4961 1322 5034 Joannem
1369 4958 1744 5034 illaldonaturn
1772 4959 1846 5034 de

245 5029 442 5092 eadem
462 5031 664 5088 ‘audire
693 5029 1062 5102 disputantem
1097 5049 1111 5086 :
1142 5029 1288 5088 Illud
1315 5031 1478 5086 etiam
1500 5073 1518 5094 ,
1558 5031 1732 5102 inquit
1760 5033 1844 5099 (In

243 5120 292 5161 ο.
321 5121 479 5163 XVIII
506 5102 746 5174 Matth),
779 5103 929 5172 apud
955 5107 1194 5157 auctores
1223 5103 1398 5157 minus
1419 5107 1496 5174 est
1524 5107 1752 5165 certum,
1773 5119 1845 5158 an

242 5179 452 5244 singuli
476 5178 714 5232 homines
737 5189 843 5230 non
865 5175 1037 5230 solum
1063 5175 1252 5228 bonum
1269 5189 1305 5228 a
1323 5189 1429 5244 quo
1459 5173 1844 5242 defenduntur,

244 5245 347 5303 sed
350 5251 514 5303 etiam
529 5249 732 5303 malum
742 5262 892 5317 aquo
902 5246 1561 5316 impugnentur,angelum
1576 5245 1849 5300 habeant?

246 5319 352 5375 Sed
373 5323 548 5373 tamen
586 5325 634 5372 et
659 5319 752 5374 hoc
784 5321 964 5388 ipsum
991 5319 1374 5387 antiquissima
1399 5317 1709 5380 traditione,
1742 5333 1848 5372 non

249 5389 676 5447 Christiarwrum
697 5389 873 5454 modo,
897 5389 992 5444 sed
1014 5391 1178 5444 etiam
1194 5390 1542 5456 Hebraeorum
1583 5390 1848 5444 traditum

245 5466 344 5524 est,
377 5467 442 5528 ut
463 5461 651 5516 scribit
670 5461 826 5515 rabbi
845 5464 1014 5517 Moses
1033 5459 1122 5514 lib.
1151 5475 1225 5516 Ill
1245 5462 1379 5516 Mor.
1404 5477 1522 5531 cap.
1553 5465 1642 5514 25.
1673 5463 1848 5526 Quam

246 5533 596 5587 traditionem
623 5547 690 5587 ea
721 5534 942 5601 antiquo
972 5531 1108 5587 libro
1141 5535 1406 5594 Pastoris,
1439 5537 1491 5587 et
1521 5547 1588 5585 ea:
1624 5532 1848 5602 epistola

246 5603 425 5658 Barna
433 5603 528 5667 bis,
547 5619 714 5674 quam
731 5603 859 5658 olim
875 5605 1018 5658 inter
1033 5603 1362 5660 Christianos
1381 5605 1440 5656 in
1454 5618 1654 5672 magna
1676 5608 1848 5657 aucto~

249 5675 420 5744 ritate
428 5676 600 5741 fuisse
617 5675 871 5744 legimus,
884 5679 1082 5730 veteres
1099 5681 1342 5730 auctores
1350 5675 1584 5744 probare
1594 5675 1766 5728 solent
1788 5678 1850 5728 ut

247 5743 498 5814 Origenes
525 5743 710 5801 homil.
741 5751 804 5798 to
823 5750 882 5799 in
901 5748 1098 5802 Lucam
1119 5752 1184 5810 ,ει
1209 5747 1302 5800 lib.
1331 5743 1406 5802 {II
1453 5745 1521 5800 de
1555 5746 1848 5814 Principiis

247 5828 366 5886 cap.
395 5818 450 5888 2,
477 5821 528 5876 et
555 5819 841 5878 Cassianus
860 5819 1138 5874 collatione
1163 5821 1348 5874 octava
1363 5834 1478 5890 cap.
1511 5823 1572 5874 15
1593 5823 1642 5874 et
1662 5817 1844 5874 collat.

1955 4686 2134 4749 essent
2166 4675 2458 4746 facultatis,
2503 4685 2558 4731 et
2582 4677 2810 4749 quodin
2847 4675 3120 4748 aliquibus
3144 4675 3335 4749 gratia,
3369 4675 3472 4734 hoc
3496 4680 3554 4735 in

1951 4747 2068 4830 aliis
2098 4749 2313 4830 prapria
2359 4747 2617 4830 operetuf
2651 4747 2952 4830 voluntas};
2973 4747 3356 4830 siCque'gratia
3385 4749 3552 4830 modo

1951 4819 2024 4874 sit
2052 4817 2269 4887 praevia,
2294 4817 2460 4874 modo
2493 4819 2786 4873 voluntatis
2817 4817 3151 4886 pedisquua.
3181 4817 3342 4886 Quod
3369 4829 3552 4876 autem

1952 4889 2030 4944 ait
2055 4888 2344 4942 Psalmista
2368 4905 2382 4940 :
2410 4891 2569 4944 Mane
2595 4890 2774 4958 oratio
2798 4902 2915 4942 mea
2932 4892 3224 4958 prwveniet
3244 4895 3314 4958 te,
3339 4906 3454 4948 non
3475 4893 3553 4949 sic

1953 4959 2468 5039 accipien_dum__est,
2495 4956 2648 5039 quasi
2677 4958 2826 5039 prior
2869 4956 3117 5016 valuutas
3146 4961 3212 5016 ad
3241 4956 3366 5018 eu'm
3395 4979 3549 5039 acce-

1955 5029 2081 5095 dat;
2126 5030 2272 5100 prior
2315 5029 2465 5084 illum
2506 5029 2722 5100 invocet
2756 5045 2865 5085 non
2911 5040 3120 5098 vocata,
3149 5049 3260 5089 non
3295 5035 3550 5098 excitata.

1956 5116 2066 5156 non
2099 5107 2394 5173 praeventa,
2425 5107 2487 5155 ut
2523 5099 2730 5157 dictum
2769 5110 2850 5156 est
2884 5118 2896 5154 :
2939 5103 3070 5159 Cum
3111 5121 3260 5158 nemo
3281 5109 3454 5173 possit
3478 5107 3552 5160 ad

1956 5189 2076 5228 eum
2115 5172 2318 5239 uenire,
2357 5173 2472 5246 nisi
2507 5175 2668 5246 Pater
2705 5173 2926 5229 catastis
2956 5178 3196 5229 traxerit
3235 5172 3354 5230 cum
3378 5175 3548 5246 (Joan.

1957 5245 2057 5316 VI).
2085 5247 2173 5311 Et,
2206 5247 2335 5317 Quis
2357 5245 2514 5314 prior
2541 5243 2694 5317 dedit
2715 5246 2784 5312 ei,
2817 5249 2867 5317 et
2885 5247 3216 5300 retribuetur
3234 5248 3288 5300 ei
3307 5243 3549 5317 (Roman.

1958 5313 2130 5381 vin)?
2155 5313 2312 5388 Unde
2343 5313 2680 5386 Augustinus
2714 5315 3034 5371 versiculum
3059 5317 3212 5371 illum
3235 5313 3508 5388 exponens
3532 5338 3546 5377 :

1955 5391 2075 5443 Jam
2096 5402 2276 5450 mane,
2295 5385 2489 5456 inquit,
2510 5390 2861 5456 posteaquam
2873 5403 2983 5442 nos:
3003 5385 3337 5458 inﬁdelitatis
3351 5394 3402 5446 et
3421 5396 3553 5448 tene-

1958 5459 2066 5512 bris
2078 5461 2426 5514 transierunt.
2444 5457 2596 5526 Quod
2609 5473 2784 5523 mane,
2800 5465 2861 5512 ut
2875 5461 3010 5514 mihi
3021 5465 3172 5526 esset,
3184 5462 3553 5520 misericordia

1959 5536 2054 5584 tua
2082 5531 2346 5599 prauenit
2378 5545 2476 5582 me.
2507 5529 2780 5596 Quomodo
2803 5533 2946 5584 enim
2975 5535 3292 5596 invowrem,
3313 5535 3422 5589 nisi
3444 5551 3552 5591 cre-

1957 5601 2135 5656 derem
2145 5603 2174 5654 ?
2187 5599 2444 5668 quomodo
2454 5599 2740 5664 crederem,
2756 5603 2870 5654 nisi
2879 5603 3126 5657 audi-rem
3138 5605 3166 5657 ?
3177 5605 3271 5660 sed
3281 5611 3342 5662 ut
3357 5607 3550 5662 audita

1957 5673 2239 5744 crederem,
2269 5673 2384 5744 ipse
2422 5687 2504 5727 me
2525 5674 2796 5739 attraxit;
2836 5676 2969 5744 quia
3002 5677 3064 5729 in
3099 5677 3298 5732 occulto
3319 5695 3355 5733 α
3381 5683 3551 5733 morte

1959 5741 2156 5809 cordis,
2183 5741 2307 5818 non‘
2326 5744 2557 5818 quilibet
2583 5741 2968 5818 medicusfsed
3006 5750 3118 5818 ipse
3159 5751 3433 5804 excitauit.
3459 5748 3550 5818 Sic
3583 5803 3586 5808 _

1957 5814 2728 5890 Augustinus.’Metaphorice
2753 5826 2940 5874 autem
2967 5814 3162 5876 dicitur
3178 5815 3546 5882 voluntas,vel
