4040 6206
472 244 566 297 931

1557 236 1837 292 JOANNIS
1875 236 2176 293 CASSIANI
2216 234 2707 294 COLLATIONES.

3682 239 3791 292 932

473 366 772 436 LXXXVII).
804 365 869 419 Et
899 362 1097 419 iterum
1128 380 1140 417 :
1168 364 1412 418 Prwveni
1436 364 1493 416 in
1528 365 1851 418 maturitate
1888 366 1938 418 et
1960 363 2069 417 cla-
2104 368 2156 428 Α
2185 362 2456 419 Dominus
2490 362 2677 418 dicens
2716 379 2728 416 :
2762 361 2998 429 Quasivi
3040 364 3092 415 et
3115 373 3221 414 non
3241 363 3361 414 erat
3383 360 3493 421 vir,
3534 362 3719 415 vocarit
3738 368 3792 416 et

470 461 632 521 mari,
658 463 709 513 et
734 460 1104 528 prwvenerunt
1146 456 1289 511 oculi
1309 456 1417 509 mei
1450 455 1524 509 ad
1556 459 1607 509 te
1638 455 1877 510 diluculo
1909 455 2072 525 (Psal.

471 553 678 622 cxvn).
699 550 945 608 Advocat
971 548 1138 605 etiam
1156 562 1260 605 nos
1292 554 1349 605 et
1371 548 1567 604 invitat
1583 564 1713 604 cum
1736 548 1868 606 dicit
1899 568 1912 605 :
1944 552 2075 606 Tota

470 646 561 701 die
580 644 823 714 “pandi
846 658 1041 697 manus
1062 658 1208 698 meas
1236 643 1312 698 ad
1334 643 1599 713 populum
1625 658 1734 697 non
1773 642 2069 699 credentem

469 739 609 793 mihi
636 741 685 792 et
727 737 1181 793 contradicentem
1212 736 1390 806 (Isaia:
1437 735 1597 806 LXV).
1646 736 1715 791 Et
1742 735 2003 792 invitatur
2041 751 2073 790 a

424 878 431 881 .
469 830 632 888 nobis
652 847 782 887 cum
815 829 1046 897 dicimus
1073 830 1150 899 ei,
1182 834 1313 886 Tota
1343 830 1430 886 die
1452 830 1697 900 expendi
1720 846 1912 887 manus
1935 846 2076 887 meas

471 925 546 981 ad
570 929 620 981 te
650 924 816 996 (Psal.
842 926 1150 993 ιχχχγιι).
1177 923 1470 994 Exspectat
1493 936 1594 977 nos
1618 937 1746 977 cum
1767 921 1961 978 dicitur
1981 937 2076 994 per

469 1016 796 1089 prophetam
838 1034 854 1071 :
888 1020 1177 1088 Propterea
1204 1019 1230 1047 ³
1264 1018 1538 1086 emspectat
1561 1018 1839 1078 Dominus,
1878 1020 1939 1070 ut
1966 1018 2075 1070 mi-

470 1119 711 1172 sereatur
759 1117 930 1171 uestri
963 1114 1137 1184 (Isaia:
1164 1113 1337 1182 XXX),
1382 1120 1438 1167 et
1474 1121 1817 1184 exspectatur
1856 1129 1888 1170 a
1916 1113 2076 1169 nobis

470 1224 597 1267 cum
650 1208 887 1265 dicimus
919 1224 932 1259 :
966 1211 1296 1277 Ercspectans
1332 1210 1639 1278 exspectavi
1679 1210 1988 1272 Dominum,
2026 1214 2076 1264 et

470 1305 707 1375 respexit
748 1317 832 1356 me
869 1302 1033 1367 (Psal.
1065 1298 1307 1370 XXXIX).
1362 1301 1451 1367 Et,
1482 1301 1817 1369 Easpectavi
1839 1302 2076 1357 salutare

471 1400 644 1465 tuum,
674 1397 897 1451 Domine
925 1394 1086 1466 (Psal.
1125 1393 1371 1463 CXVIII).
1412 1395 1476 1447 Et
1516 1392 1793 1448 confortat
1816 1410 1920 1451 nos
1947 1410 2076 1450 cum

469 1490 615 1559 dicit,
638 1494 711 1546 Et
732 1506 824 1558 ego
850 1489 1063 1543 erudiri
1084 1491 1133 1542 et
1153 1488 1459 1554 confortavi
1478 1486 1696 1541 brachia
1721 1502 1923 1551 eorum,
1946 1490 1996 1543 et
2021 1491 2076 1541 in

467 1598 551 1638 me
562 1584 933 1650 cogitaverunt
949 1580 1221 1633 malitiam
1239 1581 1381 1648 (Ose.
1401 1580 1532 1651 vn).
1551 1581 1621 1633 Et
1636 1588 1697 1634 ut
1710 1581 2077 1653 nosmetipsos

467 1674 844 1732 confortemus
874 1672 1153 1740 hortatur,
1186 1687 1315 1727 cum
1341 1666 1490 1741 dicit,
1527 1673 1841 1741 Confortate
1876 1692 2074 1731 manus

2184 471 2292 511 non
2314 460 2434 511 erat
2464 457 2564 525 qui
2598 452 2943 525 responderet
2993 452 3170 524 (Isaia
3196 456 3391 517 LXVI).
3431 450 3713 520 Qumritur
3740 462 3795 509 et

2184 551 2297 622 ipse
2323 567 2355 607 a
2391 564 2588 621 sponsa
2613 548 2868 605 ﬂebiliter
2896 553 3279 618 conquerente.
3322 545 3349 580 δ
3391 548 3455 601 In
3476 546 3648 600 cubili
3678 562 3792 603 meo

2186 647 2244 697 in
2263 645 2503 700 noctibus
2521 644 2748 713 quasivi
2769 658 2925 713 quem
2942 641 3147 697 dilexit
3169 642 3359 694 anima
3378 654 3500 695 mea
3526 658 3544 694 :
3563 629 3795 710 quaesiui

2184 752 2303 792 eum
2334 742 2386 793 et
2414 752 2520 793 non
2536 739 2744 805 inueni;
2764 738 2951 792 vocavi
2969 749 3109 796 eum,
3133 737 3184 787 et
3206 748 3314 788 non
3344 733 3623 803 respondit
3652 734 3796 788 mild

2188 830 2363 903 (Cant.
2388 831 2498 902 ιιι).

2753 968 2991 1025 CAPUT
3044 966 3201 1022 XlIl.

2294 1091 2445 1158 Quod
2465 1092 2705 1160 gratiam
2734 1090 2835 1145 Dei
2861 1088 3084 1160 humani
3103 1090 3327 1143 conatus
3346 1101 3681 1156 compensare

2804 1175 2910 1214 non
2932 1159 3161 1229 possint.
3236 1204 3241 1209 ,

2256 1300 2328 1353 Et
2348 1296 2421 1353 ita
2447 1311 2671 1370 semper
2699 1298 2873 1372 gratia
2903 1297 3004 1354 Dei
3048 1304 3242 1353 nostro
3268 1294 3325 1352 in
3348 1296 3558 1353 bonam
3578 1305 3785 1369 partem

2182 1399 2509 1464 cooperatur
2537 1391 2797 1460 arbitrio,
2818 1398 2979 1463 atque
3016 1389 3075 1445 in
3104 1389 3364 1445 omnibus
3392 1388 3532 1447 illud
3551 1390 3789 1464 adjuvat,

2183 1486 2423 1559 protegit
2455 1501 2518 1542 ac
2546 1484 2812 1554 defendit,
2838 1488 2859 1511 °
2890 1493 2954 1542 ut
2980 1499 3406 1557 nonnumquam
3428 1486 3597 1543 etiam
3624 1487 3697 1543 ab
3721 1503 3787 1546 eo

2184 1578 2456 1651 quosdam
2485 1587 2715 1636 conatus
2748 1580 2907 1635 bona:
2936 1578 3229 1636 voluntatis
3261 1580 3349 1635 vel
3370 1581 3560 1653 exigat
3581 1582 3664 1637 rel
3692 1597 3790 1638 ex-

2183 1682 2425 1746 spectet;
2458 1690 2528 1730 ne
2556 1673 2771 1745 penitus
2798 1671 3091 1729 dormienti
3119 1679 3219 1728 aut
3257 1672 3418 1730 inerti
3458 1674 3575 1731 otio
3610 1672 3791 1731 disso-

467 1770 776 1831 dissolutas,
810 1770 860 1821 et
899 1782 1072 1836 genua
1110 1765 1315 1820 debilia
1364 1767 1610 1822 roborate
1636 1768 1812 1835 (Isaia:
1861 1773 2070 1837 xxxv).
2102 1770 2150 1833 B
2180 1766 2299 1823 luto
2325 1782 2423 1824 sua
2447 1767 2592 1824 dona
2615 1765 2869 1823 conferre
2893 1767 3165 1837 videatur,
3186 1768 3500 1825 occasiones
3515 1767 3792 1840 quodam-

468 1863 684 1922 Clamat
716 1863 895 1929 Jesus,
922 1864 983 1919 Si
1020 1864 1142 1931 quis
1170 1861 1308 1925 sitit,
1351 1863 1533 1916 veitiat
1574 1861 1648 1915 ad
1686 1877 1789 1931 me,
1830 1867 1880 1917 et
1923 1864 2072 1919 bibat

469 1962 643 2027 (Joan.
667 1958 803 2026 vn).
836 1956 1046 2013 Clamat
1065 1955 1228 2011 etiam
1248 1940 1317 2011 ad
1340 1970 1470 2011 eum
1496 1955 1781 2026 Propheta,
1811 1958 2075 2012 Laboravi

467 2053 724 2115 clamans,
770 2066 948 2106 rauca:
982 2052 1145 2118 factae
1190 2053 1313 2104 sunt
1357 2048 1541 2117 fauces
1572 2065 1733 2117 more,
1765 2049 2074 2118 defecerunt

467 2147 607 2203 oculi
626 2145 756 2202 dum
776 2159 929 2214 spero
952 2145 1013 2198 in
1036 2146 1201 2199 Deum
1218 2156 1390 2197 meum
1407 2142 1575 2209 (Psal.
1599 2146 1839 2210 LXVIII).
1869 2144 2075 2213 Quaerit

2177 1862 2347 1919 modo
2391 1877 2665 1935 quaerens,
2710 1860 2931 1934 quibus,
2976 1861 3237 1919 humanae
3282 1862 3513 1935 segnitiei
3556 1872 3786 1935 torpore

2178 1956 2448 2027 discusso,
2478 1972 2592 2012 non
2634 1955 3024 2013 irrationabilis
3052 1956 3434 2012 muniﬁcentiae
3452 1970 3569 2011 sua:
3609 1955 3787 2026 largi-

2179 2059 2264 2107 tas
2292 2050 2561 2118 videatur,
2580 2050 2720 2106 dum
2749 2066 2870 2106 eam
2895 2051 2996 2108 sub
3017 2051 3206 2107 colore
3239 2050 3521 2124 cujusdam
3540 2049 3779 2107 desideri

2182 2162 2247 2201 ac
2302 2144 2506 2201 laboris
2543 2144 2807 2216 impertit,
2852 2133 2879 2176 ⁶¹
2935 2153 2991 2203 et
3042 2145 3408 2203 nihilominus
3464 2145 3639 2218 gratia
3687 2143 3784 2200 Dei

1564 2279 1821 2334 ALARDI
1861 2280 2085 2335 GAZAZI
2125 2280 2684 2337 COMMENTARIUS.

465 2395 608 2452 actio
639 2398 1029 2467 nostraDeum
1076 2394 1390 2467 praevenire,
1424 2394 1554 2467 dum
1596 2410 1724 2467 ριιιιι
1756 2394 2070 2467 diligentius

465 2476 560 2524 aut
585 2465 968 2538 tempestivius
1009 2464 1172 2521 solito
1212 2466 1448 2538 invocat,
1491 2464 1785 2538 ferventius
1813 2464 1930 2538 ejus
1971 2483 2069 2521 au-

465 2535 972 2609 xiliumiinplorat,
1002 2545 1057 2592 et
1082 2536 1238 2609 quasi
1256 2535 1620 2609 dormientem
1646 2535 1856 2609 crebris
1885 2546 1938 2593 et
1964 2538 2071 2593 im-

466 2608 711 2682 portunis
751 2606 1401 2682 clamoribus'sollioitat,
1436 2606 1908 2682 quemadmodum
1937 2624 2073 2680 apo-

464 2678 613 2749 stoli,
646 2680 779 2736 dum
825 2678 879 2734 in
926 2679 1047 2733 navi
1082 2678 1471 2751 periclitantes
1495 2679 1867 2735 clamaverunt
1900 2698 1912 2734 :
1964 2678 2073 2736 Do-

463 2756 624 2815 mine,
640 2752 791 2805 salva
803 2752 1155 2821 nos,perimus
1172 2751 1386 2822 (Matth.
1410 2765 1542 2816 vm;
1555 2751 1699 2807 Psal.
1720 2751 1956 2822 CXVIII).
1972 2754 2078 2807 Hoc

464 2824 615 2879 enim
649 2832 733 2878 est
764 2838 937 2893 mane
971 2824 1289 2893 prwvenire,
1338 2821 1444 2893 hoc
1470 2830 1583 2893 est,
1627 2822 1753 2885 cito,
1795 2821 2065 2889 celeriter,

462 2903 705 2958 mature,
726 2894 811 2948 vel
840 2902 900 2949 ut
928 2892 983 2947 in
1002 2893 1112 2964 alio
1133 2894 1344 2964 psalmo
1375 2892 1576 2946 dicitur
1599 2912 1610 2945 :
1640 2894 1698 2943 in
1724 2894 2064 2964 maturitate,

458 2967 572 3019 sive
596 2966 1003 3025 immaturitate,
1040 2962 1094 3017 id
1124 2960 1226 3029 est,
1258 2971 1505 3031 tempore
1541 2960 1833 3031 matutino,
1862 2961 2066 3017 imma-

464 3043 615 3099 turo,
644 3033 973 3101 intempesta
1004 3040 1200 3101 nocte:
1250 3031 1332 3084 vel
1354 3045 1535 3096 mane,
1565 3030 1619 3086 id
1644 3039 1747 3096 est,
1777 3032 2068 3089 irradiaute

466 3104 585 3159 luce
627 3100 831 3172 gratia!
858 3111 914 3156 et
956 3100 1306 3167 inﬁdelitatis,
1333 3115 1399 3172 ac
1438 3101 1642 3172 peccati
1683 3101 1919 3158 tenebris
1965 3106 2065 3161 de-

466 3170 658 3244 pulsis,
692 3181 753 3226 ut
781 3174 847 3225 D.
879 3176 1113 3241 August.
1147 3170 1387 3244 exponit.

537 3246 560 3317 ξι
592 3244 883 3317 Exspectat
905 3245 1069 3317 _Deus
1110 3249 1170 3297 ut
1218 3241 1546 3317 misereatur
1572 3243 1765 3317 nostri,
1802 3260 1911 3300 non
1941 3247 2064 3317 quia

465 3313 612 3387 prius
640 3312 880 3387 in'nobis
904 3313 1078 3369 bonos
1106 3321 1294 3387 motus
1323 3312 1617 3387 voluntatis
1644 3322 1859 3387 nostrae
1883 3312 2066 3387 explo-

463 3383 546 3442 ret
586 3394 639 3441 et
677 3386 948 3460 inSpiciat,
992 3393 1052 3441 ut
1074 3383 1512 3460 _superius_dixit
1561 3383 2003 3460 Collator_(Cap.
2031 3394 2063 3445 8

463 3464 512 3512 et
559 3463 635 3522 9,;
705 3455 786 3513 vel
834 3460 957 3527 quia
1005 3455 1168 3527 prius
1199 3472 1227 3510 a
1254 3455 1431 3527 nobis
1470 3456 1707 3512 invocari
1751 3455 2063 3515 debeat—aut

462 3528 633 3597 possit
664 3529 779 3582 sine
818 3526 1182 3600 praeveniente
1216 3526 1335 3597 ejus
1368 3528 1556 3597 gratia,
1600 3542 1726 3582 cum
1756 3528 1936 3600 ipsum
1963 3546 2063 3586 ex-

461 3605 709 3667 spectare
776 3606 833 3667 et
872 3598 1127 3651 invocare
1160 3606 1454 3667 nostrum,
1500 3612 1705 3653 munus
1748 3598 1819 3654 sit
1868 3600 2063 3658 divinae

461 3666 650 3738 gratia:
680 3686 691 3720 :
725 3666 828 3738 sed
851 3669 980 3738 quia
1020 3666 1428 3738 quotidiestat,
1462 3676 1516 3721 et
1537 3670 1721 3737 pulsat
1746 3671 1821 3724 ad
1849 3674 2062 3738 ostium

459 3736 639 3793 cordis
661 3736 989 3809 nostri,'hoc
1017 3736 1118 3804 est,
1154 3736 1383 3809 gratiam
1421 3736 1578 3792 suam
1606 3739 1765 3794 nobis
1793 3737 1977 3807 offert,
2008 3754 2063 3799 et

459 3817 575 3864 tam
617 3809 854 3865 externis
903 3808 1177 3882 objectis,’
1204 3808 1539 3882 beneﬁciis,‘
1569 3809 2059 3882 exhortationibus,

463 3881 790 3961 terroribus,
824 3879 1098 3961 periculis,
1138 3896 1305 3960 quam
1343 3879 1572 3961 internis
1618 3879 2062 3961 inspiratiouibus

457 3953 524 4007 ad
555 3950 938 4023 paenitentiam
983 3959 1040 4006 et
1069 3966 1234 4023 Opera
1271 3950 1493 4021 justitiaa
1532 3966 1632 4006 nos
1665 3950 1886 4022 invitat;
1918 3965 1979 4011 ut
2014 3962 2065 4013 si

456 4039 626 4078 vocem
656 4023 773 4095 ejus
800 4023 1111 4086 audiamus,
1144 4031 1201 4077 et
1230 4023 1463 4095 pulsanti
1495 4026 1828 4093 aperiamus,
1873 4026 1926 4081 id
1953 4037 2057 4095 est,

456 4093 727 4151 vocationi
759 4094 873 4165 ejus
902 4109 1185 4167 assensum
1210 4093 1573 4165 praebeamus,
1594 4095 1667 4149 ad
1688 4112 1783 4150 nos
1803 4093 2057 4167 introeat,

455 4168 739 4222 nobiscum
763 4173 1002 4240 maneat,
1022 4165 1311 4240 nobiscum
1338 4172 1502 4240 ρατηερ
1528 4170 1713 4236 (Apoc.
1740 4168 1853 4240 ιιι),
1883 4168 1936 4224 id
1958 4165 2056 4237 est,

453 4248 775 4309 cooperetur
799 4239 865 4292 ad
891 4239 1141 4292 salutem.
1173 4239 1314 4291 Hinc
1333 4241 1401 4292 D.
1431 4237 1846 4309 Hieronymus:
1881 4242 2059 4298 Gran-

453 4310 560 4376 dis,
585 4309 783 4380 inquit,
812 4310 1091 4382 etementia
1110 4311 1224 4382 Dei,
1252 4314 1315 4362 ut
1342 4313 1605 4378 exspectet
1632 4315 1873 4365 nostram
1893 4316 2060 4382 perni-

453 4378 706 4452 tentiam;
734 4384 796 4431 ut
821 4378 982 4432 donec
1010 4393 1045 4431 a
1071 4381 1220 4452 vitiis
1239 4385 1629 4443 convertamur,
1667 4383 1758 4436 ille
1779 4378 2048 4452 potentem

453 4451 733 4503 contrahat
763 4464 1002 4509 manum,
1052 4464 1117 4501 ne
1166 4450 1332 4514 ferire
1365 4455 1599 4517 cogatur.
1650 4454 1729 4505 lta
1759 4450 2046 4511 concilium

451 4519 847 4596 Arausioanum
908 4518 1572 4596 adversus_Massilienses
1608 4524 1857 4591 exposuit
1905 4540 2047 4596 quo-

2179 2412 2273 2452 ma
2315 2396 2412 2469 Dei
2438 2396 2585 2451 dona
2608 2397 2839 2469 gratuita
2869 2396 3151 2466 dicimus),
3209 2397 3558 2453 manifestum
3595 2406 3678 2453 est
3710 2412 3778 2454 ex

2181 2467 2434 2539 parabola
2457 2467 2856 2537 operariorum,
2882 2468 3126 2524 Mattbati
3147 2483 3257 2534 xx;
3285 2484 3477 2525 verum
3493 2469 3656 2524 etiam
3679 2469 3782 2525 ini-

2181 2541 2379 2623 micos,
2406 2539 2656 2623 rebelles,
2677 2539 3135 2623 contradicentes,
3170 2547 3228 2595 et
3258 2540 3628 2623 gravissimos
3658 2557 3779 2623 pec:

2181 2619 2411 2665 catores.
2437 2611 2588 2665 Isaiae
2613 2624 2733 2665 va
2761 2629 2773 2665 :
2806 2614 2935 2665 Tota
2952 2612 3042 2666 die
3058 2611 3299 2682 eapandi
3316 2627 3514 2666 manus
3540 2611 3686 2668 meas
3707 2615 3784 2669 ad

2177 2682 2439 2752 populum
2482 2696 2589 2735 non
2624 2682 2936 2750 credentem,
2979 2683 3072 2737 sed
3125 2684 3573 2738 contradicentem
3624 2685 3780 2741 mihi.

2187 2754 2426 2808 Mattbmi
2455 2767 2617 2807 χχιιι
2651 2770 2666 2806 :
2700 2754 2915 2820 Quoties
2941 2755 3089 2809 volui
3114 2769 3441 2824 congregare
3480 2757 3623 2824 ﬁlios
3641 2762 3780 2820 tuos,

2177 2828 2227 2877 et
2270 2824 2540 2947 noluisti?
2588 2825 2659 2877 Et
2709 2824 2976 2881 sexcentis
3025 2824 3144 2881 aliis
3181 2825 3479 2897 Scriptura:
3525 2826 3657 2884 locis
3723 2837 3781 2883 et

2177 2907 2373 2947 cxemn
2395 2909 2457 2947 rs.

2176 2907 2457 2948 cxemnus.

2247 2909 2614 3037 Ξηὲςὲῗιθιιιρθ
2645 2966 3009 3039 Massilienses
3033 2967 3361 3024 sententiam
3387 2969 3637 3039 Apostoli
3667 2970 3778 3025 elu-

2176 3034 2302 3091 dere
2332 3034 2687 3092 conabantur.
2739 3038 2878 3093 Cum
2912 3039 3061 3093 enim
3113 3038 3355 3095 dicerent
3404 3034 3553 3095 initia
3615 3041 3777 3099 bona

2175 3107 2466 3182 voluntatis
2490 3117 2545 3163 et
2581 3109 2853 3182 bonorum
2882 3124 3117 3182 cperum
3157 3125 3273 3167 esse
3313 3126 3476 3182 posse
3504 3127 3571 3167 ex
3617 3114 3778 3170 nobis

2096 3211 2139 3272 c
2176 3177 2770 3272 ειξξξξμξξξξξψξξξίὲ
2793 3177 3207 3272 “eaeaeae
3257 3177 3671 3272 ὴ]ᾞὲφάἰηὶ
3722 3194 3782 3272 et

2176 3251 2620 3322 promerendam,
2641 3252 2831 3306 saltem
2854 3251 2925 3306 de
2947 3267 3222 3322 congruo;
3254 3262 3307 3309 et
3332 3254 3438 3309 illis
3455 3270 3518 3309 ex
3540 3255 3779 3315 advorso

2174 3321 2496 3393 objiceretur
2523 3322 2837 3397 a_t’atribus
2865 3322 2955 3377 illa
2982 3321 3251 3397 sententia
3278 3326 3524 3397 Apostoli
3549 3326 3617 3380 ad
3651 3329 3780 3383 Ro-

2173 3407 2492 3467 manosxn
2537 3395 2600 3449 Si
2624 3398 2804 3448 autem
2832 3396 3039 3462 gratia,
3073 3396 3196 3465 jam
3238 3395 3346 3451 non
3382 3413 3447 3452 eo:
3489 3399 3775 3467 operibus,

2173 3464 2418 3540 alioquin
2440 3467 2624 3540 gratia
2634 3467 2756 3534 jam
2776 3480 2881 3519 non
2897 3470 2975 3540 est
2990 3464 3172 3535 gratia
3192 3486 3209 3533 ;
3230 3464 3635 3540 reSpondebant
3656 3464 3777 3540 gra—

2175 3534 2305 3611 tiam
2356 3538 2461 3611 Dei
2510 3550 2735 3591 manere
2795 3534 3127 3611 gratuitam,
3164 3546 3235 3611 et,
3275 3534 3456 3595 veram
3512 3534 3773 3611 gratiam,

2172 3604 2383 3680 etiamsi
2430 3606 2591 3680 detur
2633 3604 2920 3680 occasibue
2960 3604 3129 3664 nostri
3168 3609 3372 3666 laboris
3418 3619 3474 3665 et
3511 3604 3774 3680 conatus,

2172 3676 2303 3752 quia_
2330 3676 2417 3731 hic
2442 3677 2602 3752 labor
2615 3678 2895 3752 minimus
2917 3686 3001 3752 est
3023 3687 3076 3735 et
3096 3695 3355 3752 perquam
3384 3681 3632 3752 esiguus,
3667 3676 3780 3740 nec

2171 3746 2531 3820 conferendus
2573 3748 2774 3804 divinae
2816 3750 3005 3820 gratia:
3042 3746 3113 3806 et'
3149 3746 3583 3806 liberalitati.'At
3627 3768 3776 3811 vero

2171 3818 2531 3903 Augustinus,
2567 3818 2839 3903 Prosper,"
2864 3830 2921 3903 et
2951 3821 3047 3903 alii
3088 3822 3268 3903 gratiae
3305 3831 3773 3903 propugnatores,

2169 3903 2283 3976 non
2321 3890 2502 3945 solum
2545 3890 2742 3976 contra
2788 3892 3063 3976 gelagium
3093 3890 3604 3976 probati—tugratiam
3652 3890 3780 3976 non

2169 3959 2284 4038 dari
2323 3976 2387 4015 ex
2422 3961 2631 4017 meritis
2662 3959 2944 4038 condignis
2983 3959 3132 4019 liberi
3162 3959 3408 4038 arbitrii:
3440 3965 3567 4038 quia
3595 3968 3776 4038 gratia

2162 4030 2279 4108 jam
2310 4048 2420 4087 non
2460 4043 2600 4088 esset
2638 4030 2855 4105 gratia;
2875 4049 2999 4104 quae
3028 4036 3182 4106 quasi
3219 4052 3320 4107 pro
3365 4030 3563 4105 mquali
3591 4030 3774 4108 pretio

2169 4104 2413 4169 daretur,
2446 4111 2505 4158 ut
2548 4104 2661 4175 peri
2676 4121 2735 4160 se
2779 4113 2973 4159 notum
3003 4104 3115 4175 est;
3146 4104 3338 4163 verum
3368 4104 3533 4163 etiam
3575 4104 3770 4168 contra

2169 4174 2625 4252 Semipelagianos
2678 4185 2732 4231 et
2784 4174 3137 4252 Massilienses
3173 4180 3483 4252 ostendunt
3529 4181 3772 4252 gratiam

2167 4244 2282 4299 dari
2309 4244 2374 4300 ex
2400 4244 2614 4303 meritis
2642 4247 2896 4321 congruis
2926 4248 3074 4304 liberi
3107 4250 3350 4316 arbitrii;
3392 4244 3631 4321 quiaysic
3648 4269 3767 4309 non

2166 4325 2309 4371 esset
2354 4333 2490 4396 pura
2539 4327 2592 4373 et
2620 4320 3078 4396 absolutagratia
3108 4331 3164 4376 et
3204 4320 3605 4396 miserit-prdie,
3638 4325 3767 4396 quia

2158 4401 2267 4467 non
2290 4389 2514 4443 omnino
2540 4391 2770 4461 gratuita
2797 4398 2852 4467 et
2875 4389 3133 4467 indebita,
3160 4392 3255 4467 sed
3277 4391 3603 4467 antiduralis
3624 4389 3767 4467 q'ute-

2155 4458 2284 4535 dum
2313 4469 2382 4535 .et
2424 4458 2855 4535 remuneratoria
2884 4462 3127 4530 donatio,
3166 4464 3381 4535 etiamsi
3414 4481 3517 4535 pro
3555 4458 3735 4535 exigui

2157 4529 2445 4604 laboribus,
2459 4538 2512 4584 et
2530 4534 2786 4602 operibus
2806 4529 3150 4588 donaretur:
3176 4529 3767 4604 proinde-concludunt

449 4591 622 4679 modo
645 4592 795 4679 ρεαδ
816 4588 1340 4679 eispec‘tetvelnou
1365 4600 1637 4679 ettspectet
1662 4588 1766 4647 nos
1792 4588 2052 4679 z’Si‘quis,
2088 4603 2134 4666 ι)
2165 4600 2478 4679 verbisillis
2510 4588 2762 4679 Apostoli
2801 4604 3015 4679 excludi
3042 4588 3409 4679 quascumque
3435 4588 3762 4679 satisﬁat—ii

448 4661 627 4735 inquit
669 4663 818 4735 (Can.
851 4664 925 4731 9),
965 4666 1028 4715 ut
1076 4677 1109 4715 a
1132 4665 1348 4731 peccato
1388 4677 1700 4735 purgemur,
1730 4661 2056 4723 voluntatem

447 4734 689 4791 nostram
724 4739 893 4791 Deum
937 4740 1241 4804 exspectare
1277 4734 1575 4801 contendit;
1626 4751 1733 4790 non
1762 4742 1946 4794 autem
1996 4747 2056 4796 ut

448 4809 609 4861 etiam
626 4809 859 4878 purgari
876 4807 1121 4867 velimus,
1153 4821 1254 4877 per
1268 4807 1441 4859 sancti
1460 4806 1705 4875 Spiritus
1726 4810 2057 4876 infusionem

448 4881 499 4953 et
535 4881 896 4953 operationem
934 4880 991 4931 in
1032 4878 1185 4953 nobis
1211 4880 1331 4946 ﬁeri
1375 4882 1676 4953 conﬁtetur,
1710 4883 1921 4937 resistit
1953 4886 2060 4953 ipsi

447 4949 689 5017 Spiritui
723 4952 904 5001 sancto
938 4964 1036 5016 per
1074 4949 1403 5004 Salomonem
1424 4950 1625 5005 dicenti
1654 4971 1669 5005 :
1700 4949 2056 5017 Prteparatur

445 5021 691 5075 voluntas
715 5035 749 5072 a
782 5020 1023 5093 Domino,
1065 5021 1315 5073 Proverb.
1344 5036 1485 5088 vui;
1521 5028 1571 5076 et
1598 5020 1850 5093 Apostolo
1898 5028 2053 5081 salu-

449 5093 616 5148 briter
639 5092 974 5166 prcedicanti
989 5109 1010 5166 ε
1031 5094 1171 5166 Deus
1192 5095 1272 5166 est
1302 5095 1401 5161 qui
1424 5092 1689 5166 operatur
1733 5098 1791 5149 in
1815 5098 1967 5151 nobis
2003 5102 2051 5151 et

443 5167 574 5235 velle
602 5172 650 5220 et
676 5169 935 5235 per/icere
960 5163 1179 5235 (Philip.
1217 5165 1307 5235 It),
1335 5172 1439 5219 etc.

514 5229 542 5269 δ
572 5238 635 5291 Ιιι
676 5229 910 5309 ’νυῑεειιει
946 5229 1182 5290 editione
1215 5229 1333 5290 haec
1362 5245 1575 5291 tantum
1609 5235 1882 5309 habentur
1922 5256 1934 5290 :
1984 5241 2049 5292 In

444 5310 632 5364 lectulo
668 5324 780 5363 meo
800 5308 917 5377 per
958 5313 1128 5359 noctes
1173 5311 1400 5376 φηθείυί
1441 5322 1596 5377 quem
1634 5308 1823 5375 diligit
1865 5311 2048 5364 anima

442 5397 604 5448 mea;
630 5382 860 5451 quwsivi
877 5378 1052 5451 illum,
1075 5383 1125 5451 et
1154 5394 1258 5432 non
1286 5379 1671 5451 invenijCant.
1700 5378 1818 5445 ιιι).

514 5462 533 5487 ο
564 5447 687 5507 Hoc
717 5449 1276 5521 superiusexplosum
1322 5459 1376 5504 et
1403 5447 1703 5521 refutatum
1741 5457 1841 5503 est.
1874 5451 2039 5507 Ratio

441 5531 623 5578 autem
649 5519 812 5594 quam
842 5520 1023 5594 subdit
1050 5519 1278 5594 Auctor,
1312 5520 1458 5594 quod
1485 5519 1869 5594 alioquioDeus
1892 5523 2038 5594 peni-

444 5602 529 5650 tus
562 5592 962 5648 dormientibus
988 5601 1083 5648 aut
1112 5592 1268 5648 inerti
1297 5593 1411 5646 otio
1461 5592 1742 5646 dis~olntis
1768 5592 1913 5648 dona
1939 5610 2038 5651 sua

440 5665 695 5724 conferre
722 5667 1015 5731 videretur,
1044 5664 1247 5719 nullius
1280 5672 1365 5718 est
1396 5663 1685 5719 momenti.
1739 5666 1863 5720 Non
1895 5667 2038 5722 enim

437 5738 789 5796 Sulummodo
820 5737 1178 5801 dormientes,
1202 5736 1403 5788 inertes
1432 5742 1485 5788 et
1511 5735 1716 5791 otiosos
1745 5752 1773 5790 a
1808 5740 1922 5792 Deo
1949 5754 2041 5794 vo-

439 5812 575 5882 cari,
605 5809 851 5878 excitari,
890 5806 1127 5871 invitari,
1158 5814 1212 5859 et
1242 5806 1297 5859 in
1323 5806 1535 5861 vineam
1573 5808 1719 5866 mitti
1753 5811 1894 5883 (qua:
1924 5810 2039 5883 pri-

2161 4671 2390 4749 arbitrii,
2421 4688 2545 4744 qua:
2565 4671 2651 4730 vel
2683 4671 3199 4749 minimamhabere
3231 4671 3448 4749 possint
3477 4671 3763 4735 rationem

2159 4743 2355 4813 meriti,
2382 4743 2582 4833 causae,
2604 4748 2696 4833 Avel
2723 4746 3042 4833 occasionis,
3068 4747 3141 4803 ob
3165 4743 3329 4820 quam
3353 4752 3501 4833 Deus
3526 4750 3763 4833 gratiam

2156 4818 2425 4890 suam_vel
2453 4818 2521 4890 ab
2550 4825 2756 4873 aeterno
2785 4817 2942 4873 nobis
2990 4817 3339 4890 praepararet,
3400 4821 3479 4875 vel
3530 4817 3587 4876 in
3617 4830 3769 4877 tem-

2164 4901 2294 4955 pore
2328 4886 2636 4961 largiretur.
2684 4891 2738 4945 Si
2781 4891 2927 4944 enim
2957 4886 3176 4960 aliquod
3220 4906 3292 4947 ex
3320 4886 3509 4954 nobis,
3559 4890 3614 4946 id
3656 4902 3760 4958 est,

2160 4973 2225 5011 ex
2264 4958 2395 5013 solis
2417 4958 2640 5016 'viribus
2686 4961 2836 5016 liberi
2881 4958 3110 5029 arbitrii,
3149 4963 3229 5016 vel
3260 4964 3549 5017 minimum
3590 4963 3757 5018 meri-

2159 5035 2307 5104 tum,
2334 5030 2670 5104 velominima
2698 5048 2857 5088 causa
2889 5033 3246 5104 praecederet,
3278 5050 3390 5088 non
3423 5043 3559 5089 esset
3579 5034 3761 5104 gratia

2159 5100 2386 5177 omnino
2419 5102 2720 5177 liberaliter
2745 5112 2800 5159 et
2833 5100 3092 5177 gratuito,
3122 5105 3234 5177 sive
3262 5121 3330 5160 ex
3362 5100 3762 5177 misericordia,

2156 5170 2263 5253 sed.
2290 5174 2634 5253 gratitudinis
2678 5191 2807 5247 ergo
2835 5170 2996 5231 nobis
3031 5176 3224 5253 collata
3258 5194 3273 5253 :_
3307 5176 3621 5253 cujusmodi
3652 5170 3765 5253 do;

2159 5244 2302 5296 natio
2347 5244 2682 5314 antidoralis,
2727 5244 2786 5302 ut
2821 5256 3034 5312 vocant,
3064 5248 3231 5320 etiam
3263 5244 3472 5320 legibus
3501 5248 3770 5303 humanis

2160 5329 2273 5391 non
2295 5324 2550 5391 censetur
2573 5330 2698 5391 puta
2725 5328 2779 5374 et
2800 5320 3038 5391 gratuita
3066 5318 3400 5386 donatiofut
3426 5320 3665 5391 habetur
3693 5322 3767 5375 L.

2157 5386 2407 5459 Aquilius
2429 5386 2661 5458 Regulus
2678 5393 2755 5459 ff.
2773 5388 2840 5445 de
2860 5391 3275 5446 Donationihus.
3310 5394 3401 5446 Sic
3419 5390 3773 5459 Augustinus

2158 5455 2277 5534 lib._
2298 5459 2444 5534 Itad
2476 5455 2813 5517 Bcnit‘acium
2840 5478 2958 5534 cap.
3000 5468 3033 5517 8
3063 5481 3075 5516 :
3100 5464 3160 5519 Si
3185 5465 3299 5517 sine
3335 5464 3423 5519 Dei
3449 5455 3644 5529 gratia
3664 5478 3775 5530 Per

2148 5543 2241 5583 nos
2256 5531 2450 5601 incipit
2468 5534 2735 5603 cupiditas
2756 5535 2896 5598 boni,
2909 5531 3095 5606 ipsum
3115 5542 3339 5604 captum
3355 5536 3459 5588 erit
3475 5535 3770 5593 meritum.

2149 5606 2238 5675 cui
2258 5607 2535 5673 tamquam
2557 5622 2625 5659 e1-
2641 5606 2817 5661 ἀεὸὶεο
2840 5609 3020 5662 veniat
3041 5606 3396 5675 adiutorium,
3420 5621 3483 5659 ac
3498 5607 3551 5658 si
3574 5608 3769 5673 gratia

2148 5673 2248 5746 Dei
2272 5690 2377 5729 non
2396 5679 2563 5746 gratis
2579 5678 2721 5732 dona
2729 5679 2894 5742 bitur,
2908 5679 3000 5733 sed
3013 5673 3203 5732 merito
3222 5687 3404 5732 nostro
3418 5678 3664 5732 dabitur.
3694 5678 3773 5731 Et

2149 5743 2242 5798 lib.
2271 5746 2339 5800 de
2382 5743 2862 5805 Praedestinatione
2907 5752 3229 5806 Sanctorum
3272 5766 3390 5819 cap.
3425 5755 3478 5814 2,
3532 5749 3766 5803 recitata

2149 5829 2342 5872 eorum
2382 5821 2647 5876 sententia
2693 5821 2784 5892 qui
2810 5820 3060 5879 dicebant
3088 5820 3301 5877 initium
3340 5818 3501 5888 ﬁdei,
3558 5819 3615 5875 id
3643 5824 3726 5874 est
3753 5859 3772 5885 ,
