4040 6206
311 267 402 320 933
448 261 459 266 ”

1236 257 1576 315 COLLATIO
1612 257 1750 313 XIII.
1789 287 1862 298 —-
1899 257 1988 312 DE
2025 253 2508 312 PROTECTIONE
2545 255 2676 312 DEI.

3516 267 3618 322 93-5

312 399 513 457 semper
537 382 769 456 gratuita
791 390 1117 454 perseveret,
1163 381 1297 438 dum
1326 381 1534 452 exiguis
1563 380 1892 453 quibusdam
1917 385 1972 448 Α
2002 381 2189 452 glorior
2232 385 2488 451 operatur
2533 383 2596 434 in
2615 381 2765 436 nobis
2789 383 2866 450 (ll
2891 383 3008 442 Cor.
3035 387 3144 453 ιν).
3176 388 3259 444 De
3284 403 3393 460 quo
3411 399 3465 446 et
3479 393 3612 450 alibi

319 479 594 552 parvisque
622 476 912 534 conatibus
940 481 1146 532 tantam
1172 475 1600 532 immortalitatis
1626 475 1863 546 gloriam
1885 517 1901 544 ,

317 582 453 630 tanta
480 570 729 644 perennis
767 569 1126 628 beatitudinis
1170 569 1347 639 dona,
1391 569 1762 627 inaestimabili
1799 571 1900 626 tri-

2011 475 2326 531 constanter
2352 473 2622 541 enuntiat,
2651 471 2838 532 dicens
2867 479 3038 544 :Quia
3066 491 3171 535 non
3186 486 3312 538 sunt
3335 485 3610 554 condignae

2005 569 2286 640 passiones
2303 568 2466 640 hujus
2490 570 2744 640 temporis
2768 570 2845 626 ad
2863 567 3113 638 futuram
3135 576 3357 642 gloriam
3383 595 3504 648 quae
3523 596 3616 636 re-

316 664 424 722 buit
455 663 724 734 largitate.
754 673 781 700 ι
807 665 920 720 Nec
947 664 1096 720 enim
1123 663 1250 736 quia
1289 663 1437 724 illius
1465 661 1521 719 in
1544 677 1708 720 cruce
1734 662 1905 719 latro—
2007 663 2277 719 celabitur
2320 665 2380 718 in
2411 665 2559 720 nobis
2601 665 2774 730 (Rom.
2827 664 2987 738 vm).
3031 665 3449 736 Quantumlibet
3485 687 3614 746 ergo

312 757 391 814 nis
439 765 798 829 praecesserat
825 756 982 826 ﬁdes,
1028 755 1232 814 idcirco
1274 755 1744 830 pronuntiandum
1781 765 1867 814 est
1887 799 1902 824 ,

314 867 416 908 non
438 851 485 908 ei
501 851 719 908 beatam
741 853 1241 908 commorationem
1270 847 1502 924 paradisi
1525 852 1761 924 gratuito
1789 865 1908 908 esse

317 945 640 1017 promissam
691 943 868 1017 (Lucra
911 951 1112 1013 χχιιι),
1162 954 1261 1002 aut
1305 945 1688 1018 pmnitentiam
1729 945 1906 1002 David

313 1039 447 1110 regis
490 1038 639 1094 illam
693 1039 856 1096 unius
877 1039 1030 1095 verbi
1067 1053 1174 1110 qua
1201 1038 1384 1106 dixit,
1427 1041 1648 1114 Βεροαυὶ
1683 1040 1908 1096 Domino

319 1131 385 1204 (ll
409 1136 540 1203 Reg.
583 1139 724 1202 xu),
746 1131 858 1190 duo
895 1143 1009 1190 tam
1050 1132 1234 1206 gravia
1261 1133 1380 1206 ejus
1411 1133 1641 1190 crimina
1663 1175 1678 1204 ,
1717 1141 1908 1188 etnon

313 1225 490 1298 potius
519 1225 868 1284 clementiam
903 1226 1006 1282 Dei
1033 1226 1322 1284 abstulisse
1349 1226 1686 1284 credendum
1711 1235 1815 1292 est,
1847 1235 1911 1282 ut

312 1333 406 1390 per
437 1317 656 1376 Nathan
683 1317 1006 1392 prophetam
1029 1329 1331 1377 mereretur
1359 1320 1570 1388 audire,
1617 1324 1686 1376 Et
1721 1323 1910 1376 Domi-

311 1427 412 1468 nus
439 1415 722 1470 transtulit
741 1416 1084 1484 iniquitatem
1109 1419 1278 1483 tuam,
1308 1430 1412 1470 non
1433 1416 1681 1470 morieris
1697 1411 1906 1486 (Ibid).

312 1503 474 1574 Quod
523 1505 687 1579 igitur
731 1505 1092 1564 homicidium
1143 1506 1407 1591 adulterio
1453 1503 1701 1575 addidit,
1751 1506 1910 1564 liberi

2010 755 2160 814 enisa
2203 755 2369 814 fuerit
2389 755 2636 814 humana
2674 755 2978 832 fragilitas,
3025 759 3226 818 futura:
3265 763 3614 824 retributioni

2010 864 2108 922 par
2125 865 2244 906 esse
2260 863 2374 906 non
2396 851 2630 922 poterit;
2662 866 2762 907 nec
2789 853 2880 920 ita
2911 852 3196 910 labaribus
3215 856 3332 912 suis
3363 855 3612 915 divinam

2015 940 2298 998 imminuit
2333 942 2587 1014 gratiam,
2622 953 2683 1000 ut
2709 959 2824 1000 non
2859 959 3080 1018 semper
3105 948 3343 1020 gratuita
3373 965 3619 1022 perseve-

2015 1042 2130 1104 ret,
2169 1043 2225 1090 et
2252 1033 2458 1091 idcirco
2507 1035 2804 1107 praedictus
2854 1039 3120 1110 Magister
3155 1041 3402 1113 gentium
3424 1085 3440 1112 ,
3493 1044 3621 1102 licet

2015 1127 2186 1200 gratia
2215 1128 2318 1184 Dei
2349 1130 2689 1200 apostolatus
2713 1129 2945 1202 gradum
2973 1133 3232 1191 sortitum
3259 1151 3318 1192 se
3346 1135 3512 1196 fuisse
3535 1148 3622 1197 te-

2013 1230 2208 1290 stetur,
2237 1221 2430 1280 dicens
2468 1241 2482 1281 :
2524 1225 2717 1282 Gratia
2741 1228 2840 1280 Dei
2869 1242 2988 1280 sum
3034 1229 3178 1297 quod
3221 1244 3341 1285 sum
3391 1233 3462 1300 (ll
3495 1235 3616 1292 Cor.

2017 1315 2152 1386 xv),
2189 1323 2379 1372 tamen
2421 1331 2482 1373 se
2541 1331 2760 1389 quoque
2803 1317 3002 1374 divinae
3045 1321 3234 1391 gratiae
3275 1325 3620 1394 respondisse

2016 1408 2352 1481 pronuntiat,
2382 1408 2592 1478 dicens,
2617 1415 2689 1467 Et
2719 1415 2910 1482 gratia
2935 1411 3054 1484 ejus
3096 1407 3154 1470 in
3183 1433 3266 1473 me
3303 1434 3479 1474 vacua
3505 1436 3614 1476 non

2033 1503 2170 1570 fuit,
2183 1503 2662 1558 sedabundantius
2674 1505 2784 1560 illis
2792 1507 3035 1561 omnibus
3055 1508 3300 1564 laboravi
3312 1517 3368 1566 et
3383 1511 3620 1582 obtinui,

310 1597 501 1671 utique
545 1599 750 1655 arbitrii
799 1599 942 1669 fuit;
975 1602 1124 1674 quod
1149 1609 1334 1658 autem
1372 1599 1624 1675 arguitur
1651 1615 1750 1672 per
1787 1615 1914 1673 pro-
2018 1593 2046 1630 ”
2068 1607 2176 1649 ηοη
2197 1598 2378 1650 autem
2405 1591 2524 1664 690;
2547 1596 2642 1651 sed
2666 1599 2852 1666 gratia
2875 1601 2977 1654 Dei
3007 1615 3208 1655 mecum
3231 1601 3438 1673 (Ibid-l.
3469 1606 3638 1660 Nam.

309 1691 551 1766 phetam,
577 1692 776 1750 divinae
804 1693 1134 1767 dignationis
1157 1703 1241 1752 est
1267 1697 1462 1768 gratia.
1493 1697 1740 1752 Rursum
1766 1694 1913 1768 quod
2020 1702 2149 1744 cum
2173 1687 2324 1757 dicit,
2357 1689 2621 1760 laboraui,
2655 1699 2914 1748 conatum
2946 1693 3156 1766 proprii
3179 1694 3354 1768 signat
3390 1695 3615 1755 arbitrii.

309 1795 596 1860 peccatum
622 1803 784 1846 suum
823 1789 1142 1846 humiliatus
1177 1789 1448 1863 agnoscit,
1481 1785 1720 1861 propria:
1746 1788 1906 1845 liber-
1943 1795 1992 1858 Β
2019 1781 2163 1839 Cum
2189 1781 2338 1852 dicit,
2369 1799 2478 1840 non
2513 1790 2694 1841 autem
2717 1801 2828 1856 ego,
2858 1787 2952 1842 sed
2989 1779 3176 1859 gratia
3197 1792 3318 1858 Dei,
3345 1789 3609 1849 virtutem

307 1882 434 1939 tatis
476 1891 566 1940 est
590 1899 747 1956 opus,
776 1883 935 1954 Quod
977 1900 1107 1942 vero
1136 1885 1240 1942 sub
1278 1885 1606 1944 brevissimo
1647 1885 1916 1958 temporis
2024 1874 2226 1932 divinae
2247 1877 2598 1949 protectionis
2627 1879 2887 1958 ostendit.
2913 1881 3052 1938 Cum
3079 1882 3224 1958 dicit,
3253 1901 3476 1952 mecum,
3505 1903 3617 1945 non

306 1986 515 2050 puncto
542 1978 944 2051 indulgentiam
985 1987 1268 2035 tantorum
1295 1979 1593 2036 criminum
1630 1995 1916 2053 promere-

305 2079 421 2139 tur,
455 2071 686 2127 Domini
731 2071 1040 2128 miserentis
1061 2078 1146 2128 est
1171 2071 1398 2128 donum.
1442 2075 1514 2128 Et
1556 2073 1687 2144 quid
1714 2073 1783 2130 de
1813 2073 1915 2130 hac

308 2174 424 2221 tam
445 2163 611 2220 vhrevi
648 2164 988 2221 confessione
1009 2173 1064 2221 et
1091 2165 1502 2238 incomparabili
1538 2167 1738 2225 divinat
1755 2169 1916 2224 retri-

304 2258 558 2316 butionis
573 2259 942 2316 immensitate
953 2259 1198 2316 dicamus
1217 2263 1241 2318 ?
1260 2275 1387 2316 cum
1411 2259 1602 2318 beatus
1620 2262 1918 2334 Apostolus

301 2353 374 2411 ad
403 2353 566 2409 illam
595 2353 1030 2426 magnitudinem
1057 2352 1262 2410 futurae
1287 2355 1744 2412 remunerationis
1771 2355 1918 2427 aspi-

303 2447 459 2548 cien’s
473 2487 502 2516 ,
529 2445 666 2518 quid
688 2447 760 2503 de
801 2447 908 2504 illis
947 2455 1061 2504 tam
1095 2447 1399 2504 innumeris
1442 2447 1922 2520 persecutionibus

299 2540 433 2598 suis'
458 2541 902 2613 pronuntiaverit
947 2541 1294 2598 considerare
1342 2540 1594 2613 perfacile
1642 2541 1734 2598 sit.
1779 2543 1921 2598 Nam

299 2639 741 2692 momentaneum
757 2636 871 2704 hoc,
885 2635 1078 2707 inquit,
1112 2641 1164 2692 et
1191 2637 1300 2691 leve
1325 2637 1688 2691 tribulationis
1706 2640 1921 2700 ηοεενίε,

301 2746 479 2803 supra
509 2730 726 2786 modum
753 2731 892 2786 ultra
913 2729 1407 2803 comparationem,
1439 2735 1697 2785 celemum
1715 2731 1927 2801 pondus

2023 1969 2202 2026 otioso
2239 1985 2414 2043 neque
2438 1987 2656 2042 securo,
2683 1952 3160 2033 sed'laboi‘anti’ac
3188 1977 3476 2038 desudanti
3501 1993 3618 2038 eam

2023 2072 2374 2137 cooperatam
2399 2064 2568 2124 fuisse
2595 2067 2865 2124 declarat.

2619 2211 2863 2267 CAPUT
2893 2211 3048 2267 XIV.

2029 2333 2182 2403 Quod
2217 2330 2599 2387 tentdtionibus
2629 2333 2744 2410 suis
2771 2337 2912 2410 Deus
2925 2334 3193 2410 _rirtutern
3221 2333 3443 2391 humani
3463 2353 3627 2410 expe-

2594 2403 2780 2458 riatur
2808 2403 3052 2458 arbitrii.

2102 2539 2264 2613 Quod
2285 2541 2455 2598 etiam
2477 2540 2534 2596 in
2544 2541 2674 2610 Job,
2703 2540 3099 2613 probatissimo
3121 2541 3324 2600 athleta
3344 2559 3466 2611 suo,
3500 2561 3626 2602 cum

2035 2649 2164 2692 eum
2191 2633 2442 2690 diabolus
2475 2634 2770 2704 expetisset
2797 2633 2866 2690 ad
2894 2633 3172 2706 singulare
3211 2645 3507 2707 certamen,
3555 2639 3636 2695 di-

2036 2727 2221 2782 vinam
2245 2727 2478 2799 legimus
2509 2725 2802 2798 providisse
2825 2727 3094 2798 justitiam
3125 2737 3164 2784 °.
3193 2729 3245 2784 Si
3266 2729 3413 2784 enim
3437 2738 3630 2787 contra

1419 2865 1680 2922 ALARDI
1719 2866 1946 2922 GAZASI
1984 2861 2541 2920 COMMENTARIUS.

299 2983 496 3056 ipsam
527 2983 864 3056 voluntatem
909 2984 1150 3042 credenti
1181 3001 1338 3056 posse
1381 2985 1571 3043 haberi
1611 3001 1676 3042 ex
1721 2984 1929 3041 viribus

301 3053 540 3110 natura
566 3053 791 3110 subdit:
820 3058 936 3113 Non
977 3071 1101 3125 ergo
1139 3053 1406 3112 réceditur
1447 3058 1518 3111 ab
1553 3073 1613 3112 ea
1663 3059 1930 3112 sententia

348 3141 494 3180 uam
526 3125 786 3194 Pelagius
820 3128 934 3195 ipse
973 3129 1032 3179 in
1075 3129 1368 3196 episcopali
1388 3127 1600 3195 judicio
1638 3129 1928 3183 Palcestino

348 3143 494 3180 uam
526 3143 786 3194 rewgius
820 3143 934 3195 ipse
973 3143 1032 3179 in
1075 3143 1366 3196 episcopali
1388 3143 1600 3195 Juaicio
1638 3143 1928 3183 rauesnno

303 3143 595 3278 damnare
620 3197 1300 3278 compuls_us_est,grati_um
1317 3200 1416 3278 Dei
1433 3199 1724 3278 secundum
1736 3200 1931 3278 merito

304 3273 519 3324 nostra
545 3267 689 3322 dari.
723 3270 780 3324 S.
835 3267 1156 3338 Fulgentius
1209 3267 1302 3322 lib.
1345 3267 1413 3323 de
1454 3267 1834 3338 [incarnatione
1877 3275 1934 3322 et

2033 2984 2298 3058 stentibus
2326 2985 2602 3058 vocantur,
2629 2988 2736 3058 etc.
2779 2980 3132 3058 Manifestum
3171 2983 3337 3058 enim
3367 2993 3451 3054 est
3485 2987 3631 3058 loqui

2034 3054 2330 3110 concilium
2373 3051 2443 3108 de
2488 3051 2750 3121 operibus
2775 3067 2899 3124 qua:
2947 3053 3124 3124 ipsam
3163 3051 3505 3112 vocationem
3534 3051 3632 3116 s'eu

2037 3125 2456 3206 praevenientem
2486 3124 2722 3206 gratiam
2738 3123 3085 3206 antecedunt,
3106 3125 3163 3206 in
3187 3125 3386 3196 quibus
3417 3129 3633 3206 nullgm

2037 3191 2197 3268 docet
2221 3209 2340 3252 esse
2369 3191 2648 3268 meritum,
2679 3209 2858 3267 neque
2887 3193 2958 3250 de
2984 3191 3276 3268 condigrio,
3301 3208 3492 3254 contra
3535 3191 3633 3256 P'e-

2037 3266 2328 3343 lagi_a_nos_,__
2351 3281 2528 3337 neque
2553 3265 2622 3322 de
2657 3265 2922 3336 congruo,
2952 3265 3636 3343 contra‘Semipelagianos

305 3340 520 3420 Gratia
544 3338 746 3420 Christi
775 3338 930 3408 (Cap.
949 3336 1048 3420 ‘12)
1084 3355 1098 3392 :
1128 3339 1190 3394 Si
1227 3353 1370 3420 vero,
1393 3337 1616 3420 “inquit,
1645 3338 1932 3420 secundum
1961 3388 2002 3420 ρ
2040 3336 2510 3420 et'_lli‘assiliensels.

303 3388 647 3480 asinae;
660 3388 900 3464 alia;
919 3388 1184 3464 tanta
1218 3388 1932 3480 agitantium;
1961 3388 2006 3452 C

349 3477 499 3534 uam
527 3483 625 3535 Dei
641 3483 828 3548 gratia
857 3481 1084 3550 incipiat
1109 3495 1206 3534 nos
1225 3477 1509 3548 adjuvare,
1539 3477 1940 3549 injustegratia

350 3552 560 3612 icitur,
579 3553 711 3619 quia
727 3567 835 3606 non
853 3553 1026 3620 gratis
1039 3551 1210 3606 datur
1223 3551 1542 3614 hominibus,
1561 3551 1656 3606 sed
1681 3552 1828 3606 bona
1847 3565 1940 3606 re-

302 3620 596 3676 tribuitur
617 3623 899 3678 uoluntati.
934 3623 1176 3694 Denique
1201 3625 1270 3694 D.
1299 3623 1529 3692 Prosper
1543 3630 1734 3683 contra
1755 3622 1939 3678 Colla-

302 3701 518 3748 torem
548 3707 665 3762 cap.
689 3699 724 3748 6
755 3710 770 3748 :
813 3693 1101 3760 Quomodo,
1121 3693 1336 3762 inquit,
1368 3709 1474 3748 non
1510 3694 1749 3749 advertis
1791 3697 1841 3748 te
1877 3696 1935 3748 in

292 3763 468 3820 illud
489 3763 815 3819 damnatum
831 3765 1082 3826 incidere,
1104 3763 1269 3831 quod,
1289 3765 1422 3819 velis
1434 3766 1591 3831 nolis,
1613 3767 1938 3821 conm’ncen's

293 3836 530 3897 dicere,
557 3837 797 3904 gratiam
827 3838 920 3892 Dei
927 3836 1218 3892 secundam
1231 3839 1426 3890 merita
1442 3841 1628 3891 nostra
1649 3838 1798 3904 dari,
1818 3851 1936 3890 cum

293 3907 549 3976 aliquid
564 3909 858 3976 prtecedere
877 3908 1002 3961 boni
1015 3909 1192 3975 operis
1216 3922 1284 3960 ea:
1303 3909 1439 3974 ipsis
1459 3909 1781 3970 hominibus,
1804 3923 1935 3976 pro-

282 3985 439 4050 pter
456 3977 626 4050 quod
651 3980 890 4045 gratiam
919 3981 1326 4044 consequantur,
1357 3979 1607 4050 ofﬁrmas
1622 3979 1650 4029 ἱ)
1668 3979 1937 4050 caeterum

293 4045 374 4106 ex
401 4048 509 4102 his
543 4062 654 4100 non
699 4055 782 4100 est
803 4061 1148 4116 consequens
1166 4054 1234 4116 ut
1263 4045 1378 4114 pari
1421 4047 1586 4116 modo
1619 4047 1940 4102 excludatur

292 4116 518 4176 omnis
550 4117 693 4170 ratio
723 4117 898 4170 meriti
927 4115 1001 4171 ab
1023 4115 1282 4185 operibus
1305 4131 1428 4185 quae
1453 4115 1590 4172 ﬁunt
1618 4131 1684 4170 ex
1728 4131 1935 4186 praeve-

289 4189 523 4246 niente
561 4186 664 4258 Dei,
689 4187 867 4257 gratia
897 4195 952 4242 et
987 4186 1092 4241 ﬁde
1117 4226 1134 4254 ,
1163 4186 1363 4258 quibus
1392 4187 1463 4242 ad
1492 4186 1940 4258 justiﬁcationem

289 4265 610 4335 peccator
637 4257 963 4335 disponitur.
1007 4259 1132 4335 Non
1181 4257 1330 4314 enim
1359 4257 1556 4335 desinit
1599 4258 1936 4335 esse__grat_ia,

284 4328 476 4406 (quod
515 4328 783 4406 tribuitur
824 4331 922 4401 ipsi
961 4329 1180 4406 gratim;
1225 4345 1326 4406 nec
1352 4328 1420 4384 de
1447 4329 1532 4384 his
1575 4328 1832 4406 operibus
1859 4329 1936 4384 lo-

285 4401 524 4478 quitur
560 4401 888 4478 Apostolus,
907 4401 1030 4478 cum
1055 4401 1128 4456 ait
1167 4419 1179 4455 :
1210 4403 1276 4478 Si
1302 4415 1426 4470 ergo
1448 4404 1661 4478 gratia,
1676 4401 1800 4478 jam
1831 4416 1938 4455 non

286 4471 372 4533 ἔω
405 4471 704 4544 operibus,
735 4473 830 4528 sed
859 4473 924 4528 de
955 4473 1039 4528 his
1061 4487 1184 4542 qua:
1203 4471 1342 4528 fiunt
1371 4487 1432 4526 ex
1452 4471 1590 4528 solis
1613 4472 1815 4544 viribus
1838 4487 1933 4544 na-

287 4541 493 4611 turai,
525 4545 679 4600 nulla
722 4545 996 4615 supposita
1041 4541 1251 4615 gratia;
1279 4559 1512 4615 quorum
1542 4544 1739 4600 intuitu
1765 4543 1811 4600 si
1839 4541 1941 4598 do-

281 4625 571 4677 naretur
590 4615 786 4688 gratia,
815 4614 1202 4688 profectonou
1236 4614 1381 4688 esset
1424 4631 1596 4682 mera,
1625 4615 1722 4671 sed
1747 4630 1936 4671 remu-

274 4689 542 4748 neratio
579 4684 761 4758 aliquo
795 4684 964 4741 modo
997 4684 1200 4748 debita,
1225 4695 1286 4758 ut
1313 4685 1521 4758 dictum
1548 4695 1650 4740 est.
1681 4687 1777 4741 Illa
1811 4701 1941 4758 vero

273 4777 484 4835 opera
519 4755 768 4835 quas—ex
797 4758 980 4835 divina
1011 4757 1214 4835 grptia,
1258 4755 1609 4823 iuSpiratione
1643 4765 1699 4835 et
1726 4755 1941 4835 speciali

268 4827 562 4909 auxilio,
589 4828 725 4909 fiunt
755 4838 880 4909 ante
893 4827 1372 4909 ‘justiﬁcationem
1399 4868 1414 4894 ,
1438 4842 1578 4908 .cum
1619 4827 1729 4909 sint
1760 4827 1945 4909 ipsius

262 4902 524 4978 gratia:
585 4897 830 4978 dona_e_t
857 4896 1090 4978 effectus
1111 4939 1126 4966 ,
1155 4900 1299 4954 nulla
1347 4897 1489 4978 ratio
1518 4896 1780 4978 prohibet
1805 4913 1945 4978 quo-

262 4967 512 5036 fnirius
536 4984 674 5043 vere
701 4967 810 5024 dici
839 4971 1046 5043 possint
1075 4969 1450 5043 impetratoria
1482 4977 1536 5043 et
1561 4968 1745 5039 aliquo
1775 4967 1945 5043 modo

267 5041 652 5107 meritoria,
688 5050 798 5095 tam
832 5041 1056 5114 majoris
1089 5039 1274 5114 gratiae
1317 5041 1548 5114 actualis
1585 5055 1750 5110 quam
1783 5039 1940 5096 habi-

263 5117 503 5180 tualis,
547 5128 681 5184 qua:
706 5123 788 5168 est
829 5111 940 5181 ipsa
977 5111 1321 5184 justiﬁcatio,
1349 5111 1496 5184 quod
1540 5114 1795 5184 meritum
1838 5128 1938 5168 vo-

263 5198 426 5248 cant
453 5185 732 5255 theologi
773 5183 1036 5240 merituin
1078 5184 1147 5240 de
1189 5183 1450 5255 congruo.
1491 5183 1582 5238 Sic
1610 5184 1945 5255 Augustinus

261 5263 464 5334 epist.
501 5261 642 5334 pios
679 5275 691 5310 :
722 5259 905 5334 Neque
931 5256 1300 5334 ipsa,_in_q_uit,
1327 5257 1570 5334 remissio
1611 5259 1944 5334 peccatorum

255 5327 406 5392 sine
436 5332 666 5399 aliquo
688 5331 881 5384 merito
903 5333 1002 5395 est,
1050 5329 1100 5382 si
1124 5327 1257 5396 ﬁdes
1281 5328 1417 5382 hanc
1453 5329 1743 5398 impetrat;
1779 5343 1946 5398 neque

261 5409 444 5463 enim
483 5401 730 5457 riui/um
749 5407 828 5456 est
843 5403 1099 5456 meritum
1129 5399 1259 5470 ﬁdei
1275 5421 1288 5463 ;
1307 5415 1415 5468 qua
1441 5399 1548 5468 fide
1574 5400 1664 5454 ille
1687 5400 1897 5454 dicebat
1926 5417 1942 5452 :

255 5482 472 5546 Deus,
492 5474 794 5546 propitius
814 5478 922 5546 esto
941 5472 1078 5527 mihi
1101 5473 1384 5546 peccatori.
1411 5476 1462 5526 et
1476 5471 1750 5546 descendit
1770 5471 1947 5542 justi-

253 5543 534 5621 Ῑεοαηὶέ,
579 5547 784 5621 merito
807 5545 946 5621 fidei
958 5546 1298 5621 humiliatus.
1348 5545 1536 5621 Neque
1577 5543 1664 5621 his
1687 5548 1950 5621 repugnat

255 5612 540 5678 borrcilii
585 5615 896 5672 'l‘rideutini
917 5617 1198 5670 decretum
1227 5618 1382 5685 (Sess.
1410 5617 1583 5684 6cap.
1613 5619 1690 5680 5),
1717 5612 1849 5668 dum
1873 5612 1952 5668 ait

253 5694 476 5766 ipsius
504 5689 946 5766 jystiﬁcattonis
997 5688 1282 5766 exordium
1319 5690 1384 5766 in
1403 5687 1608 5766 adultis
1651 5701 1702 5766 α.
1732 5687 1830 5742 Dei
1852 5699 1953 5755 per

255 5758 828 5822 jesum'Clm'stum
871 5761 1230 5829 prwveniente
1263 5763 1445 5827 gratia
1474 5758 1796 5813 sumendum
1821 5769 1950 5826 esse,

257 5837 378 5894 hoc
395 5840 531 5898 est,
568 5833 650 5888 ab
660 5832 777 5902 ejus
790 5833 1076 5899 vocatione,
1099 5846 1207 5900 qua
1225 5831 1390 5885 nullis
1408 5847 1586 5886 eorum
1608 5831 1817 5887 meritis
1834 5829 1950 5884 emi-

2112 3417 2138 3442 ι
2160 3407 2367 3476 Similia
2388 3404 2554 3460 habet
2581 3404 2678 3460 lib.
2709 3405 3073 3476 xnlnstitut.
3109 3420 3228 3476 cap.
3263 3413 3346 3462 ιι.

2115 3475 2354 3553 δἈλλί-’ἥ
2373 3477 2514 3553 xciet;
2535 3479 2628 3553 ςοῦ
2649 3476 2784 3540 θεοῦ,
2871 3476 2960 3528 σὺν
2990 3474 3256 3553 ἐμοέμῄιαῑ
3274 3495 3495 3545 mecum,
3513 3495 3639 3553 sup-

2048 3547 2134 3620 ple
2160 3553 2256 3604 est.
2286 3545 2409 3620 Non
2435 3545 2574 3604 dixit
2599 3565 2612 3620 ς
2645 3561 2768 3618 qua:
2797 3547 2851 3602 in
2873 3563 2985 3620 me,
3009 3545 3285 3620 ὲθὰῇᾳιιω
3307 3567 3510 3608 mecum
3537 3545 3636 3618 est,

2048 3618 2111 3676 ut
2139 3619 2454 3696 ostenderet
2468 3618 2702 3696 gratiam
2717 3619 3045 3696 non_solam_,
3068 3618 3484 3696 sed’nobiscum
3501 3639 3636 3696 ope-

2045 3691 2178 3747 rari.
2199 3689 2388 3767 hUnde
2415 3688 2757 3767 Augustinus
2792 3688 2886 3767 lib.
2921 3689 3217 3767 de_Libero
3246 3693 3490 3751 Arbitrio
3515 3688 3634 3767 cap.

2051 3767 2116 3818 15
2149 3783 2161 3818 :
2188 3765 2310 3822 Non
2343 3761 2530 3818 autem
2550 3777 2662 3835 ego,
2693 3761 2886 3835 inquit,
2917 3762 3012 3816 sed
3041 3765 3225 3831 gratia
3254 3767 3351 3818 Dei
3392 3761 3598 3821 mecum
3615 3786 3632 3835 ;

2045 3835 2102 3890 id
2123 3843 2229 3902 est,
2253 3851 2358 3890 non
2388 3849 2483 3902 ego
2509 3833 2652 3887 solus
2674 3877 2696 3906 λέ
2721 3833 2817 3888 sed
2842 3837 3026 3906 gratia
3062 3837 3164 3906 Dei
3179 3849 3410 3906 mecum,
3457 3851 3518 3890 ac
3537 3833 3638 3906 per

2044 3906 2144 3962 hoc
2170 3923 2263 3962 nec
2291 3908 2474 3976 gratia
2500 3907 2597 3958 Dei
2617 3905 2750 3966 sola,
2779 3918 2872 3958 nec
2897 3904 3014 3972 ipse
3029 3903 3188 3972 solus,
3211 3904 3306 3958 sed
3333 3909 3517 3974 gratia
3537 3903 3644 3962 Dei

2044 3992 2163 4032 cum
2187 3978 2298 4031 illo.

2119 4051 2142 4080 °
2168 4049 2303 4101 Tres
2331 4045 2516 4100 itidem
2544 4059 2758 4100 errores
2799 4044 2854 4098 in
2895 4043 3004 4115 hoc
3045 4045 3223 4115 capite
3267 4046 3637 4113 continentur,

2047 4115 2577 4186 exfpraecedentibus
2610 4113 2964 4186 consectarii,_
2991 4121 3046 4186 et
3068 4113 3200 4186 aiD.
3230 4118 3501 4186 Prospero
3535 4117 3643 4175 suf-

2048 4185 2295 4242 ficienter
2329 4183 2551 4254 refutati
2597 4201 2610 4236 :
2662 4199 2801 4254 quos
2847 4183 3079 4254 proinde
3123 4184 3312 4240 lectori
3363 4183 3643 4246 dumtaxat

2047 4256 2316 4330 indicasse
2344 4264 2440 4330 sat
2475 4253 2592 4310 erit.
2628 4253 3178 4330 Erimus;error,_Job
3202 4255 3272 4312 ad
3296 4264 3514 4330 tempus
3534 4260 3638 4317 sibi

2046 4329 2300 4404 relictum
2337 4325 2876 4404 fuisse_,_etDei_opé
2920 4325 3275 4404 destitutum,
3300 4338 3364 4404 ut
3385 4325 3499 4386 suis
3527 4332 3642 4404 ipse

2046 4399 2250 4472 viribus
2279 4406 2334 4455 et
2357 4413 2460 4472 suo
2492 4399 2666 4472 Marte
2691 4396 2954 4472 adrersus
2981 4396 3260 4472 diabolum
3303 4396 3637 4472 decertaret;

2048 4469 2280 4550 proinde
2329 4469 2648 4550 patientiam
2688 4467 2856 4550 ipsius
2889 4483 3026 4550 poni
3053 4467 3248 4550 divina:
3289 4475 3512 4550 gratim,
3543 4467 3642 4532 sed

2047 4537 2278 4598 naturali
2325 4537 2441 4612 ejus
2497 4537 2732 4595 libertati
2787 4549 2844 4596 et
2883 4537 3189 4612 fortitudini
3233 4537 3351 4598 esse
3400 4547 3644 4602 tribuen-

2025 4612 2207 4669 -dam.
2247 4611 2565 4684 Cui’prazter
2589 4613 2696 4684 alia
2721 4611 2923 4684 opponi
2949 4613 3400 4684 potestdoctrina
3430 4616 3642 4671 abbatis

2050 4682 2377 4756 Paphnutii,
2414 4685 2495 4738 vel
2545 4682 2714 4756 ipsius
2761 4682 3226 4756 cassiani_collat.
3262 4691 3292 4736 3
3333 4699 3452 4756 cap.
3493 4693 3552 4739 17
3589 4693 3644 4741 et

1971 4788 2022 4850 Β
2049 4746 2426 4850 “(inerma
2457 4746 3645 4850 Eafai'.'a.291'§‘§?.€££2;:2‘3..rMra

2055 4821 2260 4897 pugnat
2301 4826 2559 4897 cumghac
2599 4823 2887 4897 collatione
2923 4821 3315 4897 Chaeremonis.
3363 4824 3645 4892 Quantum

2052 4892 2199 4968 enim
2226 4896 2336 4968 rhic
2383 4895 2627 4968 liberum
2670 4892 2961 4968 arbitrium
3007 4893 3420 4968 comparatione
3459 4897 3648 4968 gratiae

2054 4967 2283 5034 extollit,
2316 4975 2530 5038 tantum
2574 4963 2664 5038 ille
2687 4962 2945 5038 deprimit
2964 4969 3029 5038 et
3057 4962 3268 5038 subjicit
3297 4962 3508 5038 gratiae,
3547 4969 3644 5024 do.

2047 5050 2238 5110 cetque
2267 5033 2538 5110 adjutorio
2565 5033 2660 5089 Dei
2680 5049 2898 5110 semper
2922 5033 3191 5110 indigere;
3234 5033 3454 5110 initium
3485 5033 3647 5098 bonae

2049 5105 2365 5172 voluntatis,
2391 5117 2444 5161 et
2469 5106 3001 5161 consummationem
3027 5105 3250 5173 (ﬁdem,
3277 5109 3610 5166 intellectum
3629 5153 3644 5177 ,

2050 5183 2310 5238 timorem
2362 5177 2604 5242 Domini,
2635 5177 2867 5248 denique
2893 5177 3252 5248 tolerantiam,
3285 5187 3340 5234 et
3367 5181 3646 5238 victoriam

2051 5252 2416 5310 tentatiouum
2466 5265 2492 5302 a
2529 5251 2640 5304 Deo
2669 5247 2823 5313 esse,
2867 5247 3017 5318 quod
3071 5248 3266 5319 probat
3321 5250 3424 5304 illis
3469 5253 3644 5309 verbis

2051 5323 2303 5396 Apostoli
2332 5339 2345 5376 :
2375 5321 2575 5396 Fidelis
2595 5324 2756 5396 Deus,
2785 5322 2892 5396 qui
2905 5335 3010 5396 non
3028 5323 3310 5396 permittet
3335 5337 3425 5378 vos
3451 5327 3652 5380 tentari

2053 5392 2219 5467 supra
2247 5395 2307 5449 id
2334 5393 2476 5467 quod
2493 5394 2715 5467 potestis
2747 5408 2764 5467 :_
2793 5392 2892 5446 sed
2920 5392 3085 5458 faciet
3117 5395 3281 5447 etiam
3297 5408 3428 5467 cum
3473 5400 3652 5452 tenta-

2055 5463 2195 5526 tione
2216 5463 2426 5522 exitum
2454 5463 2577 5536 (vel,
2604 5473 2660 5518 ut
2683 5463 2962 5536 habemus,
2979 5465 3336 5536 prouentum),
3357 5471 3420 5521 ut
3432 5471 3654 5536 possitis

2059 5541 2323 5596 sustinere
2350 5539 2390 5612 (l
2425 5533 2543 5594 cor.
2578 5538 2674 5601 x);
2721 5550 2783 5612 ac
2801 5534 3031 5612 tandem
3081 5533 3470 5612 itaucon'cludi't
3493 5541 3650 5612 (Cap.

2057 5613 2182 5679 ult.)
2214 5629 2226 5664 :
2251 5605 2476 5664 Periure
2499 5607 3100 5679 quwprotulimusmon
3119 5605 3652 5668 libmcmarbitritim

2060 5677 2289 5740 hamulis
2315 5683 2560 5736 uolumus
2588 5679 2912 5744 submovere,
2943 5677 3036 5733 sed
3081 5677 3201 5734 huic
3241 5682 3577 5751 adjutorium
3604 5686 3655 5738 et

2061 5758 2298 5828 gratiam
2316 5756 2416 5809 Dei
2431 5768 2533 5828 per
2557 5752 2796 5828 singulos
2810 5751 2924 5805 dies
2939 5766 3002 5806 ac
3019 5757 3284 5828 momenta
3309 5755 3655 5828 necessariam

2062 5821 2754 5900 comprobare—Secundus
2791 5837 2965 5892 error,
3013 5821 3178 5880 ﬁdem
3224 5824 3554 5880 centurionis
3602 5826 3659 5876 et
