4040 6206
433 242 535 298 935
586 212 601 223 ’

1513 229 1795 288 JOANNIS
1831 227 2133 286 CASSIANI
2172 226 2657 285 COLLATIONES.

3638 224 3743 282 936

427 364 714 422 inimicum
741 378 853 419 non
879 377 978 418 sua
1005 360 1224 427 virtute,
1251 356 1348 415 sed
1374 357 1476 413 Dei
1513 355 1681 412 solius
1701 353 1890 412 fuisset
1914 369 2034 427 gra-
2060 358 2112 421 Α
2142 351 2336 411 fortior
2363 352 2447 408 vel
2493 334 2784 424 gloriosior
2809 349 2926 419 ﬁat,
2971 346 3257 423 evangelici
3289 346 3439 403 illius
3475 346 3749 404 centurio-

426 461 498 516 tia
545 465 859 533 protegente
905 468 1228 526 congressus
1249 492 1265 520 ,
1322 458 1379 508 et
1420 449 1628 522 absque
1683 448 1793 504 ulla
1835 449 2033 504 virtute

376 590 379 593 -
429 553 709 628 patientiae
735 565 873 620 suae,
902 548 1081 604 divina
1110 554 1325 603 tantum
1353 543 1706 617 opitulatione
1742 540 2028 610 suffultus,

432 646 760 719 multiplices
796 644 916 700 illas
936 658 1000 698 ac
1038 649 1155 698 tota
1183 638 1391 695 inimici
1418 636 1740 694 crudelitate
1768 633 2031 709 quaesitas

436 741 801 798 tentationum
841 736 1014 793 moles
1066 742 1124 790 et
1186 732 1350 789 exitia
1381 731 1718 805 pertulisset;
1748 726 2029 801 quomodo

427 847 541 891 non
566 833 717 890 illam
743 831 1143 887 calumniosam
1184 826 1434 885 diabolus
1472 840 1641 898 quam
1689 823 1837 896 prius
1887 821 2031 879 emi-

428 936 576 987 serat
613 942 801 985 vocem
825 925 1087 983 adversus
1112 938 1241 980 eum
1275 921 1482 994 justius
1524 921 1815 976 iterasset:
1860 920 2030 976 Num-

431 1023 567 1095 quid
580 1024 757 1092 gratis
785 1022 910 1076 colit
930 1020 1026 1076 Job
1053 1023 1222 1075 Deum
1240 1019 1270 1072 ?
1285 1017 1471 1071 Nonne
1496 1019 1556 1070 tu
1576 1014 1801 1069 vallasti
1826 1027 1949 1067 eum
1969 1026 2030 1065 ac

429 1122 646 1176 domum
667 1119 780 1189 ejus
805 1122 855 1173 et
880 1118 1188 1172 universam
1210 1113 1572 1168 substantiam
1597 1110 1714 1180 ejus
1735 1125 1837 1180 per
1856 1109 2028 1163 circu-

429 1218 608 1271 itum?
635 1218 659 1247 ⁸
687 1214 792 1270 Sed
823 1213 989 1278 aufer
1032 1224 1257 1264 manum
1304 1210 1473 1273 tuam,
1508 1204 1561 1262 id
1600 1211 1712 1271 est,
1755 1203 1872 1258 sine
1901 1216 2029 1258 eum

425 1309 540 1367 suis
575 1322 793 1363 meeum
821 1304 1025 1361 viribus
1048 1301 1365 1369 decerdare,
1391 1302 1508 1355 nisi
1544 1301 1603 1353 in
1645 1298 1848 1366 factum
1880 1301 2029 1352 tuam

432 1402 765 1459 benedixerit
795 1401 898 1455 tibi
942 1398 1075 1469 (Job.
1120 1396 1182 1465 1).
1215 1394 1320 1453 Sed
1365 1409 1494 1451 cum
1531 1392 1743 1449 nullam
1784 1390 2036 1464 hujusce-

430 1495 583 1553 modi
621 1492 1028 1566 querimoniam
1058 1487 1435 1545 calumniosus
1458 1486 1628 1542 hostis
1658 1493 1782 1558 post
1811 1483 2034 1540 conﬂic-

380 1648 387 1655 ,
428 1596 551 1645 tum
594 1585 791 1642 audeat
835 1585 1069 1651 iterare,
1107 1598 1223 1637 non
1260 1581 1382 1650 Dei,
1413 1580 1509 1637 sed
1545 1580 1687 1636 illius
1724 1594 1783 1636 se
1827 1578 2035 1634 victum

2142 446 2226 504 nis
2256 446 2550 507 edocemur
2604 444 2857 517 exemplo
2880 484 2896 512 ,
2943 444 3101 516 cujus
3127 457 3360 516 puerum
3405 456 3537 497 cum
3581 443 3747 500 sciret

2142 540 2331 612 utique
2354 544 2621 612 potestate
2638 536 2910 594 sermonis
2919 537 3002 593 sui
3018 552 3079 593 se
3098 536 3374 593 Dominus
3393 543 3743 608 curaturum,

2140 632 2343 693 offerre
2369 632 2562 691 maluit
2599 632 2945 704 praesentiam
2970 630 3315 700 corporalem
3338 630 3532 688 dicens
3564 649 3579 687 :
3630 636 3743 702 Ego

2141 730 2351 784 veniam
2372 731 2426 783 et
2450 728 2650 783 curabo
2678 742 2818 784 eum.
2850 724 2957 783 Sed
2982 726 3074 781 illo
3098 725 3242 781 hanc
3264 724 3385 797 ejus
3403 724 3750 786 oblationem

2140 819 2481 878 ferventioris
2495 818 2631 878 'ﬁdei
2658 819 2944 894 ﬂagrantia
2971 819 3421 892 supergrediente
3461 828 3518 876 at
3544 823 3740 892 quodi-

2142 921 2295 972 cente
2320 934 2333 970 :
2362 917 2609 979 Domine,
2635 930 2886 970 non-sum
2912 914 3113 983 dignus
3140 918 3205 968 ut
3225 915 3393 969 intres
3412 916 3512 970 sub
3544 920 3746 973 tectum

2130 1026 2334 1085 meum,
2365 1010 2459 1066 sed
2479 1011 2569 1065 die
2588 1012 2797 1064 tantum
2820 1008 2974 1065 verbo
3009 1013 3062 1064 et
3083 1009 3369 1064 sanabitur
3395 1026 3540 1080 puer
3568 1027 3747 1075 meus,

2141 1102 2372 1159 miratur
2401 1118 2529 1160 eum
2577 1100 2855 1158 Dominus
2887 1108 3051 1173 atque
3086 1100 3379 1169 collaudat,
3420 1103 3752 1176 cunctisque

2143 1197 2249 1255 illis
2271 1197 2364 1269 qui
2386 1211 2453 1253 ex
2491 1195 2709 1253 Israelis
2743 1196 2945 1268 populo
2972 1193 3322 1251 crediderant
3358 1194 3604 1267 praefert,
3658 1195 3751 1252 di-

2141 1307 2312 1350 cens:
2348 1290 2662 1349 Amendico
2688 1290 2856 1355 vobis,
2885 1305 2994 1345 non
3026 1291 3211 1344 inveni
3235 1293 3451 1345 tantam
3485 1290 3653 1359 ﬁdem
3688 1293 3750 1346 in

2142 1386 2310 1444 Israel
2339 1386 2556 1457 (Matth.
2588 1382 2977 1456 vm).Nullius
3001 1382 3152 1439 enim
3172 1382 3350 1440 laudis
3370 1393 3517 1440 esset
3544 1400 3608 1441 ac
3634 1401 3751 1444 me-

2143 1479 2255 1549 riti,
2281 1479 2327 1536 si
2364 1479 2422 1536 id
2460 1478 2516 1535 in
2550 1494 2619 1535 eo
2647 1477 2892 1535 Christus
2920 1475 3069 1550 quod
3105 1477 3220 1551 ipse
3252 1476 3559 1536 donaverat
3605 1495 3746 1552 prm-

2142 1573 2383 1641 tulisset;
2433 1571 2673 1645 alioquin
2710 1554 2936 1629 dixisset
2967 1589 2981 1626 :
3028 1573 3149 1628 Non
3188 1571 3313 1629 dedi
3342 1580 3552 1629 tantam
3583 1574 3748 1632 ﬁdem

433 1680 634 1739 viribus
683 1679 976 1735 conﬁtetur
1016 1697 1032 1734 :
1081 1675 1205 1731 licet
1248 1675 1414 1731 etiam
1455 1673 1629 1746 gratia
1681 1671 1776 1729 Dei
1819 1687 1933 1728 non
1978 1671 2033 1726 in
2141 1669 2197 1724 in
2222 1666 2403 1723 Israel.
2438 1667 2621 1736 Quam
2666 1665 3103 1737 explorationem
3139 1664 3291 1735 ﬁdei,
3336 1667 3507 1724 etiam
3558 1668 3614 1724 in
3655 1670 3747 1727 illo

430 1783 611 1834 totum
632 1772 708 1830 illi
735 1772 970 1829 defuisse
996 1770 1275 1829 credenda
1315 1771 1416 1837 sit,
1453 1786 1578 1842 quae
1608 1777 1815 1825 tantam
1848 1775 2024 1824 tenta—
2058 1780 2109 1843 Β
2143 1760 2680 1835 magniﬁcentissimo
2734 1758 3036 1832 patriarcha
3078 1759 3320 1817 divinam
3349 1761 3580 1835 legimus
3624 1764 3748 1823 dis-

432 1866 537 1926 tori
562 1865 810 1923 tentandi
838 1865 1033 1922 tribuit
1062 1871 1407 1935 potestatem,
1440 1857 1465 1896 δ
1494 1871 1757 1935 quantam
1796 1868 1851 1918 et
1878 1859 2032 1916 illum
2141 1874 2393 1933 pensasse
2412 1857 2708 1931 justitiam,
2742 1872 2867 1913 cum
2894 1855 3134 1913 dicitur:
3167 1860 3251 1924 Et.
3266 1858 3474 1925 factum
3505 1865 3587 1914 est
3608 1865 3747 1930 post

430 1958 716 2018 resistendi
757 1967 985 2017 noverat
1032 1957 1231 2015 habere
1286 1958 1566 2026 virtutem,
1623 1972 1738 2013 non
1790 1969 1915 2010 eum
1966 1953 2035 2009 ab

428 2053 577 2111 illius
606 2052 1024 2127 impugnatione
1051 2050 1128 2106 sic
1157 2059 1464 2123 protegens,
1498 2056 1559 2105 ut
1593 2048 1805 2104 nullum
1838 2045 2028 2103 virtuti

434 2147 689 2205 humanm
732 2146 1059 2218 relinqueret
1096 2145 1301 2206 locum,
1328 2142 1425 2200 sed
1455 2141 1559 2197 hoc
1585 2150 1801 2197 tantum
1831 2156 2032 2213 procu-

434 2255 564 2295 rans
589 2256 658 2294 ne
689 2236 1117 2293 violentissimus
1146 2236 1396 2292 inimicus
1425 2236 1670 2292 animam
1690 2235 1808 2308 ejus
1837 2251 2033 2293 amen-

431 2340 546 2388 tem
569 2330 789 2397 faciens,
832 2338 889 2385 et
931 2330 1195 2401 impotem
1227 2343 1414 2399 sensu,
1461 2330 1657 2401 impari
1686 2345 1816 2387 eum
1870 2338 2032 2402 atque

433 2427 620 2498 iniquo
648 2425 964 2481 certaminis
1000 2425 1238 2497 pondere
1274 2435 1660 2500 praegravaret.
1699 2427 1862 2497 Quod
1902 2442 2034 2500 ergo

433 2520 607 2580 soleat
634 2518 911 2578 interdum
939 2528 1149 2578 tentare
1168 2521 1444 2579 Dominus
1472 2520 1639 2578 ﬁdem
1662 2530 1907 2579 nostram
1932 2563 1948 2591 ,
1975 2531 2038 2578 ut

2155 1955 2265 2009 haec
2295 1953 2482 2016 verba,
2515 1953 2780 2007 ctentavit
2821 1950 3273 2008 DeusAbraham
3310 1952 3506 2019 (Gates.
3540 1954 3741 2021 xm).

2135 2050 2260 2105 Non
2282 2048 2431 2105 enim
2462 2045 2612 2102 illam
2644 2044 2813 2102 ﬁdem
2842 2060 3008 2117 quam
3036 2045 3090 2102 ei
3120 2045 3388 2103 Dominus
3416 2046 3741 2118 inspirabat,

2138 2142 2236 2201 sed
2264 2143 2409 2199 illam
2437 2157 2603 2214 quam
2627 2149 2853 2199 voratus
2890 2141 3062 2196 semel
3111 2148 3274 2213 atque
3314 2140 3675 2207 illuminatus,
3711 2158 3744 2198 a

2141 2240 2386 2298 Domino
2422 2255 2518 2312 per
2551 2238 2764 2296 arbitrii
2815 2237 3121 2294 libertatem
3172 2244 3385 2308 poterat
3440 2236 3699 2294 exhibere
3725 2279 3743 2305 ,

2142 2334 2371 2407 experiri
2399 2333 2570 2389 voluit
2595 2332 2778 2390 divina
2817 2330 3048 2404 justitia.
3098 2329 3263 2389 Unde
3313 2346 3426 2387 non
3455 2331 3746 2398 immerito

2144 2426 2269 2484 ﬁdei
2311 2427 2428 2500 ejus
2453 2427 2753 2483 constantia
2796 2424 3206 2499 comprobatur,
3245 2433 3413 2496 atque
3459 2422 3531 2481 ad
3569 2440 3702 2481 eum
3723 2467 3743 2495 ,

2143 2521 2498 2579 subveniente
2529 2520 2703 2595 gratia
2739 2520 2881 2589 Dei,
2923 2534 3048 2592 qum
3090 2535 3217 2577 eum
3247 2519 3524 2593 paulisper
3549 2512 3749 2576 subre-

1530 2684 1787 2741 ALARDI
1826 2686 2051 2741 GAZIEI
2090 2684 2644 2742 COMMENTARIUS.

434 2828 674 2886 Abrahae
718 2829 912 2902 a_Deo
953 2836 1224 2902 tentatamp
1253 2837 1307 2885 et
1353 2830 1768 2902 comprobatam
1822 2829 2021 2902 fuisse,

434 2916 547 2957 non
575 2915 739 2971 quam
764 2899 877 2971 ipse
918 2903 1063 2954 Deus
1087 2900 1461 2970 iuspiraverat,
1484 2899 1589 2955 sed
1634 2917 1797 2969 quam
1824 2901 1900 2954 illi
1930 2916 2027 2971 per

432 2970 647 3027 arbitrii
671 2970 973 3025 libertatem
1004 2978 1253 3037 poterant
1280 2970 1535 3025 exhibere
1568 2985 1580 3019 :
1618 2972 1835 3027 Nullius
1859 2970 2023 3038 enim,

437 3041 647 3109 inquit,
685 3039 863 3092 laudis
906 3044 1039 3093 esset
1078 3055 1143 3092 ac
1165 3041 1365 3100 meriti,
1408 3041 1459 3092 si
1498 3039 1557 3092 id
1597 3041 1657 3093 in
1693 3055 1750 3093 eo
1782 3041 2027 3097 Christus

472 3110 578 3181 uod
607 3111 717 3177 ipse
743 3109 1033 3162 donaverat
1057 3109 1397 3181 prcptulisset.
1443 3110 1518 3161 At
1535 3118 1734 3181 praeter
1755 3124 1817 3181 ea
1845 3127 1969 3181 quae
1994 3128 2025 3167 a

472 3127 578 3163 αοα
607 3127 717 3177 ipse
743 3127 1033 3162 donaverat
1057 3127 1397 3176 prwtmtsset.
1443 3127 1518 3161 Λῐ
1535 3127 1734 3179 printer
1755 3127 1817 3166 ea
1845 3127 1969 3181 quae
1994 3128 2022 3167 ἃ

433 3127 559 3235 divo
597 3181 861 3249 Prospero
904 3184 1091 3249 contra
1136 3175 1281 3249 hanc
1335 3179 1656 3235 sententiam
1697 3180 2022 3249 afferuntur,

430 3246 768 3322 contrarium,
791 3246 956 3301 etiam
981 3246 1178 3303 docent
1201 3247 1289 3303 illa
1312 3249 1601 3322 Paphnutii
1632 3251 1815 3319 verba,
1842 3246 2023 3309 collat.
2060 3257 2105 3322 α

435 3325 467 3375 3
491 3334 539 3374 c.
564 3322 623 3373 l6
640 3338 658 3393 ς
669 3320 729 3393 In
750 3321 963 3393 tantum
989 3322 1240 3375 universa
1264 3320 1477 3391 quwad
1497 3322 1726 3377 salutem
1734 3326 2027 3393 pertinent,

432 3390 685 3461 Apostoli
700 3391 910 3445 sibimet
927 3407 963 3444 a
977 3393 1199 3447 D‘omino
1229 3393 1430 3461 largita
1454 3390 1751 3457 senserunt,
1775 3400 1837 3450 ut
1860 3390 2031 3461 ipsam

432 3479 641 3532 quoque
649 3463 807 3530 ﬁdem
823 3464 1233 3535 prcestarisibia
1253 3466 1479 3519 Domino
1484 3466 1843 3535 postularent,
1862 3463 2033 3523 dicen-

430 3539 533 3604 tes:
552 3536 786 3604 Domine,
801 3549 937 3600 auge
948 3535 1098 3604 nobis
1108 3534 1268 3601 [idem
1283 3536 1425 3604 (Luc.
1442 3540 1621 3604 xvn).
1636 3539 2031 3594 Plenitudinem

431 3603 547 3671 ejus
567 3617 671 3654 non
691 3603 855 3656 libero
872 3603 1102 3658 arbitrio
1108 3603 1478 3673 ptesumentes,
1490 3603 1589 3661 sed
1605 3609 1706 3662 Dei
1712 3610 1820 3662 sibi
1826 3611 2031 3665 creden-

433 3678 509 3726 tes
534 3673 1158 3746 munereconferendam.
1171 3675 1389 3746 Tertius
1401 3691 1571 3743 error,
1599 3678 1693 3746 qui
1705 3686 1886 3733 tamen
1899 3695 2028 3735 cum

428 3739 855 3821 praecedentibus
872 3742 1147 3821 coincidit,
1167 3744 1236 3798 ita
1260 3760 1476 3821 semper
1486 3739 1736 3821 divinam
1767 3750 2021 3821 gratiam,

430 3811 718 3868 arbitrium
756 3811 987 3867 hominis
1010 3813 1260 3881 invitare,
1289 3823 1349 3871 ut
1375 3811 1504 3872 illud
1538 3832 1645 3872 non
1686 3817 1738 3871 in
1767 3811 2028 3877 omnibus

434 3884 612 3941 taliter
637 3892 884 3962 protegat
921 3899 985 3939 ac
1019 3884 1303 3962 defendat,
1335 3893 1398 3941 ut
1443 3903 1552 3943 non
1595 3887 1759 3962 etiam
1795 3892 2026 3962 propriis

430 3971 573 4030 eum
598 3954 882 4030 conatibus
910 3957 1168 4030 congredi
1221 3956 1513 4030 adversum
1553 3954 1823 4029 spiritales
1865 3954 2026 4019 faciat

424 4026 691 4083 inimicos.
728 4029 807 4083 ita
835 4026 1095 4083 Collator.
1130 4032 1203 4084 At
1241 4037 1433 4084 contra
1467 4026 1667 4086 docent
1694 4033 1886 4088 Patres
1913 4050 2024 4090 non

427 4114 586 4170 posse
605 4097 736 4154 solis
766 4107 979 4175 natura
1018 4099 1241 4175 viribus,
1272 4109 1326 4175 et
1351 4100 1467 4156 sine
1495 4101 1673 4175 divina
1702 4118 1825 4175 ope,
1856 4105 2025 4163 ullam

424 4186 612 4243 veram
641 4171 998 4226 teutationem
1028 4170 1097 4227 ab
1137 4170 1356 4227 homine
1397 4173 1661 4243 superari,
1716 4170 1771 4230 et
1797 4170 2018 4231 contra-

422 4241 565 4317 rium
612 4251 859 4317 asserunt
902 4256 1021 4317 esse
1068 4244 1438 4317 Pelagianum._
1466 4241 1568 4300 'Sic
1598 4244 1743 4300 enim
1773 4248 2018 4317 synodus

423 4311 917 4389 Palzestinagapud
956 4311 1327 4389 {Augustinum
1357 4314 1514 4389 epist.
1570 4322 1694 4380 106,
1742 4311 2019 4389 Pelagium

423 4392 581 4451 urget
611 4401 624 4435 :
650 4385 914 4437 Fateatur
958 4384 1197 4452 Pelagius
1240 4385 1456 4452 quando
1492 4392 1675 4441 contra
1712 4384 2019 4446 tentationes

420 4454 967 4525 concupiscentiaqu
986 4453 1204 4525 illicitas
1221 4453 1558 4517 dimicamus,
1581 4461 1825 4525 quamvis
1840 4465 1891 4514 et
1908 4461 2020 4516 illic

424 4520 715 4597 habeamus
730 4524 1011 4597 propriam
1025 4524 1366 4587 voluntatem,
1386 4542 1493 4580 non
1506 4520 1689 4582 tamen
1704 4545 1771 4583 ea:
1790 4531 1906 4597 illa,
1927 4532 2021 4587 sed

421 4607 492 4664 ea:
515 4593 791 4663 adjutorio
818 4594 919 4648 Dei
936 4598 1178 4664 nostram
1202 4598 1484 4664 provenire
1512 4599 1810 4653 victoriam.
1846 4593 2015 4657 Caele-

418 4642 605 4739 ista;
619 4642 718 4719 iiii
738 4642 1069 4739 agitata
1084 4642 1810 4739 insanientium
1831 4642 2012 4738 ᾖεῖνὶῖ),
2047 4642 2099 4704 Ῑ)

420 4735 785 4808 inquit,etiam
808 4737 1150 4808 baptismatis
1161 4739 1344 4805 gratia
1367 4735 1680 4803 reiwvatus,
1695 4741 1913 4798 idoneus
1938 4735 2016 4800 est

421 4809 496 4862 ad
519 4810 852 4879 superandos
871 4809 1077 4874 diaboli
1088 4809 1339 4871 insidias,
1351 4810 1487 4864 etad
1506 4813 1817 4868 evincendas
1835 4819 2014 4872 carnis

416 4884 885 4954 concupiscentias,
905 4883 1025 4954 nisi
1048 4897 1148 4951 per
1171 4881 1544 4951 quotidianum
1563 4886 1663 4939 Dei
1682 4886 2016 4954 adjutorium

413 4952 1044 5027 perseverantiambonw
1071 4956 1490 5027 conversationis
1519 4952 1796 5027 acceperit.
1818 4959 1873 5014 S.
1903 4966 2013 5016 Au-

457 5018 669 5099 us_tinu_s
715 5018 810 5099 lib.
856 5019 929 5099 _de
967 5022 1309 5099 Perfectione
1352 5025 1580 5099 justitiaa
1623 5018 1726 5083 sub
1781 5028 1950 5086 ﬁnem
1997 5050 2010 5087 :

502 5091 688 5159 isquiis,
714 5089 914 5161 inquit.
954 5097 1107 5159 negat
1148 5109 1240 5148 nos
1276 5089 1431 5151 orare
1457 5098 1644 5154 debere
1664 5116 1728 5155 ne
1753 5103 2013 5157 intremus

414 5163 470 5214 in
499 5164 837 5237 tentationem
866 5168 1042 5237 (negat
1063 5165 1378 5237 autemhoc,
1417 5171 1517 5237 qui
1533 5172 1803 5226 contendit
1816 5174 1891 5227 ad
1908 5188 2013 5229 non

408 5234 771 5302 peccandum,
804 5235 997 5303 gratim
1025 5236 1122 5289 Dei
1164 5234 1495 5305 adiutoﬁum
1525 5257 1630 5295 non
1663 5257 1775 5297 esse
1812 5245 2017 5298 homini

411 5309 783 5382 necessarium,
810 5305 921 5382 sed,
948 5306 1061 5382 sola
1098 5305 1213 5382 lege
1254 5315 1489 5378 accepta,
1522 5311 1813 5365 humanam
1848 5316 2013 5382 sufﬁ-

411 5387 522 5429 cere
544 5374 909 5448 voluntatem),
935 5375 1004 5430 ab
1030 5378 1255 5431 auribus
1278 5374 1515 5435 omnium
1540 5374 2012 5448 removendum,”

406 5459 496 5501 ore
524 5451 759 5503 omnium
780 5448 1354 5504 anathematizandum
1380 5466 1489 5506 esse
1506 5465 1610 5505 non
1637 5453 2009 5513 dubito.Deni-

405 5531 514 5586 que
541 5522 776 5592 Prosper
817 5520 879 5592 in,
901 5519 1044 5576 hunc
1083 5520 1289 5592 locum,
1340 5530 1628 5592 postquam
1656 5525 1895 5582 ostendit
1920 5538 2007 5583 to-

404 5593 516 5671 tam
539 5587 888 5671 illam'sancti
909 5587 1416 5671 Job_victoriam_'ex
1448 5587 1541 5671 D'_ei
1567 5595 1772 5671 auxilio
1796 5607 1849 5653 et
1877 5615 2004 5671 gra—

404 5657 479 5713 tia
509 5667 741 5724 partam,
765 5663 982 5713 tandem
1018 5662 1086 5713 ita
1113 5663 1389 5718 concludit
1421 5685 1432 5696 -

404 5726 750 5807 tribulatione
760 5741 875 5807 non.
889 5729 1085 5807 deﬁcit,
1105 5731 1283 5807 abillo
1306 5748 1360 5786 se
1374 5726 1705 5807 non'dubitet
1723 5726 1979 5807 adjuvari

398 5800 643 5868 “’qu
662 5785 2000 5874 q“°"'d"“6"dal"eversériiiﬁanmam:

1471 5666 1721 5738 Quisquis
1748 5666 1919 5738 igitu'i~
1948 5674 2006 5727 in
2036 5680 2047 5687 '

2133 2832 2211 2889 Ne
2230 2846 2324 2886 nos
2363 2832 2573 2897 inferas
2595 2832 2656 2884 in
2682 2831 3045 2893 teutationem,
3069 2829 3164 2884 sed
3192 2828 3364 2885 libera
3390 2845 3487 2885 nos
3510 2847 3546 2885 a
3580 2832 3742 2888 malo.

2203 2910 2229 2935 ⁸
2253 2903 2455 2956 Textus
2481 2915 2761 2974 perperam
2800 2900 3015 2974 citatus,
3038 2909 3096 2974 et
3114 2900 3520 2974 pejoreglossa
3543 2902 3744 2974 depra-

2203 2917 2229 2935 -
2254 2917 2290 2955 -ι
2302 2917 2455 2956 extus
2481 2917 2761 2971 perperam
2800 2917 3015 2967 citatus,
3038 2917 3092 2956 et
3114 2917 3297 3021 peiore
3323 2917 3505 2971 glossa
3543 2917 3739 2974 depra-

2134 2979 2312 3027 vatus.
2345 2975 2552 3027 Textus
2578 2971 2805 3027 Graecus
2826 2971 2987 3026 habet
3018 2992 3031 3027 :
3081 2969 3175 3021 Ἀλ
3213 2971 3243 3022 ὰ
3297 2970 3597 3025 ἀπόστειλον
3645 2973 3739 3039 τὴν

2133 3040 2278 3112 χειρὰ
2303 3046 2411 3097 σοῦ.
2436 3042 2535 3098 Cui
2564 3043 2798 3097 Latinus
2839 3052 2894 3097 et
2936 3041 3200 3114 vulgatus
3243 3043 3542 3112 respondet
3572 3064 3586 3096 :
3636 3046 3743 3102 Sed

2135 3115 2361 3186 extende
2380 3114 2668 3186 paululum
2694 3129 2911 3186 manium
2935 3117 3111 3186 tuam,
3131 3118 3189 3186 et
3211 3120 3375 3186 tange
3406 3121 3597 3170 cuncta
3620 3134 3740 3186 qua:

2129 3185 2371 3258 possidet
2401 3185 2536 3256 (Job.
2566 3185 2627 3256 ι),
2660 3192 2762 3240 etc.
2798 3184 2896 3258 Cui
2918 3185 3084 3239 etiam
3112 3185 3409 3240 Chaldaica
3434 3184 3743 3258 paraphra-

2144 3255 2218 3310 sis
2241 3255 2528 3322 consonat,
2565 3265 2620 3311 et
2645 3270 2837 3310 omnes
2866 3255 3189 3324 interpretes
3215 3255 3598 3323 consentiunt;
3632 3258 3739 3315 nisi

2142 3327 2288 3409 quod
2311 3328 2472 3399 aliqui
2478 3369 2497 3409 ζ
2512 3330 2684 3409 mitte,
2709 3327 3095 3409 pro,_e.rtende,
3115 3326 3329 3409 legunt,
3355 3327 3742 3409 verbo‘Graeco

2139 3396 2311 3469 magis
2338 3396 2674 3454 accedentes.
2706 3396 2850 3466 Quid
2890 3398 3055 3469 igitur
3081 3396 3200 3453 sibi
3222 3398 3336 3453 vult
3364 3416 3377 3452 :
3405 3401 3581 3465 Aufer
3608 3417 3742 3455 ma-

2138 3468 2268 3524 num
2313 3474 2486 3541 tuam,
2535 3485 2652 3541 pro,
2685 3468 2933 3541 extende,
2972 3468 3075 3534 vel,
3103 3471 3260 3524 mitte
3292 3486 3507 3524 manum
3542 3476 3743 3527 tuam?

2140 3544 2228 3611 An
2267 3539 2485 3596 auferre
2520 3539 2664 3595 idem
2712 3539 2858 3611 quod
2880 3540 3211 3611 extendere,
3256 3542 3334 3595 vel
3368 3541 3626 3599 mittere?
3662 3544 3743 3599 Et

2137 3608 2242 3665 hoc
2264 3611 2440 3684 etiam
2475 3608 2746 3684 admisso;
2767 3609 2916 3684 quid
2954 3611 3023 3667 ad
3062 3610 3210 3667 hunc
3259 3612 3440 3684 locum
3464 3650 3480 3677 ,
3513 3629 3625 3684 quo
3665 3613 3741 3670 de

2136 3682 2314 3752 gratia
2345 3681 2441 3753 Dei
2457 3682 2649 3753 agitur,
2673 3682 2826 3752 quasi
2860 3681 3013 3753 idem
3044 3690 3185 3738 esset
3207 3682 3273 3738 ad
3303 3681 3746 3753 sensum'histo-

2138 3750 2254 3817 riae,
2285 3750 2737 3806 auferri'manum
2764 3752 2866 3807 Dei
2896 3753 3289 3823 protectricem,
3328 3752 3381 3806 id
3408 3762 3508 3817 est,
3541 3763 3741 3811 exter-

2134 3836 2262 3896 nam
2309 3824 2407 3896 Dei
2429 3823 2841 3896 Aprotectionem
2861 3864 2876 3887 ,
2909 3839 3015 3896 qua
3052 3824 3237 3896 vallata
3265 3831 3321 3896 et
3359 3823 3567 3877 munita
3599 3835 3741 3883 erat

2135 3892 2334 3967 domus
2359 3893 2464 3949 Job
2501 3894 2856 3967 etguniversa
2897 3892 3195 3951 substantia
3218 3894 3386 3967 pejus;
3432 3902 3486 3948 et
3512 3895 3740 3954 auferri

2133 3964 2419 4039 ausilium‘
2443 3965 2654 4037 gratiae,
2685 3982 2794 4039 quo
2822 3965 3133 4039 destitutus;
3145 3966 3251 4039 Job
3268 3964 3560 4039 cogeretur
3592 3982 3743 4039 pro-

2133 4036 2263 4106 priis
2303 4036 2508 4091 viribus
2557 4036 2946 4093 cum’diabolo
2989 4037 3308 4109 conﬂigere,
3334 4038 3463 4093 Cum
3503 4036 3613 4092 non
3661 4044 3741 4096 sit

2126 4111 2364 4176 potestas
2393 4124 2554 4178 super
2581 4113 2784 4163 terram
2810 4125 2931 4178 quae
2962 4114 3306 4180 comparetur
3329 4110 3380 4165 ei
3420 4112 3521 4177 qui
3546 4112 3735 4176 factus

2131 4182 2213 4253 est
2233 4183 2300 4253 ut
2321 4180 2757 4253 nullumtimeret
2780 4179 2914 4251 (Job.
2943 4179 3089 4253 xu).

2126 4250 2221 4322 μδ
2243 4250 2468 4305 Rectius
2491 4250 2756 4322 dixisset,
2791 4250 2857 4304 ’ut
2885 4250 3054 4306 notat
3076 4255 3346 4322 Prosper:
3384 4253 3653 4318 Quantam
3681 4258 3737 4309 et

2124 4320 2214 4383 illi
2238 4321 2527 4376 resistendi
2542 4326 2761 4376 noverat
2778 4338 2832 4377 se
2850 4322 3058 4378 dedisse
3080 4320 3357 4378 virtutem.
3396 4326 3565 4379 Unius
3593 4327 3735 4379 enim

2123 4393 2278 4466 verbi
2297 4395 2545 4447 correctio
2564 4397 2732 4466 totam
2753 4396 2910 4448 istam
2935 4395 3166 4463 gloriam
3185 4411 3351 4466 quam
3372 4396 3624 4450 humanis
3646 4398 3736 4449 vi-

2124 4462 2277 4537 ribus
2304 4466 2589 4537 assignare
2607 4465 2794 4527 voluit,
2825 4462 3112 4520 sobrietate
3139 4462 3328 4537 aliqua
3361 4472 3730 4536 temperasset,

2127 4537 2198 4607 ut_
2214 4533 2313 4607 illa
2332 4535 2599 4607 mirabilis
2623 4537 2681 4589 in
2710 4540 2866 4590 tanta
2897 4539 3190 4606 afﬂictione
3214 4533 3514 4607 patientia,
3548 4545 3598 4593 et
3629 4540 3737 4592 Dei

2125 4605 2419 4673 adjutorio,
2447 4611 2498 4662 et
2515 4606 2679 4661 libero
2702 4608 2930 4662 hominis
2944 4605 3299 4664 ascriberetur
3314 4609 3567 4663 arbitrio.
3590 4607 3733 4664 Vide

2129 4684 2343 4731 caetera.

2198 4750 2222 4779 ο
2262 4748 2497 4822 Tentare
2520 4749 2813 4822 aliquando
2845 4758 2931 4806 est
2967 4750 3033 4806 ad
3072 4761 3355 4822 peceatum
3388 4751 3628 4810 incitare.
3662 4759 3740 4807 ut

2122 4819 2248 4873 Act.
2281 4835 2332 4884 v,
2360 4822 2379 4874 Ι
2409 4819 2664 4876 Corinth.
2690 4837 2802 4885 vn,
2828 4826 2846 4876 l
2869 4819 3111 4878 Thessal.
3142 4826 3368 4889 m,.lac.
3396 4839 3444 4888 ι,
3468 4831 3573 4878 etc.
3604 4822 3740 4879 Hoc

2124 4889 2291 4945 modo
2317 4890 2564 4946 diabolus
2593 4900 2803 4948 tentare
2827 4893 3044 4958 dicitur,
3076 4895 3218 4949 unde
3239 4904 3297 4949 et
3316 4895 3508 4959 Satan,
3538 4892 3593 4948 id
3620 4901 3729 4962 est,

2121 4968 2364 5046 tentator
2386 4965 2686 5046 appellatur
2839 4965 3021 5020 Thom.
3044 4981 3063 5019 ι
3086 4971 3262 5046 Ρᾳῖξη
3287 4981 3352 5046 _g.
3400 4971 3600 5046 1_l-.t,a.
3638 4963 3724 5046 2).

2125 5032 2387 5108 ῌρωίυθε
2414 5032 2582 5089 etiam
2612 5032 2763 5108 mali,
2805 5032 3107 5108 tamquam—
3123 5032 3322 5092 diaboli
3354 5034 3610 5095 ministri,
3636 5036 3733 5090 sic

2121 5101 2257 5160 alios
2297 5111 2507 5160 tentare
2548 5105 2748 5172 solent,
2806 5101 2959 5162 Deus
3001 5122 3369 5177 nequaquam.
3422 5108 3734 5162 Intentator

2120 5177 2263 5248 enim
2301 5177 2568 5248 malorum
2588 5181 2685 5240 est,
2699 5181 2812 5248 ipse
2828 5183 3009 5234 autem
3031 5181 3293 5234 neminem
3320 5184 3513 5240 tentat,
3534 5177 3653 5230 Jac.
3674 5193 3730 5233 1.

2122 5246 2433 5321 Aliquando
2474 5256 2684 5302 tentare
2716 5246 2814 5321 est
2845 5250 3210 5321 cognoscendi
3239 5265 3404 5305 causa
3446 5249 3737 5320 inquirere

2121 5325 2177 5371 et
2199 5318 2482 5387 explorare
2510 5318 2796 5387 quomodo
2832 5328 2891 5374 et
2922 5318 3177 5376 diabolus
3209 5321 3468 5376 homines
3499 5318 3553 5375 et
3584 5321 3735 5377 Deus

2118 5393 2313 5442 tentat.
2357 5389 2535 5445 Aliter
2562 5397 2746 5445 tamen
2782 5394 2951 5459 Deus,
2977 5391 3137 5447 aliter
3162 5393 3413 5449 homines
3439 5400 3495 5445 et
3517 5393 3737 5447 daemo-

2120 5472 2235 5533 nes.
2265 5460 2336 5533 Hi
2368 5468 2429 5515 ut
2455 5471 2791 5533 cognoscant
2817 5462 2963 5532 quod
2995 5464 3269 5533 ignorant,
3302 5468 3447 5518 Deus
3476 5471 3536 5515 ut
3564 5464 3735 5532 quod

2116 5530 2223 5604 scit
2239 5531 2379 5588 scire
2417 5530 2583 5587 etiam
2615 5530 2995 5604 cognoscatur,
3028 5530 3494 5602 nuemadmodum
3538 5530 3595 5587 si
3628 5548 3737 5590 ex-

2118 5602 2381 5672 plorando
2430 5602 2872 5677 experieiidoque
2917 5606 3233 5671 didicisset;
3273 5616 3367 5662 aut
3410 5613 3469 5659 ut
3509 5604 3543 5659 ii
3576 5620 3733 5675 quos

2113 5681 2288 5731 tentat
2314 5686 2836 5751 esse_cognoscant,
2866 5687 2930 5732 ut
2962 5681 3030 5751 D.
3062 5678 3403 5751 Augustinus
3442 5677 3731 5745 interpre-

2113 5753 2282 5818 tatur.
2327 5750 2407 5801 lta
2429 5747 2633 5803 Genes.
2657 5763 2818 5818 xxu,
2834 5750 3010 5807 Exod.
3032 5747 3182 5816 xvr,‘
3202 5753 3365 5807 Deut.
3393 5758 3724 5816 vmetxm,

2112 5824 2168 5872 et
2185 5816 2309 5873 alibi
2334 5818 2557 5888 passim.
