4040 6206
352 329 452 384 937

1297 324 1638 384 COLLATIO
1674 325 1810 382 XIII.
1848 354 1924 367 --
1959 325 2048 382 DE
2083 325 2565 385 PROTECTIONE
2601 329 2734 386 DEI.

3563 335 3675 392 938

356 449 583 525 liquerat
605 459 667 508 ut
689 449 967 524 probaret,
999 449 1074 506 ita
1097 449 1290 508 dicitur
1323 468 1337 505 :
1383 450 1461 510 Ne
1489 451 1701 518 inferas
1737 465 1958 507 manum
1985 455 2040 518 Α
2065 467 2156 509 vos
2185 467 2290 508 non
2325 452 2702 524 apprehendat
2739 455 2856 508 nisi
2877 455 3136 518 humana,
3170 453 3548 512 inﬁrmitatem
3578 470 3672 514 eo-

355 549 504 602 tuam
525 548 584 601 in
591 560 844 618 puerum,
861 559 1031 616 neque
1046 547 1222 614 facias
1237 545 1290 601 ei
1300 545 1634 616 quidquam;
1657 559 1798 600 nunc
1818 547 1961 602 enim

351 641 458 695 scio
487 643 622 711 quia
643 641 798 696 times
820 642 1107 697 Dominum
1133 643 1213 708 tu,
1239 643 1290 694 et
1312 654 1418 694 non
1434 640 1726 710 pepercisti
1739 639 1850 708 ﬁlio
1872 643 1961 694 tuo

315 800 322 809 ⁸
351 731 544 788 dilecto
558 738 782 804 prepter
798 747 882 788 me
903 731 1056 805 (Gen.
1079 731 1263 803 χχιι).
1283 730 1447 802 Quod
1461 730 1774 788 tentationis
1791 745 1964 804 genus

351 823 514 882 nobis
541 840 759 898 quoque
780 825 850 882 ad
891 823 1228 897 probationis
1255 824 1520 882 meritum
1544 837 1703 897 posse
1740 823 1960 881 contin-

352 931 504 991 gere,
534 919 592 975 in
632 917 1068 976 Deuteronomio
1112 917 1242 975 satis
1283 916 1560 975 evidenter
1589 933 1620 977 a
1659 916 1963 992 legislatore

356 1011 687 1084 praedicatur
741 1035 754 1068 :
805 1013 868 1070 Si
910 1013 1229 1076 surrexerit,
1285 1010 1482 1084 inquit,
1532 1011 1678 1066 inter
1705 1025 1794 1066 vos
1829 1025 1958 1081 pro-

349 1104 514 1175 pheta
541 1109 642 1160 aut
669 1105 768 1176 qui
790 1106 1054 1160 somnium
1076 1119 1131 1162 se
1157 1103 1360 1160 uidisse
1377 1103 1542 1168 dicat,
1572 1108 1624 1160 et
1640 1103 1963 1174 prwdzl'cerit

351 1199 563 1267 signum
614 1201 778 1268 atque
818 1203 1150 1270 portentum,
1199 1203 1250 1254 et
1289 1199 1520 1253 evenerit
1561 1197 1707 1268 quod
1757 1197 1962 1252 locutus

346 1294 448 1359 est,
475 1295 527 1345 et
567 1291 777 1346 dixerit
827 1293 946 1354 tibi,
976 1295 1180 1348 Eamus
1211 1296 1262 1348 et
1287 1293 1586 1348 serviamus
1623 1292 1730 1347 diis
1759 1291 1952 1346 alienis

346 1398 484 1454 quos
508 1385 790 1453 ignoratis,
821 1401 888 1441 ne
928 1386 1130 1440 audias
1169 1385 1330 1441 verba
1345 1386 1622 1456 prophetae
1661 1386 1813 1442 illius
1853 1387 1953 1440 aut

353 1477 714 1540 somniatoris,
745 1478 877 1546 quia
923 1481 1134 1533 tentans
1176 1481 1352 1532 tentat
1397 1481 1450 1531 te
1485 1479 1748 1534 Dominus
1788 1479 1949 1546 Deus,

349 1574 533 1626 utrum
555 1569 754 1640 diligas
779 1583 900 1624 eum
922 1573 984 1624 in
1007 1574 1117 1626 toto
1142 1569 1294 1625 corde
1319 1573 1431 1638 tuo,
1455 1575 1505 1626 et
1523 1573 1792 1626 custodias
1811 1585 1956 1626 man-

341 1667 486 1722 data
525 1665 694 1730 illius,
731 1663 810 1721 an
831 1680 934 1721 non
972 1663 1150 1738 (Deut.
1182 1664 1378 1736 χχιιι).
1422 1664 1566 1734 Quid
1614 1665 1784 1740 ergo?
1813 1667 1955 1723 Cum

347 1757 520 1814 istum
547 1755 874 1830 prephetam
909 1763 1004 1812 aut
1043 1755 1438 1812 somniatorem
1482 1769 1707 1828 surgere
1749 1756 1953 1830 permi-

2067 560 2196 602 rum
2225 553 2286 602 et
2315 545 2744 603 inconstantiam
2770 545 3004 604 necdum
3057 547 3306 605 robusta
3339 547 3542 606 mentis
3574 563 3674 607 ex-

2065 637 2307 710 probrat,
2340 653 2448 710 qua
2495 637 2678 697 adhuc
2721 639 3047 714 spiritalium
3084 641 3448 714 nequitiarum
3491 642 3675 700 turbi-

2064 729 2229 790 nibus
2265 747 2380 788 non
2423 740 2676 804 poterant
2702 732 3030 806 impugnari,
3077 733 3369 791 adversum
3415 749 3553 807 quos
3592 751 3676 794 se-

2065 822 2366 896 metipsum
2397 823 2478 881 vel
2511 824 2636 882 illos
2677 823 2951 898 perfectos
2987 833 3218 882 noverat
3240 824 3482 900 quotidie
3505 826 3673 884 dimi-

2064 933 2222 986 care;
2271 917 2341 975 de
2388 916 2587 990 quibus
2625 918 2697 976 ad
2727 918 2995 992 Ephesios
3043 919 3178 977 dicit
3219 941 3233 976 :
3279 923 3404 978 Jam
3441 937 3547 979 non
3597 928 3675 979 est

2061 1013 2218 1068 nobis
2243 1011 2548 1068 colluctatio
2585 1013 2852 1069 adversus
2879 1028 3095 1068 carnem
3123 1019 3176 1070 et
3213 1017 3549 1084 sanguinem,
3579 1015 3674 1072 sed

2066 1108 2328 1165 adversus
2362 1107 2726 1176 principatus,
2770 1107 3032 1162 adversus
3053 1111 3369 1178 potestates,
3414 1109 3673 1164 adversus

2063 1197 2260 1254 mundi
2278 1203 2505 1254 rectores
2545 1199 2889 1254 tenebran
2913 1200 3128 1264 harum,
3171 1205 3357 1255 contra
3391 1202 3672 1272 spiritalia

2059 1292 2314 1362 nequitia:
2341 1293 2399 1346 in
2409 1289 2703 1347 calestibus
2716 1290 3188 1363 (Ephes.v1).Cum
3211 1307 3340 1348 vero
3353 1293 3636 1366 subjungit
3655 1314 3668 1350 :

2058 1393 2082 1420 α
2103 1385 2304 1440 Fidelis
2329 1388 2510 1440 autem
2536 1387 2675 1440 Deus
2695 1387 2793 1454 qui
2813 1400 2921 1441 non
2942 1387 3220 1456 permittit
3239 1400 3330 1441 vos
3352 1388 3557 1442 tentari
3577 1401 3670 1443 su-

2055 1494 2169 1550 pra
2194 1479 2256 1533 id
2278 1479 2424 1548 quod
2445 1480 2666 1548 potestis
2703 1479 2756 1545 (I
2787 1477 2908 1534 Cor.
2947 1477 3038 1549 x);
3065 1493 3178 1534 non
3201 1477 3392 1551 utique
3419 1487 3576 1552 optat
3601 1493 3686 1538 ne.

2062 1585 2159 1628 eos
2195 1569 2468 1627 Dominus
2508 1569 2706 1627 tentari
2749 1569 3107 1642 permitteret,
3150 1570 3247 1628 sed
3299 1587 3371 1629 ne
3405 1587 3572 1645 supra
3617 1573 3672 1630 id

2064 1661 2214 1736 quod
2252 1663 2524 1721 sustinere
2580 1669 2863 1736 poterant,
2916 1670 3278 1720 tentarentur.
3333 1663 3478 1722 Illud
3523 1665 3672 1723 enim

2064 1755 2266 1812 indicat
2288 1754 2514 1812 humani
2539 1753 2744 1811 arbitrii
2773 1753 3116 1824 facultatem,
3150 1753 3257 1812 hoc
3279 1770 3409 1814 vero
3446 1757 3670 1814 Domini

341 1851 484 1908 eserit
519 1853 690 1920 Deus,
731 1849 879 1908 itane
917 1865 1012 1907 eos
1037 1865 1276 1923 quorum
1313 1848 1484 1906 ﬁdem
1513 1849 1747 1923 probare
1773 1849 1960 1923 dispo—
1989 1863 2040 1925 Β
2067 1849 2300 1923 gratiam
2323 1849 2688 1905 tentationum
2714 1847 3019 1905 luctamina
3045 1848 3383 1906 moderantis
3407 1849 3666 1907 ostendit.

337 1945 480 2014 -suit,
519 1951 866 2018 protecturus
906 1957 1026 2001 esse
1052 1942 1356 2001 credendus
1394 1951 1500 2012 est,
1532 1950 1594 2000 ut
1620 1943 1833 2000 nullum
1865 1959 1958 2016 pe-

335 2035 501 2094 mitus
537 2037 750 2105 locum,
777 2051 890 2110 quo
929 2024 1043 2094 suis
1075 2035 1279 2094 viribus
1303 2049 1432 2093 cum
1461 2043 1732 2094 tentatore
1768 2037 1959 2096 confli-

335 2137 507 2202 ;gant,
554 2127 726 2186 libero
761 2143 958 2186 eorum
985 2136 1221 2186 reservet
1257 2129 1520 2188 arbitrio?
1541 2139 1568 2167 ⁸
1607 2133 1678 2188 Et
1708 2131 1840 2204 quid
1865 2146 1961 2189 eos

333 2235 577 2277 «necesse
621 2228 704 2278 est
735 2221 816 2278 vel
866 2222 1096 2289 tentari,
1124 2235 1266 2294 quos
1307 2221 1383 2278 ita
1421 2221 1672 2279 inﬁrmos
1713 2223 1865 2280 novit
1897 2238 1962 2280 ac

337 2314 586 2388 'fragiles,
614 2323 678 2370 ut
702 2329 1052 2388 nequaquam
1084 2314 1282 2372 virtute
1319 2329 1418 2372 sua
1459 2315 1672 2372 valeant
1699 2316 1954 2374 resistere

335 2405 606 2464 ~tentatori
623 2407 649 2460 Ρ
677 2406 784 2462 Sed
806 2407 997 2480 utique
1023 2422 1125 2464 nec
1155 2407 1355 2465 tentari
1383 2423 1478 2465 eos
1498 2407 1700 2480 iustitia
1729 2409 1956 2468 Domini

334 2499 726 2574 .permississet,
745 2499 850 2556 nisi
873 2517 1062 2574 parem
1084 2502 1141 2558 in
1158 2502 1239 2558 eis
1264 2501 1544 2558 resistendi
1563 2502 1755 2560 scisset
1780 2503 1954 2562 inesse

351 2593 629 2662 virtutem,
674 2609 782 2666 qua
820 2601 1045 2666 possent
1085 2595 1352 2668 mquitatis
1383 2594 1594 2668 judicio
1631 2597 1685 2652 in
1722 2605 1954 2671 utroque

350 2686 547 2742 merito
589 2686 674 2742 vel
727 2687 803 2742 rei
847 2687 927 2743 vel
970 2687 1266 2745 laudabiles
1299 2687 1550 2761 judicari.
1595 2689 1724 2746 Tale
1777 2697 1860 2746 est
1896 2697 1952 2746 et

331 2779 479 2838 illud
505 2781 652 2854 quod
679 2780 748 2836 ab
777 2781 1046 2854 Apostolo
1074 2781 1268 2840 dicitur
1299 2804 1312 2840 :
1346 2786 1538 2855 Itaque
1565 2787 1664 2855 qui
1696 2799 1751 2840 se
1771 2787 1952 2841 existi-

347 2863 461 2931 mat
479 2879 642 2940 stare,
673 2875 854 2930 videat
872 2890 939 2930 ne
961 2876 1140 2932 cadat.
1177 2879 1418 2933 Tentatio
1444 2892 1536 2934 vos
1561 2894 1666 2934 non
1693 2878 1720 2914 δ
1749 2893 1952 2949 appre-

2067 1945 2129 1998 ln
2158 1939 2241 1998 his
2268 1941 2432 2014 igitur
2458 1941 2721 1998 omnibus
2743 1941 3074 2015 approbatur
3098 1942 3170 1998 ita
3191 1958 3409 2016 semper
3436 1942 3672 2001 divinam

2067 2035 2299 2109 gratiam
2327 2035 2621 2092 arbitrium
2650 2033 2891 2092 hominis
2932 2034 3176 2102 incitare,
3217 2045 3280 2093 ut
3305 2035 3437 2094 illud
3466 2052 3579 2094 non
3615 2037 3673 2095 in

2069 2127 2327 2184 omnibus
2353 2127 2535 2184 taliter
2564 2136 2812 2202 protegat
2849 2143 2914 2184 ac
2943 2127 3220 2199 defendat,
3261 2137 3322 2186 ut
3362 2145 3478 2186 non
3502 2130 3670 2188 etiam

2068 2221 2296 2294 propriis
2327 2237 2452 2279 eum
2477 2221 2766 2278 conatibus
2791 2221 3049 2296 congredi
3072 2222 3364 2280 adversum
3398 2223 3672 2296 spiritales

2069 2313 2233 2372 faciat
2260 2314 2524 2384 inimicos,
2557 2315 2612 2370 in
2641 2313 2848 2388 quibus
2872 2315 2956 2371 vel
2983 2315 3211 2388 gratiam
3235 2315 3338 2372 Dei
3365 2316 3557 2385 victor,
3586 2317 3668 2374 vel

2065 2406 2438 2464 inﬁrmitatem
2477 2423 2635 2464 suam
2679 2415 2968 2481 superatus
2993 2408 3276 2480 intelligat,
3319 2416 3376 2466 et
3398 2409 3470 2466 ita
3498 2409 3670 2468 discat

2062 2499 2177 2557 non
2215 2499 2284 2557 de
2313 2515 2412 2558 sua
2457 2499 2799 2568 fortitudine,
2841 2499 2937 2556 sed
2964 2499 3034 2557 de
3061 2499 3248 2558 divino
3285 2515 3504 2574 semper
3547 2517 3669 2576 spe-

2061 2608 2183 2650 rare
2229 2591 2516 2664 suffragio,
2575 2599 2742 2664 atque
2805 2591 2874 2648 ad
2927 2607 3092 2649 suum
3124 2592 3327 2666 jugiter
3388 2609 3670 2654 recurrere

2064 2694 2458 2762 protectorem.
2493 2688 2566 2742 Et
2597 2693 2657 2742 ut
2702 2684 2808 2741 hoc
2834 2700 2944 2741 non
2987 2693 3178 2742 nostra
3205 2685 3538 2758 conjectura,
3571 2686 3665 2744 sed

2062 2781 2488 2840 evidentioribus
2527 2778 2705 2836 adhuc
2743 2779 3034 2852 Scriptura:
3081 2779 3413 2836 testimoniis
3461 2796 3666 2854 appro-

2062 2877 2242 2945 betur,
2263 2872 2398 2930 illud
2419 2875 2446 2911 ἀ
2469 2873 2618 2948 quod
2643 2873 2844 2930 inJesu
2870 2875 3020 2930 Nave
3043 2872 3242 2946 legitur
3259 2881 3622 2933 retractemus
3647 2898 3660 2934 :

331 2969 568 3033 .hendat,
597 2971 711 3024 nisi
729 2970 990 3024 humana.
1015 2970 1216 3026 Fidelis
1241 2975 1420 3028 autem
1439 2976 1582 3029 Deus
1600 2973 1698 3044 qui
1715 2989 1823 3030 non
1835 2989 1952 3045 per-
2059 2971 2192 3032 Has,
2241 2966 2442 3038 inquit,
2473 2971 2652 3036 gentes
2695 2966 2903 3021 dimisit
2948 2967 3226 3030 Dominus,
3260 2983 3324 3022 ac
3351 2967 3667 3038 disperdere

349 3063 526 3118 mittet
553 3077 644 3118 vos
689 3066 896 3118 tentari
919 3078 1085 3134 supra
1112 3064 1172 3119 id
1197 3065 1341 3134 quod
1369 3069 1615 3136 potestis,
1663 3068 1756 3124 sed
1781 3069 1950 3136 faciet
2057 3063 2254 3131 noluit,
2279 3064 2342 3116 ut
2368 3061 2428 3116 in
2458 3062 2531 3116 eis
2559 3061 2893 3132 experiretur
2916 3061 3189 3124 Israelem,
3220 3067 3412 3116 utrum
3439 3063 3665 3119 custodi-

344 3170 468 3210 cum
492 3157 777 3210 tentatione
790 3157 1018 3224 exitum,
1047 3160 1108 3210 ut
1133 3157 1398 3213 sustinere
1409 3161 1633 3228 possitis
1655 3160 1699 3232 (Ι
1721 3161 1839 3216 Cor.
1861 3159 1943 3232 ι).
2057 3161 2142 3212 ret
2163 3155 2426 3211 mandata
2447 3155 2664 3212 Domini
2689 3155 2792 3211 Dei
2813 3155 2921 3220 sui,
2957 3159 3009 3210 et
3031 3155 3294 3211 haberent
3321 3157 3660 3213 consuetudi-

341 3248 488 3304 Cum
511 3246 656 3303 enim
683 3247 816 3304 dicit
847 3267 864 3303 :
895 3250 991 3320 qui
1009 3253 1120 3304 stat
1140 3249 1325 3305 videat
1348 3266 1414 3305 ne
1441 3251 1623 3314 cadat,
1663 3251 1951 3310 sollicitam
1979 3244 2024 3308 C
2055 3265 2176 3305 nem
2195 3263 2315 3304 cum
2341 3247 2580 3304 hostibus
2591 3247 2895 3318 pristiandi
2910 3247 3102 3313 (Judic.
3133 3247 3252 3320 In).
3278 3249 3346 3304 Et
3369 3256 3431 3304 ut
3451 3248 3660 3306 incom-

342 3338 526 3397 reddit
547 3341 749 3398 arbitrii
777 3341 1108 3413 libertatem,
1140 3358 1306 3416 quam
1345 3343 1530 3417 utique
1561 3353 1807 3415 noverat,
1837 3361 1948 3420 per-
2055 3341 2288 3416 parabili
2313 3341 2585 3398 Creatoris
2623 3339 2794 3396 nostri
2819 3339 3124 3398 clementiae
3159 3343 3393 3398 mortale
3433 3343 3658 3416 aliquid,

335 3441 506 3506 cepta
548 3434 744 3508 gratia,
791 3435 870 3492 vel
913 3443 1058 3493 stare
1096 3451 1194 3509 per
1227 3435 1578 3507 industriam,
1622 3437 1708 3496 vel
1753 3437 1947 3497 cadere
2055 3451 2169 3492 non
2197 3449 2296 3506 pro
2339 3433 2648 3505 aequalitate
2675 3430 2911 3504 pietatis,
2952 3432 3049 3490 sed
3077 3448 3142 3489 ex
3167 3433 3346 3505 aliqua
3374 3433 3662 3509 indulgen-

329 3543 443 3601 τρει-
466 3529 846 3604 negligentiam
873 3544 1052 3602 posse.
1093 3531 1236 3589 Cum
1269 3539 1456 3588 autem
1493 3529 1680 3601 infert,
1723 3534 1948 3590 tentatio
2055 3529 2148 3586 tiae
2173 3525 2538 3586 imilitudine
2576 3539 2961 3598 comparemus
2988 3543 3002 3580 :
3035 3529 3059 3560 °
3080 3525 3126 3582 si
3159 3527 3343 3584 nutrix
3370 3527 3458 3600 pia
3495 3535 3658 3602 amne

1429 3655 1694 3714 ALARDI
1733 3656 1964 3713 BAL/EI
2001 3647 2572 3712 COMMENTARIUS.

406 3757 696 3840 .f_thima
729 3760 1013 3840 responsio
1064 3759 1310 3819 redditur
1351 3760 1514 3829 infra,
1550 3777 1672 3840 _qua
1705 3763 1942 3840 seipsum
2050 3775 2165 3840 non
2187 3757 2504 3840 denegatur.
2549 3753 2710 3840 Unde
2733 3753 2904 3840 ﬁdelis
2933 3757 3082 3812 Deus
3106 3753 3322 3840 dicitur,
3353 3755 3476 3828 quia
3525 3771 3655 3840 pro-

322 3824 588 3908 (_Iol_|at_or
619 3824 867 3908 confutet
893 3839 947 3886 et
974 3845 1167 3908 secum
1216 3841 1420 3903 pugnat
1453 3853 1466 3888 :
1498 3824 1563 3908 ut
1579 3824 1672 3908 'vel
1701 3824 1941 3908 grdtiam
2051 3831 2234 3908 missis
2273 3824 2384 3886 ιιόιι
2431 3827 2602 3908 deest,
2655 3824 2760 3908 boc
2785 3833 2890 3895 est,
2942 3841 3056 3880 non
3104 3825 3285 3908 deﬁcit
3312 3824 3657 3908 'a'promia

331 3901 448 3974 Dei
466 3903 656 3974 uictor,
674 3901 758 3955 vel
774 3903 1147 3974 inﬁrmitatem
1167 3901 1329 3974 suam
1347 3907 1631 3974 superatus
1649 3901 1940 3974 intelligat,
2049 3902 2238 3974 gratia,
2277 3913 2443 3974 quam
2471 3901 2576 3954 scit
2599 3901 2758 3954 nobis
2781 3910 2900 3974 esse
2937 3901 3304 3974 necessariam
3332 3901 3402 3950 ad
3431 3901 3652 3974 vincen-

323 3973 400 4026 αρτ
425 3971 510 4024 ita
529 3969 908 4024 discatnon’de
923 3984 1023 4024 sua
1039 3971 1381 4036 fortitudine,
1405 3969 1498 4026 sed
1513 3972 1578 4026 de
1599 3973 1785 4028 divino
1803 3969 1942 4028 sem-1

2086 3902 2238 3970 ratia,
2277 3913 2443 3972 quam
2471 3895 2758 3954 scit'nobis
2781 3910 2900 3972 esse
2937 3896 3304 3972 necessariam
3332 3909 3362 3950 a

2178 3965 2616 4044 qualescumque
2627 3967 2989 4044 tentationes;
3021 3965 3115 4024 sed
3157 3965 3290 4023 facit
3311 3981 3444 4044 cum
3473 3973 3656 4024 tenta-

318 4054 443 4113 per
458 4053 678 4113 sperare
693 4038 982 4113 suffragio,
1004 4043 1168 4109 atque
1189 4039 1264 4093 ad
1280 4054 1438 4113 suu_m
1447 4041 1659 4113 jugiter
1675 4057 1946 4113 recurrere

319 4107 716 4192 ῇοςριεᾳιρνεηι.
747 4109 848 4192 _Sic
894 4107 1030 4180 ipse.
1062 4107 1138 4192 At
1155 4107 1696 4192 'quomodo.'gratiam
1724 4111 1825 4170 Dei
1859 4113 1941 4192 vi-

320 4175 472 4233 }:tor
491 4175 766 4258 intelligat
793 4175 1238 4258 et_agposcat,'si
1266 4179 1376 4258 suis
1400 4175 1600 4258 viﬁbus
1629 4189 1686 4258 et
1711 4182 1946 4258 propriis

314 4245 656 4324 c_onatibus,
680 4245 759 4304 'ut
795 4249 870 4324 ibi
913 4245 1136 4324 dicitur,
1153 4245 1161 4248 ⁷
1179 4257 1234 4324 et
1260 4249 1378 4324 sine
1407 4251 1574 4324 gratia
1602 4245 1778 4310 victor
1796 4245 1946 4324 reva-

315 4320 458 4386 dat,
487 4325 542 4372 et
564 4329 803 4396 curuon
823 4320 905 4396 _de
930 4335 1030 4377 sua
1069 4319 1392 4396 fortitudine
1410 4319 1637 4396 sperare
1663 4323 1851 4396 possit,
1897 4324 1942 4382 si

321 4403 564 4465 parem_
577 4387 682 4465 sibi
710 4390 976 4465 intelligat
1012 4391 1294 4465 resistendi
1335 4387 1517 4465 inesse
1547 4387 1944 4465 virtutem‘,'se—

321 4459 498 4517 izluso
526 4459 629 4516 Dei
658 4459 918 4535 suffragio
953 4469 1008 4518 et
1033 4463 1320 4520 subsidid?
1344 4463 1483 4521 Vide
1514 4466 1795 4538 quomodo
1813 4459 1944 4524 'hzec

325 4529 670 4588 cohaereant.

325 4545 670 4588 conatreant.

2050 4037 2214 4112 tione'
2224 4037 2568 4112 proventum,
2601 4037 2658 4092 id
2682 4045 2796 4112 est,_
2833 4045 3188 4112 augmentum
3221 4037 3541 4112 gratiaepro
3568 4053 3655 4112 ra:

2049 4111 2201 4168 tione
2224 4106 2283 4166 et
2307 4106 2574 4176 gravitate
2603 4106 2943 4175 tentationis,
2970 4109 3053 4162 vel
3085 4106 3313 4172 exitu'm,
3348 4106 3572 4176 ἔκϐὀισιν,
3599 4107 3654 4167 id

2053 4189 2137 4238 est
2183 4176 2447 4238 evadendi
2485 4176 2826 4252 facultatem,
2868 4185 2931 4232 ut
2979 4179 3050 4232 D.
3079 4177 3383 4250 Cyprianus
3427 4179 3656 4252 exponit

2053 4252 2190 4324 (Lib.
2215 4265 2266 4324 ιι
2290 4253 2507 4324 Testim.
2529 4246 2721 4324 _c._9l)_.

2122 4323 2150 4358 α
2179 4323 2304 4392 Νοιι
2328 4320 2410 4392 sic
2429 4317 2830 4392 accipiendum,
2859 4317 3013 4392 quasi
3041 4317 3180 4386 haec,
3211 4333 3335 4392 quas
3371 4317 3460 4378 hic
3489 4321 3650 4392 citan-

2053 4401 2143 4451 tur
2172 4391 2358 4461 urba,
2387 4391 2443 4462 in
2482 4389 2622 4462 libro
2657 4389 2827 4446 Josue
2853 4389 2965 4462 (qui
3008 4397 3065 4462 et
3089 4389 3437 4462 JesusqNave
3473 4391 3652 4450 dictus

2052 4467 2156 4536 est)
2184 4459 2384 4536 scripta
2411 4460 2736 4529 habeantur,
2761 4459 2977 4536 eum'ex
2999 4459 3152 4536 _libro
3173 4460 3437 4536 Iudicum,
3455 4477 3648 4536 prem:

1985 4553 2002 4611 λ
2048 4531 2147 4609 pta
2171 4531 2311 4603 sint;
2327 4540 2392 4590 ut
2414 4539 2678 4611 __notatur,
2707 4531 2822 4611 sed.
2837 4531 2960 4605 quia
2986 4531 3051 4611 in
3079 4531 3198 4611 ipso
3235 4535 3365 4590 Jesu
3393 4531 3562 4611 Nave,
3592 4534 3648 4592 id

413 4601 874 4693 Pluinnam:
891 4603 1196 4693 “demta,
1215 4607 1495 4693 ameris
1521 4607 1784 4693 οεεείειιίτ
1805 4607 1940 4693 svia
1971 4601 2014 4693 ,ζ
2048 4601 2152 4692 δεῖ,
2198 4601 3037 4693 temperbuietsstirsiﬁs
3075 4601 3248 4693 {esse
3275 4601 3648 4693 sesesese:

333 4672 538 4758 Graece
553 4672 788 4758 habetur
805 4674 1032 4758 εἲληφενἒ
1059 4677 1442 4758 apprehendit;
1471 4692 1569 4748 pro
1588 4694 1698 4758 quo
1720 4672 1946 4758 _Latinus
1971 4683 2024 4746 D

334 4743 612 4818 interpres
657 4745 847 4818 legisse
895 4743 1112 4818 videtur
1127 4743 1389 4818 iunctm,
1424 4743 1816 4818 apprehendat.
1871 4751 1938 4806 ll-

334 4815 632 4872 lam-enim
659 4815 839 4872 veram
873 4831 994 4874 esse
1037 4815 1325 4875 lectionem
1368 4815 1649 4874 contendit
1675 4819 1790 4878 inse
1815 4822 1942 4878 Cas-

327 4885 534 4942 sianus
558 4885 651 4943 lib.
679 4901 721 4944 v
748 4887 1159 4945 institutionum
1181 4903 1301 4956 cap.
1330 4893 1416 4956 I6,
1443 4897 1506 4944 ut
1534 4888 1608 4944 ibi
1637 4885 1821 4946 videre
1839 4901 1941 4948 est.

328 4904 534 4942 manus
558 4904 651 4943 nn.
679 4904 721 4944 v
748 4904 1159 4945 institutionum
1181 4904 1242 4944 ca
1288 4930 1301 4943 .
1330 4904 1416 4956 ιδ,
1443 4904 1506 4944 ut
1534 4904 1608 4944 lDl
1637 4904 1821 4946 viuere
1839 4904 1941 4948 est.

328 4957 620 5032 Caeterum
649 4958 876 5031 Vulgata
921 4959 1086 5032 editio
1128 4904 1483 5032 praferenda,
1525 4958 1692 5032 cuiet
1718 4962 1948 5018 auctori-

331 5035 444 5103 tas;
456 5028 552 5084 SS.
591 5027 818 5103 Patrum
846 5027 1196 5103 suffragatur,
1226 5039 1284 5086 et
1309 5031 1448 5103 sacri
1472 5027 1690 5088 concilii
1717 5033 1943 5089 Triden-

331 5096 448 5154 tini
473 5099 816 5172 approbatio,
849 5109 912 5157 ut
939 5096 1052 5158 illié
1069 5096 1470 5172 annutavimus.

414 5178 437 5255 ξ
471 5171 600 5255 _Non
625 5171 906 5255 signiﬁcat
931 5171 1228 5255 apostolus
1255 5183 1360 5255 nos
1395 5171 1684 5255 aliquando
1723 5174 1944 5255 tentari,

327 5241 843 5326 aut_tentatio'nem_
859 5241 1128 5326 sustinere
1154 5243 1355 5300 nostris
1381 5241 1608 5326 viribus,
1639 5241 1948 5326 quasi-base

327 5311 418 5389 sit
439 5311 686 5389 bumana
718 5313 987 5389 ‘tentatio,
1029 5327 1168 5389 quae,
1190 5327 1306 5389 non
1340 5323 1564 5389 superat
1609 5311 1751 5372 vires
1795 5315 1947 5389 liberi

327 5383 584 5459 arbitrii,
629 5392 690 5459 ut
718 5383 808 5442 hic
834 5383 1062 5442 Auctor‘
1087 5385 1358 5459 subtiliter
1393 5383 1812 5459 interpretatur;
1851 5386 1948 5459 sed

325 5453 624 5527 signiﬁcat
642 5457 825 5532 Deum
851 5471 964 5514 non
980 5457 1300 5532 permittere
1325 5471 1428 5513 nos
1447 5453 1650 5532 tentari
1675 5453 1839 5532 supra
1865 5457 1944 5513 vi-

327 5539 435 5600 res
466 5540 532 5582 ex
558 5527 734 5600 gratia
760 5527 1006 5600 acceptas
1037 5537 1136 5586 :‘et
1173 5543 1294 5586 esse
1317 5529 1580 5600 quasdam
1617 5527 1946 5586 tentationes

323 5595 473 5673 aliis
498 5595 774 5673 graviores
790 5669 800 5673 Δ
816 5606 872 5656 et
892 5595 1512 5673 diuturniorestqualesr
1537 5600 1742 5673 experti
1776 5600 1943 5657 etiam

323 5667 449 5746 viri
477 5667 824 5746 sanctissimi,
857 5671 1148 5746 Antonius,
1192 5667 1468 5746 Hilarion,
1491 5667 1868 5746 Hieronymus
1893 5679 1949 5728 et

321 5738 483 5824 alii),
511 5739 711 5812 quibus
758 5738 1078 5824 κύρει-διιρἰ
1107 5738 1170 5824 et
1208 5743 1502 5824 evadendis
1529 5738 1736 5824 majore
1765 5752 1826 5824 et_‘
1847 5757 1945 5824 p_o-

323 5809 581 5888 tentiore
609 5825 746 5888 opus
787 5809 858 5867 sit
900 5811 1068 5883 gratia
1095 5820 1153 5868 et
1191 5813 1400 5888 auxilio
1442 5809 1649 5881 divind,
1681 5813 1829 5888 quod
1847 5809 1950 5872 Ta-

322 5881 512 5939 cienti
543 5881 694 5956 quod
722 5882 778 5939 in
807 5897 868 5939 se
905 5881 992 5940 est
1017 5884 1323 5942 secundum
1367 5893 1648 5959 acceptam
1690 5881 1946 5960 gratiam,

562 5975 824 6030 ΡΑτιιοι..
861 5973 1072 6029 XLIX.

2054 4672 2150 4752 qui
2173 4694 2298 4752 cum
2313 4672 2462 4752 'alias
2484 4682 2675 4752 gentes
2701 4672 3043 4752 debellasset,
3073 4675 3250 4752 noluit
3275 4672 3650 4752 tamen‘Deus

2055 4739 2153 4807 lies
2194 4750 2262 4806 ab
2305 4763 2372 4805 eo
2413 4739 2695 4812 debellari,
2727 4751 2789 4800 ut
2832 4745 2886 4800 in
2924 4745 3002 4800 eis
3029 4739 3404 4813 experiretur,
3444 4739 3500 4796 id
3543 4750 3646 4813 est,

2091 4819 2311 4878 robaret
2329 4827 2384 4875 et
2401 4811 2976 4876 exerceretlsraelem,
2993 4819 3096 4882 etc.
3116 4811 3466 4882 Quamquam
3487 4811 3648 4868 etiam

2091 4835 2311 4878 ronaret
2329 4835 2384 4875 et
2401 4835 2678 4872 exerceret
2699 4835 2976 4876 Israelem,
2993 4835 3096 4866 etc.
3121 4835 3466 4882 quamquam
3487 4835 3648 4868 etiam

2053 4835 2194 4946 fiber
2225 4887 2479 4944 Iudicum
2513 4884 2685 4958 possit
2729 4898 2809 4958 ex_
2823 4889 2976 4953 parte
3000 4880 3141 4958 _liber
3169 4881 3312 4958 _Jesu
3351 4885 3519 4953 Nave,
3553 4897 3648 4958 seu

2055 4963 2250 5028 Josue,
2279 4950 2608 5028 nuncupari,
2637 4967 2764 5008 cum
2794 4950 2911 5024 ipse
2931 4950 3144 5024 primus
3161 4950 3650 5028 Judicum_e_x'stiteo

2053 5031 2144 5095 rit,
2175 5023 2246 5086 et'
2269 5027 2386 5099 ejus
2425 5023 2700 5099 extremae
2728 5023 2840 5099 res;
2868 5023 3056 5099 gestae,
3099 5039 3203 5080 nec
3242 5039 3355 5099 non
3386 5023 3651 5099 obitu_s_et

2053 5093 2327 5172 sepultura
2343 5097 2408 5172 _in
2427 5094 2622 5172 eodem
2643 5093 2808 5172 Iibr9_
2807 5093 3208 5172 describantur.
3229 5096 3392 5172 Unde
3415 5099 3487 5172 ιζ,
3513 5095 3652 5172 Eia-

2051 5165 2316 5243 rohymus
2343 5167 2438 5243 lib.
2470 5165 2728 5243 adversus
2755 5165 3070 5243 Helvidium
3105 5167 3258 5243 (Cap.
3291 5166 3344 5237 2)
3387 5183 3403 5220 :
3434 5165 3565 5243 qum
3595 5169 3651 5222 in

2051 5237 2332 5322 sepultura
2369 5241 2494 5322 {esu
2525 5238 2678 5310 liber,
2710 5239 2815 5322 qui
2834 5240 3270 5322 earnomine‘eius
3314 5237 3646 5321 appellatur,

2055 5309 2297 5387 eipletus
2333 5313 2426 5375 sit,
2451 5309 2692 5387 rursum
2700 5309 2760 5363 in
2780 5309 3034 5387 Iudicum
3063 5309 3345 5387 relumine,
3376 5309 3542 5387 quasi
3553 5311 3650 5387 _vi-

2055 5377 2200 5455 cens,
2238 5397 2626 5466 resurgensque
2654 5379 2995 5466 describitur,
3021 5385 3073 5436 et
3091 5377 3650 5466 ειίξρξγαξιεφαλαιώσει

2054 5605 2160 5656 tem
2187 5611 2357 5660 suam,
2383 5599 2448 5651 ut
2465 5593 2801 5667 possiderent
2827 5597 3046 5648 tenam.
3073 5595 3143 5648 Et
3167 5593 3396 5667 servivit
3417 5595 3653 5667 populus

2055 5671 2280 5727 Domino
2303 5665 2503 5723 cunctis
2525 5666 2712 5721 diebus
2730 5667 3002 5733 Jesu,'etc.
3023 5682 3043 5732 ;
3063 5665 3351 5734 statimque
3369 5665 3654 5737 subjungi-

2055 5747 2149 5800 tur
2174 5760 2190 5796 :
2221 5744 2294 5798 Et
2321 5742 2564 5794 mortuus
2588 5742 2668 5792 est
2684 5738 2831 5794 Iesus
2860 5737 3022 5805 Nave,
3052 5749 3235 5792 seruus
3259 5739 3492 5801 Domini,
3532 5752 3652 5792 cen-

2060 5819 2174 5872 tum
2200 5813 2376 5868 decem
2401 5825 2661 5882 annorum
2690 5807 2897 5882 (ludio;
2919 5807 3010 5882 ιι).

2133 5891 2154 5917 ε
2183 5883 2320 5941 Haec
2367 5877 2708 5950 similitudo,
2736 5879 2862 5938 licet
2904 5877 3150 5938 videatur
3193 5879 3475 5954 aptissima
3505 5884 3560 5936 et
3599 5877 3658 5938 in

3305 5974 3374 6026 30
