4040 6206
489 334 589 389 943

1563 322 1844 380 JOANNIS
1881 321 2186 380 CASSIANI
2225 319 2715 379 COLLATIONES.

3692 323 3801 379 944

485 457 589 514 bus
610 455 860 512 Christus
880 454 1302 524 arguerit:Nisi
1320 453 1538 520 sig-itaet
1551 451 1805 521 prodigia
1822 449 2086 514 vuteritis,
2120 455 2173 516 Α
2202 458 2335 505 rata:
2387 448 2577 504 salutis
2622 444 2863 519 praemiis
2892 444 3246 516 locupletant,
3289 443 3511 500 dicente
3560 447 3729 502 Petro
3787 465 3803 502 :

486 567 589 606 non
615 550 835 605 creditis
856 551 1007 603 Joan.
1032 550 1134 612 Iv),
1151 552 1342 600 tamen
1366 542 1675 600 secundum
1705 542 2084 599 inﬁrmitatem

489 646 614 703 fidei
642 645 779 717 ejus,
811 643 1038 716 gratiam
1070 657 1183 698 suae
1210 639 1510 696 divinitatis
1535 639 1797 705 exercuit,
1829 655 1930 694 nec
1949 653 2089 710 prae-

491 737 671 794 sentia
712 735 1022 807 corporali,
1080 731 1550 805 quemadmodum
1607 730 1697 786 ille
1746 728 2086 797 crediderat,

487 827 712 885 lethales
751 827 985 884 febrium
1014 825 1264 893 morbos,
1295 823 1398 880 sed
1427 822 1592 879 verbo
1641 837 1755 878 sua:
1801 820 2089 893 potestatis

489 923 743 990 exclusit,
763 920 980 980 dicens:
1011 921 1181 987 Vade,
1201 921 1345 989 ﬁlius
1373 923 1500 973 tuus
1526 917 1884 987 vivit(1but.).
1910 916 2090 984 Quam

488 1013 1043 1087 superabundantiam
1081 1011 1302 1084 gratiae,
1329 1010 1497 1066 etiam
1545 1009 1603 1064 in
1630 1008 1779 1064 illius
1810 1006 2090 1080 paralytici

490 1108 773 1166 curatione
791 1106 1087 1162 Dominum
1103 1105 1331 1175 legimus
1345 1102 1599 1170 effudise,
1617 1118 1744 1158 cum
1758 1103 1804 1158 ei
1817 1102 2092 1174 languoris

491 1203 572 1258 sui
599 1210 817 1256 tantum
841 1215 950 1271 quo
978 1212 1176 1268 corpus
1205 1195 1381 1252 fuerat
1406 1197 1708 1252 resolutum
1735 1194 1978 1250 remedia
2002 1210 2093 1265 po-

492 1295 688 1359 scenti,
719 1293 918 1348 animae
943 1290 1305 1363 priusingerit
1327 1290 1675 1361 s05pitatem,
1704 1289 1891 1345 dicens
1921 1309 1933 1344 ε
1965 1291 2089 1347 Con-

491 1391 637 1441 stans
656 1390 783 1448 esto,
797 1386 896 1455 ﬁli,
919 1385 1268 1439 dimittuntur
1289 1385 1388 1439 tibi
1392 1390 1613 1453 peccata
1632 1389 1726 1438 tua
1744 1383 1962 1455 (Matth.
1989 1385 2088 1455 ιχ).

493 1481 622 1536 Post
654 1477 823 1550 quod,
865 1493 979 1533 non
1026 1477 1376 1533 credentibus
1401 1477 1604 1532 Scribis
1651 1493 1812 1549 posse
1851 1493 1977 1533 eum
2002 1491 2092 1532 re-

493 1573 713 1629 mittere
737 1572 977 1628 humana
1001 1579 1240 1643 peccata,
1262 1570 1334 1627 ad
1353 1569 1802 1627 confundendam
1831 1571 2093 1628 incredu-

492 1667 700 1724 litatem
737 1682 950 1733 eorum,
983 1666 1149 1722 etiam
1175 1665 1422 1721 membra
1452 1665 1570 1736 ejus
1599 1666 1904 1738 paralyseos
1937 1667 2093 1725 vale-

497 1758 691 1815 tudine
716 1759 984 1828 resoluta,
1031 1759 1318 1830 potestatis
1346 1773 1458 1815 suae
1507 1773 1760 1815 sermone
1789 1760 2092 1828 restrinxit,

2193 547 2492 612 Argentum
2516 548 2566 598 et
2595 557 2795 596 aurum
2819 555 2924 595 non
2963 543 3040 594 est
3058 540 3226 606 mihi;
3255 538 3398 608 quod
3426 542 3611 594 autem
3639 541 3805 597 habeo

2197 639 2290 692 hoc
2317 637 2417 692 tibi
2447 636 2539 699 do,
2570 638 2633 690 in
2660 636 2874 690 nomine
2913 635 3038 690 Iesu
3071 634 3273 690 Christi
3297 634 3596 701 Nazareni,
3640 647 3805 704 surge

2200 739 2250 789 et
2280 732 2501 786 ambula
2532 734 2738 798 (Actor.
2767 731 2876 797 Ill).

2769 823 3006 879 CAPUT
3036 823 3214 877 XVII.

2483 924 2559 976 De
2587 918 2936 973 inscrutabili
2981 917 3377 986 dispensatione
3397 917 3513 971 Dei.

2271 1023 2296 1050 ι
2326 1015 2432 1070 Per
2460 1011 2767 1084 bazcigitur
2795 1011 3047 1082 exempla
3078 1025 3200 1081 qua:
3221 1007 3293 1064 de
3323 1009 3648 1081 evangelicis
3676 1026 3811 1082 pro-

2205 1107 2437 1163 tulimus
2459 1104 2840 1162 monumentis
2862 1144 2878 1174 ,
2907 1101 3322 1161 evidentissime
3351 1102 3656 1174 poterimus
3695 1101 3812 1159 ad—

2201 1211 2438 1269 vertere,
2469 1199 2705 1257 diversis
2730 1207 2899 1271 atque
2917 1196 3226 1254 innumeris
3249 1194 3434 1253 modis
3458 1206 3515 1252 et
3535 1197 3814 1252 inserata-

2201 1295 2403 1351 bilibus
2415 1295 2538 1360 viis,
2557 1297 2742 1351 Deum
2755 1294 2992 1350 salutem
3004 1289 3235 1347 humani
3253 1289 3471 1362 generis
3485 1306 3808 1362 procurare,

2201 1397 2258 1446 et
2287 1389 2663 1462 quorumdam
2690 1386 2919 1460 quidem
2941 1384 3245 1442 volentium
3271 1383 3654 1440 etsitientium
3683 1399 3807 1440 cur-

2201 1497 2326 1539 sum
2343 1481 2413 1538 ad
2424 1481 2694 1552 majorem
2711 1479 2947 1536 invitare
2973 1477 3321 1550 ﬂagrantiam
3341 1497 3357 1542 ;
3384 1474 3664 1549 quosdam
3678 1492 3806 1533 vero

2202 1576 2374 1632 etiam
2407 1575 2660 1631 nolentes
2680 1572 2996 1644 invitosque
3023 1570 3384 1642 compellere,
3413 1577 3472 1624 et
3493 1585 3642 1626 nunc
3670 1570 3806 1641 qui-

2201 1667 2335 1724 dem
2359 1676 2420 1724 ut
2444 1666 2780 1739 impleantur
2795 1681 2857 1721 ea
2884 1679 3009 1736 quae
3032 1663 3244 1720 utiliter
3262 1679 3293 1718 a
3311 1662 3471 1718 nobis
3489 1661 3805 1719 desiderata

2202 1759 2560 1832 perspexerit,
2582 1757 2876 1831 adjuvare;
2898 1772 3049 1813 nunc
3072 1771 3205 1812 vero
3231 1755 3402 1811 etiam
3424 1755 3597 1827 ipsius
3624 1755 3804 1812 sancti

496 1853 724 1910 dicens:
757 1855 906 1925 Quid
923 1854 1173 1922 cogitatis
1189 1854 1336 1907 mala
1358 1855 1417 1907 in
1433 1853 1925 1910 cordibusvestris?
1951 1854 2092 1920 Quid
2125 1860 2172 1922 Β
2200 1851 2465 1909 desiderii
2511 1851 2778 1924 inspirare
2825 1849 3122 1923 principia,
3169 1858 3226 1906 et
3264 1849 3347 1904 vel
3396 1849 3615 1904 initium
3665 1849 3803 1904 boni

492 1954 571 2004 est
593 1950 812 2016 facilius
842 1948 1015 2002 dicere
1043 1967 1058 2002 :
1088 1951 1458 2004 Remittuntur
1489 1949 1591 2002 tibi
1610 1954 1851 2017 peccata,
1879 1954 1978 2002 aut
2005 1949 2094 2003 di-

495 2056 639 2096 cere:
672 2043 864 2109 Surge,
891 2045 940 2093 et
969 2041 1230 2093 ambula?
1258 2042 1325 2094 Ut
1350 2042 1532 2093 sciatis
1557 2045 1737 2094 autem
1765 2041 1896 2108 quia
1923 2041 2095 2095 Filius

493 2135 722 2189 hominis
745 2137 1064 2203 potestatem
1084 2133 1244 2186 habet
1271 2134 1326 2185 in
1353 2137 1499 2186 terra
1523 2131 1833 2185 dimittendi
1854 2137 2093 2201 peccata,

495 2232 619 2280 tunc
646 2229 724 2280 ait
747 2226 1050 2295 paralytico
1095 2225 1322 2291 :Su-rge,
1355 2229 1405 2277 et
1447 2224 1570 2278 tolle
1609 2225 1800 2279 lectum
1841 2231 2012 2288 tuum,
2043 2232 2094 2282 et

488 2319 623 2374 vade
649 2321 704 2372 in
737 2319 952 2371 domum
986 2321 1138 2370 tuam
1167 2316 1368 2386 (Ibid).
1403 2315 1667 2374 Similiter
1685 2327 1873 2375 autem
1912 2319 1968 2374 in
1995 2319 2092 2377 illo

495 2410 861 2484 quitringinta
875 2418 932 2465 et
945 2418 1068 2465 octo
1085 2425 1260 2466 annos
1269 2410 1427 2482 juxta
1448 2412 1735 2468 natatoriae
1749 2411 2094 2484 crepidinem

493 2504 666 2561 fustra
692 2503 1053 2570 decumbens,
1098 2503 1168 2559 de
1214 2517 1370 2575 aqua
1415 2503 1559 2560 illius
1586 2513 1746 2562 motu
1782 2513 2095 2577 speraverat

493 2595 850 2664 medicinam,
876 2595 1306 2652 muniﬁcentiam
1326 2596 1594 2654 ultronea:
1623 2597 1892 2670 largitatis
1911 2607 2093 2656 osten-

491 2689 594 2746 dit.
627 2692 768 2746 Nam
792 2705 922 2746 cum
935 2689 1133 2746 volens
1160 2705 1289 2746 eum
1317 2689 1593 2748 adsalutis
1620 2691 1866 2748 remedia
1896 2708 2091 2765 provo-

489 2799 636 2852 care,
666 2782 888 2840 dixisset
928 2783 980 2839 ei
1011 2802 1025 2839 :
1059 2786 1152 2840 Vis
1181 2799 1341 2841 sanus
1365 2788 1485 2855 ﬁeri
1523 2789 1697 2853 (Joan.
1725 2787 1780 2859 ν)
1802 2791 1825 2842 ?
1847 2789 2096 2859 Cumque

492 2875 580 2934 ille
604 2876 672 2934 de
698 2877 928 2933 humani
965 2876 1226 2949 adjutorii
1273 2878 1456 2949 inopia
1481 2888 1820 2950 quereretur,
1851 2896 1914 2936 ac
1943 2881 2095 2938 dice-

487 2979 572 3027 ret
596 2991 612 3025 :
640 2973 916 3026 Hominem
938 2987 1044 3025 non
1063 2972 1244 3035 habeo,
1273 2977 1335 3026 ut
1350 2988 1467 3026 cum
1491 2974 1710 3028 turbata
1732 2976 1907 3040 fuerit
1925 2992 2092 3045 aqua,

489 3065 673 3116 mittat
694 3079 777 3117 me
798 3065 859 3116 in
877 3064 1174 3132 piscinam;
1208 3062 1575 3120 incredulitati
1599 3065 1716 3138 ejus
1745 3075 1800 3122 et
1825 3069 2093 3141 ignoran-

491 3154 578 3208 tia:
604 3155 824 3209 veniam
848 3155 1118 3224 tribuens,
1156 3155 1399 3226 pristinae
1438 3172 1567 3213 eum
1595 3160 1834 3229 sanitati,
1863 3178 1975 3219 non
2001 3164 2092 3220 illa

2202 1945 2384 2018 operis
2412 1946 2491 2002 vel
2521 1943 2993 2017 perseverantiam
3018 1941 3356 2000 condonare.
3381 1940 3510 1997 Inde
3536 1949 3624 1997 est
3643 1939 3802 2012 quod

2202 2042 2426 2090 orantes
2450 2049 2566 2090 non
2598 2033 2782 2088 solum
2812 2038 3186 2104 protectorem
3215 2045 3282 2086 ac
3318 2031 3670 2095 salvatorem,
3701 2027 3804 2084 sed

2203 2127 2372 2184 etiam
2402 2127 2712 2200 adjutorem
2741 2142 2808 2183 ac
2834 2135 3217 2198 susceptorem
3248 2124 3561 2181 Dominum
3589 2122 3802 2196 procla-

2201 2239 2442 2280 mamus.
2467 2225 2531 2278 In
2555 2239 2620 2280 eo
2640 2222 2790 2279 enim
2803 2221 2956 2294 quod
2967 2221 3115 2294 prior
3135 2220 3390 2289 advocat,
3412 2227 3472 2274 et
3491 2220 3806 2292 ignorantes

2201 2333 2305 2372 nos
2329 2317 2706 2388 atqueinvitos
2725 2316 2956 2373 attrahit
2970 2315 3037 2372 ad
3053 2316 3314 2384 salutem,
3340 2321 3621 2386 protector
3635 2321 3804 2386 atque

2201 2412 2442 2467 salvator
2470 2419 2586 2480 est;
2628 2411 2687 2466 in
2723 2426 2790 2467 eo
2821 2419 3008 2467 autem
3039 2409 3187 2480 quod
3214 2407 3598 2466 annitentibus
3638 2406 3808 2464 nobis

2203 2521 2369 2578 Opem
2419 2504 2601 2575 ferre,
2639 2504 3090 2577 refugientesque
3142 2504 3432 2576 suscipere
3472 2518 3536 2558 ac
3581 2501 3806 2559 munire

2200 2597 2506 2666 consuevit,
2530 2605 2818 2670 susceptor
2853 2612 2918 2654 ac
2943 2596 3228 2670 refugium
3255 2596 3604 2653 nominatur.
3633 2594 3804 2651 Deni-

2202 2707 2306 2763 que
2333 2691 2476 2747 hanc
2503 2690 2929 2763 dispensationis
2953 2690 3053 2747 Dei
3085 2689 3454 2762 multiplicem
3475 2689 3796 2762 largitatem

2204 2786 2400 2842 beatus
2425 2785 2725 2856 Apostolus
2753 2793 2943 2842 mente
2981 2793 3325 2857 pertractans
3350 2793 3404 2841 et
3429 2784 3489 2840 in
3519 2781 3804 2856 quoddam

2203 2878 2548 2935 immensum
2578 2886 2747 2951 atque
2778 2878 3188 2935 interminabile
3211 2879 3430 2951 pietatis
3456 2879 3561 2934 Dei
3585 2877 3803 2950 pelagus

2205 2987 2264 3028 se
2290 2971 2546 3028 incidisse
2577 2971 2951 3044 conspiciens,
2984 2971 3307 3027 exclamavit
3334 2991 3346 3026 :
3380 2973 3431 3029 Ο
3462 2969 3697 3027 altitudo
3715 2967 3802 3026 di-

2203 3065 2466 3120 vitiarum
2493 3065 2776 3136 sapientia:
2800 3073 2858 3120 et
2885 3064 3134 3121 scientiae
3163 3065 3265 3121 Dei
3291 3068 3302 3119 l
3337 3080 3507 3138 quam
3539 3066 3799 3121 inserata-

2203 3159 2335 3215 bilia
2363 3167 2494 3215 sunt
2532 3158 2742 3231 judicia
2782 3159 2936 3231 ejus,
2968 3167 3023 3215 et
3061 3159 3468 3232 investigabiles
3507 3160 3612 3216 viae
3656 3158 3799 3231 eius!

490 3259 596 3314 qua
625 3254 937 3317 speraverat
962 3245 1068 3315 via,
1093 3246 1192 3303 sed
1220 3262 1326 3318 qua
1365 3250 1643 3307 Dominus
1671 3253 1840 3309 voluit
1866 3255 2097 3313 misera-
2129 3248 2173 3310 C
2206 3253 2341 3325 Quis
2366 3253 2519 3310 enim
2546 3254 2802 3326 cognovit
2829 3269 3056 3310 sensum
3082 3253 3310 3310 Domini
3346 3253 3517 3325 (Rom.
3549 3256 3672 3321 x1)?
3697 3254 3806 3308 Hu-

489 3339 641 3394 tione
671 3340 926 3408 reStituit,
956 3339 1142 3396 dicens
1173 3362 1184 3396 :
1216 3343 1415 3412 Surge,
1450 3343 1572 3400 tolle
1600 3346 1790 3403 lectum
1822 3352 2008 3415 tuum,
2039 3358 2090 3408 et

487 3434 621 3488 vade
641 3437 698 3488 in
733 3435 947 3490 domum
976 3440 1126 3490 tuam
1155 3436 1355 3509 (Ibid).
1379 3440 1453 3493 Et
1480 3439 1616 3511 quid
1648 3441 1874 3512 mirum,
1905 3445 1951 3500 si
1973 3444 2093 3502 haec

489 3527 705 3582 Domini
726 3535 994 3598 potestate
1015 3536 1169 3601 gesta
1195 3539 1511 3599 narrantur,
1541 3548 1670 3588 cum
1699 3535 1902 3592 similia
1925 3538 2094 3595 etiam

484 3634 580 3690 per
610 3634 796 3675 servos
823 3635 954 3675 suos
977 3619 1158 3675 divina
1187 3621 1359 3692 gratia
1385 3621 1553 3678 fuerit
1605 3633 1865 3696 operata?
1904 3630 2093 3702 Ingre-

489 3711 772 3768 dientibus
789 3727 1031 3784 namque
1053 3712 1323 3784 templum
1345 3715 1510 3770 Petro
1529 3723 1584 3771 et
1600 3719 1840 3788 Joanne,
1855 3735 1985 3776 cum
2006 3723 2093 3779 ille

489 3803 719 3861 claudus
761 3821 827 3861 ex
857 3813 1017 3863 utero
1046 3806 1240 3863 matris
1268 3807 1360 3878 qui
1392 3823 1647 3880 gressum
1671 3812 1891 3882 penitus
1919 3815 2089 3887 igno-

487 3898 665 3962 rabat,
698 3899 1106 3972 eleemosynam
1153 3901 1490 3973 postularet;
1535 3904 1612 3958 illi
1653 3920 1764 3961 non
1809 3907 1934 3964 vilia
1982 3925 2092 3967 aera

488 4007 612 4064 quae
638 3993 897 4064 poscebat
919 3993 1168 4050 inﬁrmus
1189 4037 1204 4064 ,
1247 3995 1341 4052 sed
1371 4011 1588 4068 gressus
1621 3997 1808 4056 officia
1843 3999 2091 4073 largiun-

464 4095 598 4152 tur,
641 4095 696 4142 et
729 4088 1067 4160 parvissimae
1112 4088 1264 4161 stipis
1301 4099 1614 4162 sperantem
1641 4093 1855 4165 solatia,
1901 4095 2093 4166 inspe-

2195 3347 2284 3419 jus
2326 3363 2458 3420 ergo
2492 3347 2735 3404 scientiae,
2779 3346 3206 3403 admirationem
3253 3363 3421 3420 quam
3456 3347 3542 3402 ille
3585 3345 3707 3401 talis
3740 3359 3806 3402 ac

2198 3449 2384 3497 tantus
2409 3441 2665 3513 gentium
2688 3442 2954 3514 magister
2966 3443 3206 3514 expavit,
3231 3457 3500 3498 evacnare
3511 3439 3805 3496 conabitur

2197 3536 2445 3610 quisquis
2469 3537 2766 3594 crediderit
2786 3538 2931 3594 illius
2943 3537 3348 3594 inaestimabilis
3374 3537 3556 3609 abyssi
3575 3535 3790 3609 profun-

2200 3631 2431 3687 ditatem
2461 3630 2709 3687 humana
2733 3633 2950 3688 ratione
2981 3647 3040 3688 se
3084 3647 3247 3704 posse
3289 3632 3497 3687 metiri.
3533 3633 3677 3686 Nam
3707 3628 3805 3702 qui

2200 3723 2271 3780 ad
2301 3725 2528 3796 plenum
2557 3724 2997 3797 dispensationes
3043 3727 3175 3796 Dei,
3209 3724 3404 3796 quibus
3445 3726 3689 3780 salutem
3741 3726 3802 3782 in

2202 3817 2520 3874 hominibus
2544 3827 2825 3890 operatur,
2851 3819 2933 3875 vel
2956 3829 3148 3876 mente
3170 3818 3466 3890 concipere,
3499 3816 3584 3872 vel
3611 3816 3806 3875 disse-

2200 3926 2321 3966 rere
2349 3926 2409 3966 se
2438 3927 2599 3984 posse
2623 3911 2878 3978 conﬁdit,
2904 3912 3264 3984 proculdubio
3289 3912 3621 3983 impugnans
3643 3915 3805 3982 Apo-

2201 4004 2408 4062 stolicaa
2434 4006 2724 4062 sententiae
2769 4006 3054 4062 veritatem
3084 4005 3394 4063 scrutabilia
3432 4019 3552 4060 esse
3583 4002 3687 4059 Dei
3710 4002 3803 4076 ju-

2201 4098 2344 4155 dicia
2387 4108 2442 4156 et
2470 4099 2818 4172 vestigabiles
2847 4101 2963 4156 vias
3014 4101 3168 4172 ejus,
3214 4098 3446 4173 profana
3473 4097 3800 4171 pronuntia-

1591 4246 1845 4302 ALARDI
1884 4249 2107 4305 GAZxEl
2149 4251 2702 4308 COMMENTARIUS.

567 4389 593 4416 ⁸
620 4379 912 4456 Conclusio
943 4389 1031 4456 est
1057 4389 1119 4456 et_
1145 4378 1260 4436 fere
1301 4385 1612 4456 complexio
1659 4386 2100 4456 praecedentium

495 4464 710 4504 eorum.
742 4451 883 4526 cum
912 4451 1061 4504 enim
1090 4450 1371 4526 _hactenus_
1404 4450 1676 4526 d'ocuerit'
1697 4459 1965 4526 quosdam
1998 4477 2100 4516 na—

500 4528 639 4593 turae
664 4518 899 4593 meritis,
931 4518 1201 4593 quosdam
1233 4522 1405 4593 gratia
1441 4525 1542 4578 Dei
1577 4518 1814 4593 salvari;
1856 4529 1971 4585 sive
1993 4531 2096 4586 ini-

501 4589 644 4662 tium
673 4589 866 4662 salutis
891 4589 1158 4662 etgratia:
1182 4589 1596 4662 in'quibusdam
1618 4610 1682 4650 ex
1713 4589 1918 4655 viribus
1947 4601 2099 4657 liberi

499 4660 738 4741 arbitrii,
774 4661 827 4715 in
861 4660 993 4717 aliis
1011 4677 1076 4716 ex
1121 4660 1488 4741 praeveniente
1524 4665 1618 4720 Dei
1657 4667 1875 4741 auxilio
1903 4687 2101 4741 prove—

502 4733 640 4806 nire,
685 4748 1033 4806 consequens
1062 4741 1149 4788 est
1194 4732 1306 4806 duo
1343 4748 1462 4791 esse
1491 4750 1692 4806 genera
1728 4732 2013 4800 hominum
2045 4743 2100 4799 in

2208 4392 2297 4448 Sic
2341 4394 2492 4473 enim
2519 4394 2892 4473 prepositione
2932 4397 3118 4473 tertia,
3155 4395 3248 4451 ubi
3276 4395 3527 4473 admittit
3569 4395 3788 4473 aliquam

2210 4464 2414 4544 peccati
2443 4462 2869 4544 detestationem
2893 4474 2948 4544 et
2981 4465 3236 4544 dolorem
3276 4482 3349 4544 ex
3405 4466 3530 4544 solo
3557 4462 3784 4544 naturali

2204 4532 2417 4609 judicio
2443 4543 2500 4609 et
2529 4533 2813 4605 facultate,
2836 4538 2924 4609 qui
2951 4537 3018 4592 sit
3047 4537 3265 4609 initium
3278 4535 3710 4608 justificationis;
3737 4541 3788 4588 et

2212 4602 2421 4658 ibidem
2447 4605 2648 4680 fatetur
2672 4602 3244 4680 Deum'quorumdam
3271 4602 3393 4680 esse
3404 4602 3785 4680 susCeptorem,

2210 4675 2587 4757 quorumdam
2603 4694 2732 4733 vero
2759 4675 3089 4757 salvatorem
3115 4703 3141 4757 ;_
3155 4681 3279 4757 quia
3297 4678 3404 4734 hos
3421 4675 3651 4757 omnino
3669 4688 3791 4757 prat-

2211 4748 2377 4821 renit,
2407 4748 2474 4803 ab
2499 4748 2621 4804 aliis
2662 4751 2996 4821 praevenitur
3015 4748 3184 4817 (Gabi
3214 4751 3466 4820 Vasquez
3510 4753 3563 4804 in
3587 4763 3614 4821 ιΔ
3633 4751 3782 4821 part.

505 4804 782 4892 Ecclesia,
795 4803 969 4892 unum
996 4820 1188 4861 eorum
1218 4803 1309 4876 qui
1325 4803 1580 4892 volentes
1597 4816 1654 4864 et
1679 4813 2100 4892 spon_ta_nei_sal-
2128 4815 2178 4876 D
2207 4803 2452 4892 disp.'91
2485 4803 2613 4892 cap.
2662 4803 2798 4891 '1le
2821 4803 3232 4892 fastidiose
3260 4803 3506 4892 sedanda
3557 4803 3786 4875 admittit

505 4885 739 4956 \'entur,_
763 4876 999 4956 alterum
1024 4892 1215 4956 eorum
1245 4878 1338 4956 qui
1368 4880 1615 4935 nolentes
1653 4876 1888 4956 etinihil
1919 4885 2100 4942 minus

503 4948 809 5026 cogitantes
830 4948 1130 5026 invitantur
1150 4957 1205 5002 et
1223 4950 1513 5026 trahantur
1530 4968 1546 5018 ;
1565 4951 1796 5026 proinde
1821 4955 2099 5013 Christum

508 5017 903 5094 non_omnium
929 5017 1291 5094 salvatorem_,_
1307 5021 1404 5077 sed
1449 5017 1820 5094 quorumdam
1849 5031 2100 5084 tantum-

510 5087 680 5170 modo
707 5096 1080 5170 susceptorem
1120 5096 1177 5143 et
1198 5087 1521 5170 adjutorern
1549 5093 1659 5150 dici
1695 5095 1914 5165 debere,
1955 5099 2100 5170 quod

510 5160 699 5217 multis
720 5158 1062 5236 argumentis
1084 5158 1333 5236 confutet
1351 5165 1419 5217 D.
1452 5166 1703 5236 Prosper.
1732 5170 1849 5236 Qua
1869 5158 2101 5225 occasio-

511 5248 602 5315 ne,
630 5231 1117 5315 quodhucusque
1145 5231 1373 5315 dilatum
1399 5243 1502 5315 est,
1529 5231 1638 5290 no'n
1670 5231 2099 5306 practermitten-

509 5303 788 5360 dum’hoc
823 5303 945 5359 loco
980 5303 1194 5359 videtur
1223 5313 1291 5360 ut
1325 5307 1582 5361 lectorem
1622 5303 1983 5373 m‘oneamus,
2036 5326 2099 5366 ex

511 5375 592 5431 his
605 5391 729 5450 qua:
742 5374 1010 5450 hactenus
1033 5383 1164 5430 sunt
1177 5374 1450 5450 disputata
1471 5375 1828 5450 manifestum
1847 5379 2096 5450 evadere,

507 5445 937 5533 norrinfrrnerito
987 5461 1016 5501 a
1047 5445 1384 5533 gravissimis
1407 5445 1678 5533 theologis
1711 5448 1961 5533 redargui
1992 5445 2100 5509 Pe;

507 5523 655 5588 trum
693 5517 1040 5588 Ciaconium,
1089 5517 1352 5584 Cassiani,
1382 5525 1445 5573 ut
1473 5517 1691 5585 vocant,
1725 5517 2097 5588 scholiastem,

503 5587 650 5668 quod
705 5587 862 5670 dum
897 5588 1195 5670 (Ia-ssiano,
1247 5588 1534 5670 plusquam
1573 5591 1861 5670 oportuit,
1919 5587 2097 5650 favere

499 5659 726 5736 ejusque
750 5660 1098 5736 sententiam,
1122 5666 1234 5713 tam
1259 5659 1480 5736 inlibris
1500 5659 1910 5736 Institutionum
1927 5681 2092 5736 quam

498 5727 904 5807 Collationum',
936 5729 1226 5807 abet-rore
1258 5731 1544 5807 vindicare
1590 5731 1828 5807 studuit,
1871 5727 1983 5807 ipse
2034 5753 2092 5794 se

493 5799 687 5877 iisdem
737 5799 1224 5877 errorum_laque_is
1255 5801 1565 5877 implicarit,
1595 5799 1907 5877 concedens
1937 5807 2092 5877 plane

491 5887 622 5929 cum
647 5872 764 5942 ipso
793 5868 1019 5941 aliquod
1067 5869 1286 5925 initium
1319 5868 1505 5944 gratiae
1525 5883 1579 5931 et
1602 5876 1792 5934 salutis
1817 5893 1878 5934 ex
1911 5868 2084 5936 nobis.

2205 4888 2502 4967 quamdam
2532 4888 2956 4967 dispositionem
2977 4900 3034 4946 et
3051 4891 3787 4967 prmparationemrremotalu

2207 4959 2282 5033 ad
2307 4961 2562 5033 gratiam,
2586 4959 2649 5016 ei:
2674 4963 2823 5018 bono
2847 4978 2950 5019 usu
2975 4968 3029 5018 et
3049 4959 3301 5033 operibus
3315 4962 3621 5018 moralibus
3635 4959 3786 5015 liberi

2205 5029 2439 5102 arbitrii,
2452 5041 2642 5087 contra
2661 5048 3022 5089 communem
3045 5029 3372 5090 sententiam
3392 5034 3788 5102 theologorum,

2206 5099 2277 5155 de
2304 5099 2569 5172 qua'vide
2595 5104 2990 5160 Bellarminum
3041 5104 3130 5160 lib.
3167 5120 3230 5160 v1
3271 5104 3341 5160 de
3368 5105 3553 5162 Gratia
3579 5099 3699 5171 cap.
3732 5105 3784 5155 5.

2208 5173 2590 5251 Propositione
2621 5175 2814 5245 quinta
2848 5185 3033 5247 aperte
3079 5176 3282 5251 fatetur
3318 5177 3627 5251 orationem
3651 5212 3668 5241 ,
3697 5185 3789 5227 seu

2206 5244 2397 5298 orandi
2410 5244 2680 5322 affectum
2705 5255 2759 5302 et
2777 5244 3038 5302 conatum
3064 5247 3303 5322 aliquem
3326 5263 3391 5302 ex
3423 5246 3572 5302 bono
3589 5252 3789 5322 natura:

2208 5328 2367 5394 posse
2394 5314 2667 5394 depromi,
2695 5326 2757 5374 ut
2786 5333 2883 5388 per
2909 5332 3041 5374 eum
3057 5314 3476 5394 quadamtenus
3503 5316 3672 5387 gratia
3699 5314 3790 5394 Dei

2207 5381 2380 5465 digni
2409 5381 2726 5465 reddamur,
2773 5381 2830 5465 et
2877 5404 3007 5465 eam
3053 5381 3419 5465 impetremus
3443 5406 3469 5465 :_
3501 5381 3628 5460 qua
3663 5389 3794 5465 ἐωξὶ

2208 5456 2478 5531 ipsissima
2506 5458 2932 5531 Massiliensium
2959 5456 3176 5531 placita,
3206 5476 3236 5515 a
3265 5460 3497 5516 summis
3515 5456 3790 5531 pontiﬁci-

2208 5524 2310 5582 bus
2328 5565 2343 5589 ,
2377 5528 2616 5585 conciliis
2645 5539 2699 5586 et
2716 5529 2836 5587 aliis
2857 5524 3113 5586 Patribus
3137 5524 3396 5586 damnata
3414 5570 3428 5596 ,
3457 5524 3609 5585 ut'ex
3637 5525 3793 5584 dictis

2209 5607 2448 5675 constat.
2481 5601 2614 5675 Haec
2644 5610 2698 5675 et
2720 5601 2824 5657 alia
2855 5601 2910 5657 in
2956 5602 3427 5675 propositionibus
3461 5599 3706 5675 Ciaconii
3732 5610 3788 5675 εξ

2203 5669 2463 5751 Cassiano
2481 5672 2735 5751 collectis
2747 5689 2868 5751 _non
2887 5669 3022 5729 satis
3034 5669 3210 5751 fante
3238 5674 3462 5751 scripta,
3486 5679 3543 5751 et
3563 5687 3672 5728 non
3681 5669 3784 5751 levi

2201 5740 2668 5816 animadversione
2704 5743 2894 5816 digna,
2928 5744 3204 5802 studiosus
3245 5739 3423 5816 lector
3451 5739 3786 5801 observabit.

2199 5825 2324 5881 qua
2354 5811 3077 5889 hactenussatis'superque
3105 5825 3234 5872 sunt
3256 5814 3513 5872 refutatu.
