  <div class='ocr_page' id='page_1' title='image "/cluster/home/n/w/nwhite01/storage/ocr_20150623/49/hvd.32044096580709/480.png"; bbox 0 0 4040 6206; ppageno 0'>
   <div class='ocr_carea' id='block_1_1' title="bbox 262 270 355 323">
    <p class='ocr_par' dir='ltr' id='par_1_1' title="bbox 262 270 355 323">
     <span class='ocr_line' id='line_1_1' title="bbox 262 270 355 323; baseline -0.022 0"><span class='ocrx_word' id='word_1_1' title='bbox 262 270 355 323; x_wconf 66' lang='grc'><strong>945</strong></span> 
     </span>
    </p>
   </div>
   <div class='ocr_carea' id='block_1_2' title="bbox 1197 260 2628 321">
    <p class='ocr_par' dir='ltr' id='par_1_2' title="bbox 1197 260 2628 321">
     <span class='ocr_line' id='line_1_2' title="bbox 1197 260 2628 321; baseline -0.002 0"><span class='ocrx_word' id='word_1_2' title='bbox 1197 262 1536 321; x_wconf 76' lang='lat' dir='ltr'><strong>COLLATIO</strong></span> <span class='ocrx_word' id='word_1_3' title='bbox 1574 264 1708 321; x_wconf 85' lang='lat' dir='ltr'><strong>XIII.</strong></span> <span class='ocrx_word' id='word_1_4' title='bbox 1748 291 1818 305; x_wconf 88' lang='lat'><strong><em>-—</em></strong></span> <span class='ocrx_word' id='word_1_5' title='bbox 1855 263 1945 318; x_wconf 89' lang='lat' dir='ltr'><strong>DE</strong></span> <span class='ocrx_word' id='word_1_6' title='bbox 1983 260 2462 321; x_wconf 76' lang='lat' dir='ltr'><strong><em>PROTECTIONE</em></strong></span> <span class='ocrx_word' id='word_1_7' title='bbox 2499 264 2628 319; x_wconf 87' lang='lat' dir='ltr'><strong><em>DEI.</em></strong></span> 
     </span>
    </p>
   </div>
   <div class='ocr_carea' id='block_1_3' title="bbox 3455 268 3629 323">
    <p class='ocr_par' dir='ltr' id='par_1_3' title="bbox 3455 268 3629 323">
     <span class='ocr_line' id='line_1_3' title="bbox 3455 268 3629 323; baseline -0.011 0"><span class='ocrx_word' id='word_1_8' title='bbox 3455 268 3558 323; x_wconf 63' lang='lat'><strong>946</strong></span> <span class='ocrx_word' id='word_1_9' title='bbox 3626 274 3629 277; x_wconf 73' lang='grc'><em>’</em></span> 
     </span>
    </p>
   </div>
   <div class='ocr_carea' id='block_1_4' title="bbox 259 388 3558 466">
    <p class='ocr_par' dir='ltr' id='par_1_4' title="bbox 259 388 3558 466">
     <span class='ocr_line' id='line_1_4' title="bbox 259 388 3558 466; baseline -0 -16"><span class='ocrx_word' id='word_1_10' title='bbox 259 393 335 450; x_wconf 90' lang='lat' dir='ltr'><strong><em>hit</em></strong></span> <span class='ocrx_word' id='word_1_11' title='bbox 358 390 605 459; x_wconf 87' lang='lat' dir='ltr'><strong><em>audacia,</em></strong></span> <span class='ocrx_word' id='word_1_12' title='bbox 653 391 772 463; x_wconf 88' lang='lat' dir='ltr'><strong><em>ipso</em></strong></span> <span class='ocrx_word' id='word_1_13' title='bbox 821 405 1040 463; x_wconf 89' lang='lat' dir='ltr'><strong><em>quoque</em></strong></span> <span class='ocrx_word' id='word_1_14' title='bbox 1085 389 1336 446; x_wconf 88' lang='lat' dir='ltr'><strong><em>Domino</em></strong></span> <span class='ocrx_word' id='word_1_15' title='bbox 1383 388 1500 447; x_wconf 71' lang='lat' dir='ltr'><strong><em>haec</em></strong></span> <span class='ocrx_word' id='word_1_16' title='bbox 1537 388 1607 446; x_wconf 91' lang='lat' dir='ltr'><strong><em>ad</em></strong></span> <span class='ocrx_word' id='word_1_17' title='bbox 1631 403 1726 446; x_wconf 89' lang='lat' dir='ltr'><strong><em>eos</em></strong></span> <span class='ocrx_word' id='word_1_18' title='bbox 1767 388 1843 445; x_wconf 91' lang='lat' dir='ltr'><strong><em>ita</em></strong></span> <span class='ocrx_word' id='word_1_19' title='bbox 1874 392 1925 455; x_wconf 86' lang='grc' dir='ltr'><strong>Α</strong></span> <span class='ocrx_word' id='word_1_20' title='bbox 1955 403 2182 461; x_wconf 88' lang='lat' dir='ltr'><strong><em>operum</em></strong></span> <span class='ocrx_word' id='word_1_21' title='bbox 2222 397 2534 446; x_wconf 89' lang='lat' dir='ltr'><strong><em>nostrorum</em></strong></span> <span class='ocrx_word' id='word_1_22' title='bbox 2566 390 2789 459; x_wconf 89' lang='lat' dir='ltr'><strong><em>merito,</em></strong></span> <span class='ocrx_word' id='word_1_23' title='bbox 2818 391 2913 448; x_wconf 90' lang='lat' dir='ltr'><strong><em>sed</em></strong></span> <span class='ocrx_word' id='word_1_24' title='bbox 2941 392 3145 449; x_wconf 85' lang='lat' dir='ltr'><strong><em>caelesti</em></strong></span> <span class='ocrx_word' id='word_1_25' title='bbox 3170 393 3359 466; x_wconf 76' lang='lat' dir='ltr'><strong><em>gratiae</em></strong></span> <span class='ocrx_word' id='word_1_26' title='bbox 3383 393 3558 465; x_wconf 89' lang='lat' dir='ltr'><strong><em>depu-</em></strong></span> 
     </span>
    </p>
   </div>
   <div class='ocr_carea' id='block_1_5' title="bbox 256 485 1849 553">
    <p class='ocr_par' dir='ltr' id='par_1_5' title="bbox 256 485 1849 553">
     <span class='ocr_line' id='line_1_5' title="bbox 256 485 1849 553; baseline -0.003 -11"><span class='ocrx_word' id='word_1_27' title='bbox 256 492 480 542; x_wconf 86' lang='lat' dir='ltr'><strong><em>testante</em></strong></span> <span class='ocrx_word' id='word_1_28' title='bbox 506 504 520 541; x_wconf 94' lang='lat'><strong>:</strong></span> <span class='ocrx_word' id='word_1_29' title='bbox 551 487 668 544; x_wconf 85' lang='lat' dir='ltr'><strong><em>Non</em></strong></span> <span class='ocrx_word' id='word_1_30' title='bbox 688 486 828 540; x_wconf 88' lang='lat' dir='ltr'><strong><em>enim</em></strong></span> <span class='ocrx_word' id='word_1_31' title='bbox 846 485 1192 553; x_wconf 67' lang='lat' dir='ltr'><strong><em>cogitationes</em></strong></span> <span class='ocrx_word' id='word_1_32' title='bbox 1213 499 1344 539; x_wconf 71' lang='lat' dir='ltr'><strong><em>mete</em></strong></span> <span class='ocrx_word' id='word_1_33' title='bbox 1366 485 1707 553; x_wconf 70' lang='lat' dir='ltr'><strong><em>cogitationes</em></strong></span> <span class='ocrx_word' id='word_1_34' title='bbox 1734 496 1849 539; x_wconf 87' lang='lat' dir='ltr'><strong><em>ves-</em></strong></span> 
     </span>
    </p>
   </div>
   <div class='ocr_carea' id='block_1_6' title="bbox 256 578 1851 649">
    <p class='ocr_par' dir='ltr' id='par_1_6' title="bbox 256 578 1851 649">
     <span class='ocr_line' id='line_1_6' title="bbox 256 578 1851 649; baseline -0.003 -14"><span class='ocrx_word' id='word_1_35' title='bbox 256 583 381 644; x_wconf 62' lang='lat' dir='ltr'><strong><em>tra},</em></strong></span> <span class='ocrx_word' id='word_1_36' title='bbox 410 594 578 649; x_wconf 86' lang='lat' dir='ltr'><strong><em>neque</em></strong></span> <span class='ocrx_word' id='word_1_37' title='bbox 594 582 697 634; x_wconf 70' lang='lat' dir='ltr'><strong><em>vus</em></strong></span> <span class='ocrx_word' id='word_1_38' title='bbox 719 581 913 634; x_wconf 68' lang='lat' dir='ltr'><strong><em>vestra</em></strong></span> <span class='ocrx_word' id='word_1_39' title='bbox 935 579 1038 632; x_wconf 75' lang='lat' dir='ltr'><strong><em>vice</em></strong></span> <span class='ocrx_word' id='word_1_40' title='bbox 1054 591 1213 641; x_wconf 64' lang='lat' dir='ltr'><strong><em>mea),</em></strong></span> <span class='ocrx_word' id='word_1_41' title='bbox 1242 578 1375 633; x_wconf 88' lang='lat' dir='ltr'><strong><em>dicit</em></strong></span> <span class='ocrx_word' id='word_1_42' title='bbox 1404 579 1689 644; x_wconf 86' lang='lat' dir='ltr'><strong><em>Dominus;</em></strong></span> <span class='ocrx_word' id='word_1_43' title='bbox 1715 578 1851 647; x_wconf 86' lang='lat' dir='ltr'><strong><em>quia</em></strong></span> 
     </span>
    </p>
   </div>
   <div class='ocr_carea' id='block_1_7' title="bbox 254 670 1852 734">
    <p class='ocr_par' dir='ltr' id='par_1_7' title="bbox 254 670 1852 734">
     <span class='ocr_line' id='line_1_7' title="bbox 254 670 1852 734; baseline -0.002 -6"><span class='ocrx_word' id='word_1_44' title='bbox 254 673 389 729; x_wconf 88' lang='lat' dir='ltr'><strong><em>sicut</em></strong></span> <span class='ocrx_word' id='word_1_45' title='bbox 400 672 713 727; x_wconf 58' lang='lat' dir='ltr'><strong><em>emoliuntur</em></strong></span> <span class='ocrx_word' id='word_1_46' title='bbox 729 671 849 726; x_wconf 60' lang='lat' dir='ltr'><strong><em>creti</em></strong></span> <span class='ocrx_word' id='word_1_47' title='bbox 859 687 894 725; x_wconf 89' lang='lat' dir='ltr'><strong><em>a</em></strong></span> <span class='ocrx_word' id='word_1_48' title='bbox 911 674 1079 734; x_wconf 83' lang='lat' dir='ltr'><strong><em>terra,</em></strong></span> <span class='ocrx_word' id='word_1_49' title='bbox 1095 671 1173 725; x_wconf 85' lang='lat' dir='ltr'><strong><em>sic</em></strong></span> <span class='ocrx_word' id='word_1_50' title='bbox 1188 670 1444 726; x_wconf 59' lang='lat' dir='ltr'><strong><em>multatas</em></strong></span> <span class='ocrx_word' id='word_1_51' title='bbox 1460 674 1589 726; x_wconf 83' lang='lat' dir='ltr'><strong><em>stmt</em></strong></span> <span class='ocrx_word' id='word_1_52' title='bbox 1599 672 1702 725; x_wconf 76' lang='lat' dir='ltr'><strong><em>vice</em></strong></span> <span class='ocrx_word' id='word_1_53' title='bbox 1720 684 1852 725; x_wconf 65' lang='lat' dir='ltr'><strong><em>mea</em></strong></span> 
     </span>
    </p>
   </div>
   <div class='ocr_carea' id='block_1_8' title="bbox 253 764 1851 834">
    <p class='ocr_par' dir='ltr' id='par_1_8' title="bbox 253 764 1851 834">
     <span class='ocr_line' id='line_1_8' title="bbox 253 764 1851 834; baseline 0 -13"><span class='ocrx_word' id='word_1_54' title='bbox 253 782 288 821; x_wconf 89' lang='lat' dir='ltr'><strong><em>a</em></strong></span> <span class='ocrx_word' id='word_1_55' title='bbox 313 767 417 822; x_wconf 88' lang='lat' dir='ltr'><strong><em>viis</em></strong></span> <span class='ocrx_word' id='word_1_56' title='bbox 450 768 677 834; x_wconf 76' lang='lat' dir='ltr'><strong><em>vestris,</em></strong></span> <span class='ocrx_word' id='word_1_57' title='bbox 724 769 774 820; x_wconf 87' lang='lat' dir='ltr'><strong><em>et</em></strong></span> <span class='ocrx_word' id='word_1_58' title='bbox 808 766 1150 834; x_wconf 82' lang='lat' dir='ltr'><strong><em>cogitationes</em></strong></span> <span class='ocrx_word' id='word_1_59' title='bbox 1173 779 1305 821; x_wconf 72' lang='lat' dir='ltr'><strong><em>meos</em></strong></span> <span class='ocrx_word' id='word_1_60' title='bbox 1350 780 1384 819; x_wconf 88' lang='lat' dir='ltr'><strong><em>a</em></strong></span> <span class='ocrx_word' id='word_1_61' title='bbox 1435 764 1851 834; x_wconf 71' lang='lat' dir='ltr'><strong><em>cogitationibus</em></strong></span> 
     </span>
    </p>
   </div>
   <div class='ocr_carea' id='block_1_9' title="bbox 251 856 1850 932">
    <p class='ocr_par' dir='ltr' id='par_1_9' title="bbox 251 856 1850 932">
     <span class='ocr_line' id='line_1_9' title="bbox 251 856 1850 932; baseline 0 -19"><span class='ocrx_word' id='word_1_62' title='bbox 251 862 436 917; x_wconf 90' lang='lat' dir='ltr'><strong><em>vestris</em></strong></span> <span class='ocrx_word' id='word_1_63' title='bbox 462 860 641 932; x_wconf 76' lang='lat' dir='ltr'><strong><em>(Isaiae</em></strong></span> <span class='ocrx_word' id='word_1_64' title='bbox 669 861 787 926; x_wconf 78' lang='grc' dir='ltr'><strong><em>ιγ).</em></strong></span> <span class='ocrx_word' id='word_1_65' title='bbox 818 859 975 914; x_wconf 86' lang='lat' dir='ltr'><strong><em>Hanc</em></strong></span> <span class='ocrx_word' id='word_1_66' title='bbox 1003 858 1171 930; x_wconf 78' lang='lat' dir='ltr'><strong><em>igitur</em></strong></span> <span class='ocrx_word' id='word_1_67' title='bbox 1196 856 1659 930; x_wconf 81' lang='lat' dir='ltr'><strong><em>dispensationem</em></strong></span> <span class='ocrx_word' id='word_1_68' title='bbox 1685 865 1850 930; x_wconf 90' lang='lat' dir='ltr'><strong><em>atque</em></strong></span> 
     </span>
    </p>
   </div>
   <div class='ocr_carea' id='block_1_10' title="bbox 248 952 1850 1027">
    <p class='ocr_par' dir='ltr' id='par_1_10' title="bbox 248 952 1850 1027">
     <span class='ocr_line' id='line_1_10' title="bbox 248 952 1850 1027; baseline 0 -17"><span class='ocrx_word' id='word_1_69' title='bbox 248 968 495 1012; x_wconf 88' lang='lat' dir='ltr'><strong><em>amorem</em></strong></span> <span class='ocrx_word' id='word_1_70' title='bbox 523 969 708 1023; x_wconf 89' lang='lat' dir='ltr'><strong><em>suum,</em></strong></span> <span class='ocrx_word' id='word_1_71' title='bbox 741 968 906 1027; x_wconf 86' lang='lat' dir='ltr'><strong>quem</strong></span> <span class='ocrx_word' id='word_1_72' title='bbox 928 953 1089 1010; x_wconf 91' lang='lat' dir='ltr'><strong><em>nobis</em></strong></span> <span class='ocrx_word' id='word_1_73' title='bbox 1114 952 1356 1012; x_wconf 87' lang='lat' dir='ltr'><strong><em>tribuere</em></strong></span> <span class='ocrx_word' id='word_1_74' title='bbox 1387 953 1662 1010; x_wconf 85' lang='lat' dir='ltr'><strong><em>Dominus</em></strong></span> <span class='ocrx_word' id='word_1_75' title='bbox 1688 952 1850 1010; x_wconf 90' lang='lat' dir='ltr'><strong><em>inde-</em></strong></span> 
     </span>
    </p>
   </div>
   <div class='ocr_carea' id='block_1_11' title="bbox 249 1043 1848 1120">
    <p class='ocr_par' dir='ltr' id='par_1_11' title="bbox 249 1043 1848 1120">
     <span class='ocr_line' id='line_1_11' title="bbox 249 1043 1848 1120; baseline 0 -18"><span class='ocrx_word' id='word_1_76' title='bbox 249 1043 397 1103; x_wconf 88' lang='lat' dir='ltr'><strong><em>fessa</em></strong></span> <span class='ocrx_word' id='word_1_77' title='bbox 437 1048 639 1120; x_wconf 77' lang='lat' dir='ltr'><strong><em>pietate</em></strong></span> <span class='ocrx_word' id='word_1_78' title='bbox 681 1046 967 1120; x_wconf 84' lang='lat' dir='ltr'><strong><em>dignatur,</em></strong></span> <span class='ocrx_word' id='word_1_79' title='bbox 1011 1047 1199 1104; x_wconf 88' lang='lat' dir='ltr'><strong><em>volens</em></strong></span> <span class='ocrx_word' id='word_1_80' title='bbox 1240 1046 1499 1105; x_wconf 56' lang='lat' dir='ltr'><strong><em>humanae.</em></strong></span> <span class='ocrx_word' id='word_1_81' title='bbox 1540 1044 1848 1104; x_wconf 76' lang='lat' dir='ltr'><strong><em>affectionis</em></strong></span> 
     </span>
    </p>
   </div>
   <div class='ocr_carea' id='block_1_12' title="bbox 247 1139 1849 1214">
    <p class='ocr_par' dir='ltr' id='par_1_12' title="bbox 247 1139 1849 1214">
     <span class='ocr_line' id='line_1_12' title="bbox 247 1139 1849 1214; baseline -0.001 -18"><span class='ocrx_word' id='word_1_82' title='bbox 247 1147 404 1197; x_wconf 89' lang='lat' dir='ltr'><strong><em>motu</em></strong></span> <span class='ocrx_word' id='word_1_83' title='bbox 436 1140 762 1214; x_wconf 81' lang='lat' dir='ltr'><strong><em>exprimere,</em></strong></span> <span class='ocrx_word' id='word_1_84' title='bbox 783 1155 886 1197; x_wconf 88' lang='lat' dir='ltr'><strong><em>nec</em></strong></span> <span class='ocrx_word' id='word_1_85' title='bbox 912 1140 1194 1199; x_wconf 88' lang='lat' dir='ltr'><strong><em>inveniens</em></strong></span> <span class='ocrx_word' id='word_1_86' title='bbox 1210 1139 1267 1197; x_wconf 90' lang='lat' dir='ltr'><strong><em>in</em></strong></span> <span class='ocrx_word' id='word_1_87' title='bbox 1286 1139 1390 1197; x_wconf 89' lang='lat' dir='ltr'><strong><em>hac</em></strong></span> <span class='ocrx_word' id='word_1_88' title='bbox 1415 1148 1662 1198; x_wconf 83' lang='lat' dir='ltr'><strong><em>creatura</em></strong></span> <span class='ocrx_word' id='word_1_89' title='bbox 1680 1140 1849 1196; x_wconf 85' lang='lat' dir='ltr'><strong><em>talem</em></strong></span> 
     </span>
    </p>
   </div>
   <div class='ocr_carea' id='block_1_13' title="bbox 248 1232 1858 1308">
    <p class='ocr_par' dir='ltr' id='par_1_13' title="bbox 248 1232 1858 1308">
     <span class='ocr_line' id='line_1_13' title="bbox 248 1232 1858 1308; baseline 0 -18"><span class='ocrx_word' id='word_1_90' title='bbox 248 1232 540 1291; x_wconf 88' lang='lat' dir='ltr'><strong><em>charitatis</em></strong></span> <span class='ocrx_word' id='word_1_91' title='bbox 567 1232 854 1303; x_wconf 82' lang='lat' dir='ltr'><strong><em>affectum,</em></strong></span> <span class='ocrx_word' id='word_1_92' title='bbox 882 1234 970 1291; x_wconf 89' lang='lat' dir='ltr'><strong><em>cui</em></strong></span> <span class='ocrx_word' id='word_1_93' title='bbox 993 1248 1121 1292; x_wconf 89' lang='lat' dir='ltr'><strong><em>eum</em></strong></span> <span class='ocrx_word' id='word_1_94' title='bbox 1163 1248 1482 1308; x_wconf 87' lang='lat' dir='ltr'><strong><em>comparare</em></strong></span> <span class='ocrx_word' id='word_1_95' title='bbox 1494 1233 1712 1307; x_wconf 84' lang='lat' dir='ltr'><strong><em>dignius</em></strong></span> <span class='ocrx_word' id='word_1_96' title='bbox 1731 1248 1858 1307; x_wconf 89' lang='lat' dir='ltr'><strong><em>pos-</em></strong></span> 
     </span>
    </p>
   </div>
   <div class='ocr_carea' id='block_1_14' title="bbox 245 1326 1848 1400">
    <p class='ocr_par' dir='ltr' id='par_1_14' title="bbox 245 1326 1848 1400">
     <span class='ocr_line' id='line_1_14' title="bbox 245 1326 1848 1400; baseline 0 -17"><span class='ocrx_word' id='word_1_97' title='bbox 245 1333 349 1395; x_wconf 91' lang='lat' dir='ltr'><strong><em>set,</em></strong></span> <span class='ocrx_word' id='word_1_98' title='bbox 373 1326 682 1384; x_wconf 83' lang='lat' dir='ltr'><strong><em>tenerrimis</em></strong></span> <span class='ocrx_word' id='word_1_99' title='bbox 718 1327 824 1400; x_wconf 73' lang='lat' dir='ltr'><strong><em>pia:</em></strong></span> <span class='ocrx_word' id='word_1_100' title='bbox 852 1328 1047 1384; x_wconf 89' lang='lat' dir='ltr'><strong><em>matris</em></strong></span> <span class='ocrx_word' id='word_1_101' title='bbox 1074 1327 1371 1386; x_wconf 88' lang='lat' dir='ltr'><strong><em>visceribus</em></strong></span> <span class='ocrx_word' id='word_1_102' title='bbox 1408 1328 1762 1400; x_wconf 86' lang='lat' dir='ltr'><strong><em>comparavit,</em></strong></span> <span class='ocrx_word' id='word_1_103' title='bbox 1793 1334 1848 1383; x_wconf 88' lang='lat' dir='ltr'><strong><em>et</em></strong></span> 
     </span>
    </p>
   </div>
   <div class='ocr_carea' id='block_1_15' title="bbox 246 1418 1849 1493">
    <p class='ocr_par' dir='ltr' id='par_1_15' title="bbox 246 1418 1849 1493">
     <span class='ocr_line' id='line_1_15' title="bbox 246 1418 1849 1493; baseline 0.001 -18"><span class='ocrx_word' id='word_1_104' title='bbox 246 1418 426 1477; x_wconf 87' lang='lat' dir='ltr'><strong><em>utitur</em></strong></span> <span class='ocrx_word' id='word_1_105' title='bbox 473 1419 698 1492; x_wconf 87' lang='lat' dir='ltr'><strong><em>quidem</em></strong></span> <span class='ocrx_word' id='word_1_106' title='bbox 742 1421 848 1478; x_wconf 91' lang='lat' dir='ltr'><strong><em>hoc</em></strong></span> <span class='ocrx_word' id='word_1_107' title='bbox 894 1420 1164 1493; x_wconf 83' lang='lat' dir='ltr'><strong><em>exemplo,</em></strong></span> <span class='ocrx_word' id='word_1_108' title='bbox 1190 1419 1314 1493; x_wconf 89' lang='lat' dir='ltr'><strong><em>quia</em></strong></span> <span class='ocrx_word' id='word_1_109' title='bbox 1355 1419 1571 1477; x_wconf 88' lang='lat' dir='ltr'><strong><em>charius</em></strong></span> <span class='ocrx_word' id='word_1_110' title='bbox 1613 1419 1760 1477; x_wconf 83' lang='lat' dir='ltr'><strong><em>aliud</em></strong></span> <span class='ocrx_word' id='word_1_111' title='bbox 1792 1419 1849 1476; x_wconf 88' lang='lat' dir='ltr'><strong><em>in</em></strong></span> 
     </span>
    </p>
   </div>
   <div class='ocr_carea' id='block_1_16' title="bbox 241 1512 1847 1587">
    <p class='ocr_par' dir='ltr' id='par_1_16' title="bbox 241 1512 1847 1587">
     <span class='ocr_line' id='line_1_16' title="bbox 241 1512 1847 1587; baseline 0 -18"><span class='ocrx_word' id='word_1_112' title='bbox 241 1521 440 1570; x_wconf 86' lang='lat' dir='ltr'><strong><em>natura</em></strong></span> <span class='ocrx_word' id='word_1_113' title='bbox 477 1513 771 1571; x_wconf 86' lang='lat' dir='ltr'><strong><em>hominum</em></strong></span> <span class='ocrx_word' id='word_1_114' title='bbox 798 1530 911 1572; x_wconf 91' lang='lat' dir='ltr'><strong><em>non</em></strong></span> <span class='ocrx_word' id='word_1_115' title='bbox 938 1522 1117 1587; x_wconf 86' lang='lat' dir='ltr'><strong><em>potest</em></strong></span> <span class='ocrx_word' id='word_1_116' title='bbox 1139 1512 1387 1581; x_wconf 83' lang='lat' dir='ltr'><strong><em>inveniri,</em></strong></span> <span class='ocrx_word' id='word_1_117' title='bbox 1416 1513 1601 1571; x_wconf 88' lang='lat' dir='ltr'><strong><em>dicens</em></strong></span> <span class='ocrx_word' id='word_1_118' title='bbox 1632 1535 1645 1570; x_wconf 88' lang='lat'><strong>:</strong></span> <span class='ocrx_word' id='word_1_119' title='bbox 1677 1517 1847 1574; x_wconf 87' lang='lat' dir='ltr'><strong><em>Num-</em></strong></span> 
     </span>
    </p>
   </div>
   <div class='ocr_carea' id='block_1_17' title="bbox 242 1608 1853 1690">
    <p class='ocr_par' dir='ltr' id='par_1_17' title="bbox 242 1608 1853 1690">
     <span class='ocr_line' id='line_1_17' title="bbox 242 1608 1853 1690; baseline -0.001 -27"><span class='ocrx_word' id='word_1_120' title='bbox 242 1608 381 1678; x_wconf 86' lang='lat' dir='ltr'><strong><em>quid</em></strong></span> <span class='ocrx_word' id='word_1_121' title='bbox 408 1609 659 1664; x_wconf 75' lang='lat' dir='ltr'><strong><em>oblivisci</em></strong></span> <span class='ocrx_word' id='word_1_122' title='bbox 671 1613 851 1680; x_wconf 69' lang='lat' dir='ltr'><strong><em>potest</em></strong></span> <span class='ocrx_word' id='word_1_123' title='bbox 881 1610 1078 1665; x_wconf 80' lang='lat' dir='ltr'><strong><em>mulier</em></strong></span> <span class='ocrx_word' id='word_1_124' title='bbox 1119 1609 1395 1677; x_wconf 78' lang='lat' dir='ltr'><strong><em>infantem</em></strong></span> <span class='ocrx_word' id='word_1_125' title='bbox 1432 1623 1610 1690; x_wconf 77' lang='lat' dir='ltr'><strong><em>suum,</em></strong></span> <span class='ocrx_word' id='word_1_126' title='bbox 1652 1612 1717 1663; x_wconf 91' lang='lat' dir='ltr'><strong><em>ut</em></strong></span> <span class='ocrx_word' id='word_1_127' title='bbox 1744 1622 1853 1662; x_wconf 88' lang='lat' dir='ltr'><strong><em>non</em></strong></span> 
     </span>
    </p>
   </div>
   <div class='ocr_carea' id='block_1_18' title="bbox 242 1701 1853 1774">
    <p class='ocr_par' dir='ltr' id='par_1_18' title="bbox 242 1701 1853 1774">
     <span class='ocr_line' id='line_1_18' title="bbox 242 1701 1853 1774; baseline -0.001 -16"><span class='ocrx_word' id='word_1_128' title='bbox 242 1705 566 1758; x_wconf 80' lang='lat' dir='ltr'><strong><em>misereatur</em></strong></span> <span class='ocrx_word' id='word_1_129' title='bbox 595 1704 709 1773; x_wconf 79' lang='lat' dir='ltr'><strong><em>ﬁlio</em></strong></span> <span class='ocrx_word' id='word_1_130' title='bbox 730 1704 877 1759; x_wconf 86' lang='lat' dir='ltr'><strong><em>uteri</em></strong></span> <span class='ocrx_word' id='word_1_131' title='bbox 902 1706 993 1759; x_wconf 89' lang='lat' dir='ltr'><strong><em>sui</em></strong></span> <span class='ocrx_word' id='word_1_132' title='bbox 1011 1704 1197 1772; x_wconf 77' lang='lat' dir='ltr'><strong><em>(Isaia:</em></strong></span> <span class='ocrx_word' id='word_1_133' title='bbox 1221 1702 1427 1774; x_wconf 74' lang='lat' dir='ltr'><strong><em>XLIX)?</em></strong></span> <span class='ocrx_word' id='word_1_134' title='bbox 1447 1701 1554 1759; x_wconf 90' lang='lat' dir='ltr'><strong><em>Sed</em></strong></span> <span class='ocrx_word' id='word_1_135' title='bbox 1581 1716 1696 1758; x_wconf 90' lang='lat' dir='ltr'><strong><em>non</em></strong></span> <span class='ocrx_word' id='word_1_136' title='bbox 1722 1715 1853 1757; x_wconf 90' lang='lat' dir='ltr'><strong><em>con-</em></strong></span> 
     </span>
    </p>
   </div>
   <div class='ocr_carea' id='block_1_19' title="bbox 1957 482 3560 557">
    <p class='ocr_par' dir='ltr' id='par_1_19' title="bbox 1957 482 3560 557">
     <span class='ocr_line' id='line_1_19' title="bbox 1957 482 3560 557; baseline 0.003 -20"><span class='ocrx_word' id='word_1_137' title='bbox 1957 482 2200 551; x_wconf 92' lang='lat' dir='ltr'><strong><em>tandam,</em></strong></span> <span class='ocrx_word' id='word_1_138' title='bbox 2252 483 2325 539; x_wconf 91' lang='lat' dir='ltr'><strong><em>ita</em></strong></span> <span class='ocrx_word' id='word_1_139' title='bbox 2363 485 2588 541; x_wconf 90' lang='lat' dir='ltr'><strong><em>Domini</em></strong></span> <span class='ocrx_word' id='word_1_140' title='bbox 2637 485 2802 557; x_wconf 87' lang='lat' dir='ltr'><strong><em>ipsius</em></strong></span> <span class='ocrx_word' id='word_1_141' title='bbox 2827 486 3052 544; x_wconf 80' lang='lat' dir='ltr'><strong><em>vocibus</em></strong></span> <span class='ocrx_word' id='word_1_142' title='bbox 3095 486 3388 543; x_wconf 88' lang='lat' dir='ltr'><strong><em>edocemur</em></strong></span> <span class='ocrx_word' id='word_1_143' title='bbox 3440 490 3560 542; x_wconf 85' lang='lat' dir='ltr'><strong><em>:Et</em></strong></span> 
     </span>
    </p>
   </div>
   <div class='ocr_carea' id='block_1_20' title="bbox 1959 578 3555 639">
    <p class='ocr_par' dir='ltr' id='par_1_20' title="bbox 1959 578 3555 639">
     <span class='ocr_line' id='line_1_20' title="bbox 1959 578 3555 639; baseline 0.003 -6"><span class='ocrx_word' id='word_1_144' title='bbox 1959 578 2379 634; x_wconf 87' lang='lat' dir='ltr'><strong><em>recordabimini</em></strong></span> <span class='ocrx_word' id='word_1_145' title='bbox 2401 581 2621 637; x_wconf 85' lang='lat' dir='ltr'><strong><em>viarum</em></strong></span> <span class='ocrx_word' id='word_1_146' title='bbox 2644 585 2942 638; x_wconf 73' lang='lat' dir='ltr'><strong><em>vestrarm</em></strong></span> <span class='ocrx_word' id='word_1_147' title='bbox 2972 587 3023 638; x_wconf 87' lang='lat' dir='ltr'><strong><em>et</em></strong></span> <span class='ocrx_word' id='word_1_148' title='bbox 3044 585 3279 638; x_wconf 81' lang='lat' dir='ltr'><strong><em>omnium</em></strong></span> <span class='ocrx_word' id='word_1_149' title='bbox 3304 583 3555 639; x_wconf 86' lang='lat' dir='ltr'><strong><em>scelerum</em></strong></span> 
     </span>
    </p>
   </div>
   <div class='ocr_carea' id='block_1_21' title="bbox 1959 672 3558 747">
    <p class='ocr_par' dir='ltr' id='par_1_21' title="bbox 1959 672 3558 747">
     <span class='ocr_line' id='line_1_21' title="bbox 1959 672 3558 747; baseline 0.003 -20"><span class='ocrx_word' id='word_1_150' title='bbox 1959 676 2252 729; x_wconf 83' lang='lat' dir='ltr'><strong><em>vestrorum</em></strong></span> <span class='ocrx_word' id='word_1_151' title='bbox 2282 672 2482 743; x_wconf 78' lang='lat' dir='ltr'><strong><em>quibus</em></strong></span> <span class='ocrx_word' id='word_1_152' title='bbox 2516 675 2719 746; x_wconf 81' lang='lat' dir='ltr'><strong><em>polluti</em></strong></span> <span class='ocrx_word' id='word_1_153' title='bbox 2745 678 2872 732; x_wconf 82' lang='lat' dir='ltr'><strong><em>estis</em></strong></span> <span class='ocrx_word' id='word_1_154' title='bbox 2906 678 2966 731; x_wconf 88' lang='lat' dir='ltr'><strong><em>in</em></strong></span> <span class='ocrx_word' id='word_1_155' title='bbox 2997 679 3093 740; x_wconf 83' lang='lat' dir='ltr'><strong><em>eis,</em></strong></span> <span class='ocrx_word' id='word_1_156' title='bbox 3132 680 3184 731; x_wconf 88' lang='lat' dir='ltr'><strong><em>et</em></strong></span> <span class='ocrx_word' id='word_1_157' title='bbox 3210 676 3558 747; x_wconf 82' lang='lat' dir='ltr'><strong><em>displicebitis</em></strong></span> 
     </span>
    </p>
   </div>
   <div class='ocr_carea' id='block_1_22' title="bbox 1958 768 3557 840">
    <p class='ocr_par' dir='ltr' id='par_1_22' title="bbox 1958 768 3557 840">
     <span class='ocr_line' id='line_1_22' title="bbox 1958 768 3557 840; baseline 0.001 -19"><span class='ocrx_word' id='word_1_158' title='bbox 1958 768 2103 822; x_wconf 83' lang='lat' dir='ltr'><strong><em>vobis</em></strong></span> <span class='ocrx_word' id='word_1_159' title='bbox 2119 769 2183 822; x_wconf 91' lang='lat' dir='ltr'><strong><em>in</em></strong></span> <span class='ocrx_word' id='word_1_160' title='bbox 2211 773 2494 839; x_wconf 86' lang='lat' dir='ltr'><strong><em>conspectu</em></strong></span> <span class='ocrx_word' id='word_1_161' title='bbox 2528 773 2720 840; x_wconf 83' lang='lat' dir='ltr'><strong><em>vestro,</em></strong></span> <span class='ocrx_word' id='word_1_162' title='bbox 2764 770 2825 825; x_wconf 84' lang='lat' dir='ltr'><strong><em>in</em></strong></span> <span class='ocrx_word' id='word_1_163' title='bbox 2850 771 3096 825; x_wconf 88' lang='lat' dir='ltr'><strong><em>omnibus</em></strong></span> <span class='ocrx_word' id='word_1_164' title='bbox 3120 771 3344 825; x_wconf 81' lang='lat' dir='ltr'><strong><em>malitiis</em></strong></span> <span class='ocrx_word' id='word_1_165' title='bbox 3371 770 3557 824; x_wconf 83' lang='lat' dir='ltr'><strong><em>vestris</em></strong></span> 
     </span>
    </p>
   </div>
   <div class='ocr_carea' id='block_1_23' title="bbox 1958 857 3559 928">
    <p class='ocr_par' dir='ltr' id='par_1_23' title="bbox 1958 857 3559 928">
     <span class='ocr_line' id='line_1_23' title="bbox 1958 857 3559 928; baseline -0.002 -15"><span class='ocrx_word' id='word_1_166' title='bbox 1958 871 2097 926; x_wconf 84' lang='lat' dir='ltr'><strong><em>quas</em></strong></span> <span class='ocrx_word' id='word_1_167' title='bbox 2124 859 2348 925; x_wconf 81' lang='lat' dir='ltr'><strong><em>fecistis,</em></strong></span> <span class='ocrx_word' id='word_1_168' title='bbox 2374 862 2426 913; x_wconf 92' lang='lat' dir='ltr'><strong><em>et</em></strong></span> <span class='ocrx_word' id='word_1_169' title='bbox 2441 860 2619 915; x_wconf 81' lang='lat' dir='ltr'><strong><em>scietis</em></strong></span> <span class='ocrx_word' id='word_1_170' title='bbox 2643 860 2772 928; x_wconf 85' lang='lat' dir='ltr'><strong><em>quia</em></strong></span> <span class='ocrx_word' id='word_1_171' title='bbox 2797 874 2888 927; x_wconf 88' lang='lat' dir='ltr'><strong><em>ego</em></strong></span> <span class='ocrx_word' id='word_1_172' title='bbox 2917 860 3172 914; x_wconf 88' lang='lat' dir='ltr'><strong><em>Dominus</em></strong></span> <span class='ocrx_word' id='word_1_173' title='bbox 3204 872 3322 912; x_wconf 86' lang='lat' dir='ltr'><strong><em>cum</em></strong></span> <span class='ocrx_word' id='word_1_174' title='bbox 3347 857 3559 923; x_wconf 86' lang='lat' dir='ltr'><strong><em>benefe-</em></strong></span> 
     </span>
    </p>
   </div>
   <div class='ocr_carea' id='block_1_24' title="bbox 1959 951 3560 1022">
    <p class='ocr_par' dir='ltr' id='par_1_24' title="bbox 1959 951 3560 1022">
     <span class='ocr_line' id='line_1_24' title="bbox 1959 951 3560 1022; baseline 0 -16"><span class='ocrx_word' id='word_1_175' title='bbox 1959 964 2075 1006; x_wconf 85' lang='lat' dir='ltr'><strong><em>cere</em></strong></span> <span class='ocrx_word' id='word_1_176' title='bbox 2100 951 2244 1007; x_wconf 84' lang='lat' dir='ltr'><strong><em>vobis</em></strong></span> <span class='ocrx_word' id='word_1_177' title='bbox 2271 955 2498 1022; x_wconf 82' lang='lat' dir='ltr'><strong><em>propter</em></strong></span> <span class='ocrx_word' id='word_1_178' title='bbox 2519 967 2709 1008; x_wconf 86' lang='lat' dir='ltr'><strong><em>nomen</em></strong></span> <span class='ocrx_word' id='word_1_179' title='bbox 2740 967 2948 1020; x_wconf 82' lang='lat' dir='ltr'><strong><em>meum,</em></strong></span> <span class='ocrx_word' id='word_1_180' title='bbox 2986 967 3091 1007; x_wconf 89' lang='lat' dir='ltr'><strong><em>non</em></strong></span> <span class='ocrx_word' id='word_1_181' title='bbox 3130 953 3417 1007; x_wconf 81' lang='lat' dir='ltr'><strong><em>secundum</em></strong></span> <span class='ocrx_word' id='word_1_182' title='bbox 3441 951 3560 1006; x_wconf 87' lang='lat' dir='ltr'><strong><em>vias</em></strong></span> 
     </span>
    </p>
   </div>
   <div class='ocr_carea' id='block_1_25' title="bbox 1957 1044 3557 1117">
    <p class='ocr_par' dir='ltr' id='par_1_25' title="bbox 1957 1044 3557 1117">
     <span class='ocr_line' id='line_1_25' title="bbox 1957 1044 3557 1117; baseline 0.001 -19"><span class='ocrx_word' id='word_1_183' title='bbox 1957 1046 2164 1100; x_wconf 86' lang='lat' dir='ltr'><strong><em>vestras</em></strong></span> <span class='ocrx_word' id='word_1_184' title='bbox 2180 1044 2377 1109; x_wconf 82' lang='lat' dir='ltr'><strong><em>malas,</em></strong></span> <span class='ocrx_word' id='word_1_185' title='bbox 2403 1058 2571 1115; x_wconf 86' lang='lat' dir='ltr'><strong><em>neque</em></strong></span> <span class='ocrx_word' id='word_1_186' title='bbox 2587 1044 2872 1101; x_wconf 84' lang='lat' dir='ltr'><strong><em>secundum</em></strong></span> <span class='ocrx_word' id='word_1_187' title='bbox 2897 1047 3094 1102; x_wconf 89' lang='lat' dir='ltr'><strong><em>scelera</em></strong></span> <span class='ocrx_word' id='word_1_188' title='bbox 3110 1049 3287 1102; x_wconf 87' lang='lat' dir='ltr'><strong><em>vestra</em></strong></span> <span class='ocrx_word' id='word_1_189' title='bbox 3303 1048 3557 1117; x_wconf 85' lang='lat' dir='ltr'><strong><em>pessima,</em></strong></span> 
     </span>
    </p>
   </div>
   <div class='ocr_carea' id='block_1_26' title="bbox 1957 1134 3561 1207">
    <p class='ocr_par' dir='ltr' id='par_1_26' title="bbox 1957 1134 3561 1207">
     <span class='ocr_line' id='line_1_26' title="bbox 1957 1134 3561 1207; baseline 0.001 -15"><span class='ocrx_word' id='word_1_190' title='bbox 1957 1136 2147 1192; x_wconf 83' lang='lat' dir='ltr'><strong><em>domus</em></strong></span> <span class='ocrx_word' id='word_1_191' title='bbox 2165 1134 2334 1194; x_wconf 77' lang='lat' dir='ltr'><strong><em>Israel</em></strong></span> <span class='ocrx_word' id='word_1_192' title='bbox 2359 1139 2570 1203; x_wconf 81' lang='lat' dir='ltr'><strong><em>(Ezech.</em></strong></span> <span class='ocrx_word' id='word_1_193' title='bbox 2603 1139 2728 1207; x_wconf 81' lang='lat' dir='ltr'><strong>xx).</strong></span> <span class='ocrx_word' id='word_1_194' title='bbox 2754 1141 2825 1194; x_wconf 88' lang='lat' dir='ltr'><strong><em>Et</em></strong></span> <span class='ocrx_word' id='word_1_195' title='bbox 2861 1137 3060 1195; x_wconf 83' lang='lat' dir='ltr'><strong><em>ideirco</em></strong></span> <span class='ocrx_word' id='word_1_196' title='bbox 3088 1138 3197 1203; x_wconf 87' lang='lat' dir='ltr'><strong><em>hoc</em></strong></span> <span class='ocrx_word' id='word_1_197' title='bbox 3219 1139 3288 1194; x_wconf 88' lang='lat' dir='ltr'><strong><em>ab</em></strong></span> <span class='ocrx_word' id='word_1_198' title='bbox 3303 1138 3561 1195; x_wconf 89' lang='lat' dir='ltr'><strong><em>omnibus</em></strong></span> 
     </span>
    </p>
   </div>
   <div class='ocr_carea' id='block_1_27' title="bbox 1957 1230 3559 1304">
    <p class='ocr_par' dir='ltr' id='par_1_27' title="bbox 1957 1230 3559 1304">
     <span class='ocr_line' id='line_1_27' title="bbox 1957 1230 3559 1304; baseline 0 -16"><span class='ocrx_word' id='word_1_199' title='bbox 1957 1230 2238 1289; x_wconf 86' lang='lat' dir='ltr'><strong><em>catholicis</em></strong></span> <span class='ocrx_word' id='word_1_200' title='bbox 2280 1231 2530 1288; x_wconf 83' lang='lat' dir='ltr'><strong><em>Patrihus</em></strong></span> <span class='ocrx_word' id='word_1_201' title='bbox 2575 1231 2859 1299; x_wconf 89' lang='lat' dir='ltr'><strong><em>deﬁnitur,</em></strong></span> <span class='ocrx_word' id='word_1_202' title='bbox 2902 1232 2994 1304; x_wconf 88' lang='lat' dir='ltr'><strong><em>qui</em></strong></span> <span class='ocrx_word' id='word_1_203' title='bbox 3020 1230 3409 1304; x_wconf 85' lang='lat' dir='ltr'><strong><em>perfectionem</em></strong></span> <span class='ocrx_word' id='word_1_204' title='bbox 3437 1247 3559 1288; x_wconf 91' lang='lat' dir='ltr'><strong><em>cor-</em></strong></span> 
     </span>
    </p>
   </div>
   <div class='ocr_carea' id='block_1_28' title="bbox 1956 1323 3560 1397">
    <p class='ocr_par' dir='ltr' id='par_1_28' title="bbox 1956 1323 3560 1397">
     <span class='ocr_line' id='line_1_28' title="bbox 1956 1323 3560 1397; baseline -0.001 -15"><span class='ocrx_word' id='word_1_205' title='bbox 1956 1326 2061 1396; x_wconf 88' lang='lat' dir='ltr'><strong><em>dis,</em></strong></span> <span class='ocrx_word' id='word_1_206' title='bbox 2088 1340 2198 1382; x_wconf 89' lang='lat' dir='ltr'><strong><em>uou</em></strong></span> <span class='ocrx_word' id='word_1_207' title='bbox 2245 1324 2389 1382; x_wconf 89' lang='lat' dir='ltr'><strong><em>inani</em></strong></span> <span class='ocrx_word' id='word_1_208' title='bbox 2431 1324 2802 1397; x_wconf 86' lang='lat' dir='ltr'><strong><em>disputatione</em></strong></span> <span class='ocrx_word' id='word_1_209' title='bbox 2831 1325 3147 1392; x_wconf 80' lang='lat' dir='ltr'><strong><em>verborum,</em></strong></span> <span class='ocrx_word' id='word_1_210' title='bbox 3187 1323 3282 1380; x_wconf 91' lang='lat' dir='ltr'><strong><em>sed</em></strong></span> <span class='ocrx_word' id='word_1_211' title='bbox 3312 1339 3371 1380; x_wconf 90' lang='lat' dir='ltr'><strong><em>re</em></strong></span> <span class='ocrx_word' id='word_1_212' title='bbox 3399 1332 3560 1395; x_wconf 90' lang='lat' dir='ltr'><strong><em>atque</em></strong></span> 
     </span>
    </p>
   </div>
   <div class='ocr_carea' id='block_1_29' title="bbox 1957 1416 3560 1491">
    <p class='ocr_par' dir='ltr' id='par_1_29' title="bbox 1957 1416 3560 1491">
     <span class='ocr_line' id='line_1_29' title="bbox 1957 1416 3560 1491; baseline -0.002 -16"><span class='ocrx_word' id='word_1_213' title='bbox 1957 1433 2142 1491; x_wconf 87' lang='lat' dir='ltr'><strong><em>opere,</em></strong></span> <span class='ocrx_word' id='word_1_214' title='bbox 2173 1416 2485 1474; x_wconf 88' lang='lat' dir='ltr'><strong><em>didicerunt</em></strong></span> <span class='ocrx_word' id='word_1_215' title='bbox 2532 1417 2699 1474; x_wconf 82' lang='lat' dir='ltr'><strong><em>divini</em></strong></span> <span class='ocrx_word' id='word_1_216' title='bbox 2754 1433 2870 1474; x_wconf 89' lang='lat' dir='ltr'><strong><em>esse</em></strong></span> <span class='ocrx_word' id='word_1_217' title='bbox 2901 1416 3161 1474; x_wconf 89' lang='lat' dir='ltr'><strong><em>muneris.</em></strong></span> <span class='ocrx_word' id='word_1_218' title='bbox 3203 1416 3451 1473; x_wconf 89' lang='lat' dir='ltr'><strong><em>Primum</em></strong></span> <span class='ocrx_word' id='word_1_219' title='bbox 3497 1424 3560 1473; x_wconf 92' lang='lat' dir='ltr'><strong><em>ut</em></strong></span> 
     </span>
    </p>
   </div>
   <div class='ocr_carea' id='block_1_30' title="bbox 1960 1509 3562 1584">
    <p class='ocr_par' dir='ltr' id='par_1_30' title="bbox 1960 1509 3562 1584">
     <span class='ocr_line' id='line_1_30' title="bbox 1960 1509 3562 1584; baseline -0.002 -15"><span class='ocrx_word' id='word_1_220' title='bbox 1960 1509 2287 1569; x_wconf 88' lang='lat' dir='ltr'><strong><em>accendatur</em></strong></span> <span class='ocrx_word' id='word_1_221' title='bbox 2304 1511 2675 1584; x_wconf 88' lang='lat' dir='ltr'><strong><em>unusquisque</em></strong></span> <span class='ocrx_word' id='word_1_222' title='bbox 2694 1510 2764 1568; x_wconf 89' lang='lat' dir='ltr'><strong><em>ad</em></strong></span> <span class='ocrx_word' id='word_1_223' title='bbox 2785 1510 3205 1567; x_wconf 89' lang='lat' dir='ltr'><strong><em>desiderandum</em></strong></span> <span class='ocrx_word' id='word_1_224' title='bbox 3228 1525 3395 1567; x_wconf 91' lang='lat' dir='ltr'><strong><em>omne</em></strong></span> <span class='ocrx_word' id='word_1_225' title='bbox 3413 1509 3562 1584; x_wconf 88' lang='lat' dir='ltr'><strong><em>quod</em></strong></span> 
     </span>
    </p>
   </div>
   <div class='ocr_carea' id='block_1_31' title="bbox 1961 1607 3563 1680">
    <p class='ocr_par' dir='ltr' id='par_1_31' title="bbox 1961 1607 3563 1680">
     <span class='ocr_line' id='line_1_31' title="bbox 1961 1607 3563 1680; baseline -0.001 -16"><span class='ocrx_word' id='word_1_226' title='bbox 1961 1608 2169 1665; x_wconf 90' lang='lat' dir='ltr'><strong><em>bonum</em></strong></span> <span class='ocrx_word' id='word_1_227' title='bbox 2192 1616 2297 1679; x_wconf 89' lang='lat' dir='ltr'><strong><em>est,</em></strong></span> <span class='ocrx_word' id='word_1_228' title='bbox 2343 1608 2439 1666; x_wconf 89' lang='lat' dir='ltr'><strong><em>sed</em></strong></span> <span class='ocrx_word' id='word_1_229' title='bbox 2464 1608 2537 1665; x_wconf 90' lang='lat' dir='ltr'><strong><em>ita</em></strong></span> <span class='ocrx_word' id='word_1_230' title='bbox 2562 1616 2625 1666; x_wconf 89' lang='lat' dir='ltr'><strong><em>ut</em></strong></span> <span class='ocrx_word' id='word_1_231' title='bbox 2654 1608 2710 1664; x_wconf 92' lang='lat' dir='ltr'><strong><em>in</em></strong></span> <span class='ocrx_word' id='word_1_232' title='bbox 2747 1609 3064 1666; x_wconf 83' lang='lat' dir='ltr'><strong><em>alterutram</em></strong></span> <span class='ocrx_word' id='word_1_233' title='bbox 3107 1616 3315 1680; x_wconf 88' lang='lat' dir='ltr'><strong><em>partem</em></strong></span> <span class='ocrx_word' id='word_1_234' title='bbox 3341 1607 3563 1679; x_wconf 90' lang='lat' dir='ltr'><strong><em>plenum</em></strong></span> 
     </span>
    </p>
   </div>
   <div class='ocr_carea' id='block_1_32' title="bbox 1963 1700 3565 1773">
    <p class='ocr_par' dir='ltr' id='par_1_32' title="bbox 1963 1700 3565 1773">
     <span class='ocr_line' id='line_1_32' title="bbox 1963 1700 3565 1773; baseline 0 -16"><span class='ocrx_word' id='word_1_235' title='bbox 1963 1701 2035 1757; x_wconf 87' lang='lat' dir='ltr'><strong><em>sit</em></strong></span> <span class='ocrx_word' id='word_1_236' title='bbox 2061 1701 2249 1758; x_wconf 65' lang='lat' dir='ltr'><strong><em>liberat</em></strong></span> <span class='ocrx_word' id='word_1_237' title='bbox 2295 1700 2589 1758; x_wconf 82' lang='lat' dir='ltr'><strong><em>voluntati</em></strong></span> <span class='ocrx_word' id='word_1_238' title='bbox 2629 1700 2939 1758; x_wconf 86' lang='lat' dir='ltr'><strong><em>arbitrium.</em></strong></span> <span class='ocrx_word' id='word_1_239' title='bbox 2988 1702 3240 1773; x_wconf 85' lang='lat' dir='ltr'><strong><em>Itemque</em></strong></span> <span class='ocrx_word' id='word_1_240' title='bbox 3269 1700 3433 1756; x_wconf 86' lang='lat' dir='ltr'><strong><em>etiam</em></strong></span> <span class='ocrx_word' id='word_1_241' title='bbox 3473 1714 3565 1757; x_wconf 90' lang='lat' dir='ltr'><strong><em>se-</em></strong></span> 
     </span>
    </p>
   </div>
   <div class='ocr_carea' id='block_1_33' title="bbox 241 1789 3561 1870">
    <p class='ocr_par' dir='ltr' id='par_1_33' title="bbox 241 1789 3561 1870">
     <span class='ocr_line' id='line_1_33' title="bbox 241 1789 3561 1870; baseline -0.001 -17"><span class='ocrx_word' id='word_1_242' title='bbox 241 1804 434 1853; x_wconf 87' lang='lat' dir='ltr'><strong><em>tentus</em></strong></span> <span class='ocrx_word' id='word_1_243' title='bbox 458 1796 564 1852; x_wconf 87' lang='lat' dir='ltr'><strong><em>hac</em></strong></span> <span class='ocrx_word' id='word_1_244' title='bbox 587 1796 1021 1868; x_wconf 88' lang='lat' dir='ltr'><strong><em>comparatione,</em></strong></span> <span class='ocrx_word' id='word_1_245' title='bbox 1046 1796 1391 1853; x_wconf 87' lang='lat' dir='ltr'><strong><em>transcendit</em></strong></span> <span class='ocrx_word' id='word_1_246' title='bbox 1416 1810 1538 1852; x_wconf 89' lang='lat' dir='ltr'><strong><em>eam</em></strong></span> <span class='ocrx_word' id='word_1_247' title='bbox 1566 1793 1852 1852; x_wconf 82' lang='lat' dir='ltr'><strong><em>confestim</em></strong></span> <span class='ocrx_word' id='word_1_248' title='bbox 1879 1789 1928 1853; x_wconf 89' lang='lat' dir='ltr'><strong>B</strong></span> <span class='ocrx_word' id='word_1_249' title='bbox 1960 1796 2225 1866; x_wconf 90' lang='lat' dir='ltr'><strong><em>cundum,</em></strong></span> <span class='ocrx_word' id='word_1_250' title='bbox 2251 1796 2450 1855; x_wconf 60' lang='lat' dir='ltr'><strong><em>divinat</em></strong></span> <span class='ocrx_word' id='word_1_251' title='bbox 2476 1812 2593 1854; x_wconf 87' lang='lat' dir='ltr'><strong><em>esse</em></strong></span> <span class='ocrx_word' id='word_1_252' title='bbox 2629 1797 2824 1870; x_wconf 71' lang='lat' dir='ltr'><strong><em>gratiae</em></strong></span> <span class='ocrx_word' id='word_1_253' title='bbox 2848 1805 2909 1854; x_wconf 92' lang='lat' dir='ltr'><strong><em>ut</em></strong></span> <span class='ocrx_word' id='word_1_254' title='bbox 2929 1796 3071 1853; x_wconf 79' lang='lat' dir='ltr'><strong><em>eﬂici</em></strong></span> <span class='ocrx_word' id='word_1_255' title='bbox 3116 1796 3330 1852; x_wconf 85' lang='lat' dir='ltr'><strong><em>valeant</em></strong></span> <span class='ocrx_word' id='word_1_256' title='bbox 3357 1794 3561 1852; x_wconf 81' lang='lat' dir='ltr'><strong><em>exerci-</em></strong></span> 
     </span>
    </p>
   </div>
   <div class='ocr_carea' id='block_1_34' title="bbox 241 1888 1854 1962">
    <p class='ocr_par' dir='ltr' id='par_1_34' title="bbox 241 1888 1854 1962">
     <span class='ocr_line' id='line_1_34' title="bbox 241 1888 1854 1962; baseline 0 -19"><span class='ocrx_word' id='word_1_257' title='bbox 241 1895 410 1960; x_wconf 89' lang='lat' dir='ltr'><strong><em>atque</em></strong></span> <span class='ocrx_word' id='word_1_258' title='bbox 436 1888 738 1962; x_wconf 88' lang='lat' dir='ltr'><strong><em>subjuugit,</em></strong></span> <span class='ocrx_word' id='word_1_259' title='bbox 768 1888 958 1945; x_wconf 87' lang='lat' dir='ltr'><strong><em>dicens</em></strong></span> <span class='ocrx_word' id='word_1_260' title='bbox 983 1906 998 1942; x_wconf 88' lang='lat'><strong>:</strong></span> <span class='ocrx_word' id='word_1_261' title='bbox 1028 1892 1099 1945; x_wconf 87' lang='lat' dir='ltr'><strong><em>Et</em></strong></span> <span class='ocrx_word' id='word_1_262' title='bbox 1119 1892 1172 1945; x_wconf 87' lang='lat' dir='ltr'><strong><em>si</em></strong></span> <span class='ocrx_word' id='word_1_263' title='bbox 1200 1890 1301 1945; x_wconf 79' lang='lat' dir='ltr'><strong><em>illa</em></strong></span> <span class='ocrx_word' id='word_1_264' title='bbox 1330 1889 1499 1945; x_wconf 88' lang='lat' dir='ltr'><strong><em>oblita</em></strong></span> <span class='ocrx_word' id='word_1_265' title='bbox 1528 1890 1723 1957; x_wconf 84' lang='lat' dir='ltr'><strong><em>fuerit,</em></strong></span> <span class='ocrx_word' id='word_1_266' title='bbox 1758 1902 1854 1957; x_wconf 90' lang='lat' dir='ltr'><strong><em>ego</em></strong></span> 
     </span>
    </p>
   </div>
   <div class='ocr_carea' id='block_1_35' title="bbox 242 1981 1202 2053">
    <p class='ocr_par' dir='ltr' id='par_1_35' title="bbox 242 1981 1202 2053">
     <span class='ocr_line' id='line_1_35' title="bbox 242 1981 1202 2053; baseline 0.001 -16"><span class='ocrx_word' id='word_1_267' title='bbox 242 1985 429 2038; x_wconf 86' lang='lat' dir='ltr'><strong><em>tamen</em></strong></span> <span class='ocrx_word' id='word_1_268' title='bbox 456 1999 563 2038; x_wconf 89' lang='lat' dir='ltr'><strong><em>non</em></strong></span> <span class='ocrx_word' id='word_1_269' title='bbox 582 1984 866 2038; x_wconf 78' lang='lat' dir='ltr'><strong><em>obliviscar</em></strong></span> <span class='ocrx_word' id='word_1_270' title='bbox 893 1984 977 2037; x_wconf 87' lang='lat' dir='ltr'><strong><em>tui</em></strong></span> <span class='ocrx_word' id='word_1_271' title='bbox 993 1981 1202 2053; x_wconf 86' lang='lat' dir='ltr'><strong><em>(Ibid.).</em></strong></span> 
     </span>
    </p>
   </div>
   <div class='ocr_carea' id='block_1_36' title="bbox 815 2121 1289 2178">
    <p class='ocr_par' dir='ltr' id='par_1_36' title="bbox 815 2121 1289 2178">
     <span class='ocr_line' id='line_1_36' title="bbox 815 2121 1289 2178; baseline 0.002 -2"><span class='ocrx_word' id='word_1_272' title='bbox 815 2121 1057 2178; x_wconf 83' lang='lat' dir='ltr'><strong>CAPUT</strong></span> <span class='ocrx_word' id='word_1_273' title='bbox 1082 2121 1289 2178; x_wconf 83' lang='lat' dir='ltr'><strong>XVIII.</strong></span> 
     </span>
    </p>
   </div>
   <div class='ocr_carea' id='block_1_37' title="bbox 317 2242 1786 2313">
    <p class='ocr_par' dir='ltr' id='par_1_37' title="bbox 317 2242 1786 2313">
     <span class='ocr_line' id='line_1_37' title="bbox 317 2242 1786 2313; baseline 0.001 -14"><span class='ocrx_word' id='word_1_274' title='bbox 317 2244 576 2313; x_wconf 74' lang='lat' dir='ltr'><strong><em>Deﬁnitio</em></strong></span> <span class='ocrx_word' id='word_1_275' title='bbox 630 2246 876 2309; x_wconf 79' lang='lat' dir='ltr'><strong><em>Patrum,</em></strong></span> <span class='ocrx_word' id='word_1_276' title='bbox 917 2258 976 2299; x_wconf 90' lang='lat' dir='ltr'><strong><em>eo</em></strong></span> <span class='ocrx_word' id='word_1_277' title='bbox 1016 2242 1160 2313; x_wconf 85' lang='lat' dir='ltr'><strong><em>quod</em></strong></span> <span class='ocrx_word' id='word_1_278' title='bbox 1209 2242 1438 2298; x_wconf 82' lang='lat' dir='ltr'><strong><em>liberum</em></strong></span> <span class='ocrx_word' id='word_1_279' title='bbox 1490 2242 1786 2299; x_wconf 76' lang='lat' dir='ltr'><strong><em>arbitrium</em></strong></span> 
     </span>
    </p>
   </div>
   <div class='ocr_carea' id='block_1_38' title="bbox 526 2313 1538 2371">
    <p class='ocr_par' dir='ltr' id='par_1_38' title="bbox 526 2313 1538 2371">
     <span class='ocr_line' id='line_1_38' title="bbox 526 2313 1538 2371; baseline -0.001 -2"><span class='ocrx_word' id='word_1_280' title='bbox 526 2326 531 2329; x_wconf 84' lang='lat'>&#39;</span> <span class='ocrx_word' id='word_1_281' title='bbox 590 2314 664 2369; x_wconf 86' lang='lat' dir='ltr'><strong><em>ad</em></strong></span> <span class='ocrx_word' id='word_1_282' title='bbox 688 2314 1009 2371; x_wconf 85' lang='lat' dir='ltr'><strong><em>salvandum</em></strong></span> <span class='ocrx_word' id='word_1_283' title='bbox 1038 2329 1142 2370; x_wconf 90' lang='lat' dir='ltr'><strong><em>non</em></strong></span> <span class='ocrx_word' id='word_1_284' title='bbox 1174 2316 1247 2371; x_wconf 85' lang='lat' dir='ltr'><strong><em>sit</em></strong></span> <span class='ocrx_word' id='word_1_285' title='bbox 1273 2313 1538 2369; x_wconf 86' lang='lat' dir='ltr'><strong><em>idoneum.</em></strong></span> 
     </span>
    </p>
   </div>
   <div class='ocr_carea' id='block_1_39' title="bbox 310 2436 1852 2520">
    <p class='ocr_par' dir='ltr' id='par_1_39' title="bbox 310 2436 1852 2520">
     <span class='ocr_line' id='line_1_39' title="bbox 310 2436 1852 2520; baseline -0.002 -15"><span class='ocrx_word' id='word_1_286' title='bbox 310 2449 422 2505; x_wconf 85' lang='lat' dir='ltr'><strong><em>Per</em></strong></span> <span class='ocrx_word' id='word_1_287' title='bbox 454 2446 606 2520; x_wconf 88' lang='lat' dir='ltr'><strong><em>quod</em></strong></span> <span class='ocrx_word' id='word_1_288' title='bbox 633 2449 864 2505; x_wconf 85' lang='lat' dir='ltr'><strong><em>evidenti</em></strong></span> <span class='ocrx_word' id='word_1_289' title='bbox 891 2448 1102 2505; x_wconf 87' lang='lat' dir='ltr'><strong><em>ratione</em></strong></span> <span class='ocrx_word' id='word_1_290' title='bbox 1123 2436 1394 2520; x_wconf 78' lang='lat' dir='ltr'><strong><em>colligitur</em></strong></span> <span class='ocrx_word' id='word_1_291' title='bbox 1418 2445 1486 2503; x_wconf 88' lang='lat' dir='ltr'><strong><em>ab</em></strong></span> <span class='ocrx_word' id='word_1_292' title='bbox 1512 2444 1598 2502; x_wconf 89' lang='lat' dir='ltr'><strong><em>bis</em></strong></span> <span class='ocrx_word' id='word_1_293' title='bbox 1621 2445 1713 2517; x_wconf 90' lang='lat' dir='ltr'><strong><em>qui</em></strong></span> <span class='ocrx_word' id='word_1_294' title='bbox 1737 2460 1852 2502; x_wconf 90' lang='lat' dir='ltr'><strong><em>non</em></strong></span> 
     </span>
    </p>
   </div>
   <div class='ocr_carea' id='block_1_40' title="bbox 234 2539 1852 2614">
    <p class='ocr_par' dir='ltr' id='par_1_40' title="bbox 234 2539 1852 2614">
     <span class='ocr_line' id='line_1_40' title="bbox 234 2539 1852 2614; baseline -0.001 -17"><span class='ocrx_word' id='word_1_295' title='bbox 234 2540 572 2614; x_wconf 85' lang='lat' dir='ltr'><strong><em>loquacibus</em></strong></span> <span class='ocrx_word' id='word_1_296' title='bbox 614 2541 815 2612; x_wconf 89' lang='lat' dir='ltr'><strong><em>verbis,</em></strong></span> <span class='ocrx_word' id='word_1_297' title='bbox 838 2541 940 2599; x_wconf 89' lang='lat' dir='ltr'><strong><em>sed</em></strong></span> <span class='ocrx_word' id='word_1_298' title='bbox 975 2541 1308 2613; x_wconf 80' lang='lat' dir='ltr'><strong><em>experientia</em></strong></span> <span class='ocrx_word' id='word_1_299' title='bbox 1335 2539 1495 2610; x_wconf 89' lang='lat' dir='ltr'><strong><em>duce,</em></strong></span> <span class='ocrx_word' id='word_1_300' title='bbox 1520 2539 1603 2596; x_wconf 89' lang='lat' dir='ltr'><strong><em>vel</em></strong></span> <span class='ocrx_word' id='word_1_301' title='bbox 1630 2540 1852 2612; x_wconf 89' lang='lat' dir='ltr'><strong><em>magni-</em></strong></span> 
     </span>
    </p>
   </div>
   <div class='ocr_carea' id='block_1_41' title="bbox 232 2632 1857 2705">
    <p class='ocr_par' dir='ltr' id='par_1_41' title="bbox 232 2632 1857 2705">
     <span class='ocr_line' id='line_1_41' title="bbox 232 2632 1857 2705; baseline -0.001 -16"><span class='ocrx_word' id='word_1_302' title='bbox 232 2634 498 2691; x_wconf 88' lang='lat' dir='ltr'><strong><em>tudinem</em></strong></span> <span class='ocrx_word' id='word_1_303' title='bbox 548 2634 736 2705; x_wconf 73' lang='lat' dir='ltr'><strong><em>gratiaa</em></strong></span> <span class='ocrx_word' id='word_1_304' title='bbox 759 2674 775 2704; x_wconf 91' lang='lat'><strong><em>,</em></strong></span> <span class='ocrx_word' id='word_1_305' title='bbox 826 2635 909 2691; x_wconf 87' lang='lat' dir='ltr'><strong><em>vel</em></strong></span> <span class='ocrx_word' id='word_1_306' title='bbox 949 2634 1236 2692; x_wconf 89' lang='lat' dir='ltr'><strong><em>modulum</em></strong></span> <span class='ocrx_word' id='word_1_307' title='bbox 1279 2632 1507 2690; x_wconf 89' lang='lat' dir='ltr'><strong><em>humani</em></strong></span> <span class='ocrx_word' id='word_1_308' title='bbox 1549 2632 1857 2689; x_wconf 88' lang='lat' dir='ltr'><strong><em>metiuntur</em></strong></span> 
     </span>
    </p>
   </div>
   <div class='ocr_carea' id='block_1_42' title="bbox 230 2723 1853 2798">
    <p class='ocr_par' dir='ltr' id='par_1_42' title="bbox 230 2723 1853 2798">
     <span class='ocr_line' id='line_1_42' title="bbox 230 2723 1853 2798; baseline -0.002 -14"><span class='ocrx_word' id='word_1_309' title='bbox 230 2727 477 2797; x_wconf 81' lang='lat' dir='ltr'><strong><em>arbitrii,</em></strong></span> <span class='ocrx_word' id='word_1_310' title='bbox 506 2726 633 2798; x_wconf 90' lang='lat' dir='ltr'><strong><em>quia</em></strong></span> <span class='ocrx_word' id='word_1_311' title='bbox 677 2742 788 2783; x_wconf 89' lang='lat' dir='ltr'><strong><em>non</em></strong></span> <span class='ocrx_word' id='word_1_312' title='bbox 818 2727 1030 2784; x_wconf 86' lang='lat' dir='ltr'><strong><em>levibus</em></strong></span> <span class='ocrx_word' id='word_1_313' title='bbox 1067 2741 1282 2795; x_wconf 87' lang='lat' dir='ltr'><strong><em>cursus,</em></strong></span> <span class='ocrx_word' id='word_1_314' title='bbox 1304 2741 1417 2793; x_wconf 54' lang='lat' dir='ltr'><strong><em>nec,</em></strong></span> <span class='ocrx_word' id='word_1_315' title='bbox 1440 2723 1681 2782; x_wconf 85' lang='lat' dir='ltr'><strong><em>fortibus</em></strong></span> <span class='ocrx_word' id='word_1_316' title='bbox 1707 2740 1853 2797; x_wconf 68' lang='lat' dir='ltr'><strong><em>prae-</em></strong></span> 
     </span>
    </p>
   </div>
   <div class='ocr_carea' id='block_1_43' title="bbox 232 2817 1850 2892">
    <p class='ocr_par' dir='ltr' id='par_1_43' title="bbox 232 2817 1850 2892">
     <span class='ocr_line' id='line_1_43' title="bbox 232 2817 1850 2892; baseline -0.002 -13"><span class='ocrx_word' id='word_1_317' title='bbox 232 2821 402 2890; x_wconf 89' lang='lat' dir='ltr'><strong><em>lium,</em></strong></span> <span class='ocrx_word' id='word_1_318' title='bbox 422 2837 533 2879; x_wconf 89' lang='lat' dir='ltr'><strong><em>nec</em></strong></span> <span class='ocrx_word' id='word_1_319' title='bbox 558 2821 893 2892; x_wconf 89' lang='lat' dir='ltr'><strong><em>sapientibus</em></strong></span> <span class='ocrx_word' id='word_1_320' title='bbox 919 2820 1093 2892; x_wconf 87' lang='lat' dir='ltr'><strong><em>panis,</em></strong></span> <span class='ocrx_word' id='word_1_321' title='bbox 1122 2835 1225 2876; x_wconf 90' lang='lat' dir='ltr'><strong><em>nec</em></strong></span> <span class='ocrx_word' id='word_1_322' title='bbox 1252 2817 1614 2892; x_wconf 88' lang='lat' dir='ltr'><strong><em>prudentibu</em></strong></span> <span class='ocrx_word' id='word_1_323' title='bbox 1628 2818 1850 2887; x_wconf 60' lang='lat' dir='ltr'><strong><em>divitia,</em></strong></span> 
     </span>
    </p>
   </div>
   <div class='ocr_carea' id='block_1_44' title="bbox 225 2914 1853 2987">
    <p class='ocr_par' dir='ltr' id='par_1_44' title="bbox 225 2914 1853 2987">
     <span class='ocr_line' id='line_1_44' title="bbox 225 2914 1853 2987; baseline -0.002 -15"><span class='ocrx_word' id='word_1_324' title='bbox 225 2931 338 2974; x_wconf 89' lang='lat' dir='ltr'><strong><em>nec</em></strong></span> <span class='ocrx_word' id='word_1_325' title='bbox 360 2915 672 2974; x_wconf 86' lang='lat' dir='ltr'><strong><em>scientibus</em></strong></span> <span class='ocrx_word' id='word_1_326' title='bbox 715 2914 912 2987; x_wconf 87' lang='lat' dir='ltr'><strong><em>gratia,</em></strong></span> <span class='ocrx_word' id='word_1_327' title='bbox 949 2914 1048 2970; x_wconf 87' lang='lat' dir='ltr'><strong><em>sed</em></strong></span> <span class='ocrx_word' id='word_1_328' title='bbox 1082 2918 1344 2985; x_wconf 83' lang='lat' dir='ltr'><strong><em>operatur</em></strong></span> <span class='ocrx_word' id='word_1_329' title='bbox 1366 2915 1478 2969; x_wconf 71' lang='lat' dir='ltr'><strong><em>lucc</em></strong></span> <span class='ocrx_word' id='word_1_330' title='bbox 1505 2915 1684 2968; x_wconf 86' lang='lat' dir='ltr'><strong><em>omnia</em></strong></span> <span class='ocrx_word' id='word_1_331' title='bbox 1709 2928 1853 2969; x_wconf 88' lang='lat' dir='ltr'><strong><em>unus</em></strong></span> 
     </span>
    </p>
   </div>
   <div class='ocr_carea' id='block_1_45' title="bbox 223 2994 1849 3082">
    <p class='ocr_par' dir='ltr' id='par_1_45' title="bbox 223 2994 1849 3082">
     <span class='ocr_line' id='line_1_45' title="bbox 223 2994 1849 3082; baseline -0.004 -15"><span class='ocrx_word' id='word_1_332' title='bbox 223 3010 562 3082; x_wconf 80' lang='lat' dir='ltr'><strong><em>atqueidem</em></strong></span> <span class='ocrx_word' id='word_1_333' title='bbox 573 3010 795 3079; x_wconf 84' lang='lat' dir='ltr'><strong><em>spiritus</em></strong></span> <span class='ocrx_word' id='word_1_334' title='bbox 806 3008 1051 3063; x_wconf 84' lang='lat' dir='ltr'><strong><em>dividens</em></strong></span> <span class='ocrx_word' id='word_1_335' title='bbox 1064 2994 1709 3078; x_wconf 68' lang='lat' dir='ltr'><strong><em>unicuiqueproutvuzta</em></strong></span> <span class='ocrx_word' id='word_1_336' title='bbox 1731 3006 1849 3066; x_wconf 84' lang='lat' dir='ltr'><strong><em>Cor.</em></strong></span> 
     </span>
    </p>
   </div>
   <div class='ocr_carea' id='block_1_46' title="bbox 223 3098 1854 3171">
    <p class='ocr_par' dir='ltr' id='par_1_46' title="bbox 223 3098 1854 3171">
     <span class='ocr_line' id='line_1_46' title="bbox 223 3098 1854 3171; baseline -0.005 -9"><span class='ocrx_word' id='word_1_337' title='bbox 223 3107 382 3171; x_wconf 70' lang='grc' dir='ltr'><strong><em>ιιι).</em></strong></span> <span class='ocrx_word' id='word_1_338' title='bbox 417 3104 497 3158; x_wconf 89' lang='lat' dir='ltr'><strong><em>Et</em></strong></span> <span class='ocrx_word' id='word_1_339' title='bbox 518 3099 723 3157; x_wconf 88' lang='lat' dir='ltr'><strong><em>idcirco</em></strong></span> <span class='ocrx_word' id='word_1_340' title='bbox 752 3099 856 3156; x_wconf 89' lang='lat' dir='ltr'><strong><em>ﬁde</em></strong></span> <span class='ocrx_word' id='word_1_341' title='bbox 880 3115 995 3156; x_wconf 91' lang='lat' dir='ltr'><strong><em>non</em></strong></span> <span class='ocrx_word' id='word_1_342' title='bbox 1032 3098 1196 3156; x_wconf 87' lang='lat' dir='ltr'><strong><em>dubia</em></strong></span> <span class='ocrx_word' id='word_1_343' title='bbox 1226 3108 1301 3169; x_wconf 90' lang='lat' dir='ltr'><strong><em>et,</em></strong></span> <span class='ocrx_word' id='word_1_344' title='bbox 1335 3105 1398 3154; x_wconf 88' lang='lat' dir='ltr'><strong><em>ut</em></strong></span> <span class='ocrx_word' id='word_1_345' title='bbox 1424 3098 1498 3154; x_wconf 91' lang='lat' dir='ltr'><strong><em>ita</em></strong></span> <span class='ocrx_word' id='word_1_346' title='bbox 1516 3098 1713 3164; x_wconf 91' lang='lat' dir='ltr'><strong><em>dicam,</em></strong></span> <span class='ocrx_word' id='word_1_347' title='bbox 1742 3099 1854 3171; x_wconf 87' lang='lat' dir='ltr'><strong><em>pal-</em></strong></span> 
     </span>
    </p>
   </div>
   <div class='ocr_carea' id='block_1_47' title="bbox 1961 1889 3566 1963">
    <p class='ocr_par' dir='ltr' id='par_1_47' title="bbox 1961 1889 3566 1963">
     <span class='ocr_line' id='line_1_47' title="bbox 1961 1889 3566 1963; baseline 0 -18"><span class='ocrx_word' id='word_1_348' title='bbox 1961 1889 2033 1946; x_wconf 89' lang='lat' dir='ltr'><strong><em>tia</em></strong></span> <span class='ocrx_word' id='word_1_349' title='bbox 2080 1890 2667 1963; x_wconf 62' lang='lat' dir='ltr'><strong><em>pradicta~~virtutum,</em></strong></span> <span class='ocrx_word' id='word_1_350' title='bbox 2707 1891 2802 1948; x_wconf 81' lang='lat' dir='ltr'><strong><em>sed</em></strong></span> <span class='ocrx_word' id='word_1_351' title='bbox 2843 1890 2918 1948; x_wconf 89' lang='lat' dir='ltr'><strong><em>ita</em></strong></span> <span class='ocrx_word' id='word_1_352' title='bbox 2963 1898 3027 1947; x_wconf 92' lang='lat' dir='ltr'><strong><em>ut</em></strong></span> <span class='ocrx_word' id='word_1_353' title='bbox 3075 1889 3406 1963; x_wconf 88' lang='lat' dir='ltr'><strong><em>possibilitas</em></strong></span> <span class='ocrx_word' id='word_1_354' title='bbox 3453 1904 3566 1946; x_wconf 92' lang='lat' dir='ltr'><strong><em>non</em></strong></span> 
     </span>
    </p>
   </div>
   <div class='ocr_carea' id='block_1_48' title="bbox 1961 1980 3565 2057">
    <p class='ocr_par' dir='ltr' id='par_1_48' title="bbox 1961 1980 3565 2057">
     <span class='ocr_line' id='line_1_48' title="bbox 1961 1980 3565 2057; baseline 0 -18"><span class='ocrx_word' id='word_1_355' title='bbox 1961 1980 2334 2055; x_wconf 79' lang='lat' dir='ltr'><strong><em>exstinguatur</em></strong></span> <span class='ocrx_word' id='word_1_356' title='bbox 2353 1983 2577 2040; x_wconf 87' lang='lat' dir='ltr'><strong><em>arbitrii.</em></strong></span> <span class='ocrx_word' id='word_1_357' title='bbox 2619 1985 2869 2041; x_wconf 86' lang='lat' dir='ltr'><strong><em>Tertium</em></strong></span> <span class='ocrx_word' id='word_1_358' title='bbox 2904 1998 3145 2057; x_wconf 89' lang='lat' dir='ltr'><strong><em>quoque,</em></strong></span> <span class='ocrx_word' id='word_1_359' title='bbox 3183 1981 3251 2040; x_wconf 91' lang='lat' dir='ltr'><strong><em>ad</em></strong></span> <span class='ocrx_word' id='word_1_360' title='bbox 3294 1980 3397 2037; x_wconf 90' lang='lat' dir='ltr'><strong><em>Dei</em></strong></span> <span class='ocrx_word' id='word_1_361' title='bbox 3437 1997 3565 2039; x_wconf 89' lang='lat' dir='ltr'><strong><em>mu-</em></strong></span> 
     </span>
    </p>
   </div>
   <div class='ocr_carea' id='block_1_49' title="bbox 1961 2076 3565 2151">
    <p class='ocr_par' dir='ltr' id='par_1_49' title="bbox 1961 2076 3565 2151">
     <span class='ocr_line' id='line_1_49' title="bbox 1961 2076 3565 2151; baseline -0.001 -19"><span class='ocrx_word' id='word_1_362' title='bbox 1961 2089 2089 2132; x_wconf 85' lang='lat' dir='ltr'><strong><em>nera</em></strong></span> <span class='ocrx_word' id='word_1_363' title='bbox 2130 2076 2423 2147; x_wconf 87' lang='lat' dir='ltr'><strong><em>pertinere,</em></strong></span> <span class='ocrx_word' id='word_1_364' title='bbox 2467 2085 2529 2135; x_wconf 91' lang='lat' dir='ltr'><strong><em>ut</em></strong></span> <span class='ocrx_word' id='word_1_365' title='bbox 2572 2077 2858 2151; x_wconf 70' lang='lat' dir='ltr'><strong><em>acquisita:</em></strong></span> <span class='ocrx_word' id='word_1_366' title='bbox 2901 2077 3123 2134; x_wconf 87' lang='lat' dir='ltr'><strong><em>virtutis</em></strong></span> <span class='ocrx_word' id='word_1_367' title='bbox 3168 2076 3565 2150; x_wconf 85' lang='lat' dir='ltr'><strong><em>perseverantia</em></strong></span> 
     </span>
    </p>
   </div>
   <div class='ocr_carea' id='block_1_50' title="bbox 1962 2168 3567 2244">
    <p class='ocr_par' dir='ltr' id='par_1_50' title="bbox 1962 2168 3567 2244">
     <span class='ocr_line' id='line_1_50' title="bbox 1962 2168 3567 2244; baseline 0 -20"><span class='ocrx_word' id='word_1_368' title='bbox 1962 2174 2232 2237; x_wconf 86' lang='lat' dir='ltr'><strong><em>teneatur,</em></strong></span> <span class='ocrx_word' id='word_1_369' title='bbox 2256 2169 2352 2227; x_wconf 88' lang='lat' dir='ltr'><strong><em>sed</em></strong></span> <span class='ocrx_word' id='word_1_370' title='bbox 2380 2169 2459 2227; x_wconf 88' lang='lat' dir='ltr'><strong><em>ita</em></strong></span> <span class='ocrx_word' id='word_1_371' title='bbox 2482 2178 2544 2227; x_wconf 91' lang='lat' dir='ltr'><strong><em>ut</em></strong></span> <span class='ocrx_word' id='word_1_372' title='bbox 2569 2171 2939 2244; x_wconf 88' lang='lat' dir='ltr'><strong><em>captivitatem</em></strong></span> <span class='ocrx_word' id='word_1_373' title='bbox 2962 2170 3185 2228; x_wconf 86' lang='lat' dir='ltr'><strong><em>libertas</em></strong></span> <span class='ocrx_word' id='word_1_374' title='bbox 3211 2168 3425 2227; x_wconf 86' lang='lat' dir='ltr'><strong><em>addicta</em></strong></span> <span class='ocrx_word' id='word_1_375' title='bbox 3452 2183 3567 2225; x_wconf 90' lang='lat' dir='ltr'><strong><em>non</em></strong></span> 
     </span>
    </p>
   </div>
   <div class='ocr_carea' id='block_1_51' title="bbox 1964 2260 3567 2321">
    <p class='ocr_par' dir='ltr' id='par_1_51' title="bbox 1964 2260 3567 2321">
     <span class='ocr_line' id='line_1_51' title="bbox 1964 2260 3567 2321; baseline 0 -4"><span class='ocrx_word' id='word_1_376' title='bbox 1964 2260 2179 2318; x_wconf 86' lang='lat' dir='ltr'><strong><em>sentiat.</em></strong></span> <span class='ocrx_word' id='word_1_377' title='bbox 2212 2261 2305 2319; x_wconf 90' lang='lat' dir='ltr'><strong><em>Sic</em></strong></span> <span class='ocrx_word' id='word_1_378' title='bbox 2333 2262 2481 2318; x_wconf 90' lang='lat' dir='ltr'><strong><em>enim</em></strong></span> <span class='ocrx_word' id='word_1_379' title='bbox 2510 2263 2875 2321; x_wconf 86' lang='lat' dir='ltr'><strong><em>universitatis</em></strong></span> <span class='ocrx_word' id='word_1_380' title='bbox 2902 2266 3055 2321; x_wconf 88' lang='lat' dir='ltr'><strong><em>Deus</em></strong></span> <span class='ocrx_word' id='word_1_381' title='bbox 3088 2261 3275 2321; x_wconf 87' lang='lat' dir='ltr'><strong><em>omnia</em></strong></span> <span class='ocrx_word' id='word_1_382' title='bbox 3296 2263 3355 2318; x_wconf 91' lang='lat' dir='ltr'><strong><em>in</em></strong></span> <span class='ocrx_word' id='word_1_383' title='bbox 3385 2261 3567 2319; x_wconf 89' lang='lat' dir='ltr'><strong><em>omni-</em></strong></span> 
     </span>
    </p>
   </div>
   <div class='ocr_carea' id='block_1_52' title="bbox 1962 2353 3564 2430">
    <p class='ocr_par' dir='ltr' id='par_1_52' title="bbox 1962 2353 3564 2430">
     <span class='ocr_line' id='line_1_52' title="bbox 1962 2353 3564 2430; baseline 0.001 -20"><span class='ocrx_word' id='word_1_384' title='bbox 1962 2353 2067 2411; x_wconf 92' lang='lat' dir='ltr'><strong><em>bus</em></strong></span> <span class='ocrx_word' id='word_1_385' title='bbox 2089 2355 2393 2413; x_wconf 87' lang='lat' dir='ltr'><strong><em>credendus</em></strong></span> <span class='ocrx_word' id='word_1_386' title='bbox 2421 2365 2505 2414; x_wconf 90' lang='lat' dir='ltr'><strong><em>est</em></strong></span> <span class='ocrx_word' id='word_1_387' title='bbox 2528 2357 2771 2430; x_wconf 83' lang='lat' dir='ltr'><strong><em>cperari,</em></strong></span> <span class='ocrx_word' id='word_1_388' title='bbox 2809 2366 2871 2414; x_wconf 90' lang='lat' dir='ltr'><strong><em>ut</em></strong></span> <span class='ocrx_word' id='word_1_389' title='bbox 2892 2357 3102 2424; x_wconf 90' lang='lat' dir='ltr'><strong><em>incitet,</em></strong></span> <span class='ocrx_word' id='word_1_390' title='bbox 3126 2363 3375 2429; x_wconf 80' lang='lat' dir='ltr'><strong><em>protegat</em></strong></span> <span class='ocrx_word' id='word_1_391' title='bbox 3398 2365 3564 2429; x_wconf 89' lang='lat' dir='ltr'><strong><em>atque</em></strong></span> 
     </span>
    </p>
   </div>
   <div class='ocr_carea' id='block_1_53' title="bbox 1962 2448 3567 2522">
    <p class='ocr_par' dir='ltr' id='par_1_53' title="bbox 1962 2448 3567 2522">
     <span class='ocr_line' id='line_1_53' title="bbox 1962 2448 3567 2522; baseline -0.001 -18"><span class='ocrx_word' id='word_1_392' title='bbox 1962 2449 2272 2518; x_wconf 88' lang='lat' dir='ltr'><strong><em>conﬁrmet,</em></strong></span> <span class='ocrx_word' id='word_1_393' title='bbox 2291 2465 2406 2506; x_wconf 91' lang='lat' dir='ltr'><strong><em>non</em></strong></span> <span class='ocrx_word' id='word_1_394' title='bbox 2442 2458 2506 2507; x_wconf 90' lang='lat' dir='ltr'><strong><em>ut</em></strong></span> <span class='ocrx_word' id='word_1_395' title='bbox 2534 2449 2749 2507; x_wconf 89' lang='lat' dir='ltr'><strong><em>auferat</em></strong></span> <span class='ocrx_word' id='word_1_396' title='bbox 2771 2465 2936 2522; x_wconf 89' lang='lat' dir='ltr'><strong><em>quam</em></strong></span> <span class='ocrx_word' id='word_1_397' title='bbox 2955 2449 3123 2507; x_wconf 87' lang='lat' dir='ltr'><strong><em>semel</em></strong></span> <span class='ocrx_word' id='word_1_398' title='bbox 3150 2448 3267 2522; x_wconf 90' lang='lat' dir='ltr'><strong><em>ipse</em></strong></span> <span class='ocrx_word' id='word_1_399' title='bbox 3298 2448 3567 2506; x_wconf 86' lang='lat' dir='ltr'><strong><em>concessit</em></strong></span> 
     </span>
    </p>
   </div>
   <div class='ocr_carea' id='block_1_54' title="bbox 1961 2541 3624 2616">
    <p class='ocr_par' dir='ltr' id='par_1_54' title="bbox 1961 2541 3624 2616">
     <span class='ocr_line' id='line_1_54' title="bbox 1961 2541 3624 2616; baseline -0.002 -17"><span class='ocrx_word' id='word_1_400' title='bbox 1961 2543 2164 2600; x_wconf 88' lang='lat' dir='ltr'><strong><em>arbitrii</em></strong></span> <span class='ocrx_word' id='word_1_401' title='bbox 2213 2543 2536 2601; x_wconf 88' lang='lat' dir='ltr'><strong><em>libertatem.</em></strong></span> <span class='ocrx_word' id='word_1_402' title='bbox 2577 2543 2631 2599; x_wconf 91' lang='lat' dir='ltr'><strong><em>Si</em></strong></span> <span class='ocrx_word' id='word_1_403' title='bbox 2677 2542 2813 2616; x_wconf 88' lang='lat' dir='ltr'><strong><em>quid</em></strong></span> <span class='ocrx_word' id='word_1_404' title='bbox 2851 2557 2982 2600; x_wconf 86' lang='lat' dir='ltr'><strong><em>sane</em></strong></span> <span class='ocrx_word' id='word_1_405' title='bbox 3025 2542 3295 2599; x_wconf 86' lang='lat' dir='ltr'><strong><em>versutius</em></strong></span> <span class='ocrx_word' id='word_1_406' title='bbox 3325 2541 3567 2597; x_wconf 88' lang='lat' dir='ltr'><strong><em>humana</em></strong></span> <span class='ocrx_word' id='word_1_407' title='bbox 3621 2556 3624 2559; x_wconf 53' lang='grc' dir='ltr'>λ</span> 
     </span>
    </p>
   </div>
   <div class='ocr_carea' id='block_1_55' title="bbox 1963 2634 3567 2706">
    <p class='ocr_par' dir='ltr' id='par_1_55' title="bbox 1963 2634 3567 2706">
     <span class='ocr_line' id='line_1_55' title="bbox 1963 2634 3567 2706; baseline -0.001 -14"><span class='ocrx_word' id='word_1_408' title='bbox 1963 2636 2440 2706; x_wconf 86' lang='lat' dir='ltr'><strong><em>argumentatione</em></strong></span> <span class='ocrx_word' id='word_1_409' title='bbox 2476 2651 2538 2692; x_wconf 91' lang='lat' dir='ltr'><strong><em>ac</em></strong></span> <span class='ocrx_word' id='word_1_410' title='bbox 2561 2636 2774 2692; x_wconf 89' lang='lat' dir='ltr'><strong><em>ratione</em></strong></span> <span class='ocrx_word' id='word_1_411' title='bbox 2795 2634 3086 2693; x_wconf 89' lang='lat' dir='ltr'><strong><em>collectum</em></strong></span> <span class='ocrx_word' id='word_1_412' title='bbox 3117 2634 3246 2691; x_wconf 90' lang='lat' dir='ltr'><strong><em>huic</em></strong></span> <span class='ocrx_word' id='word_1_413' title='bbox 3274 2635 3460 2691; x_wconf 89' lang='lat' dir='ltr'><strong><em>sensui</em></strong></span> <span class='ocrx_word' id='word_1_414' title='bbox 3486 2635 3567 2690; x_wconf 88' lang='lat' dir='ltr'><strong><em>vi-</em></strong></span> 
     </span>
    </p>
   </div>
   <div class='ocr_carea' id='block_1_56' title="bbox 1962 2726 3573 2800">
    <p class='ocr_par' dir='ltr' id='par_1_56' title="bbox 1962 2726 3573 2800">
     <span class='ocr_line' id='line_1_56' title="bbox 1962 2726 3573 2800; baseline -0.001 -17"><span class='ocrx_word' id='word_1_415' title='bbox 1962 2726 2121 2784; x_wconf 88' lang='lat' dir='ltr'><strong><em>detur</em></strong></span> <span class='ocrx_word' id='word_1_416' title='bbox 2139 2727 2421 2798; x_wconf 85' lang='lat' dir='ltr'><strong><em>obsistere,</em></strong></span> <span class='ocrx_word' id='word_1_417' title='bbox 2448 2728 2731 2786; x_wconf 88' lang='lat' dir='ltr'><strong><em>vitandum</em></strong></span> <span class='ocrx_word' id='word_1_418' title='bbox 2760 2729 2935 2800; x_wconf 88' lang='lat' dir='ltr'><strong><em>magis</em></strong></span> <span class='ocrx_word' id='word_1_419' title='bbox 2961 2737 3044 2784; x_wconf 89' lang='lat' dir='ltr'><strong><em>est</em></strong></span> <span class='ocrx_word' id='word_1_420' title='bbox 3070 2743 3236 2800; x_wconf 90' lang='lat' dir='ltr'><strong><em>quam</em></strong></span> <span class='ocrx_word' id='word_1_421' title='bbox 3265 2727 3334 2783; x_wconf 89' lang='lat' dir='ltr'><strong><em>ad</em></strong></span> <span class='ocrx_word' id='word_1_422' title='bbox 3351 2726 3573 2784; x_wconf 88' lang='lat' dir='ltr'><strong><em>destru-</em></strong></span> 
     </span>
    </p>
   </div>
   <div class='ocr_carea' id='block_1_57' title="bbox 1962 2819 3566 2894">
    <p class='ocr_par' dir='ltr' id='par_1_57' title="bbox 1962 2819 3566 2894">
     <span class='ocr_line' id='line_1_57' title="bbox 1962 2819 3566 2894; baseline 0.001 -19"><span class='ocrx_word' id='word_1_423' title='bbox 1962 2821 2201 2877; x_wconf 90' lang='lat' dir='ltr'><strong><em>ctionem</em></strong></span> <span class='ocrx_word' id='word_1_424' title='bbox 2230 2820 2357 2877; x_wconf 90' lang='lat' dir='ltr'><strong><em>ﬁdei</em></strong></span> <span class='ocrx_word' id='word_1_425' title='bbox 2382 2820 2820 2894; x_wconf 82' lang='lat' dir='ltr'><strong><em>provocandam.</em></strong></span> <span class='ocrx_word' id='word_1_426' title='bbox 2851 2823 2980 2879; x_wconf 91' lang='lat' dir='ltr'><strong><em>Non</em></strong></span> <span class='ocrx_word' id='word_1_427' title='bbox 3005 2820 3150 2878; x_wconf 90' lang='lat' dir='ltr'><strong><em>enim</em></strong></span> <span class='ocrx_word' id='word_1_428' title='bbox 3178 2819 3349 2877; x_wconf 89' lang='lat' dir='ltr'><strong><em>ﬁdem</em></strong></span> <span class='ocrx_word' id='word_1_429' title='bbox 3383 2835 3456 2877; x_wconf 82' lang='lat' dir='ltr'><strong><em>ex</em></strong></span> <span class='ocrx_word' id='word_1_430' title='bbox 3479 2819 3566 2876; x_wconf 60' lang='lat' dir='ltr'><strong><em>in-</em></strong></span> 
     </span>
    </p>
   </div>
   <div class='ocr_carea' id='block_1_58' title="bbox 1960 2912 3575 2987">
    <p class='ocr_par' dir='ltr' id='par_1_58' title="bbox 1960 2912 3575 2987">
     <span class='ocr_line' id='line_1_58' title="bbox 1960 2912 3575 2987; baseline 0.003 -19"><span class='ocrx_word' id='word_1_431' title='bbox 1960 2912 2200 2983; x_wconf 82' lang='lat' dir='ltr'><strong><em>tellecta,</em></strong></span> <span class='ocrx_word' id='word_1_432' title='bbox 2245 2913 2341 2971; x_wconf 84' lang='lat' dir='ltr'><strong><em>sed</em></strong></span> <span class='ocrx_word' id='word_1_433' title='bbox 2391 2915 2732 2972; x_wconf 89' lang='lat' dir='ltr'><strong><em>intellectum</em></strong></span> <span class='ocrx_word' id='word_1_434' title='bbox 2781 2930 2851 2972; x_wconf 82' lang='lat' dir='ltr'><strong><em>ex</em></strong></span> <span class='ocrx_word' id='word_1_435' title='bbox 2900 2913 3011 2971; x_wconf 88' lang='lat' dir='ltr'><strong><em>ﬁde</em></strong></span> <span class='ocrx_word' id='word_1_436' title='bbox 3057 2930 3356 2987; x_wconf 83' lang='lat' dir='ltr'><strong><em>meremur,</em></strong></span> <span class='ocrx_word' id='word_1_437' title='bbox 3427 2915 3575 2973; x_wconf 77' lang='lat' dir='ltr'><strong><em>sicut</em></strong></span> 
     </span>
    </p>
   </div>
   <div class='ocr_carea' id='block_1_59' title="bbox 1960 3005 3570 3081">
    <p class='ocr_par' dir='ltr' id='par_1_59' title="bbox 1960 3005 3570 3081">
     <span class='ocr_line' id='line_1_59' title="bbox 1960 3005 3570 3081; baseline 0.002 -19"><span class='ocrx_word' id='word_1_438' title='bbox 1960 3005 2223 3078; x_wconf 86' lang='lat' dir='ltr'><strong><em>scriptum</em></strong></span> <span class='ocrx_word' id='word_1_439' title='bbox 2239 3008 2471 3077; x_wconf 83' lang='lat' dir='ltr'><strong><em>est,Nisi</em></strong></span> <span class='ocrx_word' id='word_1_440' title='bbox 2479 3008 2946 3078; x_wconf 61' lang='lat' dir='ltr'><strong><em>credideritismon</em></strong></span> <span class='ocrx_word' id='word_1_441' title='bbox 2960 3009 3280 3081; x_wconf 77' lang='lat' dir='ltr'><strong><em>intelligetis</em></strong></span> <span class='ocrx_word' id='word_1_442' title='bbox 3293 3013 3474 3077; x_wconf 64' lang='lat' dir='ltr'><strong><em>(Isaia</em></strong></span> <span class='ocrx_word' id='word_1_443' title='bbox 3493 3011 3570 3079; x_wconf 83' lang='lat'><strong><em>1),</em></strong></span> 
     </span>
    </p>
   </div>
   <div class='ocr_carea' id='block_1_60' title="bbox 1963 3101 3568 3176">
    <p class='ocr_par' dir='ltr' id='par_1_60' title="bbox 1963 3101 3568 3176">
     <span class='ocr_line' id='line_1_60' title="bbox 1963 3101 3568 3176; baseline 0.001 -20"><span class='ocrx_word' id='word_1_444' title='bbox 1963 3101 2086 3172; x_wconf 91' lang='lat' dir='ltr'><strong><em>quia</em></strong></span> <span class='ocrx_word' id='word_1_445' title='bbox 2114 3101 2580 3174; x_wconf 88' lang='lat' dir='ltr'><strong><em>quemadmodum</em></strong></span> <span class='ocrx_word' id='word_1_446' title='bbox 2609 3110 2666 3160; x_wconf 89' lang='lat' dir='ltr'><strong><em>et</em></strong></span> <span class='ocrx_word' id='word_1_447' title='bbox 2690 3106 2839 3160; x_wconf 91' lang='lat' dir='ltr'><strong><em>Deus</em></strong></span> <span class='ocrx_word' id='word_1_448' title='bbox 2854 3103 3036 3160; x_wconf 87' lang='lat' dir='ltr'><strong><em>omnia</em></strong></span> <span class='ocrx_word' id='word_1_449' title='bbox 3054 3111 3310 3176; x_wconf 89' lang='lat' dir='ltr'><strong><em>operetur</em></strong></span> <span class='ocrx_word' id='word_1_450' title='bbox 3326 3103 3384 3158; x_wconf 91' lang='lat' dir='ltr'><strong><em>in</em></strong></span> <span class='ocrx_word' id='word_1_451' title='bbox 3408 3102 3568 3158; x_wconf 88' lang='lat' dir='ltr'><strong><em>nobis</em></strong></span> 
     </span>
    </p>
   </div>
   <div class='ocr_carea' id='block_1_61' title="bbox 220 3188 3574 3271">
    <p class='ocr_par' dir='ltr' id='par_1_61' title="bbox 220 3188 3574 3271">
     <span class='ocr_line' id='line_1_61' title="bbox 220 3188 3574 3271; baseline -0.001 -18"><span class='ocrx_word' id='word_1_452' title='bbox 220 3195 403 3271; x_wconf 87' lang='lat' dir='ltr'><strong><em>pabili</em></strong></span> <span class='ocrx_word' id='word_1_453' title='bbox 432 3193 768 3266; x_wconf 82' lang='lat' dir='ltr'><strong><em>experientia</em></strong></span> <span class='ocrx_word' id='word_1_454' title='bbox 799 3191 1214 3265; x_wconf 87' lang='lat' dir='ltr'><strong><em>comprobatur,</em></strong></span> <span class='ocrx_word' id='word_1_455' title='bbox 1240 3191 1609 3248; x_wconf 88' lang='lat' dir='ltr'><strong><em>universitatis</em></strong></span> <span class='ocrx_word' id='word_1_456' title='bbox 1653 3195 1853 3261; x_wconf 88' lang='lat' dir='ltr'><strong><em>Deum,</em></strong></span> <span class='ocrx_word' id='word_1_457' title='bbox 1884 3188 1930 3252; x_wconf 88' lang='lat' dir='ltr'><strong><em>C</em></strong></span> <span class='ocrx_word' id='word_1_458' title='bbox 1966 3201 2023 3249; x_wconf 89' lang='lat' dir='ltr'><strong><em>et</em></strong></span> <span class='ocrx_word' id='word_1_459' title='bbox 2047 3201 2234 3251; x_wconf 89' lang='lat' dir='ltr'><strong><em>totum</em></strong></span> <span class='ocrx_word' id='word_1_460' title='bbox 2270 3195 2443 3254; x_wconf 78' lang='lat' dir='ltr'><strong><em>libero</em></strong></span> <span class='ocrx_word' id='word_1_461' title='bbox 2490 3195 2798 3254; x_wconf 86' lang='lat' dir='ltr'><strong><em>ascribatur</em></strong></span> <span class='ocrx_word' id='word_1_462' title='bbox 2839 3195 3089 3267; x_wconf 86' lang='lat' dir='ltr'><strong><em>arbitrio,</em></strong></span> <span class='ocrx_word' id='word_1_463' title='bbox 3119 3196 3206 3254; x_wconf 91' lang='lat' dir='ltr'><strong><em>cui</em></strong></span> <span class='ocrx_word' id='word_1_464' title='bbox 3235 3196 3432 3253; x_wconf 90' lang='lat' dir='ltr'><strong><em>dicitur</em></strong></span> <span class='ocrx_word' id='word_1_465' title='bbox 3458 3215 3472 3251; x_wconf 88' lang='lat'><strong>:</strong></span> <span class='ocrx_word' id='word_1_466' title='bbox 3505 3197 3574 3252; x_wconf 80' lang='lat' dir='ltr'><strong><em>Si</em></strong></span> 
     </span>
    </p>
   </div>
   <div class='ocr_carea' id='block_1_62' title="bbox 221 3283 1917 3363">
    <p class='ocr_par' dir='ltr' id='par_1_62' title="bbox 221 3283 1917 3363">
     <span class='ocr_line' id='line_1_62' title="bbox 221 3283 1917 3363; baseline -0.008 -16"><span class='ocrx_word' id='word_1_467' title='bbox 221 3291 391 3348; x_wconf 85' lang='lat' dir='ltr'><strong><em>velut</em></strong></span> <span class='ocrx_word' id='word_1_468' title='bbox 433 3287 751 3363; x_wconf 88' lang='lat' dir='ltr'><strong><em>piissimum</em></strong></span> <span class='ocrx_word' id='word_1_469' title='bbox 794 3296 1034 3360; x_wconf 88' lang='lat' dir='ltr'><strong><em>patrem,</em></strong></span> <span class='ocrx_word' id='word_1_470' title='bbox 1071 3284 1632 3358; x_wconf 87' lang='lat' dir='ltr'><strong><em>heniguissimumque</em></strong></span> <span class='ocrx_word' id='word_1_471' title='bbox 1668 3283 1854 3341; x_wconf 86' lang='lat' dir='ltr'><strong><em>medi-</em></strong></span> <span class='ocrx_word' id='word_1_472' title='bbox 1894 3330 1917 3333; x_wconf 43' lang='grc' dir='ltr'>μ</span> 
     </span>
    </p>
   </div>
   <div class='ocr_carea' id='block_1_63' title="bbox 219 3375 1855 3453">
    <p class='ocr_par' dir='ltr' id='par_1_63' title="bbox 219 3375 1855 3453">
     <span class='ocr_line' id='line_1_63' title="bbox 219 3375 1855 3453; baseline -0.006 -13"><span class='ocrx_word' id='word_1_473' title='bbox 219 3398 391 3451; x_wconf 88' lang='lat' dir='ltr'><strong><em>cum,</em></strong></span> <span class='ocrx_word' id='word_1_474' title='bbox 442 3379 751 3437; x_wconf 88' lang='lat' dir='ltr'><strong><em>secundum</em></strong></span> <span class='ocrx_word' id='word_1_475' title='bbox 795 3379 1126 3452; x_wconf 84' lang='lat' dir='ltr'><strong><em>Apostolum</em></strong></span> <span class='ocrx_word' id='word_1_476' title='bbox 1168 3375 1545 3434; x_wconf 87' lang='lat' dir='ltr'><strong><em>indifferenter</em></strong></span> <span class='ocrx_word' id='word_1_477' title='bbox 1571 3375 1759 3453; x_wconf 84' lang='lat' dir='ltr'><strong><em>omnia</em></strong></span> <span class='ocrx_word' id='word_1_478' title='bbox 1794 3375 1855 3432; x_wconf 90' lang='lat' dir='ltr'><strong><em>in</em></strong></span> 
     </span>
    </p>
   </div>
   <div class='ocr_carea' id='block_1_64' title="bbox 220 3467 1856 3544">
    <p class='ocr_par' dir='ltr' id='par_1_64' title="bbox 220 3467 1856 3544">
     <span class='ocr_line' id='line_1_64' title="bbox 220 3467 1856 3544; baseline -0.006 -11"><span class='ocrx_word' id='word_1_479' title='bbox 220 3473 513 3533; x_wconf 85' lang='lat' dir='ltr'><strong><em>omnibus</em></strong></span> <span class='ocrx_word' id='word_1_480' title='bbox 549 3471 786 3544; x_wconf 87' lang='lat' dir='ltr'><strong><em>operari,</em></strong></span> <span class='ocrx_word' id='word_1_481' title='bbox 826 3478 881 3528; x_wconf 89' lang='lat' dir='ltr'><strong><em>et</em></strong></span> <span class='ocrx_word' id='word_1_482' title='bbox 913 3486 1060 3528; x_wconf 89' lang='lat' dir='ltr'><strong><em>nunc</em></strong></span> <span class='ocrx_word' id='word_1_483' title='bbox 1100 3467 1326 3543; x_wconf 88' lang='lat' dir='ltr'><strong><em>quidem</em></strong></span> <span class='ocrx_word' id='word_1_484' title='bbox 1370 3467 1562 3525; x_wconf 88' lang='lat' dir='ltr'><strong><em>salutis</em></strong></span> <span class='ocrx_word' id='word_1_485' title='bbox 1590 3467 1856 3540; x_wconf 88' lang='lat' dir='ltr'><strong><em>inspirare</em></strong></span> 
     </span>
    </p>
   </div>
   <div class='ocr_carea' id='block_1_65' title="bbox 216 3560 1856 3641">
    <p class='ocr_par' dir='ltr' id='par_1_65' title="bbox 216 3560 1856 3641">
     <span class='ocr_line' id='line_1_65' title="bbox 216 3560 1856 3641; baseline -0.004 -17"><span class='ocrx_word' id='word_1_486' title='bbox 216 3566 541 3641; x_wconf 84' lang='lat' dir='ltr'><strong><em>principia,</em></strong></span> <span class='ocrx_word' id='word_1_487' title='bbox 574 3574 629 3621; x_wconf 88' lang='lat' dir='ltr'><strong><em>et</em></strong></span> <span class='ocrx_word' id='word_1_488' title='bbox 652 3565 892 3621; x_wconf 89' lang='lat' dir='ltr'><strong><em>inserere</em></strong></span> <span class='ocrx_word' id='word_1_489' title='bbox 918 3562 1210 3635; x_wconf 86' lang='lat' dir='ltr'><strong><em>unicuique</em></strong></span> <span class='ocrx_word' id='word_1_490' title='bbox 1237 3561 1400 3618; x_wconf 56' lang='lat' dir='ltr'><strong><em>bonae,</em></strong></span> <span class='ocrx_word' id='word_1_491' title='bbox 1439 3560 1733 3618; x_wconf 83' lang='lat' dir='ltr'><strong><em>voluntatis</em></strong></span> <span class='ocrx_word' id='word_1_492' title='bbox 1759 3575 1856 3617; x_wconf 87' lang='lat' dir='ltr'><strong><em>ar-</em></strong></span> 
     </span>
    </p>
   </div>
   <div class='ocr_carea' id='block_1_66' title="bbox 215 3653 1856 3730">
    <p class='ocr_par' dir='ltr' id='par_1_66' title="bbox 215 3653 1856 3730">
     <span class='ocr_line' id='line_1_66' title="bbox 215 3653 1856 3730; baseline -0.004 -12"><span class='ocrx_word' id='word_1_493' title='bbox 215 3661 473 3727; x_wconf 85' lang='lat' dir='ltr'><strong><em>dorem;</em></strong></span> <span class='ocrx_word' id='word_1_494' title='bbox 515 3673 663 3715; x_wconf 90' lang='lat' dir='ltr'><strong><em>nunc</em></strong></span> <span class='ocrx_word' id='word_1_495' title='bbox 702 3673 836 3715; x_wconf 88' lang='lat' dir='ltr'><strong><em>vero</em></strong></span> <span class='ocrx_word' id='word_1_496' title='bbox 875 3656 1048 3730; x_wconf 90' lang='lat' dir='ltr'><strong><em>ipsius</em></strong></span> <span class='ocrx_word' id='word_1_497' title='bbox 1096 3656 1435 3730; x_wconf 88' lang='lat' dir='ltr'><strong><em>operationis</em></strong></span> <span class='ocrx_word' id='word_1_498' title='bbox 1481 3653 1770 3725; x_wconf 85' lang='lat' dir='ltr'><strong><em>effectum,</em></strong></span> <span class='ocrx_word' id='word_1_499' title='bbox 1799 3662 1856 3712; x_wconf 91' lang='lat' dir='ltr'><strong><em>et</em></strong></span> 
     </span>
    </p>
   </div>
   <div class='ocr_carea' id='block_1_67' title="bbox 208 3749 1852 3820">
    <p class='ocr_par' dir='ltr' id='par_1_67' title="bbox 208 3749 1852 3820">
     <span class='ocr_line' id='line_1_67' title="bbox 208 3749 1852 3820; baseline -0.005 -7"><span class='ocrx_word' id='word_1_500' title='bbox 208 3752 776 3813; x_wconf 81' lang='lat' dir='ltr'><strong><em>consummationem</em></strong></span> <span class='ocrx_word' id='word_1_501' title='bbox 799 3750 1006 3810; x_wconf 87' lang='lat' dir='ltr'><strong><em>donare</em></strong></span> <span class='ocrx_word' id='word_1_502' title='bbox 1028 3749 1310 3820; x_wconf 88' lang='lat' dir='ltr'><strong><em>virtutum,</em></strong></span> <span class='ocrx_word' id='word_1_503' title='bbox 1340 3758 1398 3807; x_wconf 91' lang='lat' dir='ltr'><strong><em>et</em></strong></span> <span class='ocrx_word' id='word_1_504' title='bbox 1425 3765 1573 3807; x_wconf 90' lang='lat' dir='ltr'><strong><em>nunc</em></strong></span> <span class='ocrx_word' id='word_1_505' title='bbox 1611 3765 1644 3806; x_wconf 91' lang='lat' dir='ltr'><strong><em>a</em></strong></span> <span class='ocrx_word' id='word_1_506' title='bbox 1691 3749 1852 3806; x_wconf 89' lang='lat' dir='ltr'><strong><em>ruina</em></strong></span> 
     </span>
    </p>
   </div>
   <div class='ocr_carea' id='block_1_68' title="bbox 200 3842 1850 3920">
    <p class='ocr_par' dir='ltr' id='par_1_68' title="bbox 200 3842 1850 3920">
     <span class='ocr_line' id='line_1_68' title="bbox 200 3842 1850 3920; baseline -0.002 -17"><span class='ocrx_word' id='word_1_507' title='bbox 200 3846 338 3920; x_wconf 88' lang='lat' dir='ltr'><strong><em>jam</em></strong></span> <span class='ocrx_word' id='word_1_508' title='bbox 385 3844 647 3918; x_wconf 80' lang='lat' dir='ltr'><strong><em>proxima</em></strong></span> <span class='ocrx_word' id='word_1_509' title='bbox 674 3844 942 3917; x_wconf 89' lang='lat' dir='ltr'><strong><em>lapsuque</em></strong></span> <span class='ocrx_word' id='word_1_510' title='bbox 972 3843 1232 3916; x_wconf 67' lang='lat' dir='ltr'><strong><em>praecipiti</em></strong></span> <span class='ocrx_word' id='word_1_511' title='bbox 1273 3843 1440 3899; x_wconf 89' lang='lat' dir='ltr'><strong><em>etiam</em></strong></span> <span class='ocrx_word' id='word_1_512' title='bbox 1468 3842 1669 3899; x_wconf 88' lang='lat' dir='ltr'><strong><em>invitos</em></strong></span> <span class='ocrx_word' id='word_1_513' title='bbox 1692 3851 1745 3899; x_wconf 90' lang='lat' dir='ltr'><strong><em>et</em></strong></span> <span class='ocrx_word' id='word_1_514' title='bbox 1769 3842 1850 3899; x_wconf 91' lang='lat' dir='ltr'><strong><em>in-</em></strong></span> 
     </span>
    </p>
   </div>
   <div class='ocr_carea' id='block_1_69' title="bbox 205 3937 1854 4012">
    <p class='ocr_par' dir='ltr' id='par_1_69' title="bbox 205 3937 1854 4012">
     <span class='ocr_line' id='line_1_69' title="bbox 205 3937 1854 4012; baseline -0.002 -14"><span class='ocrx_word' id='word_1_515' title='bbox 205 3940 375 3998; x_wconf 86' lang='lat' dir='ltr'><strong><em>scios</em></strong></span> <span class='ocrx_word' id='word_1_516' title='bbox 409 3953 709 4005; x_wconf 79' lang='lat' dir='ltr'><strong><em>revocare;</em></strong></span> <span class='ocrx_word' id='word_1_517' title='bbox 744 3952 891 3992; x_wconf 89' lang='lat' dir='ltr'><strong><em>nunc</em></strong></span> <span class='ocrx_word' id='word_1_518' title='bbox 915 3943 1100 3992; x_wconf 88' lang='lat' dir='ltr'><strong><em>autem</em></strong></span> <span class='ocrx_word' id='word_1_519' title='bbox 1146 3937 1459 3993; x_wconf 87' lang='lat' dir='ltr'><strong><em>occasiones</em></strong></span> <span class='ocrx_word' id='word_1_520' title='bbox 1499 3944 1553 3992; x_wconf 87' lang='lat' dir='ltr'><strong><em>et</em></strong></span> <span class='ocrx_word' id='word_1_521' title='bbox 1582 3945 1854 4012; x_wconf 81' lang='lat' dir='ltr'><strong><em>opportu-</em></strong></span> 
     </span>
    </p>
   </div>
   <div class='ocr_carea' id='block_1_70' title="bbox 205 4028 1855 4102">
    <p class='ocr_par' dir='ltr' id='par_1_70' title="bbox 205 4028 1855 4102">
     <span class='ocr_line' id='line_1_70' title="bbox 205 4028 1855 4102; baseline -0.002 -12"><span class='ocrx_word' id='word_1_522' title='bbox 205 4034 440 4091; x_wconf 82' lang='lat' dir='ltr'><strong><em>nitates</em></strong></span> <span class='ocrx_word' id='word_1_523' title='bbox 497 4028 688 4087; x_wconf 88' lang='lat' dir='ltr'><strong><em>salutis</em></strong></span> <span class='ocrx_word' id='word_1_524' title='bbox 724 4029 987 4101; x_wconf 87' lang='lat' dir='ltr'><strong><em>ingerere,</em></strong></span> <span class='ocrx_word' id='word_1_525' title='bbox 1032 4042 1096 4084; x_wconf 90' lang='lat' dir='ltr'><strong><em>ac</em></strong></span> <span class='ocrx_word' id='word_1_526' title='bbox 1136 4028 1440 4099; x_wconf 65' lang='lat' dir='ltr'><strong><em>prmcipites</em></strong></span> <span class='ocrx_word' id='word_1_527' title='bbox 1477 4028 1855 4102; x_wconf 86' lang='lat' dir='ltr'><strong><em>violentosque</em></strong></span> 
     </span>
    </p>
   </div>
   <div class='ocr_carea' id='block_1_71' title="bbox 202 4118 1851 4201">
    <p class='ocr_par' dir='ltr' id='par_1_71' title="bbox 202 4118 1851 4201">
     <span class='ocr_line' id='line_1_71' title="bbox 202 4118 1851 4201; baseline -0.008 -16"><span class='ocrx_word' id='word_1_528' title='bbox 202 4130 476 4184; x_wconf 83' lang='lat' dir='ltr'><strong><em>conatus</em></strong></span> <span class='ocrx_word' id='word_1_529' title='bbox 512 4136 543 4177; x_wconf 88' lang='lat' dir='ltr'><strong><em>a</em></strong></span> <span class='ocrx_word' id='word_1_530' title='bbox 578 4120 875 4201; x_wconf 24' lang='lat' dir='ltr'><strong><em>‘lethalihus</em></strong></span> <span class='ocrx_word' id='word_1_531' title='bbox 914 4118 1372 4191; x_wconf 84' lang='lat' dir='ltr'><strong><em>dispositionibus</em></strong></span> <span class='ocrx_word' id='word_1_532' title='bbox 1413 4118 1689 4188; x_wconf 87' lang='lat' dir='ltr'><strong><em>inhibere;</em></strong></span> <span class='ocrx_word' id='word_1_533' title='bbox 1720 4124 1747 4154; x_wconf 78' lang='grc'><strong>⁸</strong></span> <span class='ocrx_word' id='word_1_534' title='bbox 1793 4129 1851 4177; x_wconf 85' lang='lat' dir='ltr'><strong><em>et</em></strong></span> 
     </span>
    </p>
   </div>
   <div class='ocr_carea' id='block_1_72' title="bbox 204 4211 1851 4289">
    <p class='ocr_par' dir='ltr' id='par_1_72' title="bbox 204 4211 1851 4289">
     <span class='ocr_line' id='line_1_72' title="bbox 204 4211 1851 4289; baseline -0.003 -12"><span class='ocrx_word' id='word_1_535' title='bbox 204 4218 371 4277; x_wconf 88' lang='lat' dir='ltr'><strong><em>alios</em></strong></span> <span class='ocrx_word' id='word_1_536' title='bbox 398 4214 634 4289; x_wconf 86' lang='lat' dir='ltr'><strong><em>quidem</em></strong></span> <span class='ocrx_word' id='word_1_537' title='bbox 666 4211 926 4281; x_wconf 88' lang='lat' dir='ltr'><strong><em>volentes,</em></strong></span> <span class='ocrx_word' id='word_1_538' title='bbox 955 4220 1340 4286; x_wconf 86' lang='lat' dir='ltr'><strong><em>currentesque</em></strong></span> <span class='ocrx_word' id='word_1_539' title='bbox 1380 4212 1686 4287; x_wconf 86' lang='lat' dir='ltr'><strong><em>suscipere;</em></strong></span> <span class='ocrx_word' id='word_1_540' title='bbox 1713 4212 1851 4272; x_wconf 90' lang='lat' dir='ltr'><strong><em>alios</em></strong></span> 
     </span>
    </p>
   </div>
   <div class='ocr_carea' id='block_1_73' title="bbox 202 4305 1849 4381">
    <p class='ocr_par' dir='ltr' id='par_1_73' title="bbox 202 4305 1849 4381">
     <span class='ocr_line' id='line_1_73' title="bbox 202 4305 1849 4381; baseline -0.002 -12"><span class='ocrx_word' id='word_1_541' title='bbox 202 4326 357 4372; x_wconf 89' lang='lat' dir='ltr'><strong><em>vero</em></strong></span> <span class='ocrx_word' id='word_1_542' title='bbox 413 4308 696 4374; x_wconf 88' lang='lat' dir='ltr'><strong><em>nolentes,</em></strong></span> <span class='ocrx_word' id='word_1_543' title='bbox 740 4305 1144 4381; x_wconf 84' lang='lat' dir='ltr'><strong><em>renitentesque</em></strong></span> <span class='ocrx_word' id='word_1_544' title='bbox 1188 4305 1521 4380; x_wconf 88' lang='lat' dir='ltr'><strong><em>pertrahere,</em></strong></span> <span class='ocrx_word' id='word_1_545' title='bbox 1563 4316 1619 4365; x_wconf 86' lang='lat' dir='ltr'><strong><em>et</em></strong></span> <span class='ocrx_word' id='word_1_546' title='bbox 1645 4306 1717 4364; x_wconf 90' lang='lat' dir='ltr'><strong><em>ad</em></strong></span> <span class='ocrx_word' id='word_1_547' title='bbox 1743 4308 1849 4365; x_wconf 91' lang='lat' dir='ltr'><strong><em>bo-</em></strong></span> 
     </span>
    </p>
   </div>
   <div class='ocr_carea' id='block_1_74' title="bbox 205 4399 1851 4476">
    <p class='ocr_par' dir='ltr' id='par_1_74' title="bbox 205 4399 1851 4476">
     <span class='ocr_line' id='line_1_74' title="bbox 205 4399 1851 4476; baseline -0.003 -12"><span class='ocrx_word' id='word_1_548' title='bbox 205 4419 362 4464; x_wconf 84' lang='lat' dir='ltr'><strong><em>nam</em></strong></span> <span class='ocrx_word' id='word_1_549' title='bbox 393 4416 605 4475; x_wconf 86' lang='lat' dir='ltr'><strong><em>cogere</em></strong></span> <span class='ocrx_word' id='word_1_550' title='bbox 648 4399 1010 4458; x_wconf 88' lang='lat' dir='ltr'><strong><em>voluntatem.</em></strong></span> <span class='ocrx_word' id='word_1_551' title='bbox 1052 4404 1257 4458; x_wconf 89' lang='lat' dir='ltr'><strong><em>Totum</em></strong></span> <span class='ocrx_word' id='word_1_552' title='bbox 1286 4416 1413 4458; x_wconf 85' lang='lat' dir='ltr'><strong><em>vero</em></strong></span> <span class='ocrx_word' id='word_1_553' title='bbox 1462 4416 1579 4458; x_wconf 90' lang='lat' dir='ltr'><strong><em>non</em></strong></span> <span class='ocrx_word' id='word_1_554' title='bbox 1632 4416 1851 4476; x_wconf 88' lang='lat' dir='ltr'><strong><em>semper</em></strong></span> 
     </span>
    </p>
   </div>
   <div class='ocr_carea' id='block_1_75' title="bbox 200 4493 1847 4576">
    <p class='ocr_par' dir='ltr' id='par_1_75' title="bbox 200 4493 1847 4576">
     <span class='ocr_line' id='line_1_75' title="bbox 200 4493 1847 4576; baseline -0.004 -18"><span class='ocrx_word' id='word_1_555' title='bbox 200 4493 643 4576; x_wconf 85' lang='lat' dir='ltr'><strong><em>resistentibus,</em></strong></span> <span class='ocrx_word' id='word_1_556' title='bbox 674 4509 777 4550; x_wconf 90' lang='lat' dir='ltr'><strong><em>nec</em></strong></span> <span class='ocrx_word' id='word_1_557' title='bbox 810 4503 1225 4566; x_wconf 80' lang='lat' dir='ltr'><strong><em>perseveranter</em></strong></span> <span class='ocrx_word' id='word_1_558' title='bbox 1262 4494 1446 4553; x_wconf 89' lang='lat' dir='ltr'><strong><em>invitis</em></strong></span> <span class='ocrx_word' id='word_1_559' title='bbox 1475 4494 1636 4553; x_wconf 90' lang='lat' dir='ltr'><strong><em>nobis</em></strong></span> <span class='ocrx_word' id='word_1_560' title='bbox 1681 4513 1714 4553; x_wconf 89' lang='lat' dir='ltr'><strong><em>a</em></strong></span> <span class='ocrx_word' id='word_1_561' title='bbox 1731 4552 1740 4560; x_wconf 79' lang='grc'><strong>,</strong></span> <span class='ocrx_word' id='word_1_562' title='bbox 1759 4496 1847 4555; x_wconf 90' lang='lat' dir='ltr'><strong><em>di-</em></strong></span> 
     </span>
    </p>
   </div>
   <div class='ocr_carea' id='block_1_76' title="bbox 1959 3286 3568 3360">
    <p class='ocr_par' dir='ltr' id='par_1_76' title="bbox 1959 3286 3568 3360">
     <span class='ocr_line' id='line_1_76' title="bbox 1959 3286 3568 3360; baseline 0.003 -20"><span class='ocrx_word' id='word_1_563' title='bbox 1959 3286 2233 3342; x_wconf 83' lang='lat' dir='ltr'><strong><em>volueritis</em></strong></span> <span class='ocrx_word' id='word_1_564' title='bbox 2255 3292 2307 3343; x_wconf 92' lang='lat' dir='ltr'><strong><em>et</em></strong></span> <span class='ocrx_word' id='word_1_565' title='bbox 2332 3289 2618 3345; x_wconf 86' lang='lat' dir='ltr'><strong><em>audieritis</em></strong></span> <span class='ocrx_word' id='word_1_566' title='bbox 2638 3305 2742 3354; x_wconf 87' lang='lat' dir='ltr'><strong><em>me,</em></strong></span> <span class='ocrx_word' id='word_1_567' title='bbox 2769 3305 2889 3360; x_wconf 63' lang='lat' dir='ltr'><strong><em>quis</em></strong></span> <span class='ocrx_word' id='word_1_568' title='bbox 2919 3292 3055 3346; x_wconf 88' lang='lat' dir='ltr'><strong><em>bona</em></strong></span> <span class='ocrx_word' id='word_1_569' title='bbox 3076 3294 3204 3347; x_wconf 87' lang='lat' dir='ltr'><strong><em>sunt</em></strong></span> <span class='ocrx_word' id='word_1_570' title='bbox 3232 3294 3389 3346; x_wconf 64' lang='lat' dir='ltr'><strong><em>terrae</em></strong></span> <span class='ocrx_word' id='word_1_571' title='bbox 3415 3305 3568 3345; x_wconf 84' lang='lat' dir='ltr'><strong><em>man-</em></strong></span> 
     </span>
    </p>
   </div>
   <div class='ocr_carea' id='block_1_77' title="bbox 1961 3380 3578 3454">
    <p class='ocr_par' dir='ltr' id='par_1_77' title="bbox 1961 3380 3578 3454">
     <span class='ocr_line' id='line_1_77' title="bbox 1961 3380 3578 3454; baseline 0.002 -20"><span class='ocrx_word' id='word_1_572' title='bbox 1961 3380 2230 3436; x_wconf 86' lang='lat' dir='ltr'><strong><em>ducabitis</em></strong></span> <span class='ocrx_word' id='word_1_573' title='bbox 2258 3384 2434 3448; x_wconf 82' lang='lat' dir='ltr'><strong><em>(Isaiae</em></strong></span> <span class='ocrx_word' id='word_1_574' title='bbox 2470 3385 2603 3451; x_wconf 84' lang='lat' dir='ltr'><strong><em>vn),</em></strong></span> <span class='ocrx_word' id='word_1_575' title='bbox 2623 3385 2649 3418; x_wconf 75' lang='grc' dir='ltr'><strong>ιι</strong></span> <span class='ocrx_word' id='word_1_576' title='bbox 2695 3382 2763 3438; x_wconf 90' lang='lat' dir='ltr'><strong><em>ad</em></strong></span> <span class='ocrx_word' id='word_1_577' title='bbox 2791 3382 3010 3454; x_wconf 88' lang='lat' dir='ltr'><strong><em>plenum</em></strong></span> <span class='ocrx_word' id='word_1_578' title='bbox 3044 3382 3285 3438; x_wconf 87' lang='lat' dir='ltr'><strong><em>humano</em></strong></span> <span class='ocrx_word' id='word_1_579' title='bbox 3318 3397 3480 3439; x_wconf 90' lang='lat' dir='ltr'><strong><em>sensu</em></strong></span> <span class='ocrx_word' id='word_1_580' title='bbox 3506 3397 3578 3438; x_wconf 88' lang='lat' dir='ltr'><strong><em>ac</em></strong></span> 
     </span>
    </p>
   </div>
   <div class='ocr_carea' id='block_1_78' title="bbox 1960 3472 3389 3548">
    <p class='ocr_par' dir='ltr' id='par_1_78' title="bbox 1960 3472 3389 3548">
     <span class='ocr_line' id='line_1_78' title="bbox 1960 3472 3389 3548; baseline 0.003 -20"><span class='ocrx_word' id='word_1_581' title='bbox 1960 3472 2172 3530; x_wconf 89' lang='lat' dir='ltr'><strong><em>ratione</em></strong></span> <span class='ocrx_word' id='word_1_582' title='bbox 2199 3489 2314 3530; x_wconf 92' lang='lat' dir='ltr'><strong><em>non</em></strong></span> <span class='ocrx_word' id='word_1_583' title='bbox 2360 3482 2544 3546; x_wconf 88' lang='lat' dir='ltr'><strong><em>potest</em></strong></span> <span class='ocrx_word' id='word_1_584' title='bbox 2576 3475 2658 3548; x_wconf 89' lang='lat' dir='ltr'><strong><em>(ut</em></strong></span> <span class='ocrx_word' id='word_1_585' title='bbox 2683 3475 2942 3548; x_wconf 89' lang='lat' dir='ltr'><strong><em>arbitror)</em></strong></span> <span class='ocrx_word' id='word_1_586' title='bbox 2974 3474 3389 3548; x_wconf 89' lang='lat' dir='ltr'><strong><em>comprehendi.</em></strong></span> 
     </span>
    </p>
   </div>
   <div class='ocr_carea' id='block_1_79' title="bbox 2537 3577 2983 3636">
    <p class='ocr_par' dir='ltr' id='par_1_79' title="bbox 2537 3577 2983 3636">
     <span class='ocr_line' id='line_1_79' title="bbox 2537 3577 2983 3636; baseline -0.002 -1"><span class='ocrx_word' id='word_1_587' title='bbox 2537 3577 2779 3636; x_wconf 81' lang='lat' dir='ltr'><strong><em>CAPUT</em></strong></span> <span class='ocrx_word' id='word_1_588' title='bbox 2822 3579 2983 3635; x_wconf 85' lang='lat' dir='ltr'><strong><em>XIX.</em></strong></span> 
     </span>
    </p>
   </div>
   <div class='ocr_carea' id='block_1_80' title="bbox 1960 3672 3578 3738">
    <p class='ocr_par' dir='ltr' id='par_1_80' title="bbox 1960 3672 3578 3738">
     <span class='ocr_line' id='line_1_80' title="bbox 1960 3672 3578 3738; baseline 0.006 -12"><span class='ocrx_word' id='word_1_589' title='bbox 1960 3672 2221 3728; x_wconf 77' lang='lat' dir='ltr'><strong><em>Doctrina</em></strong></span> <span class='ocrx_word' id='word_1_590' title='bbox 2248 3673 2508 3731; x_wconf 80' lang='lat' dir='ltr'><strong><em>catholica</em></strong></span> <span class='ocrx_word' id='word_1_591' title='bbox 2536 3674 2679 3731; x_wconf 85' lang='lat' dir='ltr'><strong><em>beati</em></strong></span> <span class='ocrx_word' id='word_1_592' title='bbox 2703 3678 2953 3738; x_wconf 78' lang='lat' dir='ltr'><strong><em>Dionysii</em></strong></span> <span class='ocrx_word' id='word_1_593' title='bbox 2971 3678 3197 3736; x_wconf 82' lang='lat' dir='ltr'><strong><em>Richelii</em></strong></span> <span class='ocrx_word' id='word_1_594' title='bbox 3222 3679 3578 3738; x_wconf 77' lang='lat' dir='ltr'><strong><em>Carthasiani</em></strong></span> 
     </span>
    </p>
   </div>
   <div class='ocr_carea' id='block_1_81' title="bbox 2154 3746 3370 3820">
    <p class='ocr_par' dir='ltr' id='par_1_81' title="bbox 2154 3746 3370 3820">
     <span class='ocr_line' id='line_1_81' title="bbox 2154 3746 3370 3820; baseline 0.005 -21"><span class='ocrx_word' id='word_1_595' title='bbox 2154 3746 2483 3816; x_wconf 80' lang='lat' dir='ltr'><strong><em>prcccedenti</em></strong></span> <span class='ocrx_word' id='word_1_596' title='bbox 2505 3747 2779 3804; x_wconf 79' lang='lat' dir='ltr'><strong><em>collationi</em></strong></span> <span class='ocrx_word' id='word_1_597' title='bbox 2806 3746 2875 3807; x_wconf 86' lang='lat' dir='ltr'><strong><em>ab</em></strong></span> <span class='ocrx_word' id='word_1_598' title='bbox 2900 3752 3017 3820; x_wconf 86' lang='lat' dir='ltr'><strong><em>ipso</em></strong></span> <span class='ocrx_word' id='word_1_599' title='bbox 3054 3752 3370 3807; x_wconf 75' lang='lat' dir='ltr'><strong><em>substitute.</em></strong></span> 
     </span>
    </p>
   </div>
   <div class='ocr_carea' id='block_1_82' title="bbox 2033 3844 3571 3920">
    <p class='ocr_par' dir='ltr' id='par_1_82' title="bbox 2033 3844 3571 3920">
     <span class='ocr_line' id='line_1_82' title="bbox 2033 3844 3571 3920; baseline 0.003 -18"><span class='ocrx_word' id='word_1_600' title='bbox 2033 3844 2480 3920; x_wconf 89' lang='lat' dir='ltr'><strong><em>Inseparabiliter</em></strong></span> <span class='ocrx_word' id='word_1_601' title='bbox 2524 3846 2679 3904; x_wconf 90' lang='lat' dir='ltr'><strong><em>adest</em></strong></span> <span class='ocrx_word' id='word_1_602' title='bbox 2725 3847 2890 3904; x_wconf 89' lang='lat' dir='ltr'><strong><em>nobis</em></strong></span> <span class='ocrx_word' id='word_1_603' title='bbox 2930 3849 3112 3904; x_wconf 87' lang='lat' dir='ltr'><strong><em>divina</em></strong></span> <span class='ocrx_word' id='word_1_604' title='bbox 3176 3851 3462 3920; x_wconf 85' lang='lat' dir='ltr'><strong><em>protectio,</em></strong></span> <span class='ocrx_word' id='word_1_605' title='bbox 3510 3858 3571 3906; x_wconf 86' lang='lat' dir='ltr'><strong><em>et</em></strong></span> 
     </span>
    </p>
   </div>
   <div class='ocr_carea' id='block_1_83' title="bbox 1950 3939 3562 4016">
    <p class='ocr_par' dir='ltr' id='par_1_83' title="bbox 1950 3939 3562 4016">
     <span class='ocr_line' id='line_1_83' title="bbox 1950 3939 3562 4016; baseline 0.003 -22"><span class='ocrx_word' id='word_1_606' title='bbox 1950 3939 2109 3995; x_wconf 86' lang='lat' dir='ltr'><strong><em>tanta</em></strong></span> <span class='ocrx_word' id='word_1_607' title='bbox 2132 3946 2215 3995; x_wconf 89' lang='lat' dir='ltr'><strong><em>est</em></strong></span> <span class='ocrx_word' id='word_1_608' title='bbox 2235 3939 2406 4012; x_wconf 88' lang='lat' dir='ltr'><strong><em>pietas</em></strong></span> <span class='ocrx_word' id='word_1_609' title='bbox 2434 3939 2729 3998; x_wconf 88' lang='lat' dir='ltr'><strong><em>Salvatoris</em></strong></span> <span class='ocrx_word' id='word_1_610' title='bbox 2746 3940 2889 3999; x_wconf 91' lang='lat' dir='ltr'><strong><em>circa</em></strong></span> <span class='ocrx_word' id='word_1_611' title='bbox 2914 3942 3198 4016; x_wconf 88' lang='lat' dir='ltr'><strong><em>propriam</em></strong></span> <span class='ocrx_word' id='word_1_612' title='bbox 3227 3951 3562 4012; x_wconf 87' lang='lat' dir='ltr'><strong><em>creaturam,</em></strong></span> 
     </span>
    </p>
   </div>
   <div class='ocr_carea' id='block_1_84' title="bbox 1961 4033 3562 4110">
    <p class='ocr_par' dir='ltr' id='par_1_84' title="bbox 1961 4033 3562 4110">
     <span class='ocr_line' id='line_1_84' title="bbox 1961 4033 3562 4110; baseline 0.005 -23"><span class='ocrx_word' id='word_1_613' title='bbox 1961 4040 2023 4088; x_wconf 89' lang='lat' dir='ltr'><strong><em>ut</em></strong></span> <span class='ocrx_word' id='word_1_614' title='bbox 2058 4047 2171 4088; x_wconf 90' lang='lat' dir='ltr'><strong><em>non</em></strong></span> <span class='ocrx_word' id='word_1_615' title='bbox 2210 4033 2393 4089; x_wconf 90' lang='lat' dir='ltr'><strong><em>solum</em></strong></span> <span class='ocrx_word' id='word_1_616' title='bbox 2422 4034 2737 4108; x_wconf 89' lang='lat' dir='ltr'><strong><em>comitetur,</em></strong></span> <span class='ocrx_word' id='word_1_617' title='bbox 2769 4035 2867 4093; x_wconf 89' lang='lat' dir='ltr'><strong><em>sed</em></strong></span> <span class='ocrx_word' id='word_1_618' title='bbox 2885 4045 2943 4093; x_wconf 92' lang='lat' dir='ltr'><strong><em>et</em></strong></span> <span class='ocrx_word' id='word_1_619' title='bbox 2980 4037 3255 4109; x_wconf 75' lang='lat' dir='ltr'><strong><em>praecedat</em></strong></span> <span class='ocrx_word' id='word_1_620' title='bbox 3281 4051 3400 4094; x_wconf 89' lang='lat' dir='ltr'><strong><em>eam</em></strong></span> <span class='ocrx_word' id='word_1_621' title='bbox 3414 4037 3562 4110; x_wconf 89' lang='lat' dir='ltr'><strong><em>jugi-</em></strong></span> 
     </span>
    </p>
   </div>
   <div class='ocr_carea' id='block_1_85' title="bbox 1962 4120 3565 4200">
    <p class='ocr_par' dir='ltr' id='par_1_85' title="bbox 1962 4120 3565 4200">
     <span class='ocr_line' id='line_1_85' title="bbox 1962 4120 3565 4200; baseline 0.005 -23"><span class='ocrx_word' id='word_1_622' title='bbox 1962 4128 2047 4177; x_wconf 90' lang='lat' dir='ltr'><strong><em>ter</em></strong></span> <span class='ocrx_word' id='word_1_623' title='bbox 2073 4120 2415 4193; x_wconf 88' lang='lat' dir='ltr'><strong><em>providentia</em></strong></span> <span class='ocrx_word' id='word_1_624' title='bbox 2443 4138 2559 4180; x_wconf 86' lang='lat' dir='ltr'><strong><em>sua.</em></strong></span> <span class='ocrx_word' id='word_1_625' title='bbox 2593 4125 2756 4194; x_wconf 88' lang='lat' dir='ltr'><strong><em>Quod</em></strong></span> <span class='ocrx_word' id='word_1_626' title='bbox 2785 4134 3042 4198; x_wconf 82' lang='lat' dir='ltr'><strong><em>expertus</em></strong></span> <span class='ocrx_word' id='word_1_627' title='bbox 3071 4126 3345 4200; x_wconf 88' lang='lat' dir='ltr'><strong><em>Propheta</em></strong></span> <span class='ocrx_word' id='word_1_628' title='bbox 3366 4129 3565 4185; x_wconf 88' lang='lat' dir='ltr'><strong><em>Domi-</em></strong></span> 
     </span>
    </p>
   </div>
   <div class='ocr_carea' id='block_1_86' title="bbox 1955 4213 3567 4291">
    <p class='ocr_par' dir='ltr' id='par_1_86' title="bbox 1955 4213 3567 4291">
     <span class='ocr_line' id='line_1_86' title="bbox 1955 4213 3567 4291; baseline 0.007 -22"><span class='ocrx_word' id='word_1_629' title='bbox 1955 4216 2031 4271; x_wconf 90' lang='lat' dir='ltr'><strong><em>no</em></strong></span> <span class='ocrx_word' id='word_1_630' title='bbox 2073 4213 2419 4287; x_wconf 87' lang='lat' dir='ltr'><strong><em>apertissime</em></strong></span> <span class='ocrx_word' id='word_1_631' title='bbox 2462 4216 2794 4275; x_wconf 88' lang='lat' dir='ltr'><strong><em>conﬁtetur:</em></strong></span> <span class='ocrx_word' id='word_1_632' title='bbox 2831 4224 2971 4277; x_wconf 87' lang='lat' dir='ltr'><strong><em>Deus</em></strong></span> <span class='ocrx_word' id='word_1_633' title='bbox 2994 4236 3159 4291; x_wconf 85' lang='lat' dir='ltr'><strong><em>meus,</em></strong></span> <span class='ocrx_word' id='word_1_634' title='bbox 3187 4223 3567 4280; x_wconf 83' lang='lat' dir='ltr'><strong><em>misericordia</em></strong></span> 
     </span>
    </p>
   </div>
   <div class='ocr_carea' id='block_1_87' title="bbox 1957 4308 2897 4383">
    <p class='ocr_par' dir='ltr' id='par_1_87' title="bbox 1957 4308 2897 4383">
     <span class='ocr_line' id='line_1_87' title="bbox 1957 4308 2897 4383; baseline 0.009 -21"><span class='ocrx_word' id='word_1_635' title='bbox 1957 4308 2072 4379; x_wconf 87' lang='lat' dir='ltr'><strong><em>ejus</em></strong></span> <span class='ocrx_word' id='word_1_636' title='bbox 2095 4311 2367 4378; x_wconf 57' lang='lat' dir='ltr'><strong><em>praevenit</em></strong></span> <span class='ocrx_word' id='word_1_637' title='bbox 2391 4325 2476 4365; x_wconf 87' lang='lat' dir='ltr'><strong><em>me</em></strong></span> <span class='ocrx_word' id='word_1_638' title='bbox 2502 4309 2666 4383; x_wconf 82' lang='lat' dir='ltr'><strong><em>(Psal.</em></strong></span> <span class='ocrx_word' id='word_1_639' title='bbox 2696 4318 2897 4381; x_wconf 78' lang='lat' dir='ltr'><strong><em>nvm).</em></strong></span> 
     </span>
    </p>
   </div>
   <div class='ocr_carea' id='block_1_88' title="bbox 2028 4401 3563 4480">
    <p class='ocr_par' dir='ltr' id='par_1_88' title="bbox 2028 4401 3563 4480">
     <span class='ocr_line' id='line_1_88' title="bbox 2028 4401 3563 4480; baseline 0.007 -22"><span class='ocrx_word' id='word_1_640' title='bbox 2028 4404 2144 4459; x_wconf 83' lang='lat' dir='ltr'><strong><em>Nec</em></strong></span> <span class='ocrx_word' id='word_1_641' title='bbox 2170 4401 2354 4460; x_wconf 86' lang='lat' dir='ltr'><strong><em>solum</em></strong></span> <span class='ocrx_word' id='word_1_642' title='bbox 2385 4403 2616 4478; x_wconf 86' lang='lat' dir='ltr'><strong><em>benigne</em></strong></span> <span class='ocrx_word' id='word_1_643' title='bbox 2662 4407 2888 4480; x_wconf 89' lang='lat' dir='ltr'><strong><em>inspirat</em></strong></span> <span class='ocrx_word' id='word_1_644' title='bbox 2914 4406 3181 4466; x_wconf 85' lang='lat' dir='ltr'><strong><em>desideria</em></strong></span> <span class='ocrx_word' id='word_1_645' title='bbox 3220 4418 3434 4479; x_wconf 88' lang='lat' dir='ltr'><strong><em>sancta;</em></strong></span> <span class='ocrx_word' id='word_1_646' title='bbox 3465 4410 3563 4469; x_wconf 90' lang='lat' dir='ltr'><strong><em>sed</em></strong></span> 
     </span>
    </p>
   </div>
   <div class='ocr_carea' id='block_1_89' title="bbox 1958 4497 3558 4578">
    <p class='ocr_par' dir='ltr' id='par_1_89' title="bbox 1958 4497 3558 4578">
     <span class='ocr_line' id='line_1_89' title="bbox 1958 4497 3558 4578; baseline 0.006 -24"><span class='ocrx_word' id='word_1_647' title='bbox 1958 4505 2014 4554; x_wconf 90' lang='lat' dir='ltr'><strong><em>et</em></strong></span> <span class='ocrx_word' id='word_1_648' title='bbox 2062 4497 2373 4556; x_wconf 90' lang='lat' dir='ltr'><strong><em>occasiones</em></strong></span> <span class='ocrx_word' id='word_1_649' title='bbox 2442 4509 2666 4573; x_wconf 64' lang='lat' dir='ltr'><strong><em>prastat</em></strong></span> <span class='ocrx_word' id='word_1_650' title='bbox 2716 4500 2928 4571; x_wconf 90' lang='lat' dir='ltr'><strong><em>salutis,</em></strong></span> <span class='ocrx_word' id='word_1_651' title='bbox 2983 4511 3042 4560; x_wconf 91' lang='lat' dir='ltr'><strong><em>et</em></strong></span> <span class='ocrx_word' id='word_1_652' title='bbox 3095 4506 3558 4578; x_wconf 87' lang='lat' dir='ltr'><strong><em>opportunitatem</em></strong></span> 
     </span>
    </p>
   </div>
   <div class='ocr_carea' id='block_1_90' title="bbox 201 4579 3567 4670">
    <p class='ocr_par' dir='ltr' id='par_1_90' title="bbox 201 4579 3567 4670">
     <span class='ocr_line' id='line_1_90' title="bbox 201 4579 3567 4670; baseline 0.002 -21"><span class='ocrx_word' id='word_1_653' title='bbox 201 4592 465 4651; x_wconf 85' lang='lat' dir='ltr'><strong><em>vinitate</em></strong></span> <span class='ocrx_word' id='word_1_654' title='bbox 488 4586 769 4655; x_wconf 79' lang='lat' dir='ltr'><strong><em>‘concedi;</em></strong></span> <span class='ocrx_word' id='word_1_655' title='bbox 814 4594 869 4644; x_wconf 88' lang='lat' dir='ltr'><strong><em>et</em></strong></span> <span class='ocrx_word' id='word_1_656' title='bbox 913 4602 1196 4643; x_wconf 86' lang='lat' dir='ltr'><strong><em>summam</em></strong></span> <span class='ocrx_word' id='word_1_657' title='bbox 1233 4587 1421 4654; x_wconf 82' lang='lat' dir='ltr'><strong><em>salutis</em></strong></span> <span class='ocrx_word' id='word_1_658' title='bbox 1465 4597 1693 4661; x_wconf 67' lang='lat' dir='ltr'><strong><em>nostris,</em></strong></span> <span class='ocrx_word' id='word_1_659' title='bbox 1739 4606 1850 4648; x_wconf 90' lang='lat' dir='ltr'><strong><em>non</em></strong></span> <span class='ocrx_word' id='word_1_660' title='bbox 1878 4579 2119 4649; x_wconf 69' lang='lat' dir='ltr'><strong><em>Dbonis</em></strong></span> <span class='ocrx_word' id='word_1_661' title='bbox 2149 4589 2462 4658; x_wconf 86' lang='lat' dir='ltr'><strong><em>effectibus,</em></strong></span> <span class='ocrx_word' id='word_1_662' title='bbox 2491 4596 2905 4670; x_wconf 87' lang='lat' dir='ltr'><strong><em>errantibusque</em></strong></span> <span class='ocrx_word' id='word_1_663' title='bbox 2946 4595 3285 4655; x_wconf 85' lang='lat' dir='ltr'><strong><em>demonstrat</em></strong></span> <span class='ocrx_word' id='word_1_664' title='bbox 3314 4599 3567 4656; x_wconf 89' lang='lat' dir='ltr'><strong><em>directio-</em></strong></span> 
     </span>
    </p>
   </div>
   <div class='ocr_carea' id='block_1_91' title="bbox 1353 4700 2466 4777">
    <p class='ocr_par' dir='ltr' id='par_1_91' title="bbox 1353 4700 2466 4777">
     <span class='ocr_line' id='line_1_91' title="bbox 1353 4700 2466 4777; baseline 0.005 -11"><span class='ocrx_word' id='word_1_665' title='bbox 1353 4711 1608 4769; x_wconf 82' lang='lat' dir='ltr'><strong><em>ALARDI</em></strong></span> <span class='ocrx_word' id='word_1_666' title='bbox 1643 4714 1870 4773; x_wconf 63' lang='lat' dir='ltr'><strong><em>eam</em></strong></span> <span class='ocrx_word' id='word_1_667' title='bbox 1906 4700 2466 4777; x_wconf 73' lang='lat' dir='ltr'><strong><em>COMMENTARIUS.</em></strong></span> 
     </span>
    </p>
   </div>
   <div class='ocr_carea' id='block_1_92' title="bbox 279 4827 1854 4900">
    <p class='ocr_par' dir='ltr' id='par_1_92' title="bbox 279 4827 1854 4900">
     <span class='ocr_line' id='line_1_92' title="bbox 279 4827 1854 4900; baseline -0.001 -12"><span class='ocrx_word' id='word_1_668' title='bbox 279 4845 313 4873; x_wconf 76' lang='grc' dir='ltr'>ι</span> <span class='ocrx_word' id='word_1_669' title='bbox 338 4836 482 4892; x_wconf 88' lang='lat' dir='ltr'><strong><em>Non</em></strong></span> <span class='ocrx_word' id='word_1_670' title='bbox 530 4832 611 4884; x_wconf 88' lang='lat' dir='ltr'><strong><em>ita</em></strong></span> <span class='ocrx_word' id='word_1_671' title='bbox 642 4833 838 4894; x_wconf 83' lang='lat' dir='ltr'><strong><em>tamen,</em></strong></span> <span class='ocrx_word' id='word_1_672' title='bbox 869 4827 945 4885; x_wconf 89' lang='lat' dir='ltr'><strong><em>ait</em></strong></span> <span class='ocrx_word' id='word_1_673' title='bbox 986 4830 1042 4886; x_wconf 94' lang='lat' dir='ltr'><strong><em>S.</em></strong></span> <span class='ocrx_word' id='word_1_674' title='bbox 1090 4831 1347 4900; x_wconf 90' lang='lat' dir='ltr'><strong><em>Prosper,</em></strong></span> <span class='ocrx_word' id='word_1_675' title='bbox 1373 4833 1450 4900; x_wconf 79' lang='lat' dir='ltr'><strong><em>ut</em></strong></span> <span class='ocrx_word' id='word_1_676' title='bbox 1468 4829 1639 4898; x_wconf 66' lang='lat' dir='ltr'><strong><em>juxta</em></strong></span> <span class='ocrx_word' id='word_1_677' title='bbox 1663 4845 1854 4886; x_wconf 87' lang='lat' dir='ltr'><strong><em>novam</em></strong></span> 
     </span>
    </p>
   </div>
   <div class='ocr_carea' id='block_1_93' title="bbox 193 4898 1857 4974">
    <p class='ocr_par' dir='ltr' id='par_1_93' title="bbox 193 4898 1857 4974">
     <span class='ocr_line' id='line_1_93' title="bbox 193 4898 1857 4974; baseline -0.013 -9"><span class='ocrx_word' id='word_1_678' title='bbox 193 4908 381 4965; x_wconf 75' lang='lat' dir='ltr'><strong><em>illam</em></strong></span> <span class='ocrx_word' id='word_1_679' title='bbox 396 4902 770 4974; x_wconf 66' lang='lat' dir='ltr'><strong><em>partitionem</em></strong></span> <span class='ocrx_word' id='word_1_680' title='bbox 787 4901 1057 4970; x_wconf 85' lang='lat' dir='ltr'><strong><em>superiori</em></strong></span> <span class='ocrx_word' id='word_1_681' title='bbox 1066 4898 1245 4974; x_wconf 77' lang='lat' dir='ltr'><strong><em>capite</em></strong></span> <span class='ocrx_word' id='word_1_682' title='bbox 1254 4898 1743 4969; x_wconf 74' lang='lat' dir='ltr'><strong><em>positam,altorum</em></strong></span> <span class='ocrx_word' id='word_1_683' title='bbox 1754 4903 1857 4956; x_wconf 85' lang='lat' dir='ltr'><strong><em>sal.</em></strong></span> 
     </span>
    </p>
   </div>
   <div class='ocr_carea' id='block_1_94' title="bbox 194 4970 1859 5043">
    <p class='ocr_par' dir='ltr' id='par_1_94' title="bbox 194 4970 1859 5043">
     <span class='ocr_line' id='line_1_94' title="bbox 194 4970 1859 5043; baseline -0.002 -15"><span class='ocrx_word' id='word_1_684' title='bbox 194 4970 423 5039; x_wconf 61' lang='grc' dir='ltr'><strong><em>υαεονζ</em></strong></span> <span class='ocrx_word' id='word_1_685' title='bbox 447 4970 694 5026; x_wconf 76' lang='lat' dir='ltr'><strong><em>aliorum</em></strong></span> <span class='ocrx_word' id='word_1_686' title='bbox 717 4976 1004 5042; x_wconf 84' lang='lat' dir='ltr'><strong><em>susceptor.</em></strong></span> <span class='ocrx_word' id='word_1_687' title='bbox 1027 4970 1531 5043; x_wconf 37' lang='lat' dir='ltr'><strong><em>sed’usquequaque</em></strong></span> <span class='ocrx_word' id='word_1_688' title='bbox 1545 4973 1783 5043; x_wconf 79' lang='lat' dir='ltr'><strong><em>omnium</em></strong></span> <span class='ocrx_word' id='word_1_689' title='bbox 1801 4976 1859 5043; x_wconf 74' lang='lat' dir='ltr'><strong><em>ﬁ-</em></strong></span> 
     </span>
    </p>
   </div>
   <div class='ocr_carea' id='block_1_95' title="bbox 199 5041 1858 5112">
    <p class='ocr_par' dir='ltr' id='par_1_95' title="bbox 199 5041 1858 5112">
     <span class='ocr_line' id='line_1_95' title="bbox 199 5041 1858 5112; baseline -0.005 -5"><span class='ocrx_word' id='word_1_690' title='bbox 199 5050 440 5107; x_wconf 81' lang='lat' dir='ltr'><strong><em>delium</em></strong></span> <span class='ocrx_word' id='word_1_691' title='bbox 456 5047 520 5099; x_wconf 86' lang='lat' dir='ltr'><strong><em>et</em></strong></span> <span class='ocrx_word' id='word_1_692' title='bbox 529 5045 800 5112; x_wconf 84' lang='lat' dir='ltr'><strong><em>susceptor</em></strong></span> <span class='ocrx_word' id='word_1_693' title='bbox 808 5046 864 5097; x_wconf 89' lang='lat' dir='ltr'><strong><em>et</em></strong></span> <span class='ocrx_word' id='word_1_694' title='bbox 872 5043 1111 5098; x_wconf 87' lang='lat' dir='ltr'><strong><em>salvator</em></strong></span> <span class='ocrx_word' id='word_1_695' title='bbox 1121 5043 1197 5098; x_wconf 87' lang='lat' dir='ltr'><strong><em>sit</em></strong></span> <span class='ocrx_word' id='word_1_696' title='bbox 1206 5042 1475 5098; x_wconf 80' lang='lat' dir='ltr'><strong><em>Christus.</em></strong></span> <span class='ocrx_word' id='word_1_697' title='bbox 1489 5041 1637 5098; x_wconf 83' lang='lat' dir='ltr'><strong><em>Unde</em></strong></span> <span class='ocrx_word' id='word_1_698' title='bbox 1644 5041 1858 5098; x_wconf 86' lang='lat' dir='ltr'><strong><em>orantes</em></strong></span> 
     </span>
    </p>
   </div>
   <div class='ocr_carea' id='block_1_96' title="bbox 194 5113 1859 5186">
    <p class='ocr_par' dir='ltr' id='par_1_96' title="bbox 194 5113 1859 5186">
     <span class='ocr_line' id='line_1_96' title="bbox 194 5113 1859 5186; baseline -0.005 -10"><span class='ocrx_word' id='word_1_699' title='bbox 194 5136 318 5176; x_wconf 78' lang='lat' dir='ltr'><strong><em>non</em></strong></span> <span class='ocrx_word' id='word_1_700' title='bbox 339 5118 676 5186; x_wconf 83' lang='lat' dir='ltr'><strong><em>aliquorum</em></strong></span> <span class='ocrx_word' id='word_1_701' title='bbox 694 5118 1044 5183; x_wconf 82' lang='lat' dir='ltr'><strong><em>protectorem</em></strong></span> <span class='ocrx_word' id='word_1_702' title='bbox 1062 5116 1115 5168; x_wconf 89' lang='lat' dir='ltr'><strong><em>et</em></strong></span> <span class='ocrx_word' id='word_1_703' title='bbox 1130 5113 1458 5186; x_wconf 67' lang='lat' dir='ltr'><strong><em>salvatorem</em></strong></span> <span class='ocrx_word' id='word_1_704' title='bbox 1454 5153 1478 5186; x_wconf 48' lang='grc' dir='ltr'><em>ε</em></span> <span class='ocrx_word' id='word_1_705' title='bbox 1488 5115 1541 5186; x_wconf 73' lang='lat' dir='ltr'><strong><em>et</em></strong></span> <span class='ocrx_word' id='word_1_706' title='bbox 1553 5113 1859 5186; x_wconf 73' lang='lat' dir='ltr'><strong><em>aliquorum</em></strong></span> 
     </span>
    </p>
   </div>
   <div class='ocr_carea' id='block_1_97' title="bbox 199 5180 1858 5262">
    <p class='ocr_par' dir='ltr' id='par_1_97' title="bbox 199 5180 1858 5262">
     <span class='ocr_line' id='line_1_97' title="bbox 199 5180 1858 5262; baseline -0.005 -15"><span class='ocrx_word' id='word_1_707' title='bbox 199 5180 559 5262; x_wconf 61' lang='lat' dir='ltr'><strong><em>adjutorem</em></strong></span> <span class='ocrx_word' id='word_1_708' title='bbox 586 5199 649 5240; x_wconf 88' lang='lat' dir='ltr'><strong><em>ac</em></strong></span> <span class='ocrx_word' id='word_1_709' title='bbox 1067 5189 1129 5238; x_wconf 91' lang='lat' dir='ltr'><strong><em>ut</em></strong></span> <span class='ocrx_word' id='word_1_710' title='bbox 1144 5181 1406 5262; x_wconf 77' lang='lat' dir='ltr'><strong><em>superius</em></strong></span> <span class='ocrx_word' id='word_1_711' title='bbox 1425 5180 1564 5238; x_wconf 78' lang='lat' dir='ltr'><strong><em>dixit</em></strong></span> <span class='ocrx_word' id='word_1_712' title='bbox 1589 5180 1858 5262; x_wconf 66' lang='lat' dir='ltr'><strong><em>Collator,</em></strong></span> 
     </span>
    </p>
   </div>
   <div class='ocr_carea' id='block_1_98' title="bbox 200 5253 1861 5326">
    <p class='ocr_par' dir='ltr' id='par_1_98' title="bbox 200 5253 1861 5326">
     <span class='ocr_line' id='line_1_98' title="bbox 200 5253 1861 5326; baseline -0.007 -6"><span class='ocrx_word' id='word_1_713' title='bbox 200 5253 308 5319; x_wconf 65' lang='lat' dir='ltr'><strong><em>set?</em></strong></span> <span class='ocrx_word' id='word_1_714' title='bbox 340 5258 613 5317; x_wconf 72' lang='lat' dir='ltr'><strong><em>omnium</em></strong></span> <span class='ocrx_word' id='word_1_715' title='bbox 631 5260 684 5311; x_wconf 90' lang='lat' dir='ltr'><strong><em>et</em></strong></span> <span class='ocrx_word' id='word_1_716' title='bbox 705 5253 1070 5326; x_wconf 76' lang='lat' dir='ltr'><strong><em>protectorem,</em></strong></span> <span class='ocrx_word' id='word_1_717' title='bbox 1103 5259 1156 5309; x_wconf 87' lang='lat' dir='ltr'><strong><em>et</em></strong></span> <span class='ocrx_word' id='word_1_718' title='bbox 1190 5253 1533 5326; x_wconf 67' lang='lat' dir='ltr'><strong><em>salvatorem,</em></strong></span> <span class='ocrx_word' id='word_1_719' title='bbox 1561 5258 1613 5326; x_wconf 80' lang='lat' dir='ltr'><strong><em>et</em></strong></span> <span class='ocrx_word' id='word_1_720' title='bbox 1637 5253 1861 5323; x_wconf 85' lang='lat' dir='ltr'><strong><em>adjuto-</em></strong></span> 
     </span>
    </p>
   </div>
   <div class='ocr_carea' id='block_1_99' title="bbox 197 5324 1861 5397">
    <p class='ocr_par' dir='ltr' id='par_1_99' title="bbox 197 5324 1861 5397">
     <span class='ocr_line' id='line_1_99' title="bbox 197 5324 1861 5397; baseline -0.012 3"><span class='ocrx_word' id='word_1_721' title='bbox 197 5348 350 5397; x_wconf 71' lang='lat' dir='ltr'><strong><em>rem,</em></strong></span> <span class='ocrx_word' id='word_1_722' title='bbox 376 5335 439 5387; x_wconf 67' lang='grc' dir='ltr'><strong><em>εἰ</em></strong></span> <span class='ocrx_word' id='word_1_723' title='bbox 469 5324 833 5397; x_wconf 66' lang='grc' dir='ltr'><strong><em>ευξοσΡτδνθνη</em></strong></span> <span class='ocrx_word' id='word_1_724' title='bbox 858 5328 1037 5397; x_wconf 64' lang='lat' dir='ltr'><strong><em>ipsum</em></strong></span> <span class='ocrx_word' id='word_1_725' title='bbox 1053 5325 1471 5397; x_wconf 71' lang='lat' dir='ltr'><strong><em>prodamus.</em></strong></span> <span class='ocrx_word' id='word_1_726' title='bbox 1494 5324 1600 5381; x_wconf 87' lang='lat' dir='ltr'><strong><em>Sed</em></strong></span> <span class='ocrx_word' id='word_1_727' title='bbox 1624 5339 1861 5396; x_wconf 88' lang='lat' dir='ltr'><strong><em>quomo-</em></strong></span> 
     </span>
    </p>
   </div>
   <div class='ocr_carea' id='block_1_100' title="bbox 201 5395 1860 5472">
    <p class='ocr_par' dir='ltr' id='par_1_100' title="bbox 201 5395 1860 5472">
     <span class='ocr_line' id='line_1_100' title="bbox 201 5395 1860 5472; baseline -0.005 -12"><span class='ocrx_word' id='word_1_728' title='bbox 201 5403 285 5461; x_wconf 83' lang='lat' dir='ltr'><strong><em>do</em></strong></span> <span class='ocrx_word' id='word_1_729' title='bbox 305 5395 412 5459; x_wconf 74' lang='lat' dir='ltr'><strong><em>hic</em></strong></span> <span class='ocrx_word' id='word_1_730' title='bbox 427 5395 615 5472; x_wconf 78' lang='lat' dir='ltr'><strong><em>paulo</em></strong></span> <span class='ocrx_word' id='word_1_731' title='bbox 626 5395 764 5453; x_wconf 71' lang='lat' dir='ltr'><strong><em>ante</em></strong></span> <span class='ocrx_word' id='word_1_732' title='bbox 781 5395 942 5472; x_wconf 71' lang='lat' dir='ltr'><strong><em>dixit,</em></strong></span> <span class='ocrx_word' id='word_1_733' title='bbox 958 5395 1127 5455; x_wconf 84' lang='lat' dir='ltr'><strong><em>Deum</em></strong></span> <span class='ocrx_word' id='word_1_734' title='bbox 1142 5396 1289 5452; x_wconf 80' lang='lat' dir='ltr'><strong><em>velut</em></strong></span> <span class='ocrx_word' id='word_1_735' title='bbox 1298 5397 1612 5472; x_wconf 76' lang='lat' dir='ltr'><strong><em>piissimmn</em></strong></span> <span class='ocrx_word' id='word_1_736' title='bbox 1628 5395 1860 5472; x_wconf 79' lang='lat' dir='ltr'><strong><em>patrem,</em></strong></span> 
     </span>
    </p>
   </div>
   <div class='ocr_carea' id='block_1_101' title="bbox 204 5469 1863 5549">
    <p class='ocr_par' dir='ltr' id='par_1_101' title="bbox 204 5469 1863 5549">
     <span class='ocr_line' id='line_1_101' title="bbox 204 5469 1863 5549; baseline -0.002 -26"><span class='ocrx_word' id='word_1_737' title='bbox 814 5469 1097 5549; x_wconf 72' lang='lat' dir='ltr'><strong><em>medicum,</em></strong></span> <span class='ocrx_word' id='word_1_738' title='bbox 1117 5469 1408 5549; x_wconf 75' lang='lat' dir='ltr'><strong><em>secundum</em></strong></span> <span class='ocrx_word' id='word_1_739' title='bbox 1421 5469 1863 5549; x_wconf 41' lang='lat' dir='ltr'><strong><em>Apostolum,.in-</em></strong></span> 
     </span>
    </p>
   </div>
   <div class='ocr_carea' id='block_1_102' title="bbox 203 5537 1858 5613">
    <p class='ocr_par' dir='ltr' id='par_1_102' title="bbox 203 5537 1858 5613">
     <span class='ocr_line' id='line_1_102' title="bbox 203 5537 1858 5613; baseline -0.001 -20"><span class='ocrx_word' id='word_1_740' title='bbox 203 5537 583 5613; x_wconf 66' lang='lat' dir='ltr'><strong><em>différenter</em></strong></span> <span class='ocrx_word' id='word_1_741' title='bbox 822 5543 881 5594; x_wconf 82' lang='lat' dir='ltr'><strong><em>in</em></strong></span> <span class='ocrx_word' id='word_1_742' title='bbox 1170 5541 1409 5611; x_wconf 86' lang='lat' dir='ltr'><strong><em>operari,</em></strong></span> <span class='ocrx_word' id='word_1_743' title='bbox 1431 5537 1488 5613; x_wconf 79' lang='lat' dir='ltr'><strong><em>si</em></strong></span> <span class='ocrx_word' id='word_1_744' title='bbox 1509 5552 1636 5593; x_wconf 86' lang='lat' dir='ltr'><strong><em>vera</em></strong></span> <span class='ocrx_word' id='word_1_745' title='bbox 1656 5538 1736 5594; x_wconf 91' lang='lat' dir='ltr'><strong><em>it</em></strong></span> <span class='ocrx_word' id='word_1_746' title='bbox 1754 5537 1858 5613; x_wconf 72' lang='lat' dir='ltr'><strong><em>ista</em></strong></span> 
     </span>
    </p>
   </div>
   <div class='ocr_carea' id='block_1_103' title="bbox 206 5608 1859 5681">
    <p class='ocr_par' dir='ltr' id='par_1_103' title="bbox 206 5608 1859 5681">
     <span class='ocr_line' id='line_1_103' title="bbox 206 5608 1859 5681; baseline -0.006 -8"><span class='ocrx_word' id='word_1_747' title='bbox 206 5608 533 5673; x_wconf 64' lang='lat' dir='ltr'><strong><em>distinctio</em></strong></span> <span class='ocrx_word' id='word_1_748' title='bbox 581 5619 637 5666; x_wconf 90' lang='lat' dir='ltr'><strong><em>et</em></strong></span> <span class='ocrx_word' id='word_1_749' title='bbox 670 5608 977 5667; x_wconf 82' lang='lat' dir='ltr'><strong><em>differentia</em></strong></span> <span class='ocrx_word' id='word_1_750' title='bbox 1021 5612 1088 5667; x_wconf 89' lang='lat' dir='ltr'><strong><em>ab</em></strong></span> <span class='ocrx_word' id='word_1_751' title='bbox 1117 5608 1240 5681; x_wconf 72' lang='lat' dir='ltr'><strong><em>ipso</em></strong></span> <span class='ocrx_word' id='word_1_752' title='bbox 1286 5608 1611 5681; x_wconf 67' lang='lat' dir='ltr'><strong><em>excogitata,</em></strong></span> <span class='ocrx_word' id='word_1_753' title='bbox 1655 5614 1719 5664; x_wconf 90' lang='lat' dir='ltr'><strong><em>ut</em></strong></span> <span class='ocrx_word' id='word_1_754' title='bbox 1768 5608 1859 5681; x_wconf 78' lang='lat' dir='ltr'><strong><em>alii</em></strong></span> 
     </span>
    </p>
   </div>
   <div class='ocr_carea' id='block_1_104' title="bbox 204 5677 1858 5753">
    <p class='ocr_par' dir='ltr' id='par_1_104' title="bbox 204 5677 1858 5753">
     <span class='ocr_line' id='line_1_104' title="bbox 204 5677 1858 5753; baseline -0.005 -8"><span class='ocrx_word' id='word_1_755' title='bbox 204 5687 331 5745; x_wconf 80' lang='lat' dir='ltr'><strong><em>sint</em></strong></span> <span class='ocrx_word' id='word_1_756' title='bbox 372 5681 612 5749; x_wconf 82' lang='lat' dir='ltr'><strong><em>salvati,</em></strong></span> <span class='ocrx_word' id='word_1_757' title='bbox 661 5681 754 5737; x_wconf 89' lang='lat' dir='ltr'><strong><em>alii</em></strong></span> <span class='ocrx_word' id='word_1_758' title='bbox 804 5677 1187 5753; x_wconf 76' lang='lat' dir='ltr'><strong><em>tantummodo</em></strong></span> <span class='ocrx_word' id='word_1_759' title='bbox 1238 5677 1521 5753; x_wconf 71' lang='lat' dir='ltr'><strong><em>suscepti?</em></strong></span> <span class='ocrx_word' id='word_1_760' title='bbox 1562 5677 1858 5753; x_wconf 80' lang='lat' dir='ltr'><strong><em>Quomodo</em></strong></span> 
     </span>
    </p>
   </div>
   <div class='ocr_carea' id='block_1_105' title="bbox 204 5749 1858 5823">
    <p class='ocr_par' dir='ltr' id='par_1_105' title="bbox 204 5749 1858 5823">
     <span class='ocr_line' id='line_1_105' title="bbox 204 5749 1858 5823; baseline -0.005 -9"><span class='ocrx_word' id='word_1_761' title='bbox 204 5754 652 5821; x_wconf 75' lang='lat' dir='ltr'><strong><em>indiﬂ&#39;erenter,</em></strong></span> <span class='ocrx_word' id='word_1_762' title='bbox 695 5753 741 5809; x_wconf 87' lang='lat' dir='ltr'><strong><em>si</em></strong></span> <span class='ocrx_word' id='word_1_763' title='bbox 781 5760 898 5808; x_wconf 88' lang='lat' dir='ltr'><strong><em>tam</em></strong></span> <span class='ocrx_word' id='word_1_764' title='bbox 936 5750 1252 5809; x_wconf 84' lang='lat' dir='ltr'><strong><em>differenter</em></strong></span> <span class='ocrx_word' id='word_1_765' title='bbox 1293 5749 1444 5808; x_wconf 80' lang='lat' dir='ltr'><strong><em>Deus</em></strong></span> <span class='ocrx_word' id='word_1_766' title='bbox 1481 5765 1620 5823; x_wconf 25' lang='lat' dir='ltr'><strong><em>erga-</em></strong></span> <span class='ocrx_word' id='word_1_767' title='bbox 1648 5749 1755 5823; x_wconf 84' lang='lat' dir='ltr'><strong><em>hos</em></strong></span> <span class='ocrx_word' id='word_1_768' title='bbox 1802 5757 1858 5806; x_wconf 89' lang='lat' dir='ltr'><strong><em>et</em></strong></span> 
     </span>
    </p>
   </div>
   <div class='ocr_carea' id='block_1_106' title="bbox 208 5820 1854 5895">
    <p class='ocr_par' dir='ltr' id='par_1_106' title="bbox 208 5820 1854 5895">
     <span class='ocr_line' id='line_1_106' title="bbox 208 5820 1854 5895; baseline -0.005 -10"><span class='ocrx_word' id='word_1_769' title='bbox 208 5827 353 5886; x_wconf 85' lang='lat' dir='ltr'><strong><em>illos</em></strong></span> <span class='ocrx_word' id='word_1_770' title='bbox 379 5840 453 5883; x_wconf 85' lang='lat' dir='ltr'><strong><em>se</em></strong></span> <span class='ocrx_word' id='word_1_771' title='bbox 481 5823 682 5880; x_wconf 87' lang='lat' dir='ltr'><strong><em>habeat</em></strong></span> <span class='ocrx_word' id='word_1_772' title='bbox 705 5831 759 5880; x_wconf 90' lang='lat' dir='ltr'><strong><em>et</em></strong></span> <span class='ocrx_word' id='word_1_773' title='bbox 787 5826 1089 5895; x_wconf 79' lang='lat' dir='ltr'><strong><em>operetur?</em></strong></span> <span class='ocrx_word' id='word_1_774' title='bbox 1116 5824 1182 5878; x_wconf 84' lang='lat' dir='ltr'><strong><em>Et</em></strong></span> <span class='ocrx_word' id='word_1_775' title='bbox 1206 5837 1332 5879; x_wconf 92' lang='lat' dir='ltr'><strong><em>cum</em></strong></span> <span class='ocrx_word' id='word_1_776' title='bbox 1361 5823 1415 5879; x_wconf 87' lang='lat' dir='ltr'><strong><em>in</em></strong></span> <span class='ocrx_word' id='word_1_777' title='bbox 1442 5820 1651 5878; x_wconf 76' lang='lat' dir='ltr'><strong><em>caeteris</em></strong></span> <span class='ocrx_word' id='word_1_778' title='bbox 1681 5821 1854 5878; x_wconf 86' lang='lat' dir='ltr'><strong><em>bene-</em></strong></span> 
     </span>
    </p>
   </div>
   <div class='ocr_carea' id='block_1_107' title="bbox 1964 4831 3565 4906">
    <p class='ocr_par' dir='ltr' id='par_1_107' title="bbox 1964 4831 3565 4906">
     <span class='ocr_line' id='line_1_107' title="bbox 1964 4831 3565 4906; baseline 0.006 -18"><span class='ocrx_word' id='word_1_779' title='bbox 1964 4831 2102 4906; x_wconf 82' lang='lat' dir='ltr'><strong><em>ﬁciis</em></strong></span> <span class='ocrx_word' id='word_1_780' title='bbox 2133 4834 2284 4905; x_wconf 88' lang='lat' dir='ltr'><strong><em>prius</em></strong></span> <span class='ocrx_word' id='word_1_781' title='bbox 2310 4837 2642 4906; x_wconf 86' lang='lat' dir='ltr'><strong><em>enumeratis</em></strong></span> <span class='ocrx_word' id='word_1_782' title='bbox 2674 4845 2855 4906; x_wconf 87' lang='lat' dir='ltr'><strong><em>totum</em></strong></span> <span class='ocrx_word' id='word_1_783' title='bbox 2904 4837 3037 4906; x_wconf 17' lang='lat' dir='ltr'><strong><em>Deo,</em></strong></span> <span class='ocrx_word' id='word_1_784' title='bbox 3065 4834 3350 4906; x_wconf 88' lang='lat' dir='ltr'><strong><em>tribuatur,</em></strong></span> <span class='ocrx_word' id='word_1_785' title='bbox 3384 4853 3483 4894; x_wconf 89' lang='lat' dir='ltr'><strong><em>cur</em></strong></span> <span class='ocrx_word' id='word_1_786' title='bbox 3506 4839 3565 4897; x_wconf 89' lang='lat' dir='ltr'><strong><em>in</em></strong></span> 
     </span>
    </p>
   </div>
   <div class='ocr_carea' id='block_1_108' title="bbox 1966 4903 3559 4979">
    <p class='ocr_par' dir='ltr' id='par_1_108' title="bbox 1966 4903 3559 4979">
     <span class='ocr_line' id='line_1_108' title="bbox 1966 4903 3559 4979; baseline 0.006 -21"><span class='ocrx_word' id='word_1_787' title='bbox 1966 4903 2072 4959; x_wconf 90' lang='lat' dir='ltr'><strong><em>hoc</em></strong></span> <span class='ocrx_word' id='word_1_788' title='bbox 2110 4903 2413 4974; x_wconf 79' lang='lat' dir='ltr'><strong><em>postremo,</em></strong></span> <span class='ocrx_word' id='word_1_789' title='bbox 2434 4904 2585 4979; x_wconf 80' lang='lat' dir='ltr'><strong><em>quod</em></strong></span> <span class='ocrx_word' id='word_1_790' title='bbox 2612 4913 2696 4961; x_wconf 91' lang='lat' dir='ltr'><strong><em>est</em></strong></span> <span class='ocrx_word' id='word_1_791' title='bbox 2727 4905 2933 4979; x_wconf 64' lang='lat' dir='ltr'><strong><em>salvere</em></strong></span> <span class='ocrx_word' id='word_1_792' title='bbox 2962 4904 3042 4960; x_wconf 90' lang='lat' dir='ltr'><strong><em>vel</em></strong></span> <span class='ocrx_word' id='word_1_793' title='bbox 3072 4903 3393 4979; x_wconf 80' lang='lat' dir='ltr'><strong><em>salvatorem</em></strong></span> <span class='ocrx_word' id='word_1_794' title='bbox 3423 4924 3559 4979; x_wconf 90' lang='lat' dir='ltr'><strong><em>esse,</em></strong></span> 
     </span>
    </p>
   </div>
   <div class='ocr_carea' id='block_1_109' title="bbox 1967 4974 3561 5059">
    <p class='ocr_par' dir='ltr' id='par_1_109' title="bbox 1967 4974 3561 5059">
     <span class='ocr_line' id='line_1_109' title="bbox 1967 4974 3561 5059; baseline 0.006 -31"><span class='ocrx_word' id='word_1_795' title='bbox 1967 4987 2079 5045; x_wconf 90' lang='lat' dir='ltr'><strong><em>quo</em></strong></span> <span class='ocrx_word' id='word_1_796' title='bbox 2124 4980 2322 5059; x_wconf 59' lang='lat' dir='ltr'><strong><em>castera</em></strong></span> <span class='ocrx_word' id='word_1_797' title='bbox 2382 4974 2564 5059; x_wconf 72' lang='lat' dir='ltr'><strong><em>omnia</em></strong></span> <span class='ocrx_word' id='word_1_798' title='bbox 2621 4974 3022 5059; x_wconf 74' lang='lat' dir='ltr'><strong><em>concluduntur</em></strong></span> <span class='ocrx_word' id='word_1_799' title='bbox 3085 4984 3141 5033; x_wconf 91' lang='lat' dir='ltr'><strong><em>et</em></strong></span> <span class='ocrx_word' id='word_1_800' title='bbox 3194 4974 3561 5053; x_wconf 70' lang='lat' dir='ltr'><strong><em>continentur,</em></strong></span> 
     </span>
    </p>
   </div>
   <div class='ocr_carea' id='block_1_110' title="bbox 1968 5044 3568 5195">
    <p class='ocr_par' dir='ltr' id='par_1_110' title="bbox 1968 5044 3568 5195">
     <span class='ocr_line' id='line_1_110' title="bbox 1968 5044 3560 5120; baseline 0.006 -22"><span class='ocrx_word' id='word_1_801' title='bbox 1968 5044 2094 5114; x_wconf 87' lang='lat' dir='ltr'><strong><em>pars</em></strong></span> <span class='ocrx_word' id='word_1_802' title='bbox 2117 5044 2167 5099; x_wconf 88' lang='lat' dir='ltr'><strong><em>ei</em></strong></span> <span class='ocrx_word' id='word_1_803' title='bbox 2192 5044 2578 5101; x_wconf 86' lang='lat' dir='ltr'><strong><em>tantummodo</em></strong></span> <span class='ocrx_word' id='word_1_804' title='bbox 2613 5046 2955 5120; x_wconf 76' lang='lat' dir='ltr'><strong><em>assignatur?</em></strong></span> <span class='ocrx_word' id='word_1_805' title='bbox 3548 5044 3560 5053; x_wconf 87' lang='grc'><strong>’</strong></span> 
     </span>
     <span class='ocr_line' id='line_1_111' title="bbox 2040 5107 3568 5195; baseline 0.007 -27"><span class='ocrx_word' id='word_1_806' title='bbox 2040 5107 2415 5195; x_wconf 39' lang='lat' dir='ltr'><strong><em>{Sinonad</em></strong></span> <span class='ocrx_word' id='word_1_807' title='bbox 2456 5114 2699 5195; x_wconf 59' lang='lat' dir='ltr'><strong><em>plepum,</em></strong></span> <span class='ocrx_word' id='word_1_808' title='bbox 2746 5118 2998 5195; x_wconf 83' lang='lat' dir='ltr'><strong><em>certe_a_d</em></strong></span> <span class='ocrx_word' id='word_1_809' title='bbox 3046 5119 3381 5176; x_wconf 73' lang='lat' dir='ltr'><strong><em>sobrietatem</em></strong></span> <span class='ocrx_word' id='word_1_810' title='bbox 3412 5121 3568 5195; x_wconf 80' lang='lat' dir='ltr'><strong><em>(quo—</em></strong></span> 
     </span>
    </p>
   </div>
   <div class='ocr_carea' id='block_1_111' title="bbox 1967 5182 3564 5272">
    <p class='ocr_par' dir='ltr' id='par_1_111' title="bbox 1967 5182 3564 5272">
     <span class='ocr_line' id='line_1_112' title="bbox 1967 5182 3564 5272; baseline 0.006 -34"><span class='ocrx_word' id='word_1_811' title='bbox 1967 5182 2858 5272; x_wconf 10' lang='lat' dir='ltr'><strong><em>modo&#39;Apostoilus&#39;gﬂomﬁnrr),</em></strong></span> <span class='ocrx_word' id='word_1_812' title='bbox 2888 5188 3047 5272; x_wconf 81' lang='lat' dir='ltr'><strong><em>jubet</em></strong></span> <span class='ocrx_word' id='word_1_813' title='bbox 3079 5205 3180 5245; x_wconf 89' lang='lat' dir='ltr'><strong><em>nos</em></strong></span> <span class='ocrx_word' id='word_1_814' title='bbox 3218 5182 3564 5272; x_wconf 42' lang='lat' dir='ltr'><strong><em>saperefnon</em></strong></span> 
     </span>
    </p>
   </div>
   <div class='ocr_carea' id='block_1_112' title="bbox 1964 5256 3565 5382">
    <p class='ocr_par' dir='ltr' id='par_1_112' title="bbox 1964 5256 3565 5382">
     <span class='ocr_line' id='line_1_113' title="bbox 1964 5256 3565 5382; baseline 0.007 -72"><span class='ocrx_word' id='word_1_815' title='bbox 1964 5256 2276 5382; x_wconf 60' lang='grc' dir='ltr'><strong><em>Ειιιειιιιατη⁸</em></strong></span> <span class='ocrx_word' id='word_1_816' title='bbox 2294 5256 2525 5329; x_wconf 82' lang='lat' dir='ltr'><strong><em>oportet,</em></strong></span> <span class='ocrx_word' id='word_1_817' title='bbox 2551 5261 2760 5382; x_wconf 50' lang='lat' dir='ltr'><strong><em>sarcre)</em></strong></span> <span class='ocrx_word' id='word_1_818' title='bbox 2779 5256 2907 5332; x_wconf 72' lang='lat' dir='ltr'><strong><em>jam&#39;</em></strong></span> <span class='ocrx_word' id='word_1_819' title='bbox 2935 5269 3234 5344; x_wconf 74' lang='lat' dir='ltr'><strong><em>utcumque</em></strong></span> <span class='ocrx_word' id='word_1_820' title='bbox 3262 5256 3420 5318; x_wconf 78' lang='lat' dir='ltr'><strong><em>exiis</em></strong></span> <span class='ocrx_word' id='word_1_821' title='bbox 3441 5279 3565 5335; x_wconf 67' lang='lat' dir='ltr'><strong><em>quae</em></strong></span> 
     </span>
     <span class='ocr_line' id='line_1_114' title="bbox 2009 5327 3565 5382; baseline -0.001 0"><span class='ocrx_word' id='word_1_822' title='bbox 2009 5333 2232 5382; x_wconf 87' lang='lat' dir='ltr'><strong><em>actenus</em></strong></span> <span class='ocrx_word' id='word_1_823' title='bbox 2260 5343 2317 5382; x_wconf 80' lang='lat' dir='ltr'><strong><em>in</em></strong></span> <span class='ocrx_word' id='word_1_824' title='bbox 2343 5327 2485 5382; x_wconf 90' lang='lat' dir='ltr'><strong><em>hanc</em></strong></span> <span class='ocrx_word' id='word_1_825' title='bbox 2519 5329 2603 5382; x_wconf 89' lang='lat' dir='ltr'><strong><em>col</em></strong></span> <span class='ocrx_word' id='word_1_826' title='bbox 2628 5338 2866 5382; x_wconf 85' lang='lat' dir='ltr'><strong><em>anonem</em></strong></span> <span class='ocrx_word' id='word_1_827' title='bbox 2896 5339 3094 5382; x_wconf 74' lang='lat' dir='ltr'><strong><em>senum</em></strong></span> <span class='ocrx_word' id='word_1_828' title='bbox 3120 5339 3268 5382; x_wconf 87' lang='lat' dir='ltr'><strong><em>sunt.</em></strong></span> <span class='ocrx_word' id='word_1_829' title='bbox 3307 5348 3565 5382; x_wconf 72' lang='lat' dir='ltr'><strong><em>comam-</em></strong></span> 
     </span>
    </p>
   </div>
   <div class='ocr_carea' id='block_1_113' title="bbox 2009 5327 3566 5407">
    <p class='ocr_par' dir='ltr' id='par_1_113' title="bbox 2009 5327 3566 5407">
     <span class='ocr_line' id='line_1_115' title="bbox 2009 5327 3566 5407; baseline 0.006 -25"><span class='ocrx_word' id='word_1_830' title='bbox 2009 5333 2232 5383; x_wconf 87' lang='lat' dir='ltr'><strong><em>actenus</em></strong></span> <span class='ocrx_word' id='word_1_831' title='bbox 2260 5327 2485 5407; x_wconf 35' lang='lat' dir='ltr'><strong><em>in‘hanc</em></strong></span> <span class='ocrx_word' id='word_1_832' title='bbox 2519 5327 2866 5387; x_wconf 79' lang='lat' dir='ltr'><strong><em>collationém</em></strong></span> <span class='ocrx_word' id='word_1_833' title='bbox 2896 5327 3269 5407; x_wconf 68' lang='lat' dir='ltr'><strong><em>scriptasimt,</em></strong></span> <span class='ocrx_word' id='word_1_834' title='bbox 3307 5327 3566 5407; x_wconf 75' lang='lat' dir='ltr'><strong><em>compre-</em></strong></span> 
     </span>
    </p>
   </div>
   <div class='ocr_carea' id='block_1_114' title="bbox 1971 5396 3564 5478">
    <p class='ocr_par' dir='ltr' id='par_1_114' title="bbox 1971 5396 3564 5478">
     <span class='ocr_line' id='line_1_116' title="bbox 1971 5396 3564 5478; baseline 0.008 -27"><span class='ocrx_word' id='word_1_835' title='bbox 1971 5396 2204 5478; x_wconf 76' lang='lat' dir='ltr'><strong><em>hensum</em></strong></span> <span class='ocrx_word' id='word_1_836' title='bbox 2247 5406 2303 5455; x_wconf 92' lang='lat' dir='ltr'><strong><em>et</em></strong></span> <span class='ocrx_word' id='word_1_837' title='bbox 2338 5399 2664 5478; x_wconf 68' lang='lat' dir='ltr'><strong><em>explicatum</em></strong></span> <span class='ocrx_word' id='word_1_838' title='bbox 2717 5410 2866 5474; x_wconf 89' lang='lat' dir='ltr'><strong><em>puto.</em></strong></span> <span class='ocrx_word' id='word_1_839' title='bbox 2913 5403 2975 5457; x_wconf 89' lang='lat' dir='ltr'><strong><em>In</em></strong></span> <span class='ocrx_word' id='word_1_840' title='bbox 2997 5396 3200 5478; x_wconf 63' lang='lat' dir='ltr'><strong><em>quibus</em></strong></span> <span class='ocrx_word' id='word_1_841' title='bbox 3234 5396 3364 5478; x_wconf 74' lang='lat' dir='ltr'><strong><em>sane</em></strong></span> <span class='ocrx_word' id='word_1_842' title='bbox 3403 5396 3564 5478; x_wconf 75' lang='lat' dir='ltr'><strong><em>spero</em></strong></span> 
     </span>
    </p>
   </div>
   <div class='ocr_carea' id='block_1_115' title="bbox 1970 5469 3563 5545">
    <p class='ocr_par' dir='ltr' id='par_1_115' title="bbox 1970 5469 3563 5545">
     <span class='ocr_line' id='line_1_117' title="bbox 1970 5469 3563 5545; baseline 0.008 -23"><span class='ocrx_word' id='word_1_843' title='bbox 1970 5470 2249 5545; x_wconf 74' lang='lat' dir='ltr'><strong><em>neminem</em></strong></span> <span class='ocrx_word' id='word_1_844' title='bbox 2274 5469 2561 5545; x_wconf 60' lang='lat' dir='ltr'><strong><em>mihi&#39;vitio</em></strong></span> <span class='ocrx_word' id='word_1_845' title='bbox 2584 5469 2839 5545; x_wconf 77' lang='lat' dir='ltr'><strong><em>daturum</em></strong></span> <span class='ocrx_word' id='word_1_846' title='bbox 2868 5469 3107 5545; x_wconf 42' lang='lat' dir='ltr'><strong><em>quod—de</em></strong></span> <span class='ocrx_word' id='word_1_847' title='bbox 3124 5473 3297 5529; x_wconf 88' lang='lat' dir='ltr'><strong><em>nostri</em></strong></span> <span class='ocrx_word' id='word_1_848' title='bbox 3321 5469 3563 5535; x_wconf 77' lang='lat' dir='ltr'><strong><em>Collatu-</em></strong></span> 
     </span>
    </p>
   </div>
   <div class='ocr_carea' id='block_1_116' title="bbox 1972 5538 3562 5621">
    <p class='ocr_par' dir='ltr' id='par_1_116' title="bbox 1972 5538 3562 5621">
     <span class='ocr_line' id='line_1_118' title="bbox 1972 5538 3562 5621; baseline 0.008 -28"><span class='ocrx_word' id='word_1_849' title='bbox 1972 5538 2073 5620; x_wconf 65' lang='lat' dir='ltr'><strong><em>ris,</em></strong></span> <span class='ocrx_word' id='word_1_850' title='bbox 2101 5538 2155 5595; x_wconf 88' lang='lat' dir='ltr'><strong><em>id</em></strong></span> <span class='ocrx_word' id='word_1_851' title='bbox 2189 5547 2292 5621; x_wconf 78' lang='lat' dir='ltr'><strong><em>est,</em></strong></span> <span class='ocrx_word' id='word_1_852' title='bbox 2322 5541 2564 5598; x_wconf 82' lang='lat' dir='ltr'><strong><em>Cassiani</em></strong></span> <span class='ocrx_word' id='word_1_853' title='bbox 2582 5542 2860 5621; x_wconf 79' lang='lat' dir='ltr'><strong><em>erroribus</em></strong></span> <span class='ocrx_word' id='word_1_854' title='bbox 2880 5538 2998 5599; x_wconf 77' lang='lat' dir='ltr'><strong><em>tam</em></strong></span> <span class='ocrx_word' id='word_1_855' title='bbox 3030 5543 3215 5621; x_wconf 72' lang='lat' dir='ltr'><strong><em>libere,</em></strong></span> <span class='ocrx_word' id='word_1_856' title='bbox 3243 5552 3355 5621; x_wconf 79' lang='lat' dir='ltr'><strong><em>tam</em></strong></span> <span class='ocrx_word' id='word_1_857' title='bbox 3377 5557 3562 5621; x_wconf 88' lang='lat' dir='ltr'><strong><em>aperte</em></strong></span> 
     </span>
    </p>
   </div>
   <div class='ocr_carea' id='block_1_117' title="bbox 1965 5608 3562 5692">
    <p class='ocr_par' dir='ltr' id='par_1_117' title="bbox 1965 5608 3562 5692">
     <span class='ocr_line' id='line_1_119' title="bbox 1965 5608 3562 5692; baseline 0.009 -28"><span class='ocrx_word' id='word_1_858' title='bbox 1965 5608 2301 5692; x_wconf 79' lang='lat' dir='ltr'><strong><em>scripserim,</em></strong></span> <span class='ocrx_word' id='word_1_859' title='bbox 2339 5626 2543 5692; x_wconf 84' lang='lat' dir='ltr'><strong><em>eosque</em></strong></span> <span class='ocrx_word' id='word_1_860' title='bbox 2591 5613 2925 5692; x_wconf 80' lang='lat' dir='ltr'><strong><em>pr0palari_m</em></strong></span> <span class='ocrx_word' id='word_1_861' title='bbox 2977 5627 3040 5692; x_wconf 76' lang='lat' dir='ltr'><strong><em>ac</em></strong></span> <span class='ocrx_word' id='word_1_862' title='bbox 3072 5608 3369 5692; x_wconf 75' lang='lat' dir='ltr'><strong><em>refutarim,</em></strong></span> <span class='ocrx_word' id='word_1_863' title='bbox 3394 5608 3562 5692; x_wconf 14' lang='lat' dir='ltr'><strong><em>q‘quos</em></strong></span> 
     </span>
    </p>
   </div>
   <div class='ocr_carea' id='block_1_118' title="bbox 1965 5684 3563 5754">
    <p class='ocr_par' dir='ltr' id='par_1_118' title="bbox 1965 5684 3563 5754">
     <span class='ocr_line' id='line_1_120' title="bbox 1965 5684 3563 5754; baseline 0.009 -22"><span class='ocrx_word' id='word_1_864' title='bbox 1965 5684 2141 5754; x_wconf 75' lang='lat' dir='ltr'><strong><em>magis</em></strong></span> <span class='ocrx_word' id='word_1_865' title='bbox 2166 5688 2350 5754; x_wconf 82' lang='lat' dir='ltr'><strong><em>tegere</em></strong></span> <span class='ocrx_word' id='word_1_866' title='bbox 2377 5691 2471 5739; x_wconf 89' lang='lat' dir='ltr'><strong><em>aut</em></strong></span> <span class='ocrx_word' id='word_1_867' title='bbox 2499 5684 2755 5741; x_wconf 78' lang='lat' dir='ltr'><strong><em>excusare</em></strong></span> <span class='ocrx_word' id='word_1_868' title='bbox 2783 5684 3089 5741; x_wconf 86' lang='lat' dir='ltr'><strong><em>debuerim.</em></strong></span> <span class='ocrx_word' id='word_1_869' title='bbox 3120 5686 3280 5744; x_wconf 81' lang='lat' dir='ltr'><strong><em>Absit</em></strong></span> <span class='ocrx_word' id='word_1_870' title='bbox 3319 5684 3468 5746; x_wconf 78' lang='lat' dir='ltr'><strong><em>enim</em></strong></span> <span class='ocrx_word' id='word_1_871' title='bbox 3500 5698 3563 5746; x_wconf 90' lang='lat' dir='ltr'><strong><em>ut</em></strong></span> 
     </span>
    </p>
   </div>
   <div class='ocr_carea' id='block_1_119' title="bbox 1963 5750 3562 5833">
    <p class='ocr_par' dir='ltr' id='par_1_119' title="bbox 1963 5750 3562 5833">
     <span class='ocr_line' id='line_1_121' title="bbox 1963 5750 3562 5833; baseline 0.004 -25"><span class='ocrx_word' id='word_1_872' title='bbox 1963 5750 2424 5833; x_wconf 56' lang='lat' dir='ltr'><strong><em>Qassianifquam</em></strong></span> <span class='ocrx_word' id='word_1_873' title='bbox 2450 5754 2690 5812; x_wconf 85' lang='lat' dir='ltr'><strong><em>veritatis</em></strong></span> <span class='ocrx_word' id='word_1_874' title='bbox 2714 5770 2780 5812; x_wconf 90' lang='lat' dir='ltr'><strong><em>ac</em></strong></span> <span class='ocrx_word' id='word_1_875' title='bbox 2805 5755 3054 5833; x_wconf 62' lang='lat' dir='ltr'><strong><em>publica;</em></strong></span> <span class='ocrx_word' id='word_1_876' title='bbox 3085 5758 3328 5833; x_wconf 73' lang='lat' dir='ltr'><strong><em>utilitatis</em></strong></span> <span class='ocrx_word' id='word_1_877' title='bbox 3349 5760 3562 5833; x_wconf 48' lang='lat' dir='ltr'><strong><em>studio:</em></strong></span> 
     </span>
    </p>
   </div>
   <div class='ocr_carea' id='block_1_120' title="bbox 1962 5825 3563 5900">
    <p class='ocr_par' dir='ltr' id='par_1_120' title="bbox 1962 5825 3563 5900">
     <span class='ocr_line' id='line_1_122' title="bbox 1962 5825 3563 5900; baseline 0.002 -22"><span class='ocrx_word' id='word_1_878' title='bbox 1962 5825 2097 5893; x_wconf 89' lang='lat' dir='ltr'><strong><em>sior,</em></strong></span> <span class='ocrx_word' id='word_1_879' title='bbox 2124 5830 2339 5896; x_wconf 84' lang='lat' dir='ltr'><strong><em>praeter,</em></strong></span> <span class='ocrx_word' id='word_1_880' title='bbox 2380 5825 2552 5884; x_wconf 92' lang='lat' dir='ltr'><strong><em>immo</em></strong></span> <span class='ocrx_word' id='word_1_881' title='bbox 2581 5834 2770 5884; x_wconf 85' lang='lat' dir='ltr'><strong><em>contra</em></strong></span> <span class='ocrx_word' id='word_1_882' title='bbox 2801 5825 2967 5885; x_wconf 84' lang='lat' dir='ltr'><strong><em>fidem</em></strong></span> <span class='ocrx_word' id='word_1_883' title='bbox 2989 5835 3042 5886; x_wconf 88' lang='lat' dir='ltr'><strong><em>et</em></strong></span> <span class='ocrx_word' id='word_1_884' title='bbox 3069 5827 3315 5886; x_wconf 87' lang='lat' dir='ltr'><strong><em>ofﬁcium</em></strong></span> <span class='ocrx_word' id='word_1_885' title='bbox 3343 5827 3563 5900; x_wconf 88' lang='lat' dir='ltr'><strong><em>ingenui</em></strong></span> 
     </span>
    </p>
   </div>
  </div>
