4040 6206
297 249 394 304 949

1230 237 1569 298 COLLATIO
1605 237 1744 294 Xlll;
1781 265 1855 279 -—
1891 237 1980 294 DE
2016 238 2499 297 PROTECTIONE
2537 241 2670 298 DEI.

3502 245 3607 302 950

301 373 502 428 tionem
551 370 840 438 virtutum,
887 367 1408 436 exsecutionemque
1467 362 1891 426 mandatorum:
1913 369 1966 430 Α
1994 367 2168 434 (Joan.
2205 367 2285 434 v).
2327 367 2400 421 Et
2434 387 2447 423 :
2484 369 2682 423 Beatus
2712 379 2786 428 es,
2825 367 3008 423 Simon
3048 367 3310 437 Barjona,
3347 370 3605 437 quoniam

297 462 574 535 quomodo
602 477 826 518 oramus
855 479 868 515 :
901 461 1164 530 Conﬁrma
1190 460 1305 526 hoc,
1346 460 1504 519 Deus,
1535 455 1682 524 quod
1707 469 1891 525 opera-

299 564 386 614 tus
403 571 454 613 es
475 559 530 611 in
547 556 698 612 nobis
722 555 888 625 (Psal.
909 569 982 610 Lv
989 559 1083 620 11).
1103 556 1192 620 Et,
1219 553 1390 622 Opera
1402 564 1665 605 manuum
1678 553 1891 605 nostra-

299 665 418 706 rum
437 651 619 720 dirige
629 665 794 721 super
809 647 924 720 nos(
933 648 1082 704 Psal.
1110 644 1404 716 LXXXIX)?
1433 643 1648 700 Scimus
1669 641 1895 699 Balaam

299 743 466 802 fuisse
491 743 830 801 conductum
856 741 925 800 ad
958 739 1392 798 maledicendum
1421 736 1545 794 ﬁliis
1571 736 1767 805 Israel;
1795 735 1895 793 sed

300 838 548 896 videmus
573 837 677 895 sibi
701 837 754 895 id
795 836 1034 909 cupienti
1065 851 1178 892 non
1207 819 1327 892 esse
1351 833 1684 906 permium
1711 833 1890 898 (Num.

300 934 480 998 xxn).
508 930 822 988 Custoditus
843 939 928 986 est
954 927 1296 994 Abimelech,
1329 942 1400 983 ne
1428 925 1736 982 Rebeccam
1767 931 1891 979 tan-

302 1023 476 1096 gendo
517 1031 764 1096 peccaret
794 1023 852 1080 in
899 1022 1209 1080 Dominum
1250 1020 1460 1093 (Genes.
1503 1018 1656 1091 xm).
1687 1014 1894 1088 Joseph

295 1115 530 1174 fratrum
558 1118 728 1176 livore
754 1126 839 1176 est
860 1117 1136 1185 venditus;
1168 1124 1228 1172 ut
1256 1115 1412 1172 ﬁeret
1437 1111 1718 1171 descensio
1751 1110 1895 1167 ﬁlio-

297 1227 422 1267 rum
454 1211 513 1268 in
539 1213 854 1286 Egyptum,
883 1220 938 1268 et
967 1209 1073 1266 illis
1099 1209 1168 1267 de
1210 1224 1345 1266 nece
1373 1205 1578 1278 Joseph
1605 1204 1892 1262 tractanti-

295 1305 402 1363 bus
427 1305 808 1379 provideretur
837 1304 966 1362 fami
991 1304 1218 1374 futurm,
1247 1300 1398 1374 quod
1424 1297 1628 1372 Joseph
1655 1316 1688 1355 a
1705 1295 1894 1354 fratri-

295 1397 398 1454 bus
424 1399 641 1472 agnitus
662 1407 869 1456 reserat
886 1397 1072 1454 dicens
1103 1415 1116 1452 :
1146 1397 1320 1455 Nolite
1339 1409 1555 1465 pavere,
1579 1390 1673 1446 n'ec
1695 1389 1894 1444 durum

293 1491 444 1546 vobis
467 1491 722 1548 videatur
743 1493 886 1562 quod
906 1491 1223 1547 vendidistis
1250 1503 1333 1542 me
1359 1489 1419 1540 in
1445 1487 1530 1540 his
1558 1483 1889 1554 regionibus.

291 1589 400 1640 Pro
428 1587 601 1642 salute
629 1589 771 1641 enim
797 1591 974 1640 vestra
991 1586 1138 1640 misit
1159 1598 1242 1638 me
1264 1585 1405 1637 Deus
1423 1586 1547 1635 ante
1565 1594 1656 1634 vos
1683 1579 1890 1650 (Genes.

289 1681 444 1747 XLV).
477 1681 548 1734 Et
573 1695 764 1736 rursus
795 1697 809 1735 :
841 1681 1110 1736 Prwmisit
1133 1679 1276 1733 enim
1299 1692 1384 1732 me
1411 1677 1573 1741 Deus,
1603 1678 1666 1729 ut
1711 1685 1893 1727 reser-

2001 473 2122 512 caro
2149 463 2200 513 et
2221 461 2445 528 sanguis
2474 475 2580 513 non
2597 459 2853 515 reuelauit
2877 458 3005 526 tibi;
3030 460 3126 515 sed
3142 461 3304 516 Pater
3331 476 3478 516 meus
3507 467 3607 532 qui

2001 552 2059 604 in
2085 551 2225 606 caelis
2253 557 2332 606 est
2358 552 2576 618 (Matth.
2605 553 2754 621 xvr).
2786 554 2901 608 Hac
2924 553 3111 625 regula
3143 552 3282 610 nulli
3311 553 3604 612 hominum

1999 643 2246 702 aufertur
2272 644 2551 714 voluntas,
2577 645 2707 718 quia
2735 645 2908 701 virtus
2937 645 3124 716 gratiae
3147 661 3264 702 non
3291 646 3396 704 hoc
3421 647 3476 702 in
3503 662 3600 704 vo-

2003 737 2309 796 luntatibus
2355 747 2630 810 operatur,
2673 745 2738 795 ut
2773 753 2886 796 non
2913 737 3044 805 sint,
3093 736 3192 795 ed
3238 747 3302 795 ut
3343 754 3420 796 ex
3449 741 3605 796 malis

2002 829 2186 901 bonae,
2211 839 2267 890 et
2289 847 2358 889 ex
2384 830 2702 890 inﬁdelibus
2725 831 2835 888 sint
2871 831 3085 903 ﬁdeles,
3117 840 3174 888 et
3198 832 3289 904 qui
3312 849 3379 889 ex
3402 842 3604 890 semet-

2003 925 2131 998 ipsis
2152 935 2310 984 erant
2349 927 2592 985 tenebrae
2619 927 2714 984 lux
2737 925 3052 984 efﬁciantur
3073 927 3132 983 in
3170 929 3431 998 Domino,
3455 928 3607 1000 quod

2003 1029 2287 1078 mortuum
2303 1028 2418 1078 erat
2433 1021 2755 1087 viviﬁcetur,
2775 1021 2932 1094 quod
2942 1019 3158 1094 jacebat
3171 1021 3436 1095 erigatur,
3458 1021 3607 1093 quod

2003 1113 2238 1186 perierat
2255 1113 2586 1170 inveniatur.
2614 1115 2737 1170 Hoc
2761 1115 2816 1170 in
2838 1115 3096 1171 omnibus
3115 1129 3342 1186 prorsus
3367 1113 3574 1171 homini
3588 1144 3604 1155 -

2001 1206 2126 1277 bus,
2145 1209 2238 1281 qui
2265 1211 2530 1264 emuntur
2547 1207 2613 1264 de
2625 1212 2889 1280 potestate
2910 1208 3274 1272 tenebrarum,
3299 1213 3349 1263 et
3373 1210 3610 1276 transfe-

2001 1309 2202 1360 runtur
2228 1307 2288 1361 in
2314 1320 2542 1376 regnum
2567 1304 2866 1360 dilectionis
2907 1303 3122 1373 (Coloss.
3149 1302 3196 1373 1)
3221 1301 3312 1357 ﬁlii
3337 1301 3460 1371 Dei,
3492 1301 3608 1358 sine

2003 1397 2332 1470 cujusquam
2356 1397 2674 1470 exceptione
2702 1411 2952 1470 personae
2979 1411 3139 1469 agere
3173 1393 3456 1452 credimus
3477 1409 3605 1468 gra-

2005 1491 2142 1546 tiam
2169 1490 2486 1547 Salvatoris.
2515 1489 2656 1560 Quia
2687 1490 2828 1546 sicut
2857 1489 2952 1546 hic
2979 1491 3212 1557 [Auctor
3235 1487 3402 1561 hujus
3428 1487 3603 1544 colla-

2000 1582 2194 1652 tionis]
2255 1583 2400 1640 idem
2445 1581 2798 1656 probabiliter
2843 1581 3109 1648 deﬁnivit,
3157 1580 3390 1636 dicimus
3441 1587 3605 1651 atque

2001 1673 2365 1745 defendimus,
2389 1691 2501 1732 non
2527 1675 2708 1733 solum
2750 1683 2996 1743 actuum,
3027 1689 3218 1730 verum
3257 1673 3428 1730 etiam
3454 1673 3607 1745 cogi-

287 1775 489 1827 vemini
506 1786 671 1843 super
687 1777 910 1842 terram,
929 1777 981 1828 et
1001 1786 1145 1828 escas
1164 1770 1239 1824 ad
1255 1769 1542 1825 vivendum
1565 1765 1758 1820 habere
1776 1776 1895 1834 pos.
1923 1768 1972 1831 Β
2004 1766 2274 1824 tationum
2317 1767 2594 1826 bonarum
2639 1784 2706 1825 ex
2769 1771 2890 1824 Deo
2946 1783 3066 1824 esse
3115 1766 3464 1839 principium,
3512 1765 3602 1838 qui

284 1866 436 1920 εἰπε·
467 1867 582 1924 Νοπ
597 1871 770 1921 vestro
787 1867 1022 1929 oonsilio,
1048 1865 1144 1920 sed
1161 1866 1260 1920 Dei
1284 1864 1557 1918 voluntate
1577 1861 1678 1915 huc
1695 1858 1893 1912 missus
1999 1859 2159 1918 nobis
2187 1869 2242 1917 et
2285 1861 2502 1918 initium
2529 1863 2692 1920 bona
2729 1863 3024 1920 voluntatis
3067 1861 3296 1950 inspirat
3339 1869 3396 1918 et
3426 1861 3604 1918 virtu-

289 1971 434 2020 sum,
449 1961 548 2027 qui
563 1961 691 2025 fecit
704 1975 787 2014 me
801 1961 959 2028 quasi
963 1963 1174 2029 patrem
1193 1957 1514 2020 Pharaonis,
1546 1958 1598 2010 et
1615 1951 1892 2008 dominum
1999 1962 2116 2010 tem
2142 1962 2307 2026 atque
2333 1955 2799 2028 Opportunitatem
2817 1971 3012 2012 eorum
3038 1970 3164 2028 quae
3184 1964 3330 2012 recte
3353 1955 3606 2026 cupimus

289 2051 462 2104 totius
491 2050 679 2106 domus
703 2051 838 2120 ejus,
858 2055 910 2106 et
925 2054 1230 2122 principem
1254 2053 1314 2104 in
1341 2051 1488 2104 omni
1505 2055 1649 2103 terra
1672 2043 1897 2114 ,Επιρῆ

290 2141 498 2210 (Ibid.).
533 2143 782 2216 Cumque
809 2151 931 2215 post
967 2143 1180 2200 obitum
1203 2143 1372 2216 patris
1415 2141 1499 2198 sui
1532 2139 1773 2196 auferret
1799 2152 1894 2193 su-

280 2231 594 2302 spicionem
615 2235 836 2292 timoris
863 2234 1284 2294 formidantibus
1302 2233 1564 2290 fratribus
1591 2231 1707 2288 suis
1737 2249 1749 2284 :
1782 2231 1894 2288 No-

285 2326 402 2390 lite,
436 2325 634 2398 inquit,
663 2332 868 2398 timere,
897 2331 1164 2400 numquid
1190 2331 1289 2386 Dei
1332 2331 1572 2384 resistere
1607 2337 1892 2396 possumus

279 2421 598 2477 voluntati?
622 2426 732 2478 Vos
750 2427 1023 2494 cogitastis
1039 2425 1326 2480 adversum
1342 2438 1425 2476 me
1437 2421 1660 2483 malum,
1683 2423 1733 2473 et
1757 2422 1892 2475 Deus
1921 2479 1925 2481 _

279 2515 452 2568 vertit
473 2513 616 2568 illud
635 2515 698 2570 in
727 2515 938 2585 bonum,
968 2521 1031 2571 ut
1057 2517 1328 2572 exaltaret
1352 2529 1453 2576 me,
1489 2513 1630 2567 sicut
1657 2505 1718 2564 in
1733 2524 1890 2579 prle-

277 2607 591 2662 sentiarum
604 2609 844 2672 cernitis,
860 2613 910 2664 et
925 2610 1160 2664 saloaret
1171 2607 1395 2678 populos
1415 2605 1610 2660 multos
1628 2604 1782 2671 (Gen.
1810 2603 1888 2670 1.).

273 2697 446 2766 Quod
471 2699 640 2754 etiam
659 2700 866 2758 factum
889 2701 1293 2758 oeconomicum
1313 2714 1411 2756 seu
1429 2694 1890 2770 dispensatorium

273 2792 460 2848 David
491 2793 642 2848 canit
689 2794 750 2850 in
792 2795 1002 2866 psalmo
1039 2811 1052 2850 :
1105 2794 1344 2860 Vocavit,
1377 2791 1654 2864 inquiens,
1687 2780 1888 2856 famem

272 2901 442 2956 super
479 2892 705 2957 terram,
735 2893 784 2944 et
811 2904 960 2946 omne
998 2891 1397 2958 ﬁrmamentum
1419 2886 1582 2956 panis
1615 2882 1883 2938 contrivit.

273 2983 436 3037 Misit
457 2987 586 3037 ante
603 2997 686 3038 eos
707 2985 918 3050 virum;
937 2986 994 3038 in
1015 2998 1227 3038 seruum
1249 2981 1586 3036 venundatus
1605 2982 1686 3034 est
1697 2976 1888 3047 Joseph

280 3075 462 3146 (Psal.
497 3076 646 3148 ειν).
675 3075 763 3132 Sic
781 3075 944 3147 igitur
969 3076 1228 3131 virtutem
1264 3072 1680 3143 efﬁcaciamque
1698 3067 1888 3142 gratia:

2002 2045 2194 2102 tribuit
2220 2048 2508 2120 peragendi
2554 2064 2569 2102 :
2618 2049 2784 2106 Omne
2825 2049 2973 2104 enim
3009 2049 3202 2104 datum
3229 2050 3512 2119 optimum,
3557 2053 3610 2103 et

2002 2155 2151 2196 omne
2177 2141 2380 2196 donum
2413 2143 2716 2211 perfech
2751 2143 3035 2199 desursum
3073 2147 3171 2205 est,
3209 2141 3528 2198 descendens
3558 2157 3609 2218 ea

2002 2235 2166 2289 Patre
2213 2235 2484 2290 luminum
2527 2237 2660 2304 (Jac.
2715 2236 2778 2304 1).
2825 2236 2934 2308 Qui
2973 2244 3034 2291 et
3075 2235 3266 2307 incipit
3301 2249 3427 2306 quae
3461 2236 3608 2290 bona

1999 2335 2150 2392 sunt,
2195 2336 2250 2385 et
2291 2328 2607 2402 exsequitur
2651 2337 2709 2386 et
2741 2337 3096 2386 consummat
3129 2328 3186 2384 in
3239 2327 3416 2384 nobis.
3464 2327 3607 2384 Cum

1997 2421 2145 2478 enim
2183 2423 2334 2478 Deus
2362 2437 2465 2478 nos
2511 2425 2750 2494 tepuisse
2783 2422 3167 2496 conspexerit,
3195 2419 3396 2494 ingerit
3423 2419 3606 2477 cordi-

1995 2513 2102 2572 bus
2127 2515 2330 2572 nostris
2379 2515 2660 2572 orationes
2703 2517 2814 2584 [AL
2860 2515 3238 2589 cogitationes]
3279 2513 3607 2584 salutiferas,

1997 2609 2197 2681 quibus
2223 2608 2368 2664 bona
2395 2609 2648 2665 voluntas
2674 2607 3011 2665 reformatur
3033 2608 3091 2664 in
3119 2607 3296 2664 nobis.

2069 2704 2303 2758 Rectum
2331 2700 2554 2772 quidem
2585 2709 2641 2758 et
2675 2702 2828 2758 omni
2857 2702 2989 2758 vitio
3030 2709 3314 2758 carentem
3352 2705 3607 2757 creatum

1996 2807 2116 2850 esse
2147 2791 2429 2849 hominem
2471 2793 2736 2865 primum,
2777 2793 2834 2848 in
2876 2806 2986 2864 quo
3019 2791 3269 2849 omnium
3313 2790 3608 2848 hominum

1996 2893 2284 2942 concreata
2310 2895 2506 2943 natura
2534 2895 2637 2956 est,
2681 2885 2934 2944 dubitare
2961 2885 3046 2943 fas
3084 2902 3200 2943 non
3229 2893 3332 2951 est,
3372 2899 3608 2958 eumque

1995 2981 2101 3038 tale
2129 2981 2399 3054 accepisse
2440 2982 2677 3040 liberum
2717 2981 3030 3050 arbitrium,
3071 2991 3132 3038 ut
3158 2983 3206 3038 si
3251 2981 3608 3038 auxiliantem

1995 3075 2098 3132 sibi
2124 3073 2418 3133 dominum
2443 3091 2560 3133 non
2585 3075 2883 3144 desereret,
2937 3085 3162 3148 possent
3185 3075 3242 3132 in
3281 3075 3443 3132 nobis
3481 3090 3606 3148 quae

276 3169 388 3226 Dei
417 3176 752 3237 statuamus,
791 3181 860 3224 ne
883 3167 1177 3224 excessisse
1223 3165 1468 3238 regulam
1511 3161 1890 3219 ecclesiasticae
1921 3145 1967 3208 Ο
1999 3169 2320 3226 naturaliter
2367 3178 2674 3242 acceperat,
2717 3185 3090 3242 perseverare,
3141 3169 3267 3241 quia
3309 3168 3504 3238 vellet;
3551 3176 3607 3225 et

274 3260 413 3318 ﬁdei
451 3259 753 3316 videamur.
793 3259 1166 3316 Ecclesiastica
1193 3257 1380 3330 regula
1407 3265 1512 3324 est,
1559 3253 1892 3327 pradicante

272 3354 561 3427 Apostolo
595 3374 622 3422 ε⁴
641 3357 804 3412 Nemo
827 3359 1002 3425 potest
1027 3355 1201 3409 dicere
1235 3353 1521 3408 Dominum
1546 3351 1752 3419 desum,
1783 3348 1896 3401 nisi

277 3451 340 3501 in
389 3450 613 3517 Spiritu
646 3454 830 3504 sancto
859 3450 908 3516 (ι
939 3449 1058 3504 Cor.
1093 3447 1229 3518 χιι).
1277 3441 1659 3501 Ecclesiastica
1709 3440 1891 3514 regula

271 3549 368 3596 est
405 3559 419 3594 :
457 3543 647 3598 Gratia
667 3544 765 3598 Dei
781 3558 896 3598 sum
921 3543 982 3597 id
995 3543 1136 3612 quod
1159 3557 1298 3605 sum,
1330 3545 1381 3596 et
1401 3541 1581 3610 gratia
1599 3537 1716 3607 ejus
1732 3539 1791 3590 in
1809 3551 1892 3590 me

270 3650 463 3689 vacua
488 3651 591 3690 non
631 3637 768 3703 fuit,
805 3637 899 3691 sed
919 3637 1048 3706 plus
1075 3636 1320 3690 omnibus
1343 3635 1454 3688 illis
1483 3632 1742 3688 laboravi.
1772 3632 1887 3687 Non

268 3731 472 3782 autem
495 3743 608 3797 ego,
629 3729 724 3784 sed
751 3731 934 3798 gratia
949 3730 1046 3784 Dei
1063 3745 1268 3784 mecum
1286 3727 1330 3800 (ι
1355 3729 1472 3785 Cor.
1501 3725 1630 3796 xv).
1648 3725 1718 3780 Et
1744 3740 1758 3778 :
1789 3724 1892 3779 Mi-

262 3821 634 3876 sericordiam
677 3826 984 3878 consecutus
1009 3837 1158 3888 sum;
1186 3825 1248 3876 ut
1282 3821 1459 3890 ﬁdelis
1487 3834 1652 3874 essem
1681 3818 1727 3888 (ι
1767 3819 1886 3873 Cor.

265 3917 422 3983 v11).
457 3914 838 3970 Ecclesiastica
863 3921 984 3970 est:
1017 3915 1284 3969 Habemus
1313 3914 1622 3967 thesaurum
1645 3914 1812 3965 istum
1831 3913 1889 3964 in

263 4011 430 4063 vasis
461 4008 734 4075 ﬁctilibus,
759 4012 822 4062 ut
843 4009 1150 4062 sublimitas
1179 4008 1252 4060 sit
1274 4007 1446 4058 virtus
1474 4005 1590 4069 Dei,
1615 4007 1668 4057 et
1695 4017 1799 4056 non
1821 4017 1889 4057 ea:

263 4100 440 4157 nobis
473 4097 546 4169 (ll
575 4100 694 4156 Cor.
727 4102 833 4169 ιν).
865 4099 1246 4156 Ecclesiastica
1275 4097 1458 4169 regula
1487 4103 1570 4152 est
1599 4112 1612 4148 :
1655 4097 1718 4150 In
1743 4095 1890 4149 nullo

262 4195 607 4250 terreami-ni
621 4195 690 4248 ab
709 4193 1068 4260 adversariis;
1089 4208 1210 4262 qua:
1224 4196 1302 4246 est
1317 4191 1429 4245 illis
1449 4203 1614 4244 causa
1629 4187 1888 4260 perditio-

259 4290 378 4351 nis,
415 4285 570 4342 vobis
605 4291 784 4340 autem
811 4287 1020 4350 salutis,
1060 4290 1112 4340 et
1139 4286 1233 4340 hoc
1272 4300 1308 4338 a
1349 4287 1475 4344 Deo.
1517 4281 1676 4338 Vobis
1699 4281 1888 4336 datum

260 4387 352 4441 est
377 4397 493 4452 per
535 4381 828 4448 Christum,
852 4395 958 4435 non
979 4380 1148 4435 solum
1174 4383 1237 4433 ut
1261 4380 1322 4433 in
1367 4393 1488 4433 eum
1515 4375 1766 4438 credatis,
1797 4374 1891 4430 sed

263 4477 450 4532 etiam
499 4478 561 4528 ut
581 4475 882 4544 patiamini
907 4489 1011 4544 pro
1062 4487 1118 4528 eo
1151 4472 1369 4542 (Philip.
1404 4474 1468 4538 1).
1508 4467 1884 4526 Ecclesiastica

1999 3261 2194 3319 merito
2227 3264 2647 3334 perseverantiae
2687 3263 2745 3318 in
2772 3263 3025 3320 eamdem
3053 3261 3448 3320 beatitudinem
3473 3277 3601 3334 per-

2002 3354 2234 3422 veniret,
2255 3363 2315 3410 ut
2333 3371 2433 3410 nec
2450 3355 2612 3410 vellet
2630 3354 2886 3412 decidere
2900 3356 2957 3410 in
2979 3355 3247 3412 deteriora
3260 3371 3363 3412 nec
3381 3363 3565 3428 posset
3585 3377 3596 3410 :

1998 3445 2096 3502 sed
2123 3447 2242 3518 ipso
2271 3447 2442 3504 libero
2472 3447 2714 3514 arbitrio,
2747 3464 2858 3520 quo
2891 3447 3156 3521 quamdiu
3186 3449 3379 3518 voluit,
3423 3447 3603 3506 bonus

2000 3539 2224 3607 mansit,
2249 3554 2280 3596 a
2325 3539 2604 3613 proposita
2644 3539 2745 3596 sibi
2775 3542 2894 3614 lege
2925 3541 3208 3610 discessit;
3255 3557 3358 3598 nec
3387 3541 3603 3599 denun-

1997 3630 2118 3688 tiari
2175 3632 2283 3690 sibi
2339 3634 2532 3690 mortis
2577 3633 2909 3707 supplicium
2948 3633 3286 3705 formidavit,
3347 3633 3602 3694 deserens

1999 3727 2202 3796 Deum,
2239 3735 2297 3784 et
2322 3742 2554 3798 sequens
2593 3727 2914 3798 diabolum;
2959 3729 3178 3786 rebellis
3202 3729 3443 3786 Domino
3480 3743 3602 3785 ser-

1998 3818 2192 3890 vatori,
2230 3827 2289 3876 et
2322 3819 2548 3876 inimico
2590 3819 2857 3876 obediens
2894 3821 3246 3892 peremptori.
3296 3821 3427 3876 Fuit
3469 3835 3599 3892 ergo

1996 3913 2196 3984 Adam,
2260 3923 2316 3972 et
2355 3915 2412 3970 in
2473 3915 2565 3971 illo
2626 3913 2837 3972 fuimus
2881 3929 3092 3972 omnes.
3159 3912 3329 3971 Periit
3395 3913 3596 3981 Adam,

1997 4012 2056 4058 et
2114 4020 2182 4060 ex
2231 4005 2322 4062 illo
2365 4007 2645 4078 perierunt
2697 4022 2909 4064 omnes.
2967 4005 3129 4076 Quod
3174 4006 3247 4062 ita
3292 4021 3412 4062 non
3465 4004 3600 4062 falso

2000 4095 2138 4150 dixit
2205 4096 2399 4153 beatus
2459 4098 2804 4164 Ambrosius,
2871 4099 3012 4153 sicut
3090 4113 3206 4154 non
3283 4097 3424 4154 falso
3485 4097 3600 4168 ipsa

2003 4189 2198 4246 veritas
2229 4190 2304 4246 ait
2330 4207 2342 4242 :
2392 4193 2552 4248 Venit
2577 4192 2749 4248 Filius
2789 4192 3022 4247 hominis
3051 4205 3291 4262 quaerere
3315 4197 3366 4247 et
3391 4193 3601 4248 salvum

1999 4285 2178 4350 facere
2204 4285 2349 4354 quod
2383 4287 2634 4356 perierat
2667 4283 2807 4356 (Luc.
2861 4284 3010 4356 xxx).
3048 4286 3264 4344 Naturae
3309 4285 3458 4343 enim
3507 4285 3601 4342 hu-

1999 4392 2181 4434 manae
2224 4378 2311 4434 illa
2362 4379 2816 4450 praevaricationis
2873 4379 3194 4438 universalis
3257 4381 3432 4453 ruina,
3499 4395 3601 4438 nec

1997 4469 2297 4527 substantia
2344 4481 2617 4545 praerepta
2659 4481 2762 4544 est,
2801 4489 2904 4532 nec
2935 4475 3220 4544 voluntas;
3259 4474 3356 4532 sed
3416 4475 3600 4532 lumen

257 4568 472 4644 regula
498 4538 624 4624 est-z
667 4569 801 4625 Cum
827 4538 1051 4622 tremore
1086 4571 1138 4621 et
1163 4538 1358 4622 timore
1383 4569 1618 4620 vestram
1643 4567 1882 4636 ipsorum
1913 4538 1966 4604 D
1995 4563 2270 4636 decusque
2314 4538 2598 4638 virtutum,
2641 4538 2841 4642 quibus
2881 4567 3072 4626 fraude
3111 4538 3404 4626 invidentis
3441 4575 3621 4624 exuta-

255 4666 517 4722 salutem
557 4662 874 4732 operamini.
912 4663 1052 4715 Deus
1089 4661 1232 4714 enim
1276 4663 1374 4728 est,
1405 4661 1502 4728 qui
1541 4664 1793 4728 operatur
1827 4659 1886 4711 in

253 4759 432 4814 nobis
465 4760 521 4812 et
543 4757 674 4811 velle
701 4759 751 4812 et
787 4754 1026 4826 operari,
1063 4767 1168 4823 pro
1197 4753 1330 4807 bona
1355 4752 1628 4806 voluntate
1665 4752 1882 4822 (Philip.

254 4855 358 4921 11).
395 4848 788 4905 Ecclesiastica
815 4847 998 4922 regula
1025 4855 1109 4904 est
1134 4866 1148 4902 :
1194 4848 1310 4904 Non
1341 4847 1469 4916 quia
1496 4845 1678 4901 idonei
1721 4847 1888 4900 simus

251 4944 527 5014 cogitare
537 4939 756 5010 aliquid
775 4957 844 4996 ea:
855 4942 1007 4998 nobis
1024 4941 1188 5012 quasi
1209 4955 1280 4995 ea:
1302 4939 1454 4994 nobis
1481 4939 1636 5010 ipsis,
1663 4937 1756 4992 sed
1773 4940 1888 5004 suf-

250 5035 525 5110 ﬁcientia
549 5039 735 5090 nostra
758 5037 944 5092 emDeo
965 5040 1046 5091 est
1068 5033 1138 5108 (ιι
1166 5035 1285 5093 Cor.
1311 5033 1435 5101 nr).
1457 5033 1615 5088 Hanc
1642 5031 1889 5103 regulam

255 5133 472 5188 ﬁrmat
504 5131 653 5186 Deus
678 5128 864 5186 dicens
899 5148 912 5184 :
938 5131 1100 5187 Nemo
1134 5131 1311 5199 potest
1333 5129 1515 5182 venire
1539 5125 1613 5182 ad
1653 5141 1755 5190 me,
1784 5127 1894 5182 nisi

257 5227 486 5283 datum
514 5226 683 5291 fuerit
729 5225 783 5281 ei
815 5239 853 5279 a
893 5227 1055 5294 patre
1089 5237 1202 5277 meo
1236 5220 1406 5292 (toan.
1440 5219 1536 5292 vn).
1577 5220 1646 5276 Et
1677 5237 1692 5274 :
1735 5220 1897 5277 Omne

261 5321 432 5394 quod
473 5319 574 5374 dat
601 5318 746 5375 mihi
767 5322 949 5388 Pater,
978 5319 1126 5374 venit
1169 5317 1244 5372 ad
1280 5331 1362 5372 me
1383 5317 1584 5388 (Ibid).
1623 5315 1693 5370 Et
1723 5332 1737 5372 :
1768 5316 1898 5372 Sine

272 5431 368 5471 me
401 5412 558 5469 nihil
595 5416 812 5484 potestis
840 5416 1020 5482 facere
1051 5413 1224 5484 (Joan.
1257 5410 1364 5483 xv)
1389 5411 1462 5466 Et
1493 5429 1505 5466 :
1535 5412 1654 5468 Non
1684 5423 1776 5465 vos
1815 5424 1898 5466 me

269 5507 571 5577 elegistis;
613 5506 708 5561 sed
733 5521 828 5576 ego
865 5507 1000 5578 elegi
1033 5521 1124 5562 vos
1164 5503 1372 5578 (lbid.).
1404 5504 1514 5560 Et:
1546 5505 1710 5562 Nemo
1747 5504 1896 5558 novit

271 5605 500 5661 Filium
533 5603 646 5657 nisi
667 5604 859 5668 Pater;
887 5617 1056 5672 neque
1081 5603 1298 5658 Patrem
1325 5601 1444 5672 quis
1477 5599 1646 5666 novit,
1669 5598 1777 5653 nisi
1808 5599 1900 5654 Fi-

271 5700 423 5764 lius,
463 5701 515 5752 et
547 5699 633 5752 cui
655 5695 880 5752 voluerit
930 5696 1160 5752 revelare
1203 5695 1417 5768 (Matth.
1466 5692 1576 5766 χι).
1611 5695 1674 5750 Et
1709 5711 1722 5748 :
1753 5691 1900 5749 Sicut

1995 4665 2100 4713 est.
2145 4657 2376 4716 Perditis
2427 4669 2617 4718 autem
2665 4677 2763 4734 per
2811 4678 2932 4734 quae
2982 4661 3052 4718 ad
3101 4669 3370 4719 aeternam
3437 4669 3600 4732 atque

1993 4749 2403 4810 inamissibilem
2463 4755 2710 4826 corporis
2767 4757 3076 4824 animaeque
3131 4751 3602 4823 incorruptionem

1995 4851 2208 4914 poterat
2267 4846 2577 4917 pervenire,
2642 4845 2772 4917 quid
2837 4846 2892 4901 ei
2945 4843 3230 4914 remansit,
3291 4845 3398 4900 nisi
3453 4845 3601 4917 quod

1996 4935 2066 4994 ad
2095 4937 2452 5009 temporalem
2477 4937 2718 5010 pertinet
2739 4937 2928 5004 vitam,
2955 4954 3079 5012 quae
3107 4947 3220 4996 tota
3265 4947 3350 4997 est
3375 4939 3602 4996 damna-

1997 5030 2124 5090 bilis
2147 5039 2204 5088 et
2231 5037 2450 5104 poenis?
2480 5035 2712 5106 Propter
2728 5034 2876 5108 quod
2897 5044 3059 5092 natos
3082 5034 3136 5092 in
3164 5035 3342 5092 Adam
3379 5033 3596 5090 renasci

2003 5133 2221 5198 oportet
2261 5124 2316 5180 in
2343 5125 2583 5196 Christo,
2614 5142 2685 5185 ne
2731 5129 2784 5184 in
2813 5129 2905 5186 illa
2930 5129 3056 5202 quis
3097 5129 3408 5185 inveniatur
3452 5141 3608 5199 gene-

2007 5217 2218 5276 ratione
2247 5234 2370 5292 quae
2411 5221 2592 5293 periit.
2619 5223 2763 5278 Nam
2791 5223 2836 5279 si
2865 5223 3068 5294 posteri
3108 5222 3246 5279 Adae
3271 5220 3327 5277 in
3349 5219 3456 5276 illis
3496 5219 3610 5275 vir-

2003 5311 2213 5370 tutilus
2239 5315 2557 5372 naturaliter
2578 5324 2807 5389 agerent
2832 5317 2888 5372 in
2917 5317 3112 5389 quibus
3150 5313 3327 5372 Adam
3355 5312 3461 5370 fuit
3481 5321 3610 5370 ante

2006 5416 2314 5480 peccatum,
2347 5424 2463 5466 non
2485 5417 2671 5468 essent
2695 5419 2892 5466 natura
2919 5409 3017 5466 ﬁlii
3037 5407 3152 5478 iraa,
3182 5423 3298 5466 non
3319 5413 3504 5466 essent
3523 5415 3612 5464 te-

2005 5501 2220 5572 nebrae,
2267 5517 2371 5560 nec
2407 5502 2510 5560 sub
2539 5511 2824 5576 potestate
2877 5503 3256 5570 tenebrarum,
3315 5501 3614 5560 Salvatoris

2007 5595 2175 5668 gratia
2201 5611 2318 5652 non
2355 5595 2689 5671 indigerent,
2717 5597 2845 5670 quia
2884 5612 2997 5654 non
3019 5594 3221 5655 frustra
3248 5597 3379 5656 boni
3409 5604 3612 5665 essent,

2012 5706 2110 5748 nec
2125 5689 2356 5765 justitiae
2398 5691 2624 5766 praemio
2667 5691 3072 5766 fraudarentur,
3097 5692 3362 5752 habentes
3383 5708 3444 5750 ea
3471 5691 3616 5747 bona

271 5795 462 5848 Pater
487 5792 720 5861 viviﬁeat
737 5795 990 5856 mortuos,
1016 5791 1096 5846 ita
1117 5793 1169 5845 et
1191 5789 1361 5848 Filius
1379 5805 1511 5862 quos
1532 5787 1650 5846 vult
1669 5788 1903 5858 viviﬁcat
2011 5801 2251 5860 quorum
2277 5787 2570 5848 amissione
2593 5787 2757 5863 primi
2792 5796 2972 5862 patres
2995 5789 3063 5847 de
3091 5787 3345 5864 paradiso
3369 5783 3618 5844 exsulare
