4040 6206
386 229 482 283 951

1470 223 1751 281 JOANNIS
1785 223 2087 281 CASSIANI
2124 221 2611 281 COLLATIONES.

3590 228 3703 282 952

386 360 726 409 meruerunt.
754 353 917 408 Nunc
946 359 1129 409 autem
1157 365 1285 408 cum
1307 350 1425 407 sine
1452 357 1794 407 sacramento
1831 364 1986 423 rege-
2015 352 2067 415 Α
2094 348 2189 406 bili
2218 349 2466 423 largitate
2494 349 2687 407 tribuit
2724 349 2905 422 parvis
2944 347 3231 406 conatibus
3261 346 3492 423 gloriam
3528 357 3703 409 tantas

387 443 681 503 nerationis
718 451 980 502 aeternam
1010 452 1249 501 mortem
1294 459 1464 501 nemo
1520 444 1690 516 possit
1734 442 1982 512 evadere,

384 551 568 593 nonne
608 552 673 592 ex
722 535 878 593 istius
931 535 1159 593 remedii
1217 534 1599 607 singularitate
1649 533 1986 607 apertissime

385 635 551 702 patet,
579 629 636 685 in
660 645 828 701 quam
860 627 1199 701 profundum
1228 628 1437 686 malum
1461 628 1629 684 totius
1654 629 1865 702 generis
1887 626 1986 684 hu-

383 722 535 779 mani
588 731 786 779 natura
832 722 1081 780 demersa
1123 722 1218 792 sit,
1259 722 1404 779 illius
1447 722 1891 796 praevaricatione
1928 721 1984 777 in

383 829 495 885 quo
543 830 739 873 omnes
787 824 1168 887 peccaverunt,
1205 824 1261 874 et
1302 816 1571 890 quidquid
1608 817 1697 874 ille
1729 816 1981 890 perdidit,
2018 852 2025 855 ‹

387 904 777 978 perdiderunt?
811 908 1057 966 Perdidit
1084 918 1270 967 autem
1295 909 1505 983 primus
1528 910 1712 980 fidem,
1752 909 1988 982 perdidit

385 999 802 1070 continentiam,
843 1001 1069 1073 perdidit
1097 1003 1442 1073 charitatem,
1476 1005 1743 1077 spoliatus
1777 1012 1861 1060 est
1895 1020 1983 1060 sa-

383 1092 587 1164 pientia
634 1102 690 1150 et
719 1094 1021 1163 intellectu,
1063 1095 1237 1154 caruit
1288 1096 1517 1152 consilio
1553 1104 1607 1153 et
1650 1095 1984 1153 fortitudine.

381 1186 451 1242 Et
470 1186 636 1259 impie
657 1188 854 1244 altiora
880 1190 1168 1257 sectando,
1199 1204 1230 1244 a
1257 1189 1503 1245 veritatis
1522 1189 1751 1246 scientia
1772 1198 1826 1245 et
1857 1190 1986 1246 obe-

383 1277 610 1336 dientia:
636 1280 831 1349 pietate
857 1280 1106 1353 dejectus
1126 1290 1228 1352 est,
1254 1298 1359 1339 nec
1397 1282 1512 1354 ipso
1556 1283 1751 1339 saltem
1786 1283 1986 1339 timore

384 1373 486 1431 sibi
511 1374 744 1448 reliquo,
775 1385 838 1434 ut
860 1377 929 1434 ab
952 1377 1249 1437 interdictis
1269 1379 1351 1435 vel
1372 1387 1524 1435 metu
1547 1388 1761 1435 caveret
1782 1392 1985 1450 poenae,

385 1469 476 1541 qui
518 1469 825 1529 abstinebat
857 1489 1049 1531 amore
1081 1474 1326 1546 justitia.
1368 1473 1629 1530 Liberum
1667 1488 1800 1545 ergo
1839 1471 1989 1528 arbi-

385 1565 578 1635 trium,
616 1566 794 1636 idest,
834 1569 909 1624 rei
945 1570 1050 1627 sibi
1093 1569 1662 1642 placitmspontaneus
1695 1570 1985 1643 appetitus,

386 1658 481 1715 ubi
520 1673 685 1716 usum
711 1660 992 1719 bonorum
1023 1678 1145 1735 quae
1174 1671 1457 1737 acceperat
1490 1662 1774 1732 fastidivit,
1804 1672 1878 1732 et,
1910 1662 1984 1720 vi-

2092 442 2542 512 immortalitatis,
2602 451 2866 515 tantaque
2910 442 3053 499 dona
3093 442 3339 515 perennis
3400 441 3692 500 felicitatis.

2093 535 2290 591 Nonne
2312 534 2463 607 quod
2507 534 2682 592 David
2711 533 3029 592 brevissimo
3068 534 3329 606 temporis
3361 543 3571 607 puncto
3598 535 3700 594 ob-

2092 626 2258 684 tinuit
2278 634 2569 684 tantorum
2587 626 2983 699 indulgentiam
3001 626 3319 695 criminum,
3341 625 3555 683 donum
3577 637 3703 686 erat

2089 719 2193 777 Dei
2228 718 2568 777 miserentis?
2610 719 2859 791 Denique
2888 718 3018 791 quid
3047 717 3295 776 dicamus
3327 718 3396 776 de
3441 719 3545 776 hac
3580 728 3697 779 tam

2090 814 2240 871 brevi
2269 813 2492 872 Davidis
2525 812 2888 884 confessione,
2912 821 3136 886 tamque
3167 813 3579 885 incomparabili
3607 815 3701 873 di-

2095 908 2235 966 vinas
2262 907 2631 965 miserationis
2653 924 2716 966 ac
2735 907 3105 965 retributionis
3133 906 3503 965 immensitate
3517 913 3545 966 Ρ
3566 926 3710 967 cum

2096 1010 2311 1060 certum
2339 1002 2434 1072 sit,
2479 1000 2611 1074 quid
2649 1000 2952 1081 Apostolus
2990 1000 3062 1059 ad
3101 998 3303 1058 futura:
3346 999 3715 1061 beatitudinis.

2096 1095 2526 1170 magnitudinem
2570 1098 2788 1165 intuens
2813 1093 3240 1168 pronuntiaverit
3279 1092 3346 1151 de
3383 1093 3695 1154 innumera-

2096 1189 2297 1248 bilibus
2324 1198 2487 1261 atque
2514 1189 2843 1264 gravissimis
2879 1186 3346 1261 persecutiouibus
3375 1189 3488 1245 suis
3530 1208 3544 1243 :
3574 1192 3701 1247 Mo-

2091 1290 2453 1349 mentaneum,
2494 1284 2694 1357 inquit,
2742 1290 2795 1340 et
2831 1285 2937 1340 leve
2962 1283 3057 1339 hoc
3082 1283 3449 1338 tribulationis
3475 1288 3703 1350 nostra,

2094 1393 2261 1450 supra
2299 1380 2534 1445 modum,
2580 1384 2634 1435 et
2671 1379 2817 1434 ultra
2859 1381 3320 1449 comparationem,
3358 1381 3411 1433 et
3438 1383 3705 1435 aztermrm

2098 1472 2281 1541 glorise
2298 1472 2511 1542 pondus
2538 1476 2796 1543 operatur
2817 1473 2874 1526 in
2901 1471 3054 1527 nobis
3084 1470 3158 1541 (ll
3192 1471 3308 1528 Cor.
3338 1484 3430 1526 Ix.
3456 1470 3623 1527 Unde
3644 1479 3700 1527 et

2095 1563 2223 1619 alibi
2250 1571 2561 1621 constanter
2581 1563 2781 1621 fatetur
2813 1583 2826 1618 :
2846 1566 2963 1621 Non
2983 1568 3112 1618 sunt
3132 1563 3414 1633 condignae
3427 1566 3693 1634 passibnes

2097 1656 2259 1728 hujus
2279 1660 2530 1730 temporis
2549 1657 2624 1713 ad
2640 1659 2888 1725 futuram
2900 1658 3146 1727 gloriam,
3164 1673 3284 1733 qua:
3297 1658 3615 1714 revelabitur
3634 1661 3692 1713 in

384 1752 715 1811 lescentibus
738 1755 843 1812 sibi
885 1756 1076 1814 salutis
1098 1773 1212 1814 suae
1234 1756 1524 1831 praesidiis,
1555 1758 1806 1815 insanam
1832 1756 1984 1830 cupi-
2017 1767 2067 1830 Β
2096 1750 2246 1805 nobis
2277 1751 2445 1819 (Rom.
2465 1750 2627 1821 vm).
2657 1749 3093 1822 Quamtumlibet
3106 1764 3238 1823 ergo
3255 1749 3414 1806 enixa
3435 1757 3697 1807 etconata

385 1844 610 1904 ditatem
658 1848 727 1905 ad
777 1851 1166 1923 experientiam
1229 1852 1694 1924 praevaricationis
1738 1852 1988 1921 intendit,

386 1938 524 1997 bibit
548 1943 801 2000 omnium
826 1945 1085 2003 vitiorum
1111 1962 1404 2016 venenum,
1434 1953 1488 2003 et
1533 1955 1707 2004 totam
1737 1954 1990 2003 naturam

388 2032 627 2093 hominis
687 2036 1121 2111 intemperantia;
1168 2057 1285 2098 suae
1339 2041 1603 2098 ebrietate
1671 2038 1987 2097 madefecit.

390 2128 544 2198 inde,
594 2130 914 2205 priusquam
961 2133 1174 2192 edendo
1221 2151 1444 2193 carnem
1485 2136 1605 2193 Filii
1643 2133 1902 2206 hominis,
1934 2144 1991 2192 et

390 2219 626 2278 bibendo
669 2226 995 2297 sanguinem
1041 2227 1177 2299 ejus,
1218 2227 1474 2285 lethalem
1513 2227 1722 2301 digerat
1764 2226 1994 2285 crudita-

392 2320 527 2381 tem,
554 2314 753 2372 labitur
776 2318 1070 2385 memoria,
1107 2328 1253 2376 errat
1285 2320 1511 2393 judicio,
1553 2328 1712 2378 nutat
1750 2321 1991 2390 incessu,

392 2422 566 2479 neque
598 2410 706 2466 ullo
735 2410 901 2468 modo
938 2411 1168 2469 idoneus
1205 2421 1287 2470 est
1315 2413 1388 2472 ad
1408 2412 1544 2472 illud
1568 2414 1779 2471 bonum
1802 2414 1996 2487 eligen-

391 2498 527 2556 dum
573 2510 629 2557 et
674 2504 1177 2577 concupiscendum
1230 2522 1340 2579 quo
1383 2522 1441 2563 se
1501 2516 1700 2580 sponte
1742 2505 1990 2580 privavit.

391 2592 529 2662 Quia
555 2610 668 2651 non
697 2596 838 2653 sicut
872 2599 1050 2670 potuit
1072 2603 1193 2656 Deo
1216 2614 1330 2656 non
1358 2599 1672 2673 impellente
1713 2614 1992 2668 corruere,

389 2685 463 2742 ita
492 2697 675 2760 potest
718 2695 835 2749 Deo
864 2708 979 2749 non
1006 2693 1247 2767 erigente
1285 2709 1633 2768 consurgere.
1664 2696 1746 2752 Ne
1786 2691 1994 2750 etenim

394 2779 682 2838 credamus
708 2799 812 2841 nos
851 2801 963 2842 non
1005 2786 1249 2861 indigere
1274 2786 1458 2845 divino
1485 2786 1685 2844 auxilio
1728 2785 1798 2843 ad
1848 2800 1997 2842 exer-

394 2871 627 2930 cendum
673 2891 811 2947 opus
833 2878 1044 2948 salutis,
1093 2879 1389 2952 Apostolus
1424 2880 1500 2936 ait
1535 2882 1714 2935 :Deus
1752 2881 1849 2941 est,
1897 2878 1998 2945 qui

397 2971 654 3036 operatur
686 2972 739 3022 in
769 2972 922 3026 nobis
939 2974 1070 3028 velle
1093 2978 1144 3027 et
1163 2975 1416 3042 perﬁcere
1435 2987 1539 3041 pro
1568 2972 1701 3025 bona
1724 2970 1997 3024 voluntate

2098 1840 2264 1898 fuerit
2285 1841 2525 1899 humana
2567 1841 2849 1917 fragilitas,
2877 1844 3185 1917 comparari
3221 1840 3422 1900 futurae
3460 1845 3711 1901 retribu--

2098 1933 2236 1992 tioni
2269 1951 2382 1992 non
2424 1935 2642 2008 poterit,
2694 1951 2798 1993 nec
2832 1936 2952 1994 suis
2997 1935 3273 1993 laboribus
3315 1937 3387 1994 ita
3428 1937 3705 1995 diminuet.

2098 2030 2332 2102 gratiam
2382 2031 2674 2100 Creatoris,
2719 2040 2781 2089 ut
2819 2047 2930 2089 non
2963 2041 3267 2104 perseveret
3313 2047 3527 2104 semper
3565 2048 3699 2106 gra-

2098 2124 2256 2180 tuita.
2295 2124 2505 2197 Idcirco
2535 2124 2798 2198 praafatus
2823 2125 3072 2199 gentium
3106 2126 3325 2196 doctor,
3350 2127 3602 2200 quamvis
3630 2135 3721 2184 teo—

2099 2225 2272 2275 stetur
2298 2233 2356 2274 se
2376 2217 2608 2292 gradum
2624 2219 2964 2292 apostolatus
2990 2218 3248 2276 sortitum
3276 2219 3451 2293 gratia
3474 2219 3594 2287 Dei,
3618 2218 3703 2276 di-

2101 2325 2231 2369 cens
2256 2332 2269 2368 :
2293 2315 2484 2371 Gratia
2504 2317 2740 2370 Deisum
2766 2314 2825 2369 id
2846 2314 2989 2385 quod
3010 2328 3128 2369 sum
3149 2315 3196 2383 (I
3222 2315 3339 2372 Cor.
3370 2314 3697 2384 xv),tamen

2102 2403 2344 2463 afﬁrmat
2384 2421 2443 2463 se
2483 2405 2830 2479 respondisse
2875 2414 2930 2463 et
2962 2415 3317 2479 cooperatum
3353 2424 3473 2465 esse
3507 2409 3711 2480 gratiae.

2103 2497 2328 2569 divinae,
2356 2498 2641 2558 subdendo
2680 2520 2692 2555 :
2724 2506 2796 2559 Et
2821 2504 3000 2572 gratia
3030 2503 3146 2573 ejus
3181 2504 3240 2557 in
3268 2518 3353 2558 me
3397 2518 3568 2558 vacua
3596 2518 3701 2558 non

2101 2594 2234 2661 fuit,
2264 2594 2358 2651 sed
2378 2595 2745 2652 abundantius
2771 2596 2883 2651 illis
2906 2595 3149 2651 omnibus
3170 2595 3433 2651 laboravi.
3454 2598 3575 2654 Non
3602 2612 3714 2651 αα*

2103 2690 2206 2742 tem
2229 2703 2340 2757 ego,
2368 2689 2462 2745 sed
2474 2692 2661 2758 gratia
2680 2690 2780 2746 Dei
2796 2704 2997 2745 mecum
3019 2690 3230 2759 (Ibid.).
3256 2690 3398 2746 Cum
3423 2689 3577 2746 enim
3591 2690 3665 2746 ait
3683 2708 3701 2744 :

2100 2781 2219 2838 Non
2245 2787 2423 2837 autem
2449 2798 2561 2853 ego,
2586 2783 2680 2839 sed
2719 2786 2903 2853 gratia
2939 2786 3041 2839 Dei
3063 2798 3284 2847 mecum,
3316 2782 3559 2841 ostendit
3599 2784 3707 2840 vir—

2101 2880 2274 2931 tutem
2301 2877 2664 2947 protectionis
2689 2877 2913 2935 divina.
2936 2880 3156 2935 Etcum
3173 2878 3272 2946 ait,
3296 2894 3525 2943 mecum,
3546 2886 3718 2936 testa--

2103 2974 2193 3024 tur
2219 2970 2451 3040 gratiam
2505 2970 2608 3028 Dei
2652 2978 3003 3044 coeperatam
3045 2986 3163 3028 esse
3194 2969 3303 3027 sibi
3347 2986 3463 3027 non
3501 2972 3713 3039 otioso,

399 3057 657 3127 (Philipp.
694 3060 782 3128 ιι).
812 3060 1049 3132 Ideoque
1074 3072 1130 3118 et
1149 3063 1501 3119 Timotheum
1520 3061 1805 3118 admonuit
1831 3078 1845 3116 :
1872 3061 1999 3120 Noli
2102 3073 2279 3131 neque
2331 3076 2544 3133 securo,
2585 3061 2682 3120 sed
2726 3063 2991 3121 laboranti
3038 3078 3105 3119 ac
3166 3060 3477 3121 desudanti.
3520 3064 3713 3137 Itaque

399 3151 662 3219 negligere
684 3156 917 3220 gratiam
940 3158 1055 3218 Dei,
1082 3171 1200 3225 qua
1220 3161 1297 3211 est
1323 3157 1385 3211 in
1401 3161 1451 3212 te
1474 3156 1519 3227 (ι
1548 3159 1679 3213 Tim.
1714 3163 1821 3226 1v).
1838 3158 2003 3214 Item-
2033 3138 2078 3202 C
2113 3153 2387 3213 Dominus
2401 3154 2589 3213 volens
2609 3163 2769 3214 motu
2791 3155 3049 3214 humanae
3068 3154 3387 3214 affectionis
3403 3156 3717 3229 exprimere

398 3257 504 3313 que
532 3263 544 3297 :
579 3244 654 3301 0b
670 3261 833 3316 quam
861 3262 1078 3304 causam
1108 3249 1360 3307 admoneo
1388 3255 1458 3320 te,
1486 3255 1549 3306 ut
1565 3254 1841 3309 resuscites
1864 3269 1996 3324 gra-

400 3336 531 3391 tiam
553 3340 671 3402 Dei,
704 3355 825 3410 qua:
848 3345 925 3396 est
949 3343 1008 3396 in
1036 3346 1087 3398 te
1114 3341 1188 3414 (II
1227 3346 1368 3399 Tim.
1400 3344 1466 3417 1).
1491 3344 1637 3402 Hinc
1662 3361 1879 3418 quoque
1896 3347 1998 3405 Co-

398 3428 609 3487 rinthiis
635 3432 880 3490 scribens
925 3432 1199 3506 hortatur,
1234 3450 1305 3493 ne
1333 3452 1429 3508 per
1456 3453 1621 3511 opera
1662 3437 1997 3496 infructuosa

398 3521 642 3580 facerent
668 3540 725 3582 se
747 3526 1001 3600 indignos
1025 3529 1198 3601 gratia
1227 3530 1354 3599 Dei,
1392 3529 1577 3588 dicens
1604 3550 1619 3585 :
1654 3532 1998 3602 Adjuvantes

398 3618 749 3683 obsecramus,
779 3636 847 3675 ne
877 3623 937 3675 in
960 3637 1190 3678 vacuum
1222 3626 1460 3693 gratiam
1488 3626 1589 3681 Dei
1624 3628 1899 3696 recipiatis
1923 3627 1998 3693 (II

402 3711 519 3767 Cor.
567 3713 667 3786 νι).
717 3714 897 3784 Quam
934 3716 1062 3789 quia
1098 3716 1152 3771 in
1193 3731 1425 3773 vacuum
1476 3716 1669 3774 Simon
1702 3727 1996 3790 receperat,

399 3816 512 3857 non
543 3803 746 3875 profuit
783 3806 828 3861 ei
856 3808 1130 3880 perceptio
1161 3807 1347 3880 gratia:
1386 3807 1657 3865 salutaris.
1687 3811 1815 3866 Non
1850 3810 1999 3865 enim

399 3898 605 3954 curavit
623 3898 855 3958 obedire
878 3910 1152 3975 praecepto
1175 3903 1527 3961 sacratissimi
1556 3904 1699 3962 Petri
1722 3904 1957 3962 dicentis
1982 3925 1995 3962 :

398 3993 773 4051 Pcenitentiam
800 4011 898 4067 age
917 3998 987 4055 ab
1016 3998 1375 4069 hacﬁequitia
1395 4002 1490 4055 tua
1508 4003 1559 4056 et
1588 4015 1720 4070 roga
1741 4002 1929 4064 Deum,
1950 4002 2003 4056 si

396 4087 542 4153 forte
562 4090 878 4147 remittatur
905 4092 1011 4147 tibi
1032 4092 1144 4148 haec
1159 4094 1409 4163 cogitatio
1426 4094 1601 4151 cordis
1628 4096 1763 4152 suis.
1789 4097 1851 4151 In
1872 4095 2001 4162 felle

398 4184 539 4239 enim
567 4186 959 4242 amaritudinis
987 4190 1041 4242 et
1075 4187 1401 4257 obligatione
1424 4189 1737 4259 iniquitatis
1759 4188 1911 4245 video
1949 4193 1999 4245 te

396 4289 507 4330 esse
530 4275 737 4348 (Actor.
760 4280 914 4351 vm).
939 4281 1209 4337 Praevenit
1236 4295 1366 4353 ergo
1398 4281 1640 4338 hominis
1660 4282 1999 4339 voluntatem

397 4370 767 4430 misericordia
796 4374 1018 4428 Domini
1049 4374 1206 4445 juxta
1234 4374 1381 4446 quod
1400 4375 1665 4447 scriptum
1694 4384 1781 4433 est
1819 4398 1831 4433 :
1859 4382 2000 4435 Deus

397 4479 564 4531 meus,
580 4467 946 4521 misericordia
968 4467 1082 4535 ejus
1096 4471 1359 4537 pravenit
1380 4485 1465 4524 me
1490 4471 1656 4536 (Psal.
1679 4474 1879 4540 tvm).
1908 4474 1999 4527 ln-

2104 3262 2222 3306 sum
2266 3250 2483 3322 pietatis
2505 3251 2987 3324 dispensationem,
3016 3260 3073 3309 et
3097 3267 3371 3321 amorem,
3416 3268 3582 3325 quem
3606 3267 3729 3309 no»

2104 3339 2191 3398 bis
2219 3342 2460 3402 tribuere
2483 3344 2749 3403 indefessa
2779 3344 2974 3418 pietate
3005 3344 3281 3418 dignatur,
3325 3360 3429 3401 nec
3471 3346 3527 3402 in
3565 3360 3731 3403 crea»

2106 3433 2243 3492 turis
2268 3435 2553 3494 inveniens
2580 3438 2930 3507 charitatem,
2960 3438 3051 3495 cui
3080 3454 3211 3495 eum
3238 3438 3464 3513 dignius
3492 3454 3711 3513 compa-

2107 3535 2275 3599 raret,
2303 3532 2638 3604 comparavit
2663 3546 2791 3590 eum
2819 3532 3131 3589 tenerrimis
3157 3533 3358 3590 matris
3383 3533 3717 3602 visceribus,

2108 3628 2163 3676 et
2195 3622 2371 3679 utitur
2408 3622 2513 3680 hoc
2537 3626 2809 3698 exemplo,
2836 3626 3101 3698 quoniam
3130 3625 3346 3683 charius
3368 3643 3432 3683 eo
3478 3626 3731 3685 inveniri.

2107 3714 2163 3770 in
2182 3716 2446 3774 creaturis
2471 3733 2584 3774 non
2614 3720 2753 3774 valet
2782 3739 2795 3775 :
2829 3722 3108 3791 Numquid
3136 3726 3304 3792 potest
3336 3721 3529 3775 mulier
3557 3722 3711 3776 obli-

2107 3812 2241 3865 visci
2253 3811 2521 3877 infantem
2537 3828 2715 3876 suum,
2736 3817 2800 3868 ut
2817 3829 2925 3869 non
2939 3816 3257 3871 misereatur
3287 3815 3393 3883 fila)
3409 3816 3554 3868 uteri
3567 3817 3660 3869 sui
3665 3817 3705 3869 ?

2108 3901 2499 3960 Verumtamen
2522 3918 2636 3960 non
2658 3914 2947 3963 contentus
2970 3906 3073 3963 hac
3100 3906 3517 3979 comparatione,
3543 3915 3715 3964 tran-

2109 3994 2323 4052 scendit
2343 4010 2465 4053 eam
2492 3995 2809 4068 confestim,
2847 3999 3135 4058 subdendo
3168 4021 3184 4058 :
3236 4003 3307 4058 Et
3336 4005 3387 4057 si
3418 4001 3515 4056 illa
3542 4002 3719 4059 oblita

2107 4088 2300 4154 fuerit,
2327 4106 2422 4162 ego
2447 4095 2625 4149 tamen
2650 4109 2757 4149 non
2782 4094 3063 4150 obliviscar
3089 4098 3176 4150 tui
3205 4097 3385 4164 (Isaia:
3410 4095 3601 4168 nix).

2180 4183 2285 4239 Per
2332 4185 2482 4257 quod
2528 4187 2762 4244 evidenti
2819 4188 3030 4246 ratione
3080 4190 3378 4264 colligitur,
3434 4206 3732 4249 summam;

2108 4285 2313 4336 nostra:
2330 4281 2520 4338 salutis
2547 4281 2922 4354 deputandam
2945 4299 3063 4341 esse
3098 4285 3308 4343 caelesti
3362 4287 3575 4361 gratiae,
3600 4302 3733 4345 non.

2107 4372 2319 4430 meritis
2372 4374 2651 4431 actionum
2698 4385 3035 4447 nostrarum,
3075 4380 3196 4436 Deo
3239 4395 3338 4453 per
3386 4379 3729 4453 prophetam-

2105 4464 2359 4538 loquente
2379 4483 2392 4518 :
2413 4468 2849 4527 Recordabimini
2859 4475 3077 4529 viarum
3091 4478 3391 4531 vestrarum
3404 4480 3459 4531 et
3474 4479 3729 4532 omnium

302 4634 305 4639 _
395 4571 557 4629 super
580 4555 811 4614 advocat
835 4573 942 4615 nos
968 4535 1261 4630 Dominus,
1297 4568 1354 4618 et
1394 4535 1606 4629 invitat,
1632 4535 1996 4635 quemadmo-
2025 4535 2081 4599 Β
2106 4535 2362 4616 scelerum
2383 4566 2707 4634 vestrorum,
2728 4569 2779 4622 et
2801 4566 3156 4639 displicebitis
3176 4569 3324 4625 vobis
3347 4572 3487 4640 ipsis
3508 4572 3565 4624 in
3598 4586 3733 4626 ma»

394 4647 526 4707 dum
552 4650 662 4707 ait:
701 4653 834 4709 Tota
858 4652 946 4729 die
972 4653 1215 4724 expiandi
1247 4669 1441 4711 manus
1467 4670 1613 4711 meas
1640 4656 1715 4711 ad
1736 4657 2000 4727 populum

391 4759 498 4800 non
532 4745 831 4804 credentem
872 4750 923 4803 et
957 4747 1403 4804 contradicentem
1458 4749 1598 4804 mihi
1629 4748 1803 4821 (Isaia:
1840 4750 1994 4822 va),

392 4838 687 4909 Exspectat
709 4854 813 4896 nos
837 4842 1008 4909 Deus,
1053 4840 1196 4899 sicut
1221 4841 1466 4915 loquitur
1487 4858 1583 4915 per
1615 4842 1945 4916 Prophetam
1978 4862 1993 4900 :

390 4927 677 4996 Propterea
720 4934 991 4997 exspectat
1012 4934 1154 4988 Deus
1193 4936 1258 4988 ut
1291 4934 1613 4990 misereatur
1659 4937 1828 4990 vestri
1856 4933 1989 5006 (Isa.

389 5020 561 5087 xxx).
609 5017 900 5076 Confortat
925 5036 1054 5091 nos,
1095 5024 1400 5082 secundum
1436 5026 1584 5099 quod
1623 5028 1702 5085 ait
1741 5048 1753 5084 :
1784 5031 1858 5085 Et
1897 5044 1993 5101 ego

386 5112 603 5169 erudivi
620 5128 724 5178 eos,
753 5118 805 5171 et
821 5115 1122 5173 confortavi
1143 5117 1385 5188 brachia,
1408 5125 1459 5176 et
1478 5123 1532 5177 in
1554 5138 1637 5179 me
1655 5126 1990 5194 emcogitave-

386 5210 515 5263 runt
547 5208 817 5263 malitiam
858 5208 1023 5278 (Oscae
1054 5209 1185 5281 vn).
1216 5208 1429 5269 Clamat
1461 5216 1736 5272 Dominus
1777 5217 1940 5273 Jesus
1971 5235 1986 5270 :

383 5299 447 5356 Si
461 5302 586 5371 quis
604 5304 746 5367 sitit,
766 5305 946 5359 veniat
975 5303 1050 5359 ad
1075 5319 1180 5374 me,
1206 5309 1258 5362 et
1275 5306 1423 5364 bibat
1447 5307 1620 5379 (Joan.
1636 5308 1990 5380 vn).Quaerit

381 5407 484 5451 nos
501 5394 797 5467 Dominus,
809 5395 996 5454 dicens
1019 5416 1032 5453 :
1056 5397 1310 5467 Quaesivi,
1328 5405 1378 5456 et
1392 5416 1496 5456 non
1511 5406 1629 5458 erat
1644 5403 1761 5469 uir;
1780 5406 1984 5469 vocavi,

382 5491 434 5542 et
452 5502 565 5553 non
590 5493 714 5546 erat
737 5492 833 5562 qui
858 5492 1198 5567 responderet
1222 5495 1351 5564 (Isa.
1373 5499 1500 5564 an).

448 5582 522 5637 Et
538 5580 613 5637 ita
628 5584 798 5654 gratia
820 5587 920 5644 Dei
945 5602 1167 5661 semper
1193 5597 1520 5661 cooperatur
1541 5591 1771 5650 arbitrio
1788 5600 1982 5652 nostro

376 5673 432 5731 in
462 5673 700 5743 bonum,
724 5679 959 5747 atquein
983 5683 1240 5740 omnibus
1277 5684 1358 5740 sic
1390 5684 1632 5757 adjuvat,
1661 5694 1717 5743 et
1740 5687 1982 5759 protegit

374 5765 534 5842 illud,
558 5775 619 5829 ut
655 5784 872 5842 semper
897 5773 1131 5842 gratuita
1158 5785 1485 5847 perseveret,
1516 5776 1649 5834 dum
1675 5776 1978 5835 inastima-

2109 4652 2241 4709 litiis
2259 4656 2476 4721 vestris,
2502 4660 2553 4713 et
2585 4660 2783 4728 scietis,
2814 4662 2946 4731 quia
2974 4677 3068 4732 ego
3097 4664 3378 4731 Dominus,
3406 4676 3531 4718 cum
3554 4664 3721 4719 bene.

2104 4748 2279 4814 fecero
2303 4750 2449 4807 vobis
2462 4756 2691 4824 propter
2715 4769 2907 4811 nomen
2932 4771 3129 4825 meum,
3158 4772 3265 4813 non
3283 4759 3575 4814 secundum
3589 4759 3724 4813 sths-

2103 4845 2310 4898 vestras
2328 4844 2502 4901 malas
2517 4887 2538 4915 ,
2559 4861 2729 4917 neque
2748 4849 3034 4909 secundum
3048 4852 3249 4906 scelera
3268 4855 3727 4923 vestrapessima,

2100 4935 2287 4994 domus
2299 4940 2484 4995 Israel.
2507 4939 2718 5013 (Ezech.
2741 4945 2883 5013 ιιι).
2906 4944 3052 5001 Hinc
3066 4944 3334 5003 asseritur
3353 4944 3423 5002 ab
3442 4944 3721 5003 universis-

2097 5030 2375 5090 catholicis
2402 5034 2674 5106 Patribus,
2718 5037 2813 5111 qui
2853 5038 3242 5111 perfectionem
3270 5040 3455 5098 cordis
3495 5039 3711 5099 didice—

2098 5134 2247 5196 runt,
2272 5143 2384 5184 non
2428 5128 2578 5188 inani
2621 5130 3012 5205 disputatione,
3059 5133 3158 5193 sed
3206 5134 3372 5209 digna
3429 5146 3701 5192 conversa

2094 5215 2262 5289 tione,
2291 5218 2399 5277 hoc
2437 5220 2606 5280 divini
2650 5224 2897 5283 muneris
2923 5240 3044 5284 esse
3084 5225 3348 5299 primum,
3382 5233 3445 5284 ut
3483 5224 3701 5285 accedat

2095 5313 2469 5385 unusquisque
2513 5315 2585 5373 ad
2635 5316 3061 5376 desiderandum
3101 5335 3270 5378 omne
3302 5320 3455 5394 quod
3489 5321 3713 5377 bonum

2093 5412 2197 5476 est,
2244 5404 2341 5462 sed
2378 5406 2450 5463 ita
2491 5416 2555 5465 ut
2590 5408 2816 5481 plenum
2869 5411 2940 5469 sit
2977 5411 3163 5470 libera:
3212 5412 3507 5470 voluntatis
3549 5409 3710 5467 arbi-A

2090 5499 2263 5557 trium
2303 5501 2364 5557 in
2400 5509 2615 5574 partem
2658 5511 2964 5579 utramque.
3009 5505 3325 5564 Secundum
3369 5521 3495 5563 vero
3553 5518 3708 5577 Opus.

2087 5590 2283 5652 divine
2326 5594 2511 5668 gratiae
2557 5606 2834 5668 asserunt,
2888 5606 2950 5657 ut
2989 5597 3138 5657 efﬁci
3182 5599 3395 5658 valeant
3442 5597 3695 5656 exercitia

2085 5686 2313 5758 praefata
2358 5689 2647 5761 virtutum,
2698 5691 2771 5749 ita
2817 5700 2881 5750 ut
2926 5692 3262 5767 possibilitas
3319 5692 3534 5751 arbitrii
3588 5707 3701 5748 non

2085 5782 2327 5843 tollatur.
2360 5787 2544 5845 Tertio
2588 5786 2658 5845 ad
2696 5788 2930 5862 gratiam
2979 5790 3250 5863 pertinere
3293 5797 3594 5859 testantur,
3633 5794 3691 5845 ut
