4034 6212
215 271 309 326 953

1115 255 1453 315 COLLATIO
1495 255 1632 311 XIV.
1672 284 1743 296 —
1781 256 1869 311 DE
1907 254 2243 312 SPIRITALI
2281 255 2615 313 SClENTIA.

3421 260 3528 317 954

214 387 428 445 virtutes
471 384 753 458 acquisita;
780 389 1188 455 perseveranter
1230 387 1538 448 serventur;
1576 379 1675 437 sed
1701 378 1805 449 ita,
1836 385 1886 447 Α
1916 379 2248 438 vocandum.
2282 382 2406 437 Non
2432 380 2579 437 enim
2619 395 2902 439 meremur
2928 381 3096 441 ﬁdem
3128 398 3196 438 ex
3225 382 3521 452 intellectu,

214 488 272 537 ut
298 478 514 537 libertas
533 477 899 550 captivitatem
940 490 1053 532 non
1083 475 1295 533 sentiat.
1319 474 1407 532 Sic
1423 474 1629 532 etenim
1659 476 1810 530 Deus

212 574 583 631 universorum
609 569 915 628 credendus
947 577 1030 626 est
1053 568 1243 626 omnia
1269 568 1327 624 in
1371 567 1632 625 omnibus
1677 583 1808 640 ope.

211 666 336 737 rari,
366 674 428 723 ut
457 664 663 735 incitet,
694 671 947 737 protegat
975 670 1031 720 et
1069 661 1383 731 conﬁrmet,
1407 676 1520 718 non
1565 669 1630 718 ut
1658 658 1808 717 aufe-

209 769 292 818 rat
322 759 628 818 libertatem
657 772 821 832 quam
857 756 1027 814 semel
1073 754 1318 813 donavit.
1359 756 1554 822 Porro,
1603 753 1649 811 si
1678 753 1811 827 quid

207 853 444 910 humana
487 850 957 924 argumentatione
995 859 1050 906 et
1092 848 1305 909 ratione
1361 856 1642 905 versutum
1694 846 1810 903 col-

206 945 411 1003 lectum
451 944 697 1002 videatur
734 943 818 1001 his
859 943 1140 1017 derogare,
1188 940 1478 1000 vitandum
1506 949 1590 998 est
1634 940 1812 1013 potius

209 1052 374 1110 quam
411 1036 481 1095 ad
503 1036 932 1095 destructionem
961 1036 1084 1094 ﬁdei
1113 1035 1530 1110 proponendum
1556 1044 1652 1092 aut
1684 1050 1810 1107 pro-

1916 474 2011 530 sed
2056 473 2392 531 intellectum
2447 491 2515 531 ex
2562 474 2692 544 ﬁde,
2746 475 3214 549 quemadmodum
3257 477 3523 547 scriptum

1915 575 1998 624 est
2030 586 2043 620 :
2070 569 2193 626 Nisi
2221 569 2563 625 credideritis
2601 584 2709 624 non
2733 570 3081 640 intelligetis;
3109 570 3251 642 quia,
3282 578 3342 625 ut
3369 568 3521 625 arbi-

1914 669 2052 729 tror,
2084 661 2239 732 plene
2261 660 2651 735 comprehendi
2690 677 2803 718 non
2830 670 3013 735 potest
3039 662 3250 718 ratione
3280 660 3521 717 humana

1916 754 2144 827 qualiter
2163 757 2315 813 Deus
2349 756 2533 812 omnia
2563 764 2816 829 operetur
2856 756 2911 812 in
2938 756 3122 824 nobis,
3150 764 3204 812 et
3243 755 3523 810 nihilomi-

1917 862 2023 904 nus
2047 855 2229 904 totum
2270 848 2573 905 ascribatur
2601 848 2772 907 libero
2801 848 3044 917 arbitrio,
3080 864 3208 905 cum
3250 846 3521 903 Dominus

1917 940 2160 1014 loquitur
2193 960 2208 997 :
2238 944 2300 999 Si
2343 945 2620 1000 volueritis
2660 949 2712 1000 et
2734 944 3022 1001 audieritis
3066 960 3170 1012 me,
3219 958 3339 1014 quae
3388 942 3519 997 bona

1919 1039 2048 1090 sunt
2071 1040 2227 1090 terra:
2255 1037 2533 1092 comedetis
2563 1038 2695 1103 (Isa.
2733 1042 2770 1104 ι)
2803 1046 2847 1093 ⁸.

1303 1162 1556 1218 ALARDI
1593 1160 1816 1217 ϐΑΖΑΞΙ
1855 1158 2413 1216 COMMENTARIUS.

278 1277 304 1305 ⁸
340 1269 640 1341 Hucusque
676 1267 992 1341 Dionysius,
1032 1267 1194 1341 velut
1233 1282 1297 1323 ex
1328 1282 1558 1341 persona
1592 1266 1813 1323 Chaere-

278 1283 304 1305 ι
344 1283 640 1338 uucusque
676 1283 992 1341 Dionysius,
1044 1283 1194 1324 velut
1233 1283 1297 1323 ex
1328 1283 1558 1393 gersona
1592 1283 1812 1323 cnsere-

206 1339 388 1396 monis
415 1339 648 1403 abbatis,
680 1339 820 1395 hanc
861 1338 1209 1395 collationem
1235 1348 1322 1394 cat
1365 1338 1505 1394 olice
1550 1352 1812 1408 prosecu-

206 1418 317 1477 tus,
336 1413 459 1481 hoe
496 1410 721 1467 nomine
767 1418 915 1467 certe
942 1424 1276 1481 magnopere
1321 1407 1808 1481 commendandus,

206 1480 354 1550 quod
382 1480 465 1536 vel
490 1497 520 1537 e
547 1487 785 1553 stercore
811 1478 1076 1553 gemmas,
1109 1478 1190 1535 vel
1218 1494 1283 1535 ex
1324 1478 1438 1535 luto
1472 1494 1671 1534 aurum
1710 1495 1810 1549 pu-

202 1549 324 1607 rum
368 1558 585 1620 putum,
629 1551 733 1607 hoc
779 1549 882 1620 est,
920 1567 985 1607 ex
1010 1549 1144 1606 falsa
1184 1557 1238 1606 et
1283 1564 1511 1605 erronea
1542 1564 1727 1605 veram
1756 1557 1810 1604 et

204 1566 324 1607 rum
405 1566 585 1619 utum,
629 1566 733 1607 noc
779 1566 882 1620 est,
920 1567 985 1607 ex
1010 1566 1144 1606 ralsa
1184 1566 1238 1606 et
1283 1566 1511 1605 erronea
1542 1566 1727 1605 veram
1756 1566 1807 1604 et

204 1566 531 1702 catholicam
552 1621 864 1702 doctrinam
886 1620 1618 1702 elicueritcxprcsseritque;
1645 1634 1807 1691 quam

203 1699 259 1746 et
282 1693 444 1748 Joan.
473 1692 812 1749 Lavardinus
838 1692 893 1747 in
921 1707 1020 1748 sua
1049 1690 1257 1749 Gallica
1291 1690 1671 1757 translatione,
1697 1705 1803 1746 ca:-

201 1764 336 1819 teris
361 1762 604 1831 omissis,
641 1761 995 1819 solummodo
1028 1759 1373 1818 retinendam
1421 1770 1474 1816 et
1501 1761 1803 1832 exprimen-

199 1832 328 1888 dam
360 1832 583 1905 provide
609 1833 1011 1906 prudenterque
1032 1832 1318 1905 judicavit;
1362 1832 1559 1888 merito
1588 1840 1641 1887 et
1683 1832 1800 1903 ipse

1878 1294 1879 1297 η
1920 1264 2222 1322 laudandus
2249 1264 2396 1336 quod
2433 1264 2657 1336 dubiam
2688 1273 2783 1321 aut
2816 1265 3178 1336 periculosam
3220 1264 3524 1336 doctrinam

1916 1334 2520 1462 rutdibtlrsbiut'inﬁrmis
2548 1334 2835 1392 mentibus
2854 1336 3028 1409 patrio
3052 1350 3302 1391 sermone
3330 1334 3527 1390 nolue-

1916 1423 1962 1462 rt
2013 1423 2079 1462 ex
2122 1425 2136 1462 ι
2202 1422 2287 1462 re.

1915 1407 2393 1534 υἱέιῗέξὲθῦαο
2419 1477 2709 1549 Cassianus
2736 1476 2902 1549 hujus
2926 1475 3228 1535 collationis
3258 1485 3320 1532 ut
3338 1483 3526 1549 Anacte-

1916 1563 2102 1603 rarum
2134 1556 2437 1613 enarrator,
2479 1547 2534 1603 in
2565 1547 2671 1603 [ine
2703 1546 2827 1619 cap:
2855 1552 2921 1604 18
2941 1564 3065 1604 eam
3090 1549 3165 1603 ita
3190 1546 3475 1619 concludit
3510 1567 3522 1601 :

1919 1624 2029 1674 Hoc
2063 1634 2159 1674 nos
2182 1621 2242 1675 B.
2277 1620 2582 1676 Chwremon
2621 1617 2957 1689 conﬁrmatos
2986 1621 3098 1675 cibo
3126 1617 3359 1673 laborem
3395 1619 3526 1689 fecit

1916 1694 2026 1744 tam
2051 1692 2192 1744 invii
2204 1692 2418 1815 itineris
2432 1706 2537 1745 non
2557 1687 2773 1745 sentire.
2793 1690 2928 1746 Cibo
2950 1690 3215 1745 nimirum
3234 1687 3522 1761 spirituali,

1912 1776 2023 1816 non
2051 1775 2281 1816 corpora
2305 1776 2344 1816 ι.

2150 1775 2344 1832 porau.

736 2046 1242 2147 COLLA
1260 2044 1517 2144 T10
1589 2042 2218 2177 DECIMA
2297 2043 2393 2189 Q
2409 2045 2723 2146 IMR
2743 2046 2991 2164 ΤΑ,

1227 2214 1387 2287 Quae
1424 2212 1524 2275 est
1559 2208 1785 2297 prima.
1825 2206 2091 2275 abbatis
2131 2210 2514 2276 Nesterotis.

1478 2330 1560 2383 DE
1597 2332 1910 2385 SPIRITALI
1949 2332 2267 2383 SCIENTIA.

1648 2443 2094 2458 ~—

714 2536 957 2593 CAPUT
1001 2537 1327 2593 PRIMUM.

273 2627 608 2701 Sponsionis
630 2630 655 2660 ³
678 2637 884 2687 nostrae
928 2638 983 2686 et
1027 2628 1238 2686 itineris
1265 2627 1404 2686 ordo
1432 2629 1732 2702 compellit,
1762 2638 1825 2686 ut

202 2721 432 2781 abbatis
462 2714 491 2755 ¹³
512 2723 817 2779 Nesterotis
841 2723 1088 2794 praeclari
1112 2724 1167 2779 in
1192 2723 1449 2779 omnibus
1483 2738 1824 2796 summaeque

198 2814 453 2873 scientiae
492 2815 594 2871 viri
629 2815 900 2873 institutio
930 2816 1317 2888 subsequatur.
1347 2817 1453 2886 Qui
1483 2832 1610 2873 cum
1640 2832 1825 2873 sacra-

198 2923 333 2966 rum
384 2907 796 2979 Scripturarum
835 2924 938 2966 nos
982 2908 1163 2982 aliqua
1211 2910 1502 2967 memoriae
1538 2925 1827 2966 commen-

201 3001 371 3059 dasse
400 3009 462 3056 et
507 3015 701 3056 eorum
745 3002 1155 3074 intelligentiam
1191 3002 1499 3061 desiderare
1548 3004 1822 3069 sensisset,

210 3090 429 3148 talibus
458 3105 561 3146 nos
584 3089 815 3147 adorsus
837 3099 921 3147 est
952 3092 1131 3149 verbis
1162 3112 1175 3147 :
1208 3095 1382 3150 Multa
1409 3094 1627 3165 quidem
1650 3096 1827 3152 scien-

199 3184 420 3241 tiarum
470 3182 526 3239 in
572 3183 676 3241 hoc
701 3183 911 3241 mundo
949 3193 1077 3241 sunt
1116 3200 1332 3258 genera,
1359 3194 1510 3243 tanta
1555 3188 1827 3262 siquidem

200 3294 407 3337 earum
452 3285 657 3349 quanta
702 3285 757 3333 et
804 3277 1005 3335 artium
1048 3277 1555 3353 disciplinarumque
1599 3280 1829 3337 varietas

198 3382 308 3431 est.
350 3370 469 3431 Sed
500 3387 631 3428 cum
675 3386 870 3429 omnes
915 3381 1008 3429 aut
1045 3373 1273 3430 omnino
1320 3372 1540 3431 inutiles
1578 3373 1707 3443 sint,
1735 3381 1831 3431 aut

1848 2542 1895 2605 B
1926 2539 2209 2611 praesentis
2237 2547 2453 2595 tantum
2487 2538 2613 2597 vitm
2654 2537 2962 2598 commodis
2998 2540 3227 2613 prosint,
3270 2536 3419 2596 nulla
3449 2549 3532 2596 est

1930 2639 2115 2688 tamen
2144 2646 2269 2705 quae
2294 2646 2407 2687 non
2435 2630 2630 2687 habeat
2654 2631 2938 2705 proprium
2963 2631 3227 2690 doctrinae
3244 2647 3359 2689 sua:
3378 2633 3529 2688 ordi-

1930 2738 2060 2779 nem
2109 2730 2272 2796 atque
2326 2722 2618 2793 rationem,
2675 2739 2772 2795 per
2816 2737 3005 2796 quam.
3043 2722 3113 2780 ab
3161 2723 3532 2795 expetentibus

1936 2816 2111 2891 possit
2145 2816 2363 2889 attingi.
2403 2815 2459 2873 Si
2500 2831 2630 2890 ergo
2669 2815 2778 2873 illa:
2811 2824 2958 2872 artes
3009 2815 3080 2873 ad
3107 2812 3530 2872 insinuationem

1930 2911 2015 2968 sui
2035 2911 2201 2968 certis
2224 2926 2289 2967 ac
2315 2910 2548 2983 propriis
2577 2910 2731 2968 lineis
2754 2910 3094 2983 diriguntur,
3122 2918 3329 2983 quanto
3356 2909 3547 2982 magis.

1930 3003 2200 3078 religionis
2238 3011 2445 3061 nostrae
2480 3002 2763 3076 disciplina
2801 3012 2963 3075 atque
2996 3002 3283 3075 professio,
3312 3018 3436 3076 quae
3464 3002 3534 3060 ad

1932 3095 2350 3171 contemplanda
2413 3096 2768 3154 invisibilium
2825 3092 3295 3154 sacramentorum
3358 3095 3534 3152 tendit

1932 3204 2146 3258 arcana,
2171 3204 2272 3247 nec
2306 3190 2591 3262 prasentis
2633 3197 2897 3264 quaestus,
2940 3189 3037 3249 sed
3075 3198 3407 3248 aeternorum
3439 3204 3532 3246 re-

1933 3280 2287 3362 tributionem
2325 3283 2530 3355 expetit
2577 3283 2931 3354 prmmiorum
2954 3323 2971 3353 ,
3036 3291 3188 3340 certo
3230 3282 3422 3339 ordine
3470 3298 3530 3339 ac

1933 3375 2147 3433 ratione
2187 3375 2459 3433 subsistit!
2493 3386 2514 3413 θ
2559 3376 2726 3447 Cujus
2758 3375 2981 3448 quidem
3015 3376 3210 3448 duplex
3244 3384 3327 3432 est
3350 3375 3537 3432 scien-

1319 3503 1576 3560 ALARDI
1614 3504 1841 3561 GAZ/EI
1877 3503 2438 3561 COMMENTARIUS.

272 3618 320 3682 ﬁ
340 3607 412 3682 1d
457 3614 569 3673 est,
595 3608 981 3682 promissionis
1007 3624 1192 3682 nuper
1222 3610 1278 3665 in
1331 3611 1599 3682 prooemio
1630 3609 1829 3668 barum

198 3678 615 3739 Collationum’
638 3678 722 3735 bis
757 3680 933 3736 verbis
975 3678 1137 3737 editae
1176 3678 1422 3753 (Prcefat.
1455 3683 1638 3738 collat.
1680 3687 1766 3749 il)
1808 3700 1824 3738 :

198 3755 361 3810 Nunc
379 3755 448 3807 ut
468 3753 634 3807 etiam
650 3753 859 3807 itineris
886 3754 1062 3807 nostri
1084 3755 1230 3808 ratio
1240 3757 1609 3822 cognoscatur,
1659 3756 1826 3808 tn'um

199 3825 262 3877 in
309 3823 434 3878 alia
477 3836 648 3877 eremo
696 3825 1118 3890 consistentium,
1156 3838 1288 3893 quos
1325 3827 1533 3893 primos
1569 3825 1827 3888 vidimus,

199 3896 442 3950 Patrum
463 3898 665 3963 septem
684 3893 1009 3963 collationes,
1022 3895 1150 3962 pari
1162 3896 1486 3963 conscriptas
1500 3895 1660 3963 style,
1681 3896 1831 3950 vobis

202 3965 428 4021 credidi
450 3961 868 4028 consecrandus;
895 3961 1090 4029 quibus
1108 3976 1171 4015 ea
1191 3976 1311 4029 qua:

194 4036 520 4106 praeteritis

398 4099 610 4161 ehensd
630 4102 715 4170 vel
737 4101 1104 4170 prwtmissa
1130 4099 1509 4170 suppleantur.

277 4168 477 4232 D'Bic
516 4168 789 4244 secundus
817 4169 960 4244 inter
1004 4177 1121 4244 tres
1163 4168 1563 4244 anachoretas,_
1588 4185 1727 4244 quos
1771 4171 1830 4227 in

197 4244 524 4305 solitudine
541 4241 696 4313 juxta
724 4239 1083 4313 Panephysim
1107 4239 1378 4313 habitasse
1406 4239 1831 4313 retulithuctor

197 4316 410 4375 collat.
454 4315 511 4367 11
543 4310 672 4438 'cag.
706 4318 760 4380 3,
784 4310 911 4367 cum
938 4310 1133 4383 quibus
1160 4310 1249 4369 hae
1270 4319 1478 4384 septem
1508 4310 1829 4369 collationes

199 4388 523 4438 sequentes
545 4381 614 4438 ha
655 4382 766 4438 ita).
790 4397 1025 4438 auarum
1069 4382 1193 4438 dum
1213 4381 1339 4438 huic
1366 4383 1640 4438 Nesteroti
1671 4383 1829 4438 attri-

199 4388 523 4458 soquentes
545 4381 766 4451 habitae,
790 4381 1025 4455 quarum
1069 4382 1193 4440 dua;
1213 4381 1345 4440 huic
1366 4383 1640 4441 Nesteroti
1671 4383 1830 4440 attri-

198 4456 500 4536 buuntur,
541 4454 692 4536 prior
718 4454 873 4536 ,lrrcc'
890 4452 958 4536 de
1004 4452 1508 4536 spiriraliscientia,
1533 4455 1830 4536 posterior

195 4527 276 4586 de
303 4525 742 4583 charismatibus
768 4525 979 4580 divinis.
1010 4527 1095 4581 De
1126 4528 1427 4584 Nesterone
1461 4525 1658 4583 abbate
1700 4528 1830 4594 (Ne-

196 4606 365 4657 stero
411 4594 590 4666 enim,
622 4595 703 4652 vel
732 4598 1003 4652 Nesteron
1026 4594 1099 4651 ibi
1120 4602 1369 4666 vocatur,
1399 4612 1515 4653 non
1542 4598 1824 4666 Nesteros,

108 4682 123 4697 '
198 4677 268 4727 ut
299 4667 446 4738 hic)
472 4665 583 4723 duo
612 4676 902 4723 narrantur
918 4665 1177 4738 exempla
1197 4666 1458 4722 virtutum
1482 4667 1534 4722 in
1563 4666 1705 4723 Vitis
1723 4665 1830 4724 Pa-

193 4749 390 4807 trum,
418 4752 597 4794 unum
620 4738 714 4793 lib.
742 4752 808 4795 1v
835 4752 959 4808 cap.
981 4742 1015 4792 8
1038 4755 1052 4791 :
1072 4737 1256 4793 Abbas
1279 4738 1500 4798 Nestero.
1514 4738 1691 4807 major
1712 4754 1829 4793 am-

194 4810 447 4868 bulabat
478 4810 537 4863 in
554 4824 727 4864 eremo
759 4824 879 4865 cum
900 4808 1084 4878 aliquo
1097 4809 1297 4876 fratre,
1319 4812 1370 4863 et
1386 4808 1623 4863 videntes
1641 4808 1829 4864 draco-

186 4898 329 4941 nem
358 4881 655 4948 fugerunt.
696 4882 769 4934 Et
813 4879 946 4934 dicit
971 4881 1024 4934 ei
1058 4880 1236 4946 frater
1263 4879 1356 4933 ille
1383 4896 1400 4933 :
1426 4881 1498 4935 Et
1534 4882 1615 4946 tu,
1643 4881 1825 4943 Pater,

191 4952 420 5010 times?
467 4949 809 5018 Respondeas
849 4964 1030 5018 senem,
1067 4949 1215 5005 dixit
1242 4965 1264 5003 .°
1308 4951 1433 5004 Non
1472 4951 1651 5012 timeo,
1694 4951 1825 5015 Fili,

189 5025 441 5085 idcirco,
472 5018 841 5089 sedercpedit;
862 5020 1059 5075 idcirco
1081 5023 1222 5076 enim
1241 5018 1524 5075 draconem
1544 5021 1673 5089 fugi
1687 5035 1825 5090 quo-

186 5098 357 5151 niam
391 5091 577 5161 habui
611 5091 843 5161 e/fugere
867 5093 1122 5160 spiritum
1149 5106 1304 5146 came
1331 5092 1540 5161 gloriae.
1572 5092 1825 5148 Alterum

225 5164 467 5232 iusdem
516 5160 643 5217 libri
693 5176 811 5232 cap.
867 5165 930 5216 l5
967 5180 979 5216 :
1024 5160 1384 5232 Interrogavit
1424 5177 1588 5218 senem
1635 5160 1829 5227 (abbas

245 5181 467 5223 usuem
516 5181 641 5217 llDl'l
693 5181 753 5218 ca
799 5201 811 5213 .
868 5181 930 5216 ιο
967 5181 979 5216 Ξ
1024 5181 1384 5232 Interrogavit
1424 5181 1588 5218 senes:
1635 5181 1824 5227 tannas

186 5181 433 5304 gastor)
460 5235 693 5302 fratrem
720 5181 1077 5297 ﬁsteronem,
1112 5233 1293 5289 dicens
1326 5249 1341 5288 :
1370 5232 1528 5289 Abba
1552 5235 1824 5297 Nesteron,

185 5303 479 5377 quomodo
506 5305 791 5377 acquisisti
813 5306 1069 5360 virtutem
1088 5303 1247 5369 hanc,
1266 5308 1331 5361 ut
1358 5304 1576 5375 quando
1603 5306 1828 5377 emergit

193 5375 507 5434 tribulatio
529 5375 638 5444 [ΑΙ.
674 5376 935 5444 turbatio]
959 5376 1149 5446 aliqua
1176 5378 1234 5432 in
1250 5378 1594 5440 monasterib,
1619 5392 1726 5431 non
1751 5375 1822 5431 lo-

186 5452 428 5520 quaris,
461 5462 635 5517 neque
669 5449 719 5502 te
745 5447 982 5520 medium
1007 5449 1225 5517 facias?
1246 5447 1347 5503 Ille
1371 5452 1552 5503 autem
1571 5448 1714 5520 nihil
1743 5447 1826 5520 Io-

183 5517 503 5590 quebatur.
534 5521 607 5575 Et
630 5532 750 5590 cum
787 5519 1015 5574 multum
1039 5523 1324 5589 rogaretur
1349 5533 1385 5574 a
1407 5533 1547 5581 sene,
1574 5517 1707 5572 dicit
1731 5519 1782 5573 ei
1809 5535 1826 5571 :

183 5589 432 5673 Ignosce
457 5590 617 5653 mihi,
637 5589 799 5673 abba,
822 5591 949 5673 quia
967 5591 1184 5673 quando
1206 5591 1417 5673 intravi
1434 5590 1595 5645 initio
1622 5590 1681 5642 in
1704 5603 1827 5673 con-

253 5663 602 5732 egatitmem,
616 5660 742 5715 dimi
754 5660 933 5716 unum
947 5676 1080 5726 meo,
1097 5665 1175 5717 Tu
1190 5665 1241 5718 et
1255 5663 1439 5717 asinus
1459 5662 1822 5732 unumrestote.

253 5677 602 5732 egatwnem,
616 5677 741 5715 am
754 5677 933 5716 animo
947 5677 1080 5726 meo,
1097 5677 1175 5717 Tu
1190 5677 1241 5718 et
1255 5677 1439 5717 asmus
1459 5677 1628 5715 unum
1641 5677 1822 5714 estate.

180 5677 350 5790 gout
382 5745 515 5800 ergo
555 5734 741 5788 asinus
767 5732 996 5802 vapulat
1020 5737 1071 5788 et
1098 5748 1208 5787 non
1245 5733 1508 5803 loquitur,
1557 5730 1825 5803 injuriam

174 5807 421 5875 patitur
448 5806 503 5858 et
533 5818 638 5859 non
664 5804 981 5873 respondet;
1008 5805 1085 5859 sic
1114 5808 1164 5858 et
1186 5808 1264 5871 tu,
1297 5802 1741 5874 Quemadmodum
1766 5802 1827 5856 in

1416 3965 1743 4037 perfectione
1772 3967 1832 4018 in
1867 4014 1908 4037 η
1937 3963 2329 4037 ditalMetaph.
2353 3966 2445 4021 lib.
2468 3980 2491 4020 ι
2512 3970 2565 4037 et
2586 3981 2624 4021 ν

563 4014 829 4107 sum
852 4014 1082 4107 iam
1098 4014 1391 4107 οδεευηαεί
1408 4014 1665 4107 fuisse»
1682 4014 1829 4087 "tua
1865 4014 1910 4077 c
1939 4014 2892 4107 agitems;tisanarium:
2915 4014 3535 4107 saturasset;

1935 3611 2141 3681 psalmo
2170 3613 2414 3682 legitur:
2447 3614 2516 3668 Ut
2536 3611 2843 3681 jumentum
2862 3612 3043 3679 factus
3068 3625 3187 3667 sum
3215 3610 3363 3682 apud
3392 3615 3461 3680 te,
3483 3615 3537 3668 et

1936 3698 2028 3766 ego
2052 3698 2259 3766 semper
2281 3688 2453 3766 tecum
2492 3682 3069 3766 (Psal.._r.xr_lt).__Ha:c

2008 3762 2029 3832 ἐ
2067 3751 2257 3827 Cujus,
2300 3751 2725 3832 religio§_aa_scil_.
2766 3751 3038 3825 diciplinae
3079 3760 3136 3832 et
3154 3751 3533 3832 _pr_o_fessicnis

1934 3831 2093 3897 antea
2118 3822 2459 3897 memoratae.
2497 3824 2748 3897 Vulgaris
2787 3822 2972 3897 autem
3010 3831 3117 3897 _est_
3138 3822 3535 3897 divisio_scien-

1934 3894 2027 3972 tiae
2064 3895 2531 3972 iu_specula_t_i_vam
2555 3891 2633 3972 et'
2643 3894 2932 3972 practicam
2974 3892 3047 3972 ab
3090 3891 3398 3972 Aristotele
3412 3901 3534 3972 tra-

2680 3911 2932 3951 racncam
2978 3911 3047 3948 an
3090 3911 3386 3947 Αηδῐοῑειε
3413 3911 3534 3949 tra-

2632 3911 2714 4038 ns;
2738 3965 2893 4038 cujus
2918 3962 3080 4038 etiam
3102 3961 3534 4038 consideratione

1935 4102 2246 4174 templatim
2271 4107 2511 4170 (Hieron.
2545 4106 2641 4159 lib.
2670 4102 2796 4160 uin
2826 4109 2979 4160 Lam.
3012 4103 3254 4174 Ierem.).
3287 4106 3358 4174 D.
3390 4104 3536 4161 Gre-

1936 4172 2119 4244 gorius
2160 4172 2254 4229 lib.
2284 4188 2351 4245 γι
2397 4174 2596 4228 Moral.
2650 4188 2771 4245 cap.
2810 4179 2880 4230 28
2914 4192 2927 4228 :
2960 4178 3112 4236 Duae,
3157 4172 3355 4245 inquit,
3405 4179 3537 4229 sunt

1935 4245 2079 4307 vitta,
2104 4245 2162 4299 in
2189 4244 2384 4314 quibus
2410 4259 2505 4299 nos
2526 4247 2667 4301 Deus

1974 4315 2346 4387 uiumrerudit,
2360 4316 2557 4387 activa
2578 4314 2822 4387 videlicet
2840 4314 2891 4372 et
2909 4314 3329 4387 conteraplatit'a.
3359 4316 3535 4387 Siqui-

1973 4400 2062 4440 em
2091 4384 2201 4442 vita
2219 4385 2484 4455 hominis,
2514 4395 2576 4443 ut
2602 4385 2760 4442 docet
2785 4388 2842 4444 S.
2871 4384 3123 4443 Thomas
3138 4388 3225 4455 (S.
3265 4384 3452 4443 Thom:
3472 4392 3537 4443 2-

1935 4460 1991 4524 2,
2021 4473 2075 4526 q.
2105 4457 2250 4531 ῃ79)⁸2
2280 4455 2550 4530 pmipue
2589 4457 2889 4531 attenditur
2918 4455 3217 4531 secundum
3255 4459 3536 4531 operatio-

1933 4540 2063 4603 nem
2106 4527 2596 4603 intellecrus,'quae
2629 4529 2850 4603 quidem
2875 4528 3135 4603 _0peratio
3164 4527 3410 4603 versatur
3439 4540 3533 4603 aut

1932 4597 2076 4674 circa
2135 4598 2548 4674 inquisitionem
2580 4597 2663 4674 et'
2688 4597 3053 4674 cognitionem
3090 4600 3352 4674 veritatis,
3382 4601 3537 4674 quod

1934 4669 2170 4745 pertinet
2210 4669 2295 4727 ‘ad
2353 4669 2890 4745 contemplationem,
2944 4680 3042 4745 aut
3086 4671 3237 4745 circa
3290 4669 3538 4745 acticnes

1934 4736 2249 4819 exteriores,
2293 4755 2417 4812 qua;
2457 4736 2660 4819 dicitur
2695 4742 2803 4819 vita
2854 4740 3045 4797 activa.
3085 4736 3540 4819 Unumquodque

1934 4811 2079 4866 enim
2123 4808 2328 4867 vivens'
2356 4812 2660 4867 ostenditur
2708 4811 2888 4865 vivere
2948 4824 3011 4864 ex
3067 4808 3379 4867 oneratione
3428 4808 3535 4863 sibi

1934 4880 2174 4962 maxime
2196 4879 2532 4962 propria__ad
2552 4894 2719 4960 quam
2747 4878 2986 4962 maxime
3024 4877 3311 4962 inclinatur
3341 4897 3372 4962 :_
3390 4878 3533 4936 sicut

1934 4948 2243 5022 plantarum
2271 4948 2383 5004 vita
2410 4948 2612 5005 dicitur
2653 4948 2708 5004 in
2750 4948 3199 5022 hocdconsisterc
3227 4949 3375 5022 quod
3419 4966 3532 5008 nu-

1932 5018 2173 5092 triuntur
2199 5028 2254 5077 et
2284 5027 2611 5092 generantur
2639 5018 2995 5092 :ranimalium
3019 5035 3146 5077 vero
3167 5020 3227 5092 in
3242 5018 3357 5078 hoc
3382 5022 3531 5092 quod

1932 5090 2174 5163 sentiunt
2200 5097 2257 5147 et
2289 5088 2582 5163 moventur
2612 5108 2627 5146 :
2656 5088 2945 5149 hominum
2982 5107 3112 5149 vero
3157 5091 3213 5147 in
3241 5092 3349 5163 hoc
3383 5088 3531 5163 quod

1934 5161 2245 5237 intelligunt
2260 5168 2333 5237 et_
2344 5161 2650 5237 secundum
2690 5163 2963 5237 rationem
2992 5169 3179 5237 agunt.
3221 5160 3354 5237 Quia
3398 5160 3531 5237 ergo

1934 5230 2161 5317 quidam
2184 5231 2434 5317 homines
2462 5230 2752 5317 intendunt
2784 5230 3530 5317 prgacipu§__conternplati_oni

1936 5300 2204 5386 veritatis,
2231 5303 2452 5386 quidam
2471 5302 2763 5386 intendunt
2783 5300 3154 5386 priucipalirer
3174 5300 3530 5386 exterioribus

1933 5372 2264 5447 actionibus,
2300 5374 2427 5447 inde
2454 5384 2537 5432 est
2565 5374 2714 5447 quod
2745 5372 2851 5431 vita
2880 5372 3121 5447 hominis
3145 5372 3531 5447 convenienter

1936 5444 2192 5528 dividit-ur
2213 5444 2271 5528 in
2293 5444 2605 5528 activamet
2627 5446 3123 5528 contemplativam.
3146 5447 3283 5528 Haec
3305 5444 3361 5528 ξ.
3384 5444 3531 5528 Tho-

1935 5529 2078 5589 mas,
2112 5515 2274 5589 Unde
2300 5525 2449 5589 patet
2483 5516 2631 5589 idem
2657 5530 2794 5589 esse,
2816 5515 2932 5589 sive
2958 5516 3174 5589 dicatur
3200 5515 3395 5589 duplex
3422 5515 3530 5573 ho-

1938 5585 2109 5659 minis
2125 5586 2253 5656 vita,
2284 5585 2397 5643 sive
2416 5587 2616 5659 duplex
2647 5586 2885 5644 scientia.
2913 5585 3317 5659 Agiturautem
3345 5586 3399 5645 in
3428 5588 3529 5646 hac

1932 5656 2380 5731 collatione,rno_n
2399 5657 2469 5716 de
2492 5656 2840 5731 Quacumque
2860 5656 3091 5731 scientia
3114 5656 3378 5731 humana,
3410 5659 3525 5731 sed,

1932 5736 1996 5785 ut
2021 5727 2182 5787 docet
2213 5728 2435 5802 titulus,
2475 5727 2542 5786 de
2582 5727 2808 5802 spiritali
2836 5729 3080 5802 scientia,
3123 5729 3156 5787 i.
3207 5747 3257 5787 e.
3305 5730 3522 5802 scientia

1934 5814 2118 5858 rerum
2145 5799 2506 5873 spiritualium
2536 5799 2663 5859 cum
2691 5801 2884 5875 pietate
2923 5809 2979 5859 et
3005 5800 3265 5859 charitate
3292 5800 3527 5871 conjun-

2792 4247 3038 4315 nipotens
3056 4260 3165 4315 per
3184 4258 3395 4300 sacrum
3422 4246 3535 4300 elo-
