4040 6206
474 222 578 313 955

1556 256 1835 313 JOANNIS
1869 254 2177 312 CASSIAN]
2213 251 2702 311 COLLATIONES.

3678 250 3779 304 956

476 381 567 437 tia.
599 379 780 438 Prima
806 381 1063 454 practice,
1092 380 1149 436 id
1176 390 1278 450 est,
1311 382 1554 448 actualis,
1585 396 1708 452 qua:
1747 382 2086 437 cmendatio-
2112 385 2165 446 Α
2194 378 2336 435 viam
2354 392 2482 434 cum
2513 358 2878 432 oblectatione
2902 372 3244 430 conscendat.
3272 373 3396 441 Quo
3420 371 3566 427 enim
3587 372 3779 443 modo,

479 494 549 534 ne
581 494 805 534 morum
838 487 895 533 et
922 479 1182 535 vitiorum
1227 479 1549 550 purgatione
1574 478 1883 549 perﬁcitur;
1918 479 2084 533 altera

477 572 743 641 tlieorice,
771 572 824 628 id
848 580 956 640 est,
981 587 1104 643 qua:
1125 572 1183 627 in
1202 572 1658 644 contemplatione
1681 572 1982 628 divinarum
2001 586 2082 627 re-

480 682 605 723 rum
618 674 672 723 et
695 666 1188 722 sacratissimorum
1213 682 1473 721 sensuum
1497 665 1808 737 cognitione
1820 666 2079 721 consistit.

1105 759 1346 816 CAPUT
1384 763 1458 816 II.

884 857 1016 920 Quae
1041 857 1133 908 via
1154 855 1223 908 sit
1249 853 1323 907 ad
1342 854 1676 907 theoreticen.

551 944 818 1015 Quisquis
858 945 1022 1017 igitur
1059 955 1085 980 α
1127 945 1195 1001 ad
1241 945 1573 1000 theoreticen
1623 944 1854 1000 voluerit
1892 958 2084 1014 perve-

480 1037 618 1106 nire,
664 1040 688 1072 δ
735 1054 964 1095 necesse
1008 1047 1090 1093 est
1139 1047 1197 1092 ut
1249 1039 1400 1094 omni
1446 1036 1625 1093 studio
1672 1046 1832 1107 atque
1884 1037 2082 1094 virtute

483 1131 755 1187 actualem
790 1132 1030 1202 primum
1066 1131 1347 1186 scientiam
1386 1139 1770 1201 consequatur.
1802 1131 1941 1185 Nam
1968 1129 2083 1186 haec

481 1223 720 1296 practice
748 1223 955 1296 absque
998 1223 1297 1280 tbeoretica
1328 1224 1591 1295 possideri
1636 1232 1833 1296 potest,
1864 1224 2081 1280 theore-

479 1316 585 1371 tice
628 1332 757 1370 vero
810 1314 926 1371 sine
980 1316 1176 1372 actuali
1218 1315 1551 1372 omnimodis
1595 1314 1923 1388 apprehendi
1973 1333 2083 1371 non

483 1417 679 1480 potest.
736 1409 952 1465 Gradus
1009 1409 1153 1465 enim
1211 1409 1433 1480 quidam
1493 1409 1566 1464 ita
1628 1409 1867 1465 ordinati
1917 1418 2082 1480 atque

484 1501 721 1558 distincti
743 1511 888 1569 sunt,
919 1510 979 1557 ut
1000 1501 1236 1557 humana
1261 1502 1540 1558 humilitas
1565 1503 1732 1573 possit
1755 1502 1822 1558 ad
1849 1502 2082 1560 sublime

482 1592 845 1649 conscendere
893 1612 904 1648 :
957 1594 1047 1666 qui
1098 1594 1142 1650 si
1199 1594 1429 1652 invicem
1470 1595 1568 1651 sibi
1597 1613 1659 1651 ea
1696 1612 1807 1668 qua
1842 1595 2081 1652 diximus

483 1686 690 1743 ratione
719 1686 1032 1757 succedant,
1079 1697 1263 1767 potest
1299 1687 1369 1745 ad
1409 1689 1751 1746 altitudinem
1792 1691 2077 1761 perveniri,

2195 471 2274 528 vel
2305 473 2569 527 virtutum
2592 470 2883 537 rationem,
2914 467 3008 540 qui
3036 466 3300 523 secundus
3326 467 3380 522 in
3402 465 3603 522 actuali
3621 466 3786 524 disci-

2193 566 2337 637 plina
2363 564 2561 637 gradus
2584 572 2698 633 est;
2728 563 2809 618 vel
2838 577 3021 619 rerum
3044 561 3369 632 spiritalium
3395 570 3451 616 et
3478 560 3787 617 caelestium

2193 666 2554 723 sacramenta,
2579 671 2704 728 qua:
2729 657 2783 712 in
2825 655 3051 712 tlieorim
3094 653 3261 726 gradu
3284 654 3609 710 sublimiore
3649 669 3787 711 con—

2191 750 2412 819 sistunt,
2444 748 2641 806 valebit
2664 749 2947 820 attingere,
2977 747 3067 819 qui
3095 756 3346 802 naturam
3374 747 3634 803 vitiorum
3656 762 3788 804 suo-

2191 861 2315 900 rum
2344 860 2445 900 nec
2484 841 2657 917 potuit
2686 843 3005 915 intelligere,
3037 856 3137 897 nec
3165 841 3320 896 nisus
3349 849 3435 896 est
3454 841 3788 914 exstirpare?

2191 940 2600 1009 Consequenter
2637 937 2782 993 enim
2825 934 3272 1009 pronuntiabitur
3298 933 3545 1006 progredi
3584 933 3657 991 ad
3691 949 3792 991 ex—

2192 1033 2424 1088 celsiora
2459 1048 2573 1088 non
2598 1047 2779 1103 posse,
2804 1031 2900 1102 qui
2932 1046 3044 1086 non
3072 1028 3291 1084 evicerit
3320 1030 3553 1099 planiora
3582 1049 3597 1084 :
3642 1030 3792 1087 ωυιο

2192 1135 2357 1199 teque
2386 1127 2570 1183 minus
2615 1142 2676 1182 ea
2699 1141 2821 1198 quae
2848 1133 2977 1181 sunt
3018 1125 3354 1180 extrinsecus
3392 1124 3794 1197 apprehendet,

2190 1221 2434 1291 quisquis
2482 1220 2783 1291 intelligere
2829 1234 2893 1274 ea
2935 1233 3058 1289 quae
3104 1217 3209 1273 sibi
3248 1225 3378 1273 sunt
3425 1218 3629 1274 inserta
3677 1234 3797 1276 non

2190 1314 2439 1387 quiverit.
2469 1313 2762 1370 Sciendum
2792 1322 2979 1368 tamen
3021 1320 3125 1378 est,
3165 1311 3365 1383 duplici
3401 1311 3564 1369 nobis
3590 1311 3798 1372 laboris

2189 1411 2488 1467 intentione
2516 1408 2849 1475 sudaudum,
2871 1415 2986 1464 tam
3026 1406 3082 1462 in
3103 1406 3431 1477 expellendis
3459 1406 3606 1462 vitiis
3632 1422 3794 1478 quam

2191 1506 2244 1559 in
2278 1504 2570 1560 virtutibus
2589 1502 2950 1575 acquirendis.
2984 1503 3053 1557 Et
3074 1501 3182 1557 hoc
3206 1517 3315 1556 non
3337 1511 3525 1557 nostra
3547 1502 3795 1574 capimus

2189 1598 2524 1670 conjectura,
2554 1596 2648 1653 sed
2670 1597 2811 1652 illius
2851 1596 3119 1652 sententia
3159 1594 3543 1667 perdocemur,
3584 1597 3677 1668 qui
3696 1611 3795 1652 so-

2188 1690 2272 1746 lus
2300 1688 2464 1746 ofﬁcii
2485 1692 2651 1760 [Lips
2682 1692 2739 1743 in
2770 1705 2943 1758 marg.
2971 1688 3191 1760 Opiﬁcii]
3210 1688 3295 1743 sui
3325 1688 3466 1744 vires
3493 1689 3795 1745 rationem-

482 1782 550 1836 ad
581 1796 745 1852 quam
770 1780 984 1837 sublato
1013 1782 1195 1852 primo
1221 1783 1391 1854 gradu
1415 1798 1522 1838 non
1550 1792 1726 1854 potest
1747 1784 2085 1843 transvolari.
2122 1794 2170 1855 Β
2198 1799 2303 1854 que
2331 1783 2611 1855 cognoscit
2637 1800 2648 1838 :
2683 1786 2833 1849 Ecce,
2862 1781 3065 1852 inquit,
3101 1783 3357 1836 constitui
3384 1787 3433 1835 te
3459 1782 3615 1836 hodie
3633 1798 3797 1852 super

484 1876 704 1931 Frustra
747 1875 914 1946 igitur
957 1874 1025 1931 ad
1065 1884 1417 1947 conSpcctum
1447 1877 1549 1932 Dei
1582 1876 1773 1945 tendit,
1802 1878 1892 1948 qui
1921 1878 2081 1933 vitio-

485 1984 611 2025 rum
645 1968 895 2039 contagia
927 1984 1039 2023 non
1082 1969 1354 2025 declinat:
1391 1980 1412 2005 °
1448 1972 1684 2040 Spiritus
1716 1986 1946 2039 namque
1987 1972 2087 2026 Dei

482 2064 706 2133 effugiet
728 2067 929 2133 ﬁctum,
950 2080 1041 2118 nec
1062 2065 1330 2119 habitabit
1358 2068 1413 2119 in
1438 2080 1653 2134 corpore
1674 2065 1885 2119 subdito
1902 2081 2085 2135 pecca-

484 2160 552 2213 tis
583 2157 728 2228 (Sep.
763 2158 825 2227 1).

1097 2251 1341 2306 CAPUT
1370 2252 1474 2305 Ill.

558 2344 710 2410 Quod
738 2343 964 2398 actualis
985 2345 1246 2412 perfectio
1275 2344 1481 2413 duplici
1506 2346 1715 2399 ratione
1738 2345 2013 2399 subsistat.

552 2437 690 2492 Haec
732 2444 918 2492 autem
970 2436 997 2471 α
1054 2434 1278 2491 aetnalis
1328 2435 1589 2507 perfectio
1639 2436 1837 2507 duplici
1883 2437 2089 2492 ratione

483 2528 756 2585 subsistit.
794 2531 935 2586 Nam
979 2528 1186 2601 primus
1232 2529 1347 2600 ejus
1376 2529 1573 2585 modus
1601 2538 1710 2597 est,
1753 2538 1815 2585 ut
1840 2531 2088 2586 omnium

486 2632 682 2679 natura
712 2622 969 2679 vitiorum
996 2630 1049 2678 et
1077 2622 1373 2679 curationis
1408 2620 1546 2678 ratio
1586 2632 1962 2693 cognoscatur.
1995 2624 2085 2678 Se-

483 2716 697 2773 cundus
736 2725 798 2773 ut
822 2716 900 2773 ita
931 2715 1277 2773 discernatur
1302 2716 1439 2773 ordo
1468 2716 1755 2784 virtutum,
1795 2730 2088 2788 earumque

484 2808 817 2879 perfectione
863 2825 1018 2866 mens
1046 2818 1233 2865 nostra
1260 2808 1553 2879 formetur,
1598 2817 1661 2864 ut
1709 2809 1810 2866 illis
1838 2825 1951 2866 non
1974 2810 2089 2883 jam

483 2902 630 2958 velut
691 2912 876 2957 coacta
930 2912 985 2958 et
1038 2902 1191 2973 quasi
1249 2902 1486 2958 violento
1548 2901 1778 2973 imperio
1849 2901 2089 2975 subjecta

485 2993 807 3060 famuletur,
852 2995 948 3050 sed
1000 3002 1281 3064 tamquam
1321 2993 1556 3049 naturali
1608 2993 1756 3049 bono
1795 2993 2091 3053 delectetur

480 3091 642 3152 atque
686 3093 955 3153 pascatur,
1003 3093 1057 3140 et
1117 3084 1345 3141 arduam
1410 3084 1558 3141 illam
1595 3093 1756 3156 atque
1801 3096 2089 3160 angustam

2192 1883 2370 1947 gentes
2388 1883 2438 1931 et
2460 1892 2622 1946 super
2641 1892 2828 1945 regna,
2852 1879 2913 1929 ut
2925 1877 2947 1906 θ
2963 1876 3152 1929 evellas
3173 1880 3223 1929 et
3243 1875 3483 1929 destruas
3499 1880 3550 1929 et
3568 1875 3787 1945 disperr

2192 1971 2291 2025 das
2314 1974 2364 2025 et
2382 1970 2607 2038 dissipes
2632 1974 2682 2023 et
2707 1968 2932 2038 (artiﬁces
2954 1974 3004 2023 et
3034 1968 3247 2038 plantes
3281 1966 3472 2037 (Jerem.
3502 1967 3570 2036 1).
3594 1970 3659 2022 In
3681 1982 3798 2024 ex-

2193 2062 2440 2134 pulsione
2461 2061 2609 2116 enim
2651 2061 2941 2116 noxiarum
2965 2076 3154 2115 rerum
3184 2068 3418 2132 quatuor
3455 2074 3577 2115 esse
3600 2075 3802 2116 neces-

2194 2158 2336 2212 saria
2365 2155 2685 2227 designavit,
2733 2156 2785 2212 id
2826 2164 2927 2222 est,
2963 2157 3211 2223 evellere,
3248 2156 3554 2224 destruere,
3593 2154 3798 2228 disper-

2194 2250 2347 2321 dere,
2410 2250 2690 2321 dissipare.
2743 2252 2800 2304 ln
2839 2249 3184 2322 perﬁciendis
3241 2265 3368 2305 vero
3411 2250 3706 2305 virtutibus
3750 2257 3800 2305 et

2197 2343 2283 2400 his
2308 2360 2430 2416 quae
2459 2344 2527 2399 ad
2542 2344 2816 2415 justitiam
2847 2344 3120 2415 pertinent
3138 2343 3502 2416 acquirendis,
3527 2342 3802 2400 mdiﬁcare

2195 2436 2588 2493 tantummodo
2617 2447 2778 2509 atque
2810 2438 3072 2509 plantare.
3106 2437 3275 2495 Unde
3298 2437 3500 2509 liquido
3525 2446 3677 2509 patet
3699 2436 3801 2493 dif-

2198 2530 2391 2587 ﬁcilius
2446 2529 2672 2585 convelli
2739 2539 2904 2602 atque
2954 2530 3212 2587 eradicari
3266 2530 3487 2585 inclitas
3553 2531 3802 2601 corporis

2197 2632 2358 2694 atque
2379 2623 2577 2679 animae
2614 2622 2909 2693 passiones,
2939 2639 3108 2696 quam
3127 2623 3394 2696 spiritales
3417 2625 3625 2681 exstrui
3646 2623 3800 2697 plan-

2198 2717 2411 2789 taritjue
2437 2716 2680 2772 virtutes.

2815 2816 3058 2872 CAPUT
3086 2818 3180 2871 IV.

2200 2918 2351 2984 Quod
2379 2918 2610 2973 actualis
2639 2922 2753 2973 vita
2777 2920 3124 3045 ergitzimulttas
3143 2921 3505 2989 professiones
3534 2936 3597 2975 ac
3612 2919 3799 2975 studia

2934 3006 3025 3044 'ive
3050 3006 3137 3043 ur.

2934 3006 3137 3044 'wetur.

2269 3092 2402 3146 Haec
2433 3088 2635 3162 figitur
2677 3091 2912 3161 practice
2940 3089 3331 3176 quaeduobus,
3363 3100 3424 3148 ut
3455 3091 3664 3149 dictum
3699 3101 3794 3158 est,

1585 3213 1837 3270 ALARDI
1877 3216 2100 3271 GAZJEI
2139 3217 2698 3273 COMMENTARIUS.
2789 3279 2793 3284 ,

480 3330 682 3404 ειεξλυῐ
715 3338 781 3379 ex
807 3326 1158 3404 sequentibus
1202 3327 1408 3398 patebit
1467 3347 1478 3383 :
1522 3346 1643 3404 quae
1677 3339 1731 3386 et
1756 3328 1917 3385 -inter
1945 3330 2085 3387 dona
2123 3338 2166 3400 Ο
2192 3334 2341 3403 ptius
2366 3337 2605 3403 patitur.
2633 3335 2756 3388 Post
2784 3336 2893 3388 Lia:
2933 3350 3055 3403 ergo
3081 3335 3365 3404 amplexus
3402 3335 3478 3389 ad
3512 3335 3792 3391 Rachelem

483 3393 712 3464 Spiritus
759 3393 929 3451 sane—ti
982 3393 1452 3455 connumeratur:
1501 3393 1570 3457 Et
1606 3403 1716 3455 lucc
1764 3407 1840 3455 est
1865 3405 2086 3457 scientia

479 3472 801 3543 sanctorum,
834 3468 908 3543 ait
937 3471 992 3543 Sp.
1042 3469 1285 3525 Thomas
1323 3472 1456 3542 (2-2,
1502 3490 1557 3541 q.
1615 3479 1699 3538 lo,
1750 3478 1856 3527 art.
1892 3475 1970 3543 3),
2019 3474 2084 3528 de

482 3552 591 3613 qua
623 3538 823 3592 dicitur
846 3541 1091 3613 Sapient.
1121 3556 1161 3595 x
1192 3538 1436 3596 :Justum
1465 3538 1697 3598 déduacit
1718 3538 1972 3598 Dominus
1984 3560 2086 3613 per

480 3608 596 3660 vias
632 3613 821 3671 rectas,
852 3614 903 3663 et
926 3610 1077 3663 dedit
1101 3612 1190 3665 illi
1210 3615 1490 3667 scientiam
1508 3618 1830 3667 sanctorum.

552 3685 576 3752 ξι
613 3677 936 3752 Theoricam
983 3684 1253 3752 vocatrD.
1297 3683 1664 3752 Hieronymus
1714 3681 1765 3736 in
1834 3684 2079 3739 Lament.

481 3746 795 3822 Hieremiae.
836 3752 974 3816 Una,
1015 3750 1211 3822 inquit,
1252 3756 1303 3806 et
1337 3753 1450 3808 sola
1475 3746 1549 3807 est
1594 3754 1844 3820 theorica,
1876 3754 1937 3807 id
1984 3762 2079 3822 est,

480 3821 853 3889 contemplatio
898 3824 1017 3889 Dei,
1061 3821 1150 3879 cui
1190 3826 1382 3878 merito
1419 3825 1592 3878 omnia
1637 3821 2085 3893 justiﬁcationum

480 3892 696 3965 merita,
710 3894 953 3965 uniuersa
963 3895 1224 3965 virtutum
1241 3895 1363 3949 med
1367 3897 1418 3965 ia
1430 3892 1844 3965 postponuntur.
1864 3897 1927 3950 Et
1939 3897 2084 3951 Dio—

482 3960 668 4042 nysius
697 3962 947 4042 similiter
973 3964 1274 4042 theoricam
1297 3960 1449 4037 legit,
1468 3960 1582 4042 pou
1597 3965 1981 4042 tlieorcticam.
2015 3970 2087 4023 Et

480 4030 780 4112 theoricam
817 4030 1564 4112 etiamhsubstantive'awipit
1597 4036 1986 4112 Hieronymus,
2024 4047 2085 4094 ut

481 4100 571 4157 hic
596 4103 936 4161 theoreticen
966 4101 1403 4172 Cassiahus(Col.
1435 4100 1554 4171 ι,ὀ.
1586 4112 1620 4162 2
1647 4111 1686 4173 ).
1716 4100 1951 4164 At'vide
1975 4100 2085 4166 cie-

480 4181 597 4245 tera
644 4190 767 4245 quae
805 4174 876 4232 de
900 4175 1139 4232 theorica
1167 4186 1222 4234 et
1248 4177 1544 4233 theoretica
1572 4178 1706 4235 alias
1750 4179 2076 4236 notavimus.

549 4238 576 4275 "
602 4238 905 4321 .Gregorius
930 4247 1031 4321 ubi;
1044 4263 1207 4319 supra
1234 4248 1319 4319 (γι
1345 4250 1536 4306 Morel.
1557 4267 1675 4320 cap.
1701 4251 1791 4321 28)
1813 4267 2085 4321 exponens

480 4311 567 4399 illa
606 4311 765 4399 verba
776 4336 810 4399 ⁸ε
834 4311 1161 4399 Ingredieris
1184 4311 1249 4399 in
1263 4320 1600 4399 abundantia
1613 4311 1931 4399 sepulcrum
1941 4323 2077 4386 (Job.

478 4383 562 4465 ξ).
609 4387 728 4465 Vir,
773 4383 970 4465 inquit,
1006 4391 1283 4465 perfectus
1315 4394 1372 4445 in
1408 4383 1748 4465 abundantia
1780 4383 2081 4463 sepulcrum

478 4456 815 4532 ingreditur;
843 4456 974 4525 auia
989 4456 1154 4532 prius
1174 4464 1363 4515 activae
1376 4464 1502 4516 vita:
1521 4479 1683 4532 opera
1706 4456 2005 4532 congregat,
2028 4468 2078 4518 et

473 4526 816 4602 postmodum
847 4526 1028 4602 carnis
1049 4544 1262 4602 sensum
1284 4547 1387 4599 per
1409 4526 1916 4602 contemplationem
1929 4550 2076 4589 mor-

481 4599 633 4672 tuum
645 4596 769 4672 huic
783 4598 982 4672 mundo
996 4599 1253 4665 funditus
1272 4596 1514 4658 occultat.
1542 4596 1690 4657 Unde
1700 4610 1751 4657 et
1758 4611 1881 4672 apte
1897 4605 2073 4658 subdi-

2197 3405 2352 3458 Jacob
2391 3406 2669 3477 penrenit;
2719 3408 2848 3473 quia
2868 3410 3145 3477 perfectus
3192 3407 3425 3475 quisque
3448 3412 3572 3460 ante
3598 3410 3792 3461 activa

2192 3478 2316 3529 rita:
2343 3476 2416 3529 ad
2433 3475 2824 3542 fecunditatem
2844 3475 3125 3547 jungitur,
3146 3481 3198 3530 et
3216 3483 3339 3545 post
3364 3478 3789 3547 contemplativa:

2192 3546 2266 3620 ad
2291 3549 2534 3620 requiem
2550 3547 2853 3620 copulatur.
2875 3546 3100 3620 Similia
3123 3546 3453 3620 habetidem
3486 3546 3787 3620 Gregorius

2191 3614 2417 3671 homilia
2441 3621 2500 3671 14
2521 3616 2575 3671 in
2601 3616 2868 3674 Ezechiel.
2907 3626 2964 3672 et
2997 3616 3236 3674 Isidorus
3271 3618 3361 3673 lib.
3399 3634 3479 3675 ιιι
3508 3619 3578 3675 de
3602 3614 3787 3675 ’δυω-

2190 3702 2289 3763 mo
2325 3688 2479 3741 Bono
2507 3703 2625 3758 cap.
2672 3686 2927 3763 l§._Vide
2953 3688 3211 3763 etiam_S.
3263 3689 3529 3744 Thomam
3568 3695 3680 3756 2-2,
3723 3708 3781 3763 q.

2196 3760 2457 3829 182,‘art.
2505 3765 2552 3829 ι,
2601 3765 2667 3829 et
2686 3758 3005 3829 Cajctanum
3043 3758 3255 3816 ibidem.

2264 3836 2298 3900 c_
2324 3827 2547 3900 Invertit
2575 3827 2825 3885 ordinem
2854 3838 3039 3886 textus
3066 3830 3224 3896 sacri,
3251 3829 3339 3900 qui
3358 3828 3437 3882 sic
3462 3827 3629 3884 habet
3654 3850 3667 3883 :
3706 3833 3784 3885 In

2190 3898 2502 3971 malevolam
2520 3902 2761 3955 animam
2778 3916 2881 3955 non
2896 3903 3144 3956 introibit
3161 3898 3437 3971 sapientia,
3454 3915 3547 3954 nec
3563 3900 3787 3956 habita-

2194 3969 2274 4042 bit
2305 3972 2362 4023 in
2386 3986 2596 4040 corpore
2618 3972 2832 4026 subdito
2856 3975 3107 4041 peccatis.
3144 3969 3378 4042 Spiritus
3396 3975 3531 4026 enim
3564 3978 3792 4029 sanctus

2192 4040 2488 4112 disciplima
2518 4043 2735 4112 effugiet
2759 4040 2962 4112 fictum,
2989 4048 3041 4097 et
3064 4040 3276 4111 auferet
3303 4058 3357 4098 se
3383 4060 3417 4097 a
3439 4046 3791 4112 cogitationi-

2194 4111 2289 4185 bus
2318 4128 2436 4181 quce
2464 4119 2591 4168 sunt
2612 4111 2728 4169 Sine
2761 4111 3036 4185 intellectu
3063 4115 3214 4185 (Sap.
3247 4116 3309 4185 ι).
3344 4111 3514 4170 LXX
3542 4117 3784 4185 lnterpr.

2191 4182 2670 4266 Spiritussangtus
2696 4184 2990 4266 disciplina:
3010 4182 3181 4259 fugiet
3219 4182 3434 4254 delum,
3468 4195 3525 4242 et
3562 4182 3787 4243 recedet

2190 4269 2220 4306 a
2249 4256 2667 4324 cogitationibus
2691 4256 2888 4311 stultis.
3074 4256 3093 4259 ⁷

2207 4391 2223 4406 1
2262 4313 2288 4355 ά
2309 4326 2531 4406 _Activze
2558 4326 2817 4406 vitaeiduo
2847 4334 2975 4382 sunt
3001 4326 3202 4406 ofﬁcia,
3244 4327 3357 4384 sive
3373 4328 3699 4406 ‘activavita
3730 4326 3786 4381 in

2191 4391 2408 4449 duobus
2432 4397 2972 4470 _consistit,_nempe
3015 4399 3074 4454 in
3105 4391 3497 4470 expurgatione
3532 4400 3787 4470 vitiorum

2187 4473 2241 4545 et
2286 4465 2668 4545 acquisitipne
2699 4465 2970 4545 virtutum
3021 4465 3229 4545 :_qu_6d
3279 4465 3401 4545 aliis
3432 4470 3613 4545 verbis
3651 4468 3785 4545 dixit

2186 4535 2471 4608 lfsalmista
2490 4555 2502 4590 :
2522 4539 2744 4608 Declina
2754 4556 2789 4593 a
2799 4541 2964 4608 malo,
2976 4545 3027 4595 et
3039 4535 3133 4608 fa'e
3145 4542 3336 4595 bonum
3352 4544 3370 4607 (
3378 4543 3523 4596 Psal.
3540 4557 3577 4596 χ
3586 4557 3619 4596 x
3632 4555 3665 4596 ι
3675 4544 3780 4603 vr).

2184 4606 2467 4695 QHmEunt
2503 4607 2675 4680 prima
2710 4606 2982 4682 praecepta
3016 4606 3130 4668 sive
3150 4610 3328 4668 ofﬁcia
3354 4606 3593 4683 justitia:
3622 4609 3781 4668 Chri-
3871 4676 3885 4695 .

478 4670 569 4720 tur
595 4685 608 4720 :
639 4668 788 4767 Sicut
816 4671 1056 4753 infertur
1080 4685 1297 4767 acervus
1324 4674 1399 4767 in‘
1422 4677 1652 4767 tempore
1686 4668 1808 4756 suo:
1823 4676 2070 4767 factionis
2096 4705 2146 4767 Β
2177 4668 2386 4767 stisuga.

475 4754 708 4814 namque
717 4745 924 4812 tempus
929 4743 1171 4812 primum
1180 4743 1741 4814 est,contemplationis
1749 4749 2067 4800 emtremum:

478 4811 625 4865 unde
648 4811 847 4869 necesse
869 4811 949 4870 est
972 4819 1032 4869 ut
1058 4814 1331 4884 perfectus
1355 4811 1580 4885 quisque
1600 4819 1761 4885 prius
1778 4818 2070 4872 virtutibus

477 4887 703 4961 mentem
732 4891 988 4961 euerceat,
1004 4890 1176 4961 Διιεεμιθ
1200 4886 1341 4961 hanc
1364 4886 1704 4961 postmodum
1720 4890 1790 4961 Ain
1820 4888 2069 4961 horreum

477 4956 675 5032 quietis
683 4956 887 5032 condat
893 4995 904 5007 .
925 4956 1143 5011 Etinfra
1164 4959 1327 5032 :_Hine
1345 4962 1422 5013 est
1431 4959 1575 5032 quod
1586 4958 1744 5016 Iacob
1760 4975 1859 5029 pro
1874 4960 2071 5017 Rachel

477 5026 714 5097 seruiuit,
742 5027 793 5097 et
820 5027 974 5097 Liam
1010 5029 1234 5095 accepit,
1269 5031 1418 5097 eique
1439 5026 1649 5086 dicitur
1670 5049 1684 5085 :
1706 5026 1822 5088 Non
1845 5035 1923 5085 est
1945 5047 2071 5086 oon-

475 5092 779 5148 suetudinis
805 5096 861 5148 in
883 5099 1031 5149 terra
1058 5092 1242 5152 nostra
1263 5139 1280 5160 ,
1309 5092 1371 5153 ut
1389 5103 1618 5156 minores
1644 5106 1769 5158 ante
1792 5101 2071 5158 tradamus

478 5164 556 5242 ad
566 5168 791 5242 nuptias
812 5182 973 5242 quam
987 5167 1211 5237 majores
1231 5171 1382 5235 (Gen.
1404 5177 1598 5239 χχιιι).
1624 5172 1823 5228 Rachel
1844 5188 2071 5242 namque

475 5237 652 5292 risum
661 5240 1014 5311 principium.
1038 5241 1137 5296 Lia
1145 5245 1327 5296 autem
1340 5237 1603 5299 laboriosa
1621 5244 1841 5299 dicitur.
1860 5237 2070 5311 thuid

472 5310 885 5383 per_Bachelem,
906 5313 1018 5365 nisi
1034 5314 1469 5383 cmztemplatioa;
1495 5313 1632 5383 quid
1644 5328 1743 5382 per
1765 5314 1942 5380 Liam,
1952 5310 2073 5368 nisi

474 5381 652 5455 activa
671 5383 783 5437 vita
800 5384 1096 5455 signatur?
1113 5386 1175 5440 In
1194 5381 1848 5455 omnemplationequippe
1863 5386 2069 5454 princi-

466 5451 645 5524 pium,
673 5452 816 5522 quod
850 5455 989 5509 Deus
1011 5458 1116 5517 est,
1146 5451 1442 5523 queritur,-
1468 5457 1528 5509 in
1555 5451 2068 5524 operatione—autem

474 5521 573 5592 sub
588 5521 748 5588 gravi
768 5527 1141 5581 necessitatum
1155 5521 1313 5592 fasce
1331 5521 1627 5582 laboratur.
1647 5526 1795 5584 Unde
1811 5531 1863 5583 et
1871 5527 2070 5585 Rachel

470 5590 723 5670 pulchra,
740 5595 833 5670 sed
848 5596 1050 5651 sterilis
1066 5614 1083 5663 ;
1098 5590 1197 5652 Lia
1217 5602 1399 5654 autem
1420 5598 1567 5670 lippa
1585 5603 1683 5669 est,
1703 5599 1796 5655 sed
1811 5599 2066 5668 fecunda,

474 5663 606 5741 quia
1079 5682 1196 5722 cum
1219 5663 1622 5741 contemplanda
1643 5663 1821 5725 otium'
1835 5663 2066 5741 appetit,

463 5730 595 5806 plus
619 5729 784 5792 videt,
812 5732 905 5806 sed
930 5736 1107 5806 minus
1134 5740 1238 5806 Deo
1272 5729 1649 5806 ﬁlios‘generat
1669 5758 1686 5792 :
1708 5755 1822 5793 cum
1851 5729 1972 5793 uero
1995 5729 2069 5793 ad

471 5800 675 5856 laborm
688 5800 1098 5871 praedicationis
1125 5819 1179 5858 se
1205 5800 1619 5874 dirigitﬁninus
1641 5808 1806 5874 videt,
1845 5810 1940 5866 sed
1963 5826 2071 5865 ani-

2250 4750 2483 4824 ‘__1_‘lotat
2512 4748 2618 4824 div.
2651 4750 3023 4824 Hieronymus
3054 4752 3207 4819 illud,
3238 4753 3384 4823 quod
3419 4770 3481 4809 ex
3508 4752 3784 4824 liebraico

2179 4818 2415 4895 addidit,
2437 4823 2691 4895 Dissipes,
2717 4822 2829 4895 sive
2852 4818 3107 4895 deponas,
3131 4818 3375 4880 inLXX
3404 4842 3517 4880 non
3545 4823 3734 4879 haberi
3768 4841 3784 4878 :

2176 4892 2248 4965 _Et
2271 4892 2735 4965 considerandum,
2764 4892 2963 4965 inquit,
2983 4897 3127 4965 quod
3145 4901 3381 4965 quatuor
3398 4896 3653 4950 tristibus
3671 4895 3782 4949 duo

2178 4962 2303 5037 (ccta
2333 4964 2617 5037 succedunt
2644 4982 2663 5019 :
2693 4962 2858 5035 neque
2891 4962 3033 5021 enim
3061 4962 3328 5037 aediﬁcari
3344 4972 3600 5037 poterant
3619 4967 3773 5037 bona,

2177 5034 2585 5108 nisidestructa
2609 5034 2780 5091 essent
2818 5039 3000 5091 mala:
3028 5053 3122 5092 nec
3143 5034 3394 5108 plantari
3418 5041 3638 5107 optima,

2174 5104 2577 5160 eradicarentur
2596 5109 2851 5179 pessima,
2882 5117 2986 5162 etc.
3019 5104 3373 5179 Huc—spectat
3408 5104 3539 5164 illud
3558 5104 3780 5162 Boethii

2176 5189 2399 5231 carmen
2429 5178 2567 5243 (Lib.
2600 5192 2676 5233 ιιι
2701 5178 2767 5233 de
2794 5179 2996 5235 Censet.
3023 5178 3365 5235 Philosomet.
3399 5182 3451 5246 l)
3481 5198 3494 5233 :

2428 5274 2519 5340 Qui
2544 5287 2707 5324 serere
2735 5276 2993 5337 ingenuum
3021 5276 3149 5326 volet
3168 5292 3354 5340 agrum,

2427 5335 2620 5400 Libera!
2646 5348 2760 5400 arva
2786 5335 2918 5399 prius
2941 5335 3209 5400 fruticibus,

2426 5397 2565 5463 [falce
2586 5399 2736 5463 rubos
2754 5397 3023 5462 ﬁlicemque
3038 5397 3240 5463 resecat,

2433 5459 2497 5525 gt
2526 5473 2654 5509 nova
2680 5460 2815 5525 fruge
2839 5459 3000 5525 gravis
3030 5464 3179 5513 Ceres
3198 5459 3294 5514 est.

2429 5523 2500 5593 "ru
2516 5533 2727 5593 .quoque
2747 5523 2866 5593 falsa
2887 5528 3039 5593 tuens
3053 5526 3196 5588 bona,
3224 5529 3357 5591 prius

2429 5584 2604 5647 Incipe_
2617 5584 2741 5647 cella
2759 5586 2875 5647 iugo
2898 5587 3143 5638 retrahere
3168 5608 3181 5638 :

2429 5644 2557 5696 Vera
2575 5644 2748 5697 dehinc
2760 5644 2985 5698 adimam
3011 5650 3271 5702 subierint.

2251 5742 2281 5822 ῖᾲ
2307 5743 2512 5822 activa:
2538 5744 2658 5802 vitae
2680 5761 2866 5822 opera,
2895 5749 3142 5820 quamvis
3178 5747 3502 5819 multiplici,
3554 5756 3799 5822 possunt

2156 5813 2245 5901 ‘ad
2269 5813 2373 5870 tria
2401 5829 2596 5887 genera
2628 5813 2865 5875 revocari
2902 5813 2930 5875 ε’
2957 5834 3190 5891 quorum
3223 5813 3465 5893 primum
3489 5813 3571 5878 ea
3614 5833 3796 5891 Opera
