4034 6212
285 322 377 377 961

1198 314 1536 373 COLLATIO
1575 317 1711 373 XIV.
1752 346 1824 357 —
1860 317 1951 372 DE
1988 316 2324 373 SPlRlTALl
2364 317 2694 374 SCIENTIA.

3498 322 3603 377 962

284 441 664 502 tantummodo
692 456 793 513 pro
819 439 1185 497 admiratione
1214 439 1475 513 proferre.
1507 443 1646 496 Nam
1665 439 1884 513 quidam
1916 445 1968 509 Α
1998 450 2224 512 teretur,
2270 441 2360 499 ille
2416 442 2716 498 reverentia
2779 450 2893 498 tam
2939 442 3186 499 sollicite
3237 443 3603 515 inquisitionis

286 537 499 593 veniens
524 533 593 591 ad
633 533 959 607 prmdictum
989 547 1179 590 senem
1221 532 1414 589 habitu
1453 532 1729 603 saeculari,
1759 548 1885 589 cum

283 629 329 686 ei
351 626 613 702 quasdam
632 625 859 700 frugum
881 642 1107 683 suarum
1131 625 1396 698 primitias
1419 625 1718 694 detulisset,
1740 625 1885 684 fero-

282 722 499 779 cissimo
526 720 823 794 quemdam
867 720 1141 778 daemonio
1171 730 1452 793 arreptum
1481 719 1685 778 ibidem
1727 736 1886 794 repe-

281 816 373 872 rit.
407 815 514 888 Qui
541 830 670 872 cum
696 813 910 870 abbatis
935 813 1160 870 Joannis
1185 813 1586 871 obtestationes
1603 829 1666 870 ac
1692 829 1888 887 praece-

281 917 372 982 pta
415 907 745 980 despiciens,
797 915 1090 964 testaretur
1144 922 1204 964 se
1260 921 1563 980 numquam
1623 905 1690 963 ad
1742 906 1889 965 illius

279 1004 575 1074 imperium
603 1001 671 1059 de
699 1017 951 1074 corpore,
980 1000 1128 1074 quod
1164 1001 1475 1068 obsederat,
1504 1001 1887 1075 migraturum,

281 1096 449 1169 hujus
483 1095 717 1153 adventu
752 1095 1096 1168 perterritus,
1146 1112 1272 1152 cum
1319 1094 1752 1153 reverentissima
1787 1109 1886 1151 no-

277 1189 442 1247 minis
469 1190 617 1247 illius
645 1189 1035 1246 inclamatione
1075 1188 1339 1246 discessit.
1387 1189 1561 1262 Cujus
1608 1196 1725 1245 tam
1769 1186 1886 1244 evi-

278 1280 507 1341 dentem
531 1290 558 1318 ι
589 1282 819 1355 gratiam
847 1297 1013 1339 senex
1035 1296 1151 1337 non
1188 1281 1533 1338 mediocriter
1557 1280 1878 1349 admiratus,

1997 533 2270 605 astrictus,
2320 549 2544 591 uxorem
2587 550 2647 591 se
2674 542 2958 607 parentum
2987 535 3039 591 vi
3074 535 3413 609 imperioque
3442 552 3603 594 com-

1996 628 2236 700 pulsum,
2269 642 2396 684 cum
2428 627 2672 699 proﬁteri
2704 628 3041 685 monachum
3068 629 3244 700 vellet,
3274 637 3399 687 ante
3427 630 3600 689 unde-

1996 722 2102 778 cim
2153 737 2327 778 annos
2372 724 2644 794 accepisse
2681 719 2964 779 confessus
3005 731 3108 791 est,
3149 739 3341 797 quam,
3384 726 3604 783 nemine

1996 816 2165 872 etiam
2209 831 2355 873 nunc
2403 816 2648 885 conscio,
2673 824 2695 851 ο
2738 814 2944 871 sororis
2996 815 3119 873 loco
3171 831 3202 872 a
3248 832 3308 874 se
3339 817 3603 891 virginem

1997 907 2259 965 custodiri
2311 907 2636 965 testabatur.
2691 906 2853 977 Quod
2903 906 3113 965 factum
3171 925 3301 965 cum
3366 911 3607 970 audisset

1996 1017 2186 1072 senex,
2214 1009 2363 1058 tanta
2384 1009 2469 1057 est
2487 1000 2845 1058 admiratione
2863 1010 3158 1073 permotus,
3185 1010 3247 1058 ut
3272 1019 3462 1061 coram
3486 1004 3602 1079 ipso

1997 1094 2213 1167 publice
2238 1094 2643 1166 proclamaret:
2684 1095 2810 1149 Non
2856 1092 3134 1150 immerito
3164 1094 3474 1154 daemonem
3509 1101 3601 1173 qui

1997 1201 2057 1245 se
2079 1187 2415 1258 despexerat,
2446 1186 2587 1241 illius
2614 1201 2725 1242 non
2757 1185 3020 1241 tolerasse
3041 1190 3410 1257 praesentiam.
3448 1194 3605 1266 cujus

1989 1287 2105 1355 ipse
2134 1281 2390 1338 virtutem
2418 1296 2530 1337 non
2558 1281 2738 1337 solum
2769 1280 2824 1336 in
2839 1280 3142 1352 iuventutis
3174 1281 3390 1351 ardore,
3415 1286 3511 1341 sed
3534 1304 3603 1346 ne

278 1391 456 1449 eoque
482 1376 717 1449 amplius
749 1376 1142 1448 obstupescens
1164 1374 1310 1448 quod
1336 1391 1464 1433 eum
1491 1375 1737 1432 saeculari
1763 1390 1886 1431 cer-
1991 1391 2139 1432 nunc
2160 1375 2377 1448 quidem
2402 1374 2519 1431 sine
2540 1372 2853 1430 discriminc
2881 1373 3141 1430 castitatis
3168 1374 3395 1432 auderet
3434 1366 3603 1452 appe-

275 1478 434 1526 neret
481 1469 690 1540 habitu,
733 1469 903 1544 erepit
927 1469 997 1526 ab
1040 1485 1106 1527 eo
1144 1470 1270 1525 vitae
1299 1484 1363 1525 ac
1390 1467 1746 1541 professionis
1772 1468 1890 1541 ejus
1996 1476 2131 1524 tere.
2165 1466 2327 1536 Quod
2358 1465 2559 1523 factum
2587 1465 2759 1522 abbas
2787 1467 3024 1521 Joannes
3052 1466 3176 1522 licet
3197 1482 3413 1525 summa
3433 1469 3606 1528 admi-

275 1562 529 1620 ordinem
574 1563 864 1636 diligenter
902 1563 1193 1636 inquirere.
1241 1563 1493 1635 Cumque
1536 1561 1625 1619 ille
1662 1560 1889 1618 saecula-
2001 1546 2213 1617 ratione
2237 1559 2537 1632 praetulerit
2571 1558 2740 1630 [Lips.
2770 1562 2828 1613 in
2856 1575 3035 1629 marg.
3068 1562 3388 1631 protulerit],
3414 1572 3602 1623 tamen

276 1671 393 1714 rem
418 1671 481 1714 se
507 1664 669 1731 atque
707 1656 899 1713 uxorio
939 1656 1150 1712 vinculo
1181 1654 1480 1728 obligatum
1506 1669 1623 1711 esse
1649 1653 1891 1721 dixisset,
1998 1654 2281 1710 neminem
2300 1652 2723 1719 monachorum,
2756 1660 2818 1708 ut
2836 1652 3188 1724 experiretur,
3218 1655 3466 1712 hortatus
3495 1668 3597 1729 est,

274 1752 472 1811 beatus
506 1757 742 1812 Joannes
781 1753 1156 1812 excellentiam
1202 1751 1419 1809 virtutis
1467 1751 1588 1825 ejus
1616 1759 1672 1808 et
1708 1751 1894 1824 gratia:
2000 1748 2179 1806 sciens
2206 1747 2377 1804 multa
2401 1754 2548 1804 recte
2576 1746 2645 1801 ab
2670 1746 2785 1802 aliis
2819 1754 2992 1818 gesta,
3023 1762 3277 1821 magnam
3316 1749 3437 1806 aliis
3468 1752 3598 1808 imi-

278 1853 472 1903 mentc
519 1853 882 1919 pertractans,
922 1859 1176 1916 quaenam
1220 1843 1297 1900 illi
1353 1852 1497 1901 esset
1545 1843 1891 1901 conversatio
1924 1855 1971 1917 Β
2000 1841 2238 1897 tantibus
2262 1841 2505 1899 intulisse
2527 1840 2844 1913 perniciem,
2865 1857 2965 1897 nec
2983 1843 3235 1915 usurpari
3261 1844 3599 1906 abomnibus

276 1940 538 1996 attentius
570 1939 924 2012 explorabat;
945 1939 972 1973 δ
1002 1937 1092 1994 ille
1116 1952 1175 1994 se
1197 1936 1466 1993 rusticum
1489 1944 1547 1992 et
1575 1936 1895 2008 quotidiano

283 2045 554 2087 manuum
592 2046 754 2103 opere
782 2031 990 2086 victum
1015 2044 1280 2102 quaerere,
1309 2044 1411 2085 nec
1437 2028 1600 2085 ullius
1626 2028 1754 2085 boni
1779 2043 1896 2085 esse

280 2137 342 2179 se
379 2123 665 2180 conscium
715 2122 1041 2189 testabatur,
1093 2121 1195 2178 nisi
1242 2120 1390 2194 quod
1428 2136 1728 2193 numquam
1766 2130 1897 2178 ante

282 2214 353 2272 ad
401 2215 545 2273 ruris
580 2231 746 2288 opera
793 2230 959 2272 mane
1013 2214 1313 2273 exercenda
1353 2214 1693 2287 procederet,
1722 2229 1897 2288 neque

288 2323 517 2380 vespere
556 2307 785 2365 domum
809 2315 1190 2377 reverteretur,
1244 2307 1351 2364 nisi
1402 2307 1460 2363 in
1506 2306 1742 2363 Ecclesia
1798 2324 1896 2380 pro

281 2400 619 2475 quotidianae
647 2402 769 2459 vitae
801 2409 1110 2459 commeatu
1142 2401 1385 2476 largitori
1410 2404 1530 2469 ejus
1557 2403 1676 2457 Deo
1699 2401 1899 2475 gratias

279 2495 581 2565 retulisset,
630 2511 807 2567 neque
849 2511 909 2552 se
956 2511 1222 2569 umquam
1249 2494 1317 2552 de
1344 2493 1613 2551 fructibus
1641 2494 1757 2551 suis
1793 2496 1897 2552 ali-

280 2589 416 2663 quid
444 2605 758 2663 usurpasse,
800 2590 906 2647 nisi
946 2590 1094 2663 prius
1120 2592 1240 2646 Deo
1288 2588 1557 2662 primitias
1593 2604 1787 2646 eorum
1830 2604 1894 2646 ac

279 2681 529 2740 decimas
571 2682 878 2752 obtulisset,
923 2692 979 2739 et
1015 2696 1324 2756 numquam
1359 2697 1418 2739 se
1453 2681 1619 2740 boves
1645 2697 1774 2740 suos
1800 2697 1897 2754 per

280 2781 477 2838 alienae
534 2781 731 2838 messis
788 2780 1094 2838 traduxisse
1154 2780 1483 2849 confinium,
1541 2780 1644 2837 nisi
1701 2796 1893 2839 eorum

282 2875 440 2947 prius
468 2891 562 2931 ora
591 2875 897 2946 clausisset,
934 2891 1007 2933 ne
1039 2876 1122 2932 vel
1153 2890 1348 2948 parum
1375 2875 1562 2933 damni
1600 2891 1699 2947 per
1732 2875 1895 2933 incu-

283 2967 433 3022 riam
462 2966 579 3037 ejus
610 2967 891 3037 proximus
916 2968 1223 3025 sustineret.
1264 2972 1336 3026 Et
1360 2984 1490 3027 cum
1525 2969 1647 3028 haec
1676 2983 1895 3042 quoque

288 3057 479 3115 abbati
506 3059 727 3129 Joanni,
758 3059 992 3116 necdum
1015 3060 1082 3117 ad
1104 3063 1574 3135 comparationem
1596 3070 1763 3120 tantm
1783 3078 1896 3135 gra-

2005 1949 2186 2007 posse,
2215 1933 2364 2008 quod
2389 1933 2575 2007 paucis
2604 1934 2873 1991 Dominus
2899 1934 3117 2007 speciali
3144 1951 3369 1995 munere
3405 1947 3601 1996 contu—

2002 2026 2168 2086 lisset.

2571 2144 2812 2202 CAPUT
2870 2145 3021 2200 VIII.

2499 2266 2574 2319 De
2596 2264 2845 2335 spiritali
2860 2265 3104 2319 scientia.

2076 2403 2180 2461 Sed
2209 2402 2278 2461 ad
2305 2402 2700 2478 expositionem
2729 2402 2969 2460 scientiae
2997 2403 3063 2461 de
3096 2419 3199 2475 qua
3219 2413 3499 2478 sumptum
3522 2413 3609 2464 est

2001 2499 2274 2559 sermonis
2312 2498 2602 2556 exordium
2628 2507 2983 2557 revertamur.
3034 2503 3247 2571 Itaque,
3273 2499 3417 2558 sicut
3441 2517 3609 2575 supe-

2000 2594 2115 2651 rius
2155 2593 2414 2660 diximus,
2458 2594 2701 2665 praetice
2741 2608 2869 2666 erga
2906 2593 3110 2649 multas
3151 2592 3515 2666 professiones
3543 2613 3608 2655 ac

2001 2686 2179 2745 studia
2202 2686 2500 2743 derivatur.
2527 2686 2553 2722 ἀ
2589 2685 2906 2743 Theoretice
2940 2702 3069 2742 vero
3106 2686 3161 2742 in
3185 2686 3321 2744 duas
3350 2688 3610 2745 dividitur

2006 2787 2209 2852 partes,
2256 2777 2310 2835 id
2362 2786 2466 2848 est,
2515 2777 2569 2833 in
2626 2777 2944 2835 historieam
2989 2778 3515 2851 interpretationem,
3556 2789 3611 2838 et

2001 2871 2412 2946 intelligentiam
2454 2870 2766 2944 spiritalem.
2795 2870 2959 2929 Unde
2994 2871 3157 2927 etiam
3187 2871 3444 2929 Salomon
3482 2889 3610 2931 cum

2000 2967 2258 3026 Ecclesiae
2282 2965 2686 3024 multiformem
2700 2964 2934 3038 gratiam
2954 2974 3348 3030 enumerasset,
3367 2966 3569 3039 adjecit
3591 2987 3604 3021 :

2004 3069 2026 3097 ⁸
2048 3064 2238 3120 Omnes
2262 3064 2403 3119 enim
2423 3062 2560 3133 quid
2586 3061 2738 3133 apud
2765 3076 2881 3115 eam
2902 3065 3050 3125 sunt,
3078 3063 3261 3116 vestiti
3277 3066 3402 3116 sunt
3431 3063 3613 3133 dupli-

286 3152 400 3222 tiaa,
435 3167 543 3224 qua
586 3166 714 3208 eum
758 3152 1043 3224 praelatum
1079 3153 1185 3211 sibi
1232 3169 1350 3211 esse
1388 3155 1672 3225 cernebat,
1702 3156 1896 3212 idonea
2005 3161 2137 3216 aiter
2162 3163 2345 3228 (Prov.
2377 3157 2578 3231 χχχι).
2605 3156 2625 3192 ί
2645 3156 2904 3230 Spiritalis
2925 3165 3109 3213 autem
3139 3156 3381 3213 scientiae
3410 3172 3610 3230 genera

284 3247 629 3317 viderentur,
667 3255 832 3321 atque
867 3248 937 3304 ab
973 3264 1039 3306 eo
1086 3248 1347 3322 quidnam
1376 3259 1520 3307 esset
1572 3250 1707 3308 illud
1747 3250 1896 3324 quod
1928 3243 1973 3308 C
2005 3260 2154 3322 sunt,
2201 3251 2529 3324 tropologia,
2575 3249 2854 3323 allegoria,
2882 3265 3159 3323 anagoge;
3198 3248 3270 3306 de
3315 3250 3514 3324 quibus
3552 3251 3611 3309 in

277 3349 455 3401 tantae
483 3340 675 3414 gratia:
708 3342 920 3399 meritis
944 3341 1179 3401 conferri
1209 3351 1412 3417 posset,
1442 3343 1728 3402 sciscitans
1755 3358 1900 3399 scru-
2007 3344 2310 3400 Proverbiis
2329 3345 2403 3400 ita
2430 3342 2646 3413 dicitur,
2674 3344 2699 3384 3
2728 3347 2807 3399 Tu
2837 3349 3015 3398 autem
3042 3345 3278 3399 describe
3298 3346 3400 3399 tibi
3424 3362 3485 3400 ea
3508 3347 3607 3401 tri-

1390 3479 1645 3534 ALARDI
1683 3478 1909 3533 GAZXEI
1948 3475 2506 3535 COMMENTABlUS.

352 3614 379 3641 ⁸
405 3601 547 3662 Vide
569 3613 771 3675 quanta
797 3605 869 3661 sit
890 3604 1065 3660 virtus
1093 3612 1148 3660 et
1168 3604 1348 3675 gratia
1371 3604 1635 3662 castitatis
1673 3613 1728 3662 et
1755 3620 1894 3661 con-

280 3674 885 3747 tinentite_virginalis:
922 3689 1085 3747 quam
1129 3674 1298 3731 etiam
1335 3675 1394 3732 in
1437 3675 1575 3733 laico
1601 3685 1654 3733 et
1690 3677 1895 3734 rustico

281 3745 519 3817 homine
537 3743 692 3803 ferre
704 3746 924 3805 daemon
936 3743 1056 3817 non
1082 3747 1278 3817 potuit.

353 3811 383 3851 ³³
407 3816 630 3890 insigne
664 3826 940 3890 et‘rarum
980 3811 1533 3890 pietatisexemplum
1570 3817 1632 3890 in
1671 3816 1896 3890 homine

280 3886 777 3960 rusticofSimilia
814 3886 1001 3944 narrat
1044 3886 1316 3960 Palladius
1350 3886 1407 3942 in
1432 3888 1584 3960 Vita_
1607 3887 1896 3960 Paphnutii

282 3959 528 4016 abbatis.
559 3961 628 4014 Et
674 3957 742 4013 de
784 3961 847 4013 S.
897 3957 1141 4026 Antopio
1166 3955 1353 4026 simile
1402 3955 1703 4026 quippiam’
1730 3958 1898 4013 refert

284 4039 487 4088 auctor
524 4041 831 4097 anonymus
873 4026 933 4081 in
976 4024 1114 4079 Vitis
1151 4025 1376 4080 Patrum
1417 4024 1514 4079 lib;
1536 4024 1648 4081 'vn
1677 4041 1796 4097 cap.
1832 4032 1897 4082 t5

283 4115 454 4158 nova:
481 4097 755 4154 editionis.
1675 4156 1680 4161 _

310 4172 315 4179 “
365 4181 389 4208 ε
416 4169 543 4225 Hoc
575 4164 829 4236 exemplo
859 4162 1061 4246 docent
1088 4164 1278 4246 Patres
1307 4162 1473 4219 licere
1493 4163 1794 4246 conjugatis
1832 4182 1899 4223 ex

286 4247 495 4298 mutuo
538 4250 809 4294 consensu
865 4244 1259 4291 continentiam
1317 4250 1514 4291 vovere
1572 4245 1627 4292 8t
1660 4251 1894 4294 servare.

289 4310 471 4382 Cujus
501 4309 580 4382 rei
620 4304 1324 4382 exstat_apud_Palladium
1353 4304 1534 4362 simile
1578 4307 1897 4382 exemplum

288 4376 589 4450 Ammonis
618 4376 891 4445 monachi;
919 4377 1014 4450 qui
1040 4393 1169 4450 eum
1201 4376 1404 4450 invitus
1440 4392 1665 4434 uxorem
1705 4376 1898 4450 duxis-

289 4458 410 4518 set,
437 4449 622 4506 decem
663 4456 721 4506 et
746 4457 870 4505 octo
898 4448 1071 4505 annos
1098 4449 1148 4505 ei
1177 4448 1516 4517 cohabitans,
1545 4448 1750 4505 sororis
1776 4449 1897 4505 loco

293 4536 427 4578 eam
457 4519 680 4592 habuit;
714 4527 770 4575 et
801 4535 859 4575 se
904 4520 1106 4592 pariter
1151 4534 1216 4592 ac
1243 4520 1389 4592 illam
1417 4519 1681 4592 virginem
1707 4529 1899 4592 custo-

288 4592 456 4650 divit.
498 4591 656 4662 Quod
684 4589 950 4662 quantum
988 4594 1106 4646 Deo
1135 4590 1416 4662 placuerit,
1449 4589 1573 4662 inde
1602 4590 1897 4662 manifeste

284 4660 736 4743 innotuit,_quod
777 4661 893 4743 ejus
931 4660 1170 4717 animam
1200 4661 1653 4743 S..Antoni‘us.in
1690 4664 1896 4743 celum

282 4735 379 4806 abi
391 4730 826 4806 angelis—deferri
854 4747 981 4806 cum
1003 4746 1218 4806 summa
1237 4730 1405 4806 gloria
1422 4730 1633 4806 viderit,
1647 4741 1711 4790 ut
1729 4734 1899 4806 refert

286 4800 625 4863 Athanasius
647 4804 704 4858 in
718 4803 844 4859 Vita
873 4804 931 4860 S.
961 4801 1210 4859 Antonii.
1239 4800 1494 4857 Alterum
1517 4800 1707 4859 itidem
1726 4804 1898 4860 simile

284 4873 446 4948 apud
472 4873 809 4948 Gregorium
823 4876 1196 4948 Turonensem
1216 4871 1285 4929 de
1306 4871 1490 4948 Gloria
1503 4871 1897 4948 _confessorum

286 4941 420 5019 cap.
458 4950 550 5019 32,
585 4941 677 4999 tibi
722 4942 908 5009 refert,
940 4942 1091 5019 quod
1130 4959 1260 5019 cum
1287 4958 1352 4999 ex
1390 4941 1607 5001 duobus
1646 4945 1897 5019 conjugi-

284 5014 425 5083 bus,
450 5015 545 5088 qui
572 5021 888 5086 perpetuam
908 5014 1299 5088 continentiam
1326 5030 1393 5088 ex
1419 5030 1688 5088 consensu
1714 5014 1896 5073 saria-

288 5083 513 5158 verant,
546 5083 716 5143 altera
745 5094 963 5158 mortua
986 5093 1151 5155 esset,
1191 5084 1328 5158 alter
1352 5086 1408 5142 in
1434 5083 1553 5158 haec
1580 5086 1741 5158 verba
1771 5103 1897 5158 pro-

288 5158 454 5233 rupit
477 5156 502 5214 ε’
534 5159 757 5233 Gratias
792 5156 893 5233 tibi
932 5173 1071 5233 age...
1089 5157 1426 5233 ρηιηίρρξςηδ
1452 5156 1722 5233 Caesam
1753 5156 1903 5233 ᾴιιοᾴ

286 5227 445 5286 Iza'nc
457 5230 723 5299 puellam,
748 5230 891 5285 sicut
917 5227 1202 5285 tradidisti
1227 5228 1366 5283 mihi
1386 5227 1721 5297 impollutam
1756 5227 1812 5284 at
1833 5230 1901 5284 ab

283 5301 450 5357 omni
466 5301 755 5370 voluptatis
776 5302 1022 5373 contagio
1039 5314 1259 5373 puram,
1276 5301 1366 5373 ita
1392 5300 1496 5362 tibi
1520 5302 1773 5373 restituo;
1799 5301 1901 5355 illa

289 5387 446 5435 vero,
469 5373 689 5427 etiamsi
698 5376 911 5427 mortua
929 5370 1079 5435 esset,
1099 5370 1381 5428 subridens
1398 5373 1478 5427 ait
1495 5389 1511 5425 :
1534 5372 1663 5435 Sile,
1680 5374 1765 5427 vir
1779 5374 1898 5439 Dei,

290 5445 433 5515 quia
455 5458 564 5497 non
581 5447 658 5497 est
679 5457 882 5499 necesse
891 5444 1148 5515 proloqui
1159 5447 1424 5510 nostrum,
1448 5444 1659 5499 nemine
1680 5446 1900 5500 interro-

285 5518 489 5583 gante,
511 5517 789 5583 secretum.

371 5584 398 5619 ⁸³
431 5582 803 5653 Theoreticen,
825 5581 940 5641 sive
956 5583 1259 5642 theoricam
1284 5585 1589 5653 scientiam,
1616 5584 1785 5642 refert
1814 5584 1902 5642 hic

294 5654 474 5729 abbas
498 5650 851 5729 potissimum
880 5653 951 5711 ad
975 5656 1342 5729 cognitionem
1370 5672 1464 5729 seu
1487 5650 1900 5729 intelligentiam

294 5734 359 5809 et
409 5725 913 5809 interpretationem
950 5725 1230 5809 sacrarum
1254 5725 1898 5809 .Scripturarumhquam

297 5794 470 5852 docet
510 5794 626 5853 esse
657 5795 948 5868 duplicem,
983 5812 1179 5868 nempe
1212 5794 1528 5855 historicum
1549 5798 1663 5855 sive
1691 5794 1904 5855 litiera-

294 5869 441 5935 lem,
477 5876 532 5926 et
554 5865 843 5941 mysticam
869 5865 983 5924 sive
1007 5865 1369 5940 spir'itualem.
1399 5869 1669 5927 Historica
1698 5869 1905 5927 intelli-

2000 3600 2205 3687 gentia,
2230 3604 2343 3687 sive
2372 3601 2768 3687 interpretatio,
2804 3611 2887 3687 est
2917 3618 3082 3687 quam
3115 3604 3279 3687 verba
3317 3606 3609 3679 Scriptura:

2007 3671 2184 3747 primo
2212 3683 2268 3732 et
2286 3671 2596 3731 immediate
2656 3688 2732 3731 ra:
2756 3688 2813 3730 se
2831 3671 3019 3731 ferunt
3040 3694 3056 3745 ;
3076 3675 3301 3748 mystica
3336 3671 3462 3735 verb
3488 3695 3611 3750 quae

2005 3746 2112 3823 alio
2141 3746 2361 3823 respicit
2375 3760 2544 3823 quam
2567 3690 2654 3811 ad,
2663 3745 2715 3801 id
2738 3743 2886 3817 quod
2913 3747 3074 3823 verba
3090 3747 3402 3823 immediate
3432 3749 3605 3823 signi-

2007 3817 2191 3874 ﬁcant.
2231 3815 2308 3873 Et
2348 3815 2452 3873 hos
2487 3815 2627 3873 duos
2679 3815 2872 3871 sensus
2904 3815 3064 3872 docet
3114 3820 3183 3871 D.
3238 3815 3608 3878 Hieronvinus

2005 3889 2336 3962 signiﬁcatos
2363 3901 2482 3944 esse
2524 3902 2623 3958 per
2658 3885 2863 3967 librum
2897 3886 3164 3957 scriptum
3193 3888 3340 3944 intus
3365 3897 3419 3944 et
3445 3885 3602 3948 foris.

2008 3960 2201 4033 iizech.
2236 3974 2286 4015 ιι
2326 3967 2382 4015 et
2410 3961 2581 4030 Apoc.
2611 3971 2673 4013 v.
2706 3956 2845 4014 Vide
2880 3956 3062 4013 collat.
3103 3963 3136 4013 8
3164 3973 3283 4030 cap.
3316 3965 3369 4027 3,
3402 3967 3457 4015 et
3483 3976 3610 4033 qua

2187 4002 2201 4015 ο
2238 3998 2286 4015 ιι
2327 3998 2382 4015 νυ
2410 3998 2581 4027 (arvum
2625 3998 2640 4013 V
2660 3998 2673 4011 ο
2722 3998 2737 4014 1
2757 3998 2845 4013 Iuv
2880 3998 3062 4013 ννιιιιιη
3103 3998 3136 4013 υ
3164 3998 3283 4027 vult.
3316 3998 3369 4027 ',

2008 4029 2079 4084 ibi
2102 4037 2310 4085 notata.

2080 4106 2101 4133 θ
2140 4098 2342 4172 variat
2368 4096 2623 4172 nonnihil
2656 4113 2699 4172 Ξ
2721 4097 2937 4172 Graecis
2971 4096 3272 4172 codicibus,
3304 4101 3365 4172 in
3410 4101 3609 4172 quibus

2007 4183 2172 4242 nunc.
2201 4166 2277 4242 ita
2330 4165 2523 4242 legitur
2596 4184 2619 4242 :_
2656 4166 2844 4242 nam;
2866 4166 2981 4242 1&9
3032 4167 3081 4220 οἰ
3126 4168 3248 4239 παρ’
3300 4165 3610 4242 ἐνδεδυμένοι

2008 4236 2121 4293 εἶσι.
2151 4237 2330 4299 Δίσσας
2366 4234 2578 4314 ﬂabit};
2600 4234 2820 4314 ἐπᾳίησξ.
2975 4244 3077 4307 est,
3119 4234 3297 4298 οπίηεε
3324 4246 3424 4312 qui
3457 4234 3609 4314 apud

2007 4324 2128 4364 eam
2166 4309 2539 4382 sunt,_-vestiti
2565 4312 2709 4363 sunt.
2749 4309 3004 4382 puplices
3052 4317 3217 4367 vestes
3257 4309 3389 4381 fecit
3415 4309 3599 4382 (Prov.

2008 4386 2208 4459 xxxr).
2238 4378 2487 4459 Xidetun
2511 4386 2698 4459 autem
2734 4378 3238 4459 Cassianuslegisse
3258 4378 3477 4459 ’δισσαίςὲ
3507 4402 3606 4459 pro

2006 4449 2295 4531 aromata
2312 4457 2414 4531 est,
2449 4449 2739 4531 dupliciter
2759 4465 2858 4531 pro
2886 4449 3142 4531 duplices:
3161 4456 3349 4531 _Porro
3374 4449 3606 4531 Vulgata

2008 4522 2184 4596 versio
2207 4521 2370 4596 habet
2386 4539 2414 4596 ε
2443 4521 2631 4596 Omnes
2650 4521 3094 4596 enim_domestici
3121 4525 3236 4596 ejus
3270 4531 3455 4585 vestiti
3478 4521 3606 4585 sunt

2007 4593 2331 4679 duplicibus.
2373 4591 2540 4679 cujus
2584 4591 2864 4679 sententiae
2912 4597 2981 4651 D.
3014 4591 3398 4679 iiieronymus
3443 4599 3607 4679 aliam

2005 4663 2171 4737 affert
2186 4663 2685 4737 interpretationem
2702 4663 2852 4737 abea
2872 4680 2994 4737 qua;
3014 4666 3101 4721 hic
3120 4663 3351 4737 traditur
3369 4669 3607 4725 multum

2003 4734 2276 4818 diversam
2300 4734 2443 4818 {per
2451 4734 2752 4816 mulierem
2769 4734 2922 4790 illam
2945 4734 3165 4803 fortem,
3189 4736 3492 4793 Ecclesium
3518 4753 3609 4795 ca-

2003 4805 2273 4877 tholicam
2299 4805 2621 4877 intelligens.

2077 4875 2096 4911 ί
2123 4876 2261 4952 Aliis
2295 4870 2700 4952 verbis'triplex
2729 4870 3142 4952 .Scripturarum
3179 4890 3378 4952 sensus
3407 4880 3607 4952 mysti-

2006 4960 2104 5022 cus
2126 4960 2159 5001 a
2187 4944 2455 5022 theologis
2476 4941 2771 5022 assi’gpari
2767 4941 2925 5011 solet,
2969 4943 3315 5018 allegoricus,
3355 4941 3607 5022 tropolo-

2047 4960 2104 5001 us
2126 4960 2159 5001 a
2187 4960 2452 5016 tneorogis
2476 4960 2583 4999 ass:
2622 4960 2741 4998 nari
2767 4960 2925 5011 sonet,
2969 4960 3315 5018 allegoricus,
3355 4960 3607 5022 ιτοροιο-

2047 5015 2181 5079 icus,
2224 4960 2670 5089 anagogicusfst
2935 5030 2956 5071 ι
3006 5022 3155 5087 part.
3196 5036 3251 5089 q.
3307 5023 3370 5089 l;
3416 5024 3607 5080 Status

2047 5102 2198 5142 enen.
2225 5087 2321 5141 lib.
2338 5083 2434 5141 ἰιῐ
2454 5083 2705 5142 Biblioth.
2727 5105 2742 5150 ;
2766 5086 2965 5141 Bellar.
2989 5083 3084 5144 lib.
3110 5104 3184 5145 ιιι
3203 5083 3271 5144 ἂρ
3298 5083 3473 5148 Verbo
3506 5096 3605 5149 Dei

2158 5161 2231 5225 3).
2262 5154 2601 5228 Allegoricus
2626 5156 2827 5230 dicitur
2858 5158 2953 5230 qui
2977 5158 3047 5215 ad
3078 5160 3357 5230 Christum
3386 5162 3468 5218 vel
3500 5165 3607 5219 Ec-

2008 5227 2227 5310 clésiam
2254 5227 2500 5310 spectat;
2532 5227 2896 5310 tr0pologicus
2930 5231 3025 5302 qui
3054 5227 3126 5310 ad
3154 5245 3355 5310 mores,
3393 5247 3608 5310 agaso-

2008 5300 2157 5374 gicus
2199 5296 2301 5372 qui
2323 5298 2395 5374 ad
2417 5296 2655 5355 futuram
2699 5296 2869 5374 vitam
2912 5296 3009 5374 séu
3061 5296 3358 5358 Ecclesiam
3400 5296 3605 5362 trium-

2009 5369 2287 5449 phanteiu.
2329 5373 2425 5449 ita
2484 5374 2722 5449 quatuor
2751 5369 2827 5449 _in
2889 5370 3201 5449 universum
3262 5374 3605 5449 assignantur

2009 5439 2201 5569 seusus
2227 5439 2542 5515 Scripturai,
2573 5439 2642 5497 de
2672 5439 2869 5512 quibus
2907 5440 3153 5513 vulgares
3181 5439 3404 5503 exstant
3441 5450 3607 5506 versi-

2009 5529 2077 5569 cu
2100 5530 2147 5569 ιε
2889 5560 2899 5568 .

2009 5529 2116 5571 Cll"
2134 5533 2147 5569 ε
2889 5560 2899 5568 .

2134 5618 2313 5685 Littera
2334 5620 2464 5685 gesta
2483 5616 2642 5678 docet,
2662 5617 2779 5681 quid
2800 5617 2970 5685 credas
2990 5620 3232 5685 allegoria,

2132 5680 2330 5731 Muralis
2342 5680 2461 5744 quid
2476 5692 2610 5743 agas,
2642 5680 2740 5743 quo
2768 5680 2941 5732 undas
2956 5680 3199 5749 anagdgia.

2083 5799 2114 5873 εἴ
2134 5800 2333 5873 Magna
2354 5799 2669 5873 versionum
2684 5800 2911 5859 varietas
2930 5781 3070 5862 circa
3089 5804 3230 5863 hanc
3258 5810 3602 5865 sententiam.

2014 5869 2256 5945 Vulgata'
2270 5872 2477 5929 versio:
2508 5874 2637 5928 Ecce
2676 5873 2944 5946 descripsi
2966 5876 3071 5931 tibi
3095 5892 3214 5932 eam
3239 5880 3525 5947 tripliciter
3550 5880 3609 5936 in
