  <div class='ocr_page' id='page_1' title='image "/cluster/home/n/w/nwhite01/storage/ocr_20150623/49/hvd.32044096580709/489.png"; bbox 0 0 4040 6206; ppageno 0'>
   <div class='ocr_carea' id='block_1_1' title="bbox 476 348 579 402">
    <p class='ocr_par' dir='ltr' id='par_1_1' title="bbox 476 348 579 402">
     <span class='ocr_line' id='line_1_1' title="bbox 476 348 579 402; baseline -0.01 0"><span class='ocrx_word' id='word_1_1' title='bbox 476 348 579 402; x_wconf 84' lang='grc'><strong>963</strong></span> 
     </span>
    </p>
   </div>
   <div class='ocr_carea' id='block_1_2' title="bbox 1555 329 2700 392">
    <p class='ocr_par' dir='ltr' id='par_1_2' title="bbox 1555 329 2700 392">
     <span class='ocr_line' id='line_1_2' title="bbox 1555 329 2700 392; baseline -0.007 0"><span class='ocrx_word' id='word_1_2' title='bbox 1555 336 1835 392; x_wconf 70' lang='lat' dir='ltr'><strong>JOANNIS</strong></span> <span class='ocrx_word' id='word_1_3' title='bbox 1871 334 2173 391; x_wconf 81' lang='lat' dir='ltr'><strong>CASSIANI</strong></span> <span class='ocrx_word' id='word_1_4' title='bbox 2213 329 2700 388; x_wconf 75' lang='lat' dir='ltr'><strong>COLLATIO‘NES.</strong></span> 
     </span>
    </p>
   </div>
   <div class='ocr_carea' id='block_1_3' title="bbox 3682 331 3792 386">
    <p class='ocr_par' dir='ltr' id='par_1_3' title="bbox 3682 331 3792 386">
     <span class='ocr_line' id='line_1_3' title="bbox 3682 331 3792 386; baseline 0.018 -2"><span class='ocrx_word' id='word_1_5' title='bbox 3682 331 3792 386; x_wconf 64' lang='grc'><strong>964</strong></span> 
     </span>
    </p>
   </div>
   <div class='ocr_carea' id='block_1_4' title="bbox 467 448 3789 544">
    <p class='ocr_par' dir='ltr' id='par_1_4' title="bbox 467 448 3789 544">
     <span class='ocr_line' id='line_1_4' title="bbox 467 448 3789 544; baseline -0.005 -16"><span class='ocrx_word' id='word_1_6' title='bbox 467 475 705 544; x_wconf 86' lang='lat' dir='ltr'><strong>pliciter,</strong></span> <span class='ocrx_word' id='word_1_7' title='bbox 755 485 915 540; x_wconf 82' lang='lat' dir='ltr'><strong><em>super</em></strong></span> <span class='ocrx_word' id='word_1_8' title='bbox 960 467 1301 522; x_wconf 74' lang='lat' dir='ltr'><strong>latitudinem</strong></span> <span class='ocrx_word' id='word_1_9' title='bbox 1346 463 1518 519; x_wconf 84' lang='lat' dir='ltr'><strong>cordis</strong></span> <span class='ocrx_word' id='word_1_10' title='bbox 1561 466 1646 517; x_wconf 88' lang='lat' dir='ltr'><strong>tui</strong></span> <span class='ocrx_word' id='word_1_11' title='bbox 1669 466 1847 528; x_wconf 80' lang='lat' dir='ltr'><strong>(Prov.</strong></span> <span class='ocrx_word' id='word_1_12' title='bbox 1888 460 2078 531; x_wconf 82' lang='lat' dir='ltr'><strong>xxn).</strong></span> <span class='ocrx_word' id='word_1_13' title='bbox 2109 462 2161 527; x_wconf 80' lang='grc' dir='ltr'><strong>Α</strong></span> <span class='ocrx_word' id='word_1_14' title='bbox 2190 459 2233 515; x_wconf 89' lang='lat' dir='ltr'><strong>si</strong></span> <span class='ocrx_word' id='word_1_15' title='bbox 2260 459 2509 514; x_wconf 85' lang='lat' dir='ltr'><strong>volumus</strong></span> <span class='ocrx_word' id='word_1_16' title='bbox 2545 456 2852 526; x_wconf 89' lang='lat' dir='ltr'><strong>conﬂuunt,</strong></span> <span class='ocrx_word' id='word_1_17' title='bbox 2882 448 2983 510; x_wconf 78' lang='lat' dir='ltr'><strong>utb</strong></span> <span class='ocrx_word' id='word_1_18' title='bbox 3008 467 3111 508; x_wconf 88' lang='lat' dir='ltr'><strong>una</strong></span> <span class='ocrx_word' id='word_1_19' title='bbox 3155 459 3315 525; x_wconf 89' lang='lat' dir='ltr'><strong>atque</strong></span> <span class='ocrx_word' id='word_1_20' title='bbox 3346 449 3536 544; x_wconf 82' lang='lat' dir='ltr'><strong>eadem</strong></span> <span class='ocrx_word' id='word_1_21' title='bbox 3566 452 3789 511; x_wconf 79' lang='lat' dir='ltr'><strong>Jerusa-</strong></span> 
     </span>
    </p>
   </div>
   <div class='ocr_carea' id='block_1_5' title="bbox 474 554 2079 638">
    <p class='ocr_par' dir='ltr' id='par_1_5' title="bbox 474 554 2079 638">
     <span class='ocr_line' id='line_1_5' title="bbox 474 554 2079 638; baseline -0.008 -16"><span class='ocrx_word' id='word_1_22' title='bbox 474 569 662 638; x_wconf 86' lang='lat' dir='ltr'><strong>Itaque</strong></span> <span class='ocrx_word' id='word_1_23' title='bbox 691 561 916 618; x_wconf 83' lang='lat' dir='ltr'><strong>historia</strong></span> <span class='ocrx_word' id='word_1_24' title='bbox 963 559 1361 631; x_wconf 76' lang='lat' dir='ltr'><strong>praeteritarum</strong></span> <span class='ocrx_word' id='word_1_25' title='bbox 1403 572 1466 612; x_wconf 89' lang='lat' dir='ltr'><strong>ac</strong></span> <span class='ocrx_word' id='word_1_26' title='bbox 1505 555 1804 611; x_wconf 80' lang='lat' dir='ltr'><strong>visibilium</strong></span> <span class='ocrx_word' id='word_1_27' title='bbox 1840 554 2079 628; x_wconf 85' lang='lat' dir='ltr'><strong>agnitio-</strong></span> 
     </span>
    </p>
   </div>
   <div class='ocr_carea' id='block_1_6' title="bbox 473 648 2080 729">
    <p class='ocr_par' dir='ltr' id='par_1_6' title="bbox 473 648 2080 729">
     <span class='ocr_line' id='line_1_6' title="bbox 473 648 2080 729; baseline -0.009 -12"><span class='ocrx_word' id='word_1_28' title='bbox 473 676 597 717; x_wconf 90' lang='lat' dir='ltr'><strong>nem</strong></span> <span class='ocrx_word' id='word_1_29' title='bbox 627 655 1006 729; x_wconf 84' lang='lat' dir='ltr'><strong>complectitur</strong></span> <span class='ocrx_word' id='word_1_30' title='bbox 1046 667 1232 709; x_wconf 88' lang='lat' dir='ltr'><strong>rerum</strong></span> <span class='ocrx_word' id='word_1_31' title='bbox 1258 666 1380 724; x_wconf 68' lang='lat' dir='ltr'><strong>qum</strong></span> <span class='ocrx_word' id='word_1_32' title='bbox 1408 651 1482 707; x_wconf 88' lang='lat' dir='ltr'><strong>ita</strong></span> <span class='ocrx_word' id='word_1_33' title='bbox 1511 650 1579 706; x_wconf 91' lang='lat' dir='ltr'><strong>ab</strong></span> <span class='ocrx_word' id='word_1_34' title='bbox 1608 649 1874 722; x_wconf 83' lang='lat' dir='ltr'><strong>Apostolo</strong></span> <span class='ocrx_word' id='word_1_35' title='bbox 1914 648 2080 719; x_wconf 88' lang='lat' dir='ltr'><strong>repli-</strong></span> 
     </span>
    </p>
   </div>
   <div class='ocr_carea' id='block_1_7' title="bbox 472 743 2079 819">
    <p class='ocr_par' dir='ltr' id='par_1_7' title="bbox 472 743 2079 819">
     <span class='ocr_line' id='line_1_7' title="bbox 472 743 2079 819; baseline -0.008 -9"><span class='ocrx_word' id='word_1_36' title='bbox 472 761 656 810; x_wconf 85' lang='lat' dir='ltr'><strong>catur:</strong></span> <span class='ocrx_word' id='word_1_37' title='bbox 687 762 710 785; x_wconf 66' lang='grc' dir='ltr'><strong>εδ</strong></span> <span class='ocrx_word' id='word_1_38' title='bbox 740 751 1008 819; x_wconf 74' lang='lat' dir='ltr'><strong>Scriptum</strong></span> <span class='ocrx_word' id='word_1_39' title='bbox 1034 750 1113 801; x_wconf 86' lang='lat' dir='ltr'><strong>est</strong></span> <span class='ocrx_word' id='word_1_40' title='bbox 1134 744 1302 811; x_wconf 86' lang='lat' dir='ltr'><strong>enim,</strong></span> <span class='ocrx_word' id='word_1_41' title='bbox 1333 747 1462 815; x_wconf 96' lang='lat' dir='ltr'><strong>quia</strong></span> <span class='ocrx_word' id='word_1_42' title='bbox 1481 743 1763 801; x_wconf 80' lang='lat' dir='ltr'><strong>Abraham</strong></span> <span class='ocrx_word' id='word_1_43' title='bbox 1786 744 1919 799; x_wconf 86' lang='lat' dir='ltr'><strong>duos</strong></span> <span class='ocrx_word' id='word_1_44' title='bbox 1941 743 2079 812; x_wconf 83' lang='lat' dir='ltr'><strong>ﬁlios</strong></span> 
     </span>
    </p>
   </div>
   <div class='ocr_carea' id='block_1_8' title="bbox 472 836 2079 907">
    <p class='ocr_par' dir='ltr' id='par_1_8' title="bbox 472 836 2079 907">
     <span class='ocr_line' id='line_1_8' title="bbox 472 836 2079 907; baseline -0.009 -4"><span class='ocrx_word' id='word_1_45' title='bbox 472 848 675 907; x_wconf 87' lang='lat' dir='ltr'><strong>habuit,</strong></span> <span class='ocrx_word' id='word_1_46' title='bbox 706 858 874 899; x_wconf 86' lang='lat' dir='ltr'><strong>unum</strong></span> <span class='ocrx_word' id='word_1_47' title='bbox 902 842 968 895; x_wconf 91' lang='lat' dir='ltr'><strong>de</strong></span> <span class='ocrx_word' id='word_1_48' title='bbox 1002 839 1222 901; x_wconf 79' lang='lat' dir='ltr'><strong>ancilla,</strong></span> <span class='ocrx_word' id='word_1_49' title='bbox 1252 843 1303 892; x_wconf 88' lang='lat' dir='ltr'><strong>et</strong></span> <span class='ocrx_word' id='word_1_50' title='bbox 1330 839 1499 893; x_wconf 88' lang='lat' dir='ltr'><strong>alium</strong></span> <span class='ocrx_word' id='word_1_51' title='bbox 1526 839 1593 894; x_wconf 88' lang='lat' dir='ltr'><strong>de</strong></span> <span class='ocrx_word' id='word_1_52' title='bbox 1628 838 1835 903; x_wconf 85' lang='lat' dir='ltr'><strong>libera;</strong></span> <span class='ocrx_word' id='word_1_53' title='bbox 1866 836 1960 892; x_wconf 89' lang='lat' dir='ltr'><strong>sed</strong></span> <span class='ocrx_word' id='word_1_54' title='bbox 1982 836 2079 906; x_wconf 91' lang='lat' dir='ltr'><strong>qui</strong></span> 
     </span>
    </p>
   </div>
   <div class='ocr_carea' id='block_1_9' title="bbox 469 929 2077 1013">
    <p class='ocr_par' dir='ltr' id='par_1_9' title="bbox 469 929 2077 1013">
     <span class='ocr_line' id='line_1_9' title="bbox 469 929 2077 1013; baseline -0.007 -18"><span class='ocrx_word' id='word_1_55' title='bbox 469 942 534 997; x_wconf 87' lang='lat' dir='ltr'><strong>de</strong></span> <span class='ocrx_word' id='word_1_56' title='bbox 569 939 788 1001; x_wconf 80' lang='lat' dir='ltr'><strong>ancilla,</strong></span> <span class='ocrx_word' id='word_1_57' title='bbox 811 934 1099 991; x_wconf 88' lang='lat' dir='ltr'><strong>secundum</strong></span> <span class='ocrx_word' id='word_1_58' title='bbox 1119 948 1331 987; x_wconf 87' lang='lat' dir='ltr'><strong>carnem</strong></span> <span class='ocrx_word' id='word_1_59' title='bbox 1358 935 1520 987; x_wconf 89' lang='lat' dir='ltr'><strong>natus</strong></span> <span class='ocrx_word' id='word_1_60' title='bbox 1550 937 1661 998; x_wconf 88' lang='lat' dir='ltr'><strong>est;</strong></span> <span class='ocrx_word' id='word_1_61' title='bbox 1692 932 1790 1013; x_wconf 83' lang='lat' dir='ltr'><strong>qui</strong></span> <span class='ocrx_word' id='word_1_62' title='bbox 1813 934 1994 985; x_wconf 90' lang='lat' dir='ltr'><strong>autem</strong></span> <span class='ocrx_word' id='word_1_63' title='bbox 2012 929 2077 983; x_wconf 84' lang='lat' dir='ltr'><strong>de</strong></span> 
     </span>
    </p>
   </div>
   <div class='ocr_carea' id='block_1_10' title="bbox 472 1023 2075 1102">
    <p class='ocr_par' dir='ltr' id='par_1_10' title="bbox 472 1023 2075 1102">
     <span class='ocr_line' id='line_1_10' title="bbox 472 1023 2075 1102; baseline -0.008 -12"><span class='ocrx_word' id='word_1_64' title='bbox 472 1035 662 1095; x_wconf 86' lang='lat' dir='ltr'><strong>libera,</strong></span> <span class='ocrx_word' id='word_1_65' title='bbox 681 1047 776 1102; x_wconf 86' lang='lat' dir='ltr'><strong>per</strong></span> <span class='ocrx_word' id='word_1_66' title='bbox 802 1030 1258 1100; x_wconf 82' lang='lat' dir='ltr'><strong>repromissionem</strong></span> <span class='ocrx_word' id='word_1_67' title='bbox 1289 1027 1489 1092; x_wconf 88' lang='lat' dir='ltr'><strong>(Galat.</strong></span> <span class='ocrx_word' id='word_1_68' title='bbox 1520 1028 1629 1095; x_wconf 70' lang='grc' dir='ltr'><strong>ιν).</strong></span> <span class='ocrx_word' id='word_1_69' title='bbox 1664 1024 1743 1081; x_wconf 87' lang='lat' dir='ltr'><strong>Ad</strong></span> <span class='ocrx_word' id='word_1_70' title='bbox 1763 1023 2075 1096; x_wconf 81' lang='lat' dir='ltr'><strong>allegoriam</strong></span> 
     </span>
    </p>
   </div>
   <div class='ocr_carea' id='block_1_11' title="bbox 469 1118 2073 1198">
    <p class='ocr_par' dir='ltr' id='par_1_11' title="bbox 469 1118 2073 1198">
     <span class='ocr_line' id='line_1_11' title="bbox 469 1118 2073 1198; baseline -0.009 -13"><span class='ocrx_word' id='word_1_71' title='bbox 469 1136 653 1185; x_wconf 88' lang='lat' dir='ltr'><strong>autem</strong></span> <span class='ocrx_word' id='word_1_72' title='bbox 680 1125 950 1198; x_wconf 79' lang='lat' dir='ltr'><strong>pertinent</strong></span> <span class='ocrx_word' id='word_1_73' title='bbox 979 1136 1099 1192; x_wconf 72' lang='lat' dir='ltr'><strong>qua:</strong></span> <span class='ocrx_word' id='word_1_74' title='bbox 1124 1127 1445 1192; x_wconf 87' lang='lat' dir='ltr'><strong>sequuntur,</strong></span> <span class='ocrx_word' id='word_1_75' title='bbox 1469 1122 1595 1190; x_wconf 87' lang='lat' dir='ltr'><strong>quia</strong></span> <span class='ocrx_word' id='word_1_76' title='bbox 1621 1133 1683 1174; x_wconf 88' lang='lat' dir='ltr'><strong>ea</strong></span> <span class='ocrx_word' id='word_1_77' title='bbox 1698 1133 1821 1190; x_wconf 62' lang='lat' dir='ltr'><strong>quat</strong></span> <span class='ocrx_word' id='word_1_78' title='bbox 1848 1118 1904 1173; x_wconf 89' lang='lat' dir='ltr'><strong>in</strong></span> <span class='ocrx_word' id='word_1_79' title='bbox 1928 1118 2073 1172; x_wconf 87' lang='lat' dir='ltr'><strong>veri—</strong></span> 
     </span>
    </p>
   </div>
   <div class='ocr_carea' id='block_1_12' title="bbox 468 1208 2072 1293">
    <p class='ocr_par' dir='ltr' id='par_1_12' title="bbox 468 1208 2072 1293">
     <span class='ocr_line' id='line_1_12' title="bbox 468 1208 2072 1293; baseline -0.01 -14"><span class='ocrx_word' id='word_1_80' title='bbox 468 1230 580 1279; x_wconf 88' lang='lat' dir='ltr'><strong>tate</strong></span> <span class='ocrx_word' id='word_1_81' title='bbox 618 1229 764 1293; x_wconf 87' lang='lat' dir='ltr'><strong>gesta</strong></span> <span class='ocrx_word' id='word_1_82' title='bbox 799 1225 949 1283; x_wconf 89' lang='lat' dir='ltr'><strong>sunt,</strong></span> <span class='ocrx_word' id='word_1_83' title='bbox 1000 1215 1222 1270; x_wconf 81' lang='lat' dir='ltr'><strong>alterius</strong></span> <span class='ocrx_word' id='word_1_84' title='bbox 1260 1212 1588 1269; x_wconf 82' lang='lat' dir='ltr'><strong>sacramenti</strong></span> <span class='ocrx_word' id='word_1_85' title='bbox 1624 1210 1860 1267; x_wconf 88' lang='lat' dir='ltr'><strong>formam</strong></span> <span class='ocrx_word' id='word_1_86' title='bbox 1892 1208 2072 1281; x_wconf 73' lang='lat' dir='ltr'><strong>praeli-</strong></span> 
     </span>
    </p>
   </div>
   <div class='ocr_carea' id='block_1_13' title="bbox 470 1303 2073 1387">
    <p class='ocr_par' dir='ltr' id='par_1_13' title="bbox 470 1303 2073 1387">
     <span class='ocr_line' id='line_1_13' title="bbox 470 1303 2073 1387; baseline -0.009 -17"><span class='ocrx_word' id='word_1_87' title='bbox 470 1327 689 1387; x_wconf 88' lang='lat' dir='ltr'><strong>gurasse</strong></span> <span class='ocrx_word' id='word_1_88' title='bbox 720 1311 975 1365; x_wconf 88' lang='lat' dir='ltr'><strong>dicuntur</strong></span> <span class='ocrx_word' id='word_1_89' title='bbox 1002 1326 1014 1361; x_wconf 92' lang='lat'><strong>:</strong></span> <span class='ocrx_word' id='word_1_90' title='bbox 1051 1308 1174 1362; x_wconf 77' lang='lat' dir='ltr'><strong>Htec</strong></span> <span class='ocrx_word' id='word_1_91' title='bbox 1206 1308 1371 1373; x_wconf 87' lang='lat' dir='ltr'><strong>enim,</strong></span> <span class='ocrx_word' id='word_1_92' title='bbox 1398 1303 1594 1376; x_wconf 88' lang='lat' dir='ltr'><strong>inquit,</strong></span> <span class='ocrx_word' id='word_1_93' title='bbox 1621 1307 1749 1358; x_wconf 89' lang='lat' dir='ltr'><strong>sunt</strong></span> <span class='ocrx_word' id='word_1_94' title='bbox 1777 1303 1882 1357; x_wconf 87' lang='lat' dir='ltr'><strong>duo</strong></span> <span class='ocrx_word' id='word_1_95' title='bbox 1907 1306 2073 1357; x_wconf 88' lang='lat' dir='ltr'><strong>testa-</strong></span> 
     </span>
    </p>
   </div>
   <div class='ocr_carea' id='block_1_14' title="bbox 468 1398 2073 1471">
    <p class='ocr_par' dir='ltr' id='par_1_14' title="bbox 468 1398 2073 1471">
     <span class='ocr_line' id='line_1_14' title="bbox 468 1398 2073 1471; baseline -0.007 -10"><span class='ocrx_word' id='word_1_96' title='bbox 468 1411 677 1461; x_wconf 88' lang='lat' dir='ltr'><strong>menta:</strong></span> <span class='ocrx_word' id='word_1_97' title='bbox 708 1419 877 1458; x_wconf 89' lang='lat' dir='ltr'><strong>unum</strong></span> <span class='ocrx_word' id='word_1_98' title='bbox 918 1401 1133 1471; x_wconf 85' lang='lat' dir='ltr'><strong>quidem</strong></span> <span class='ocrx_word' id='word_1_99' title='bbox 1165 1400 1231 1453; x_wconf 89' lang='lat' dir='ltr'><strong>de</strong></span> <span class='ocrx_word' id='word_1_100' title='bbox 1265 1402 1441 1453; x_wconf 89' lang='lat' dir='ltr'><strong>monte</strong></span> <span class='ocrx_word' id='word_1_101' title='bbox 1480 1400 1633 1465; x_wconf 84' lang='lat' dir='ltr'><strong>Sina,</strong></span> <span class='ocrx_word' id='word_1_102' title='bbox 1676 1398 1736 1451; x_wconf 89' lang='lat' dir='ltr'><strong>in</strong></span> <span class='ocrx_word' id='word_1_103' title='bbox 1768 1399 2073 1452; x_wconf 83' lang='lat' dir='ltr'><strong>servitutem</strong></span> 
     </span>
    </p>
   </div>
   <div class='ocr_carea' id='block_1_15' title="bbox 467 1490 2073 1569">
    <p class='ocr_par' dir='ltr' id='par_1_15' title="bbox 467 1490 2073 1569">
     <span class='ocr_line' id='line_1_15' title="bbox 467 1490 2073 1569; baseline -0.007 -14"><span class='ocrx_word' id='word_1_104' title='bbox 467 1514 744 1569; x_wconf 88' lang='lat' dir='ltr'><strong>generans,</strong></span> <span class='ocrx_word' id='word_1_105' title='bbox 774 1496 916 1566; x_wconf 89' lang='lat' dir='ltr'><strong>quod</strong></span> <span class='ocrx_word' id='word_1_106' title='bbox 939 1495 1109 1565; x_wconf 67' lang='lat' dir='ltr'><strong>[Lips</strong></span> <span class='ocrx_word' id='word_1_107' title='bbox 1144 1495 1200 1547; x_wconf 84' lang='lat' dir='ltr'><strong>in</strong></span> <span class='ocrx_word' id='word_1_108' title='bbox 1220 1507 1402 1561; x_wconf 84' lang='lat' dir='ltr'><strong>marg.</strong></span> <span class='ocrx_word' id='word_1_109' title='bbox 1435 1494 1579 1561; x_wconf 75' lang='lat' dir='ltr'><strong>quae]</strong></span> <span class='ocrx_word' id='word_1_110' title='bbox 1607 1495 1686 1545; x_wconf 89' lang='lat' dir='ltr'><strong>est</strong></span> <span class='ocrx_word' id='word_1_111' title='bbox 1709 1492 1903 1559; x_wconf 83' lang='lat' dir='ltr'><strong>Agar:</strong></span> <span class='ocrx_word' id='word_1_112' title='bbox 1941 1490 2073 1546; x_wconf 88' lang='lat' dir='ltr'><strong>Sina</strong></span> 
     </span>
    </p>
   </div>
   <div class='ocr_carea' id='block_1_16' title="bbox 467 1575 2072 1655">
    <p class='ocr_par' dir='ltr' id='par_1_16' title="bbox 467 1575 2072 1655">
     <span class='ocr_line' id='line_1_16' title="bbox 467 1575 2072 1655; baseline -0.009 -6"><span class='ocrx_word' id='word_1_113' title='bbox 467 1597 610 1650; x_wconf 88' lang='lat' dir='ltr'><strong>enim</strong></span> <span class='ocrx_word' id='word_1_114' title='bbox 636 1605 785 1645; x_wconf 88' lang='lat' dir='ltr'><strong>mons</strong></span> <span class='ocrx_word' id='word_1_115' title='bbox 809 1593 887 1644; x_wconf 89' lang='lat' dir='ltr'><strong>est</strong></span> <span class='ocrx_word' id='word_1_116' title='bbox 914 1591 969 1642; x_wconf 88' lang='lat' dir='ltr'><strong>in</strong></span> <span class='ocrx_word' id='word_1_117' title='bbox 1011 1575 1246 1650; x_wconf 82' lang='lat' dir='ltr'><strong>Arabia,</strong></span> <span class='ocrx_word' id='word_1_118' title='bbox 1285 1588 1385 1655; x_wconf 91' lang='lat' dir='ltr'><strong>qui</strong></span> <span class='ocrx_word' id='word_1_119' title='bbox 1409 1588 1751 1654; x_wconf 81' lang='lat' dir='ltr'><strong>comparatur</strong></span> <span class='ocrx_word' id='word_1_120' title='bbox 1779 1584 1922 1651; x_wconf 87' lang='lat' dir='ltr'><strong>huic,</strong></span> <span class='ocrx_word' id='word_1_121' title='bbox 1953 1598 2072 1653; x_wconf 67' lang='lat' dir='ltr'><strong>qua:</strong></span> 
     </span>
    </p>
   </div>
   <div class='ocr_carea' id='block_1_17' title="bbox 465 1678 2073 1747">
    <p class='ocr_par' dir='ltr' id='par_1_17' title="bbox 465 1678 2073 1747">
     <span class='ocr_line' id='line_1_17' title="bbox 465 1678 2073 1747; baseline -0.008 -5"><span class='ocrx_word' id='word_1_122' title='bbox 465 1702 607 1742; x_wconf 88' lang='lat' dir='ltr'><strong>nunc</strong></span> <span class='ocrx_word' id='word_1_123' title='bbox 634 1688 710 1740; x_wconf 85' lang='lat' dir='ltr'><strong>est</strong></span> <span class='ocrx_word' id='word_1_124' title='bbox 743 1683 1058 1743; x_wconf 79' lang='lat' dir='ltr'><strong>Jerusalem,</strong></span> <span class='ocrx_word' id='word_1_125' title='bbox 1092 1683 1142 1734; x_wconf 90' lang='lat' dir='ltr'><strong>et</strong></span> <span class='ocrx_word' id='word_1_126' title='bbox 1164 1680 1325 1733; x_wconf 81' lang='lat' dir='ltr'><strong>serrit</strong></span> <span class='ocrx_word' id='word_1_127' title='bbox 1353 1694 1471 1732; x_wconf 88' lang='lat' dir='ltr'><strong>cum</strong></span> <span class='ocrx_word' id='word_1_128' title='bbox 1496 1679 1626 1747; x_wconf 83' lang='lat' dir='ltr'><strong>ﬁliis</strong></span> <span class='ocrx_word' id='word_1_129' title='bbox 1654 1678 1784 1732; x_wconf 89' lang='lat' dir='ltr'><strong>suis.</strong></span> <span class='ocrx_word' id='word_1_130' title='bbox 1817 1678 2073 1747; x_wconf 85' lang='lat' dir='ltr'><strong>Anagoge</strong></span> 
     </span>
    </p>
   </div>
   <div class='ocr_carea' id='block_1_18' title="bbox 468 1768 2071 1849">
    <p class='ocr_par' dir='ltr' id='par_1_18' title="bbox 468 1768 2071 1849">
     <span class='ocr_line' id='line_1_18' title="bbox 468 1768 2071 1849; baseline -0.009 -12"><span class='ocrx_word' id='word_1_131' title='bbox 468 1795 593 1837; x_wconf 82' lang='lat' dir='ltr'><strong>vero</strong></span> <span class='ocrx_word' id='word_1_132' title='bbox 618 1777 685 1835; x_wconf 91' lang='lat' dir='ltr'><strong>de</strong></span> <span class='ocrx_word' id='word_1_133' title='bbox 712 1774 1044 1849; x_wconf 83' lang='lat' dir='ltr'><strong>spiritalibus</strong></span> <span class='ocrx_word' id='word_1_134' title='bbox 1079 1771 1357 1843; x_wconf 82' lang='lat' dir='ltr'><strong>mysteriis</strong></span> <span class='ocrx_word' id='word_1_135' title='bbox 1380 1769 1445 1826; x_wconf 89' lang='lat' dir='ltr'><strong>ad</strong></span> <span class='ocrx_word' id='word_1_136' title='bbox 1472 1769 1791 1827; x_wconf 86' lang='lat' dir='ltr'><strong>sublimiora</strong></span> <span class='ocrx_word' id='word_1_137' title='bbox 1819 1768 2071 1841; x_wconf 64' lang='lat' dir='ltr'><strong>quaedam</strong></span> 
     </span>
    </p>
   </div>
   <div class='ocr_carea' id='block_1_19' title="bbox 466 1860 2071 1932">
    <p class='ocr_par' dir='ltr' id='par_1_19' title="bbox 466 1860 2071 1932">
     <span class='ocr_line' id='line_1_19' title="bbox 466 1860 2071 1932; baseline -0.008 -3"><span class='ocrx_word' id='word_1_138' title='bbox 466 1881 523 1929; x_wconf 91' lang='lat' dir='ltr'><strong>et</strong></span> <span class='ocrx_word' id='word_1_139' title='bbox 545 1869 835 1928; x_wconf 87' lang='lat' dir='ltr'><strong>sacratiora</strong></span> <span class='ocrx_word' id='word_1_140' title='bbox 865 1868 1129 1924; x_wconf 60' lang='lat' dir='ltr'><strong>calorum</strong></span> <span class='ocrx_word' id='word_1_141' title='bbox 1162 1871 1369 1921; x_wconf 87' lang='lat' dir='ltr'><strong>secreta</strong></span> <span class='ocrx_word' id='word_1_142' title='bbox 1397 1862 1789 1932; x_wconf 89' lang='lat' dir='ltr'><strong>conscendens,</strong></span> <span class='ocrx_word' id='word_1_143' title='bbox 1818 1860 1888 1917; x_wconf 89' lang='lat' dir='ltr'><strong>ab</strong></span> <span class='ocrx_word' id='word_1_144' title='bbox 1921 1866 2071 1932; x_wconf 87' lang='lat' dir='ltr'><strong>Apo-</strong></span> 
     </span>
    </p>
   </div>
   <div class='ocr_carea' id='block_1_20' title="bbox 465 1955 2066 2033">
    <p class='ocr_par' dir='ltr' id='par_1_20' title="bbox 465 1955 2066 2033">
     <span class='ocr_line' id='line_1_20' title="bbox 465 1955 2066 2033; baseline -0.009 -10"><span class='ocrx_word' id='word_1_145' title='bbox 465 1966 608 2023; x_wconf 88' lang='lat' dir='ltr'><strong>stolo</strong></span> <span class='ocrx_word' id='word_1_146' title='bbox 626 1964 697 2020; x_wconf 90' lang='lat' dir='ltr'><strong>ita</strong></span> <span class='ocrx_word' id='word_1_147' title='bbox 722 1961 1037 2033; x_wconf 80' lang='lat' dir='ltr'><strong>subjicitur.</strong></span> <span class='ocrx_word' id='word_1_148' title='bbox 1063 1960 1192 2026; x_wconf 63' lang='lat' dir='ltr'><strong>Quae</strong></span> <span class='ocrx_word' id='word_1_149' title='bbox 1215 1962 1394 2013; x_wconf 86' lang='lat' dir='ltr'><strong>autem</strong></span> <span class='ocrx_word' id='word_1_150' title='bbox 1424 1972 1637 2012; x_wconf 79' lang='lat' dir='ltr'><strong>sursum</strong></span> <span class='ocrx_word' id='word_1_151' title='bbox 1657 1960 1733 2011; x_wconf 89' lang='lat' dir='ltr'><strong>est</strong></span> <span class='ocrx_word' id='word_1_152' title='bbox 1760 1955 2066 2022; x_wconf 73' lang='lat' dir='ltr'><strong>Jerusalem,</strong></span> 
     </span>
    </p>
   </div>
   <div class='ocr_carea' id='block_1_21' title="bbox 468 2049 2069 2128">
    <p class='ocr_par' dir='ltr' id='par_1_21' title="bbox 468 2049 2069 2128">
     <span class='ocr_line' id='line_1_21' title="bbox 468 2049 2069 2128; baseline -0.01 -11"><span class='ocrx_word' id='word_1_153' title='bbox 468 2062 643 2117; x_wconf 86' lang='lat' dir='ltr'><strong>libera</strong></span> <span class='ocrx_word' id='word_1_154' title='bbox 671 2062 768 2121; x_wconf 85' lang='lat' dir='ltr'><strong>est,</strong></span> <span class='ocrx_word' id='word_1_155' title='bbox 798 2073 916 2128; x_wconf 70' lang='lat' dir='ltr'><strong>quae</strong></span> <span class='ocrx_word' id='word_1_156' title='bbox 945 2060 1022 2111; x_wconf 88' lang='lat' dir='ltr'><strong>est</strong></span> <span class='ocrx_word' id='word_1_157' title='bbox 1048 2059 1223 2108; x_wconf 82' lang='lat' dir='ltr'><strong>mater</strong></span> <span class='ocrx_word' id='word_1_158' title='bbox 1254 2057 1459 2107; x_wconf 88' lang='lat' dir='ltr'><strong>nostra.</strong></span> <span class='ocrx_word' id='word_1_159' title='bbox 1488 2053 1761 2120; x_wconf 78' lang='lat' dir='ltr'><strong>Scriptum</strong></span> <span class='ocrx_word' id='word_1_160' title='bbox 1789 2052 1867 2103; x_wconf 89' lang='lat' dir='ltr'><strong>est</strong></span> <span class='ocrx_word' id='word_1_161' title='bbox 1890 2049 2069 2103; x_wconf 87' lang='lat' dir='ltr'><strong>enim:</strong></span> 
     </span>
    </p>
   </div>
   <div class='ocr_carea' id='block_1_22' title="bbox 468 2144 2072 2220">
    <p class='ocr_par' dir='ltr' id='par_1_22' title="bbox 468 2144 2072 2220">
     <span class='ocr_line' id='line_1_22' title="bbox 468 2144 2072 2220; baseline -0.009 -10"><span class='ocrx_word' id='word_1_162' title='bbox 468 2159 671 2212; x_wconf 70' lang='lat' dir='ltr'><strong>Laetare</strong></span> <span class='ocrx_word' id='word_1_163' title='bbox 694 2153 912 2217; x_wconf 76' lang='lat' dir='ltr'><strong>sterilis,</strong></span> <span class='ocrx_word' id='word_1_164' title='bbox 936 2165 1057 2220; x_wconf 63' lang='lat' dir='ltr'><strong>quae</strong></span> <span class='ocrx_word' id='word_1_165' title='bbox 1084 2163 1191 2202; x_wconf 89' lang='lat' dir='ltr'><strong>non</strong></span> <span class='ocrx_word' id='word_1_166' title='bbox 1212 2148 1367 2217; x_wconf 88' lang='lat' dir='ltr'><strong>paris</strong></span> <span class='ocrx_word' id='word_1_167' title='bbox 1385 2165 1401 2211; x_wconf 89' lang='lat'><strong><em>;</em></strong></span> <span class='ocrx_word' id='word_1_168' title='bbox 1417 2160 1633 2214; x_wconf 81' lang='lat' dir='ltr'><strong>erumpe</strong></span> <span class='ocrx_word' id='word_1_169' title='bbox 1660 2147 1710 2198; x_wconf 88' lang='lat' dir='ltr'><strong>et</strong></span> <span class='ocrx_word' id='word_1_170' title='bbox 1737 2144 1926 2206; x_wconf 90' lang='lat' dir='ltr'><strong>clama,</strong></span> <span class='ocrx_word' id='word_1_171' title='bbox 1953 2158 2072 2213; x_wconf 70' lang='lat' dir='ltr'><strong>qua:</strong></span> 
     </span>
    </p>
   </div>
   <div class='ocr_carea' id='block_1_23' title="bbox 462 2238 2067 2317">
    <p class='ocr_par' dir='ltr' id='par_1_23' title="bbox 462 2238 2067 2317">
     <span class='ocr_line' id='line_1_23' title="bbox 462 2238 2067 2317; baseline -0.009 -12"><span class='ocrx_word' id='word_1_172' title='bbox 462 2265 569 2305; x_wconf 88' lang='lat' dir='ltr'><strong>non</strong></span> <span class='ocrx_word' id='word_1_173' title='bbox 592 2248 838 2317; x_wconf 79' lang='lat' dir='ltr'><strong>parturis</strong></span> <span class='ocrx_word' id='word_1_174' title='bbox 856 2265 871 2311; x_wconf 90' lang='lat'><strong><em>;</em></strong></span> <span class='ocrx_word' id='word_1_175' title='bbox 894 2245 1023 2313; x_wconf 86' lang='lat' dir='ltr'><strong>quia</strong></span> <span class='ocrx_word' id='word_1_176' title='bbox 1043 2242 1205 2297; x_wconf 87' lang='lat' dir='ltr'><strong>multi</strong></span> <span class='ocrx_word' id='word_1_177' title='bbox 1219 2242 1324 2310; x_wconf 81' lang='lat' dir='ltr'><strong>ﬁlii</strong></span> <span class='ocrx_word' id='word_1_178' title='bbox 1345 2240 1567 2295; x_wconf 76' lang='lat' dir='ltr'><strong>desertw</strong></span> <span class='ocrx_word' id='word_1_179' title='bbox 1583 2241 1758 2307; x_wconf 86' lang='lat' dir='ltr'><strong>magis</strong></span> <span class='ocrx_word' id='word_1_180' title='bbox 1772 2255 1937 2307; x_wconf 89' lang='lat' dir='ltr'><strong>quam</strong></span> <span class='ocrx_word' id='word_1_181' title='bbox 1952 2238 2067 2307; x_wconf 87' lang='lat' dir='ltr'><strong>ejus</strong></span> 
     </span>
    </p>
   </div>
   <div class='ocr_carea' id='block_1_24' title="bbox 464 2332 2062 2415">
    <p class='ocr_par' dir='ltr' id='par_1_24' title="bbox 464 2332 2062 2415">
     <span class='ocr_line' id='line_1_24' title="bbox 464 2332 2062 2415; baseline -0.009 -16"><span class='ocrx_word' id='word_1_182' title='bbox 464 2360 583 2415; x_wconf 71' lang='lat' dir='ltr'><strong>qua:</strong></span> <span class='ocrx_word' id='word_1_183' title='bbox 613 2342 771 2397; x_wconf 87' lang='lat' dir='ltr'><strong>habet</strong></span> <span class='ocrx_word' id='word_1_184' title='bbox 793 2341 975 2393; x_wconf 78' lang='lat' dir='ltr'><strong>virum</strong></span> <span class='ocrx_word' id='word_1_185' title='bbox 1004 2335 1211 2404; x_wconf 72' lang='lat' dir='ltr'><strong>(Ibid).</strong></span> <span class='ocrx_word' id='word_1_186' title='bbox 1244 2332 1571 2405; x_wconf 88' lang='lat' dir='ltr'><strong>Tropologia</strong></span> <span class='ocrx_word' id='word_1_187' title='bbox 1596 2340 1679 2389; x_wconf 89' lang='lat' dir='ltr'><strong>est</strong></span> <span class='ocrx_word' id='word_1_188' title='bbox 1711 2332 1936 2389; x_wconf 88' lang='lat' dir='ltr'><strong>moralis</strong></span> <span class='ocrx_word' id='word_1_189' title='bbox 1974 2347 2062 2386; x_wconf 84' lang='lat' dir='ltr'><strong>ex-</strong></span> 
     </span>
    </p>
   </div>
   <div class='ocr_carea' id='block_1_25' title="bbox 465 2424 2069 2509">
    <p class='ocr_par' dir='ltr' id='par_1_25' title="bbox 465 2424 2069 2509">
     <span class='ocr_line' id='line_1_25' title="bbox 465 2424 2069 2509; baseline -0.008 -16"><span class='ocrx_word' id='word_1_190' title='bbox 465 2435 723 2509; x_wconf 87' lang='lat' dir='ltr'><strong>planatio,</strong></span> <span class='ocrx_word' id='word_1_191' title='bbox 762 2431 834 2488; x_wconf 90' lang='lat' dir='ltr'><strong>ad</strong></span> <span class='ocrx_word' id='word_1_192' title='bbox 886 2424 1329 2487; x_wconf 83' lang='lat' dir='ltr'><strong>emendationem</strong></span> <span class='ocrx_word' id='word_1_193' title='bbox 1371 2425 1502 2482; x_wconf 66' lang='lat' dir='ltr'><strong>vitae</strong></span> <span class='ocrx_word' id='word_1_194' title='bbox 1554 2432 1609 2482; x_wconf 90' lang='lat' dir='ltr'><strong>et</strong></span> <span class='ocrx_word' id='word_1_195' title='bbox 1654 2424 2069 2481; x_wconf 85' lang='lat' dir='ltr'><strong>instructionem</strong></span> 
     </span>
    </p>
   </div>
   <div class='ocr_carea' id='block_1_26' title="bbox 469 2518 2071 2604">
    <p class='ocr_par' dir='ltr' id='par_1_26' title="bbox 469 2518 2071 2604">
     <span class='ocr_line' id='line_1_26' title="bbox 469 2518 2071 2604; baseline -0.011 -14"><span class='ocrx_word' id='word_1_196' title='bbox 469 2531 745 2604; x_wconf 84' lang='lat' dir='ltr'><strong>pertinens</strong></span> <span class='ocrx_word' id='word_1_197' title='bbox 783 2524 1072 2591; x_wconf 87' lang='lat' dir='ltr'><strong>actualem,</strong></span> <span class='ocrx_word' id='word_1_198' title='bbox 1111 2520 1258 2577; x_wconf 84' lang='lat' dir='ltr'><strong>velut</strong></span> <span class='ocrx_word' id='word_1_199' title='bbox 1303 2519 1347 2577; x_wconf 91' lang='lat' dir='ltr'><strong>si</strong></span> <span class='ocrx_word' id='word_1_200' title='bbox 1370 2519 1490 2576; x_wconf 64' lang='lat' dir='ltr'><strong>haec</strong></span> <span class='ocrx_word' id='word_1_201' title='bbox 1517 2518 1709 2576; x_wconf 89' lang='lat' dir='ltr'><strong>eadem</strong></span> <span class='ocrx_word' id='word_1_202' title='bbox 1739 2518 1850 2575; x_wconf 91' lang='lat' dir='ltr'><strong>duo</strong></span> <span class='ocrx_word' id='word_1_203' title='bbox 1876 2521 2071 2574; x_wconf 87' lang='lat' dir='ltr'><strong>Testa-</strong></span> 
     </span>
    </p>
   </div>
   <div class='ocr_carea' id='block_1_27' title="bbox 368 2611 2073 2692">
    <p class='ocr_par' dir='ltr' id='par_1_27' title="bbox 368 2611 2073 2692">
     <span class='ocr_line' id='line_1_27' title="bbox 368 2611 2073 2692; baseline -0.008 -10"><span class='ocrx_word' id='word_1_204' title='bbox 368 2674 379 2681; x_wconf 83' lang='lat'><strong>.</strong></span> <span class='ocrx_word' id='word_1_205' title='bbox 469 2632 653 2682; x_wconf 87' lang='lat' dir='ltr'><strong>menta</strong></span> <span class='ocrx_word' id='word_1_206' title='bbox 699 2620 1067 2692; x_wconf 82' lang='lat' dir='ltr'><strong>intelligamus</strong></span> <span class='ocrx_word' id='word_1_207' title='bbox 1107 2615 1377 2689; x_wconf 88' lang='lat' dir='ltr'><strong>practicen</strong></span> <span class='ocrx_word' id='word_1_208' title='bbox 1426 2623 1482 2670; x_wconf 89' lang='lat' dir='ltr'><strong>et</strong></span> <span class='ocrx_word' id='word_1_209' title='bbox 1527 2613 1862 2670; x_wconf 89' lang='lat' dir='ltr'><strong>theoreticen</strong></span> <span class='ocrx_word' id='word_1_210' title='bbox 1907 2611 2073 2669; x_wconf 88' lang='lat' dir='ltr'><strong>disci-</strong></span> 
     </span>
    </p>
   </div>
   <div class='ocr_carea' id='block_1_28' title="bbox 473 2705 2072 2790">
    <p class='ocr_par' dir='ltr' id='par_1_28' title="bbox 473 2705 2072 2790">
     <span class='ocr_line' id='line_1_28' title="bbox 473 2705 2072 2790; baseline -0.009 -15"><span class='ocrx_word' id='word_1_211' title='bbox 473 2719 668 2790; x_wconf 91' lang='lat' dir='ltr'><strong>plinam</strong></span> <span class='ocrx_word' id='word_1_212' title='bbox 694 2735 709 2784; x_wconf 86' lang='lat'><strong>;</strong></span> <span class='ocrx_word' id='word_1_213' title='bbox 741 2715 822 2771; x_wconf 85' lang='lat' dir='ltr'><strong>vel</strong></span> <span class='ocrx_word' id='word_1_214' title='bbox 846 2720 991 2770; x_wconf 87' lang='lat' dir='ltr'><strong>certe</strong></span> <span class='ocrx_word' id='word_1_215' title='bbox 1018 2710 1062 2767; x_wconf 89' lang='lat' dir='ltr'><strong>si</strong></span> <span class='ocrx_word' id='word_1_216' title='bbox 1089 2708 1390 2766; x_wconf 88' lang='lat' dir='ltr'><strong>Jerusalem</strong></span> <span class='ocrx_word' id='word_1_217' title='bbox 1416 2716 1508 2764; x_wconf 89' lang='lat' dir='ltr'><strong>aut</strong></span> <span class='ocrx_word' id='word_1_218' title='bbox 1536 2706 1667 2765; x_wconf 90' lang='lat' dir='ltr'><strong>Sion</strong></span> <span class='ocrx_word' id='word_1_219' title='bbox 1691 2707 1933 2763; x_wconf 88' lang='lat' dir='ltr'><strong>animam</strong></span> <span class='ocrx_word' id='word_1_220' title='bbox 1965 2705 2072 2761; x_wconf 86' lang='lat' dir='ltr'><strong>ho-</strong></span> 
     </span>
    </p>
   </div>
   <div class='ocr_carea' id='block_1_29' title="bbox 473 2800 2073 2879">
    <p class='ocr_par' dir='ltr' id='par_1_29' title="bbox 473 2800 2073 2879">
     <span class='ocr_line' id='line_1_29' title="bbox 473 2800 2073 2879; baseline -0.008 -12"><span class='ocrx_word' id='word_1_221' title='bbox 473 2811 634 2867; x_wconf 88' lang='lat' dir='ltr'><strong>minis</strong></span> <span class='ocrx_word' id='word_1_222' title='bbox 659 2809 888 2865; x_wconf 83' lang='lat' dir='ltr'><strong>velimus</strong></span> <span class='ocrx_word' id='word_1_223' title='bbox 929 2806 1196 2879; x_wconf 86' lang='lat' dir='ltr'><strong>acciperc,</strong></span> <span class='ocrx_word' id='word_1_224' title='bbox 1232 2802 1537 2860; x_wconf 89' lang='lat' dir='ltr'><strong>secundum</strong></span> <span class='ocrx_word' id='word_1_225' title='bbox 1563 2800 1715 2867; x_wconf 90' lang='lat' dir='ltr'><strong>illud,</strong></span> <span class='ocrx_word' id='word_1_226' title='bbox 1750 2802 1954 2864; x_wconf 86' lang='lat' dir='ltr'><strong>Lauda,</strong></span> <span class='ocrx_word' id='word_1_227' title='bbox 1999 2803 2073 2856; x_wconf 83' lang='lat' dir='ltr'><strong>Je-</strong></span> 
     </span>
    </p>
   </div>
   <div class='ocr_carea' id='block_1_30' title="bbox 469 2895 2069 2966">
    <p class='ocr_par' dir='ltr' id='par_1_30' title="bbox 469 2895 2069 2966">
     <span class='ocr_line' id='line_1_30' title="bbox 469 2895 2069 2966; baseline -0.007 -6"><span class='ocrx_word' id='word_1_228' title='bbox 469 2906 724 2966; x_wconf 85' lang='lat' dir='ltr'><strong>rusalem,</strong></span> <span class='ocrx_word' id='word_1_229' title='bbox 748 2903 1066 2966; x_wconf 86' lang='lat' dir='ltr'><strong>Dominum;</strong></span> <span class='ocrx_word' id='word_1_230' title='bbox 1090 2898 1261 2954; x_wconf 85' lang='lat' dir='ltr'><strong>lauda</strong></span> <span class='ocrx_word' id='word_1_231' title='bbox 1295 2903 1462 2953; x_wconf 90' lang='lat' dir='ltr'><strong>Deum</strong></span> <span class='ocrx_word' id='word_1_232' title='bbox 1491 2899 1664 2958; x_wconf 87' lang='lat' dir='ltr'><strong>tuum,</strong></span> <span class='ocrx_word' id='word_1_233' title='bbox 1692 2896 1821 2950; x_wconf 84' lang='lat' dir='ltr'><strong>Sion</strong></span> <span class='ocrx_word' id='word_1_234' title='bbox 1852 2895 2069 2962; x_wconf 83' lang='lat' dir='ltr'><strong>(Psalm.</strong></span> 
     </span>
    </p>
   </div>
   <div class='ocr_carea' id='block_1_31' title="bbox 470 2987 2075 3066">
    <p class='ocr_par' dir='ltr' id='par_1_31' title="bbox 470 2987 2075 3066">
     <span class='ocr_line' id='line_1_31' title="bbox 470 2987 2075 3066; baseline -0.006 -12"><span class='ocrx_word' id='word_1_235' title='bbox 470 2998 708 3065; x_wconf 71' lang='lat' dir='ltr'><strong>cxnvn).</strong></span> <span class='ocrx_word' id='word_1_236' title='bbox 738 2996 914 3066; x_wconf 84' lang='lat' dir='ltr'><strong>Igitur</strong></span> <span class='ocrx_word' id='word_1_237' title='bbox 935 2993 1208 3065; x_wconf 68' lang='lat' dir='ltr'><strong>praedicta:</strong></span> <span class='ocrx_word' id='word_1_238' title='bbox 1230 2999 1464 3062; x_wconf 86' lang='lat' dir='ltr'><strong>quatuor</strong></span> <span class='ocrx_word' id='word_1_239' title='bbox 1504 2989 1692 3060; x_wconf 69' lang='lat' dir='ltr'><strong>ﬁgurae</strong></span> <span class='ocrx_word' id='word_1_240' title='bbox 1720 2987 1773 3041; x_wconf 91' lang='lat' dir='ltr'><strong>in</strong></span> <span class='ocrx_word' id='word_1_241' title='bbox 1801 3002 1970 3044; x_wconf 87' lang='lat' dir='ltr'><strong>unum</strong></span> <span class='ocrx_word' id='word_1_242' title='bbox 2000 2988 2075 3044; x_wconf 84' lang='lat' dir='ltr'><strong>ita</strong></span> 
     </span>
    </p>
   </div>
   <div class='ocr_carea' id='block_1_32' title="bbox 2186 542 3793 623">
    <p class='ocr_par' dir='ltr' id='par_1_32' title="bbox 2186 542 3793 623">
     <span class='ocr_line' id='line_1_32' title="bbox 2186 542 3793 623; baseline -0.004 -14"><span class='ocrx_word' id='word_1_243' title='bbox 2186 552 2356 609; x_wconf 89' lang='lat' dir='ltr'><strong>salem</strong></span> <span class='ocrx_word' id='word_1_244' title='bbox 2378 548 2764 623; x_wconf 84' lang='lat' dir='ltr'><strong>quadrifariam</strong></span> <span class='ocrx_word' id='word_1_245' title='bbox 2786 548 2950 620; x_wconf 90' lang='lat' dir='ltr'><strong>possit</strong></span> <span class='ocrx_word' id='word_1_246' title='bbox 2982 545 3244 618; x_wconf 83' lang='lat' dir='ltr'><strong>intelligi:</strong></span> <span class='ocrx_word' id='word_1_247' title='bbox 3278 542 3581 602; x_wconf 89' lang='lat' dir='ltr'><strong>secundum</strong></span> <span class='ocrx_word' id='word_1_248' title='bbox 3614 545 3793 603; x_wconf 87' lang='lat' dir='ltr'><strong>histo-</strong></span> 
     </span>
    </p>
   </div>
   <div class='ocr_carea' id='block_1_33' title="bbox 2186 638 3795 712">
    <p class='ocr_par' dir='ltr' id='par_1_33' title="bbox 2186 638 3795 712">
     <span class='ocr_line' id='line_1_33' title="bbox 2186 638 3795 712; baseline -0.003 -11"><span class='ocrx_word' id='word_1_249' title='bbox 2186 646 2333 701; x_wconf 84' lang='lat' dir='ltr'><strong>riam</strong></span> <span class='ocrx_word' id='word_1_250' title='bbox 2350 643 2536 700; x_wconf 86' lang='lat' dir='ltr'><strong>civitas</strong></span> <span class='ocrx_word' id='word_1_251' title='bbox 2565 643 2909 712; x_wconf 75' lang='lat' dir='ltr'><strong>Judzeorum,</strong></span> <span class='ocrx_word' id='word_1_252' title='bbox 2932 638 3236 696; x_wconf 86' lang='lat' dir='ltr'><strong>secundum</strong></span> <span class='ocrx_word' id='word_1_253' title='bbox 3270 638 3588 712; x_wconf 80' lang='lat' dir='ltr'><strong>allegoriam</strong></span> <span class='ocrx_word' id='word_1_254' title='bbox 3618 640 3795 696; x_wconf 79' lang='lat' dir='ltr'><strong>Eccle-</strong></span> 
     </span>
    </p>
   </div>
   <div class='ocr_carea' id='block_1_34' title="bbox 2186 733 3791 808">
    <p class='ocr_par' dir='ltr' id='par_1_34' title="bbox 2186 733 3791 808">
     <span class='ocr_line' id='line_1_34' title="bbox 2186 733 3791 808; baseline -0.002 -13"><span class='ocrx_word' id='word_1_255' title='bbox 2186 741 2265 795; x_wconf 89' lang='lat' dir='ltr'><strong>sia</strong></span> <span class='ocrx_word' id='word_1_256' title='bbox 2292 737 2513 804; x_wconf 87' lang='lat' dir='ltr'><strong>Christi,</strong></span> <span class='ocrx_word' id='word_1_257' title='bbox 2545 736 2847 794; x_wconf 88' lang='lat' dir='ltr'><strong>secundum</strong></span> <span class='ocrx_word' id='word_1_258' title='bbox 2875 749 3152 808; x_wconf 85' lang='lat' dir='ltr'><strong>anagogen</strong></span> <span class='ocrx_word' id='word_1_259' title='bbox 3182 733 3365 789; x_wconf 83' lang='lat' dir='ltr'><strong>civitas</strong></span> <span class='ocrx_word' id='word_1_260' title='bbox 3407 733 3512 789; x_wconf 87' lang='lat' dir='ltr'><strong>Dei</strong></span> <span class='ocrx_word' id='word_1_261' title='bbox 3551 733 3640 789; x_wconf 90' lang='lat' dir='ltr'><strong>illa</strong></span> <span class='ocrx_word' id='word_1_262' title='bbox 3678 751 3791 792; x_wconf 79' lang='lat' dir='ltr'><strong>cte-</strong></span> 
     </span>
    </p>
   </div>
   <div class='ocr_carea' id='block_1_35' title="bbox 2187 829 3791 904">
    <p class='ocr_par' dir='ltr' id='par_1_35' title="bbox 2187 829 3791 904">
     <span class='ocr_line' id='line_1_35' title="bbox 2187 829 3791 904; baseline -0.001 -16"><span class='ocrx_word' id='word_1_263' title='bbox 2187 832 2337 889; x_wconf 88' lang='lat' dir='ltr'><strong>lestis</strong></span> <span class='ocrx_word' id='word_1_264' title='bbox 2372 846 2497 904; x_wconf 62' lang='lat' dir='ltr'><strong>qua</strong></span> <span class='ocrx_word' id='word_1_265' title='bbox 2526 840 2609 888; x_wconf 89' lang='lat' dir='ltr'><strong>est</strong></span> <span class='ocrx_word' id='word_1_266' title='bbox 2651 838 2827 899; x_wconf 82' lang='lat' dir='ltr'><strong>mater</strong></span> <span class='ocrx_word' id='word_1_267' title='bbox 2870 829 3120 885; x_wconf 90' lang='lat' dir='ltr'><strong>omnium</strong></span> <span class='ocrx_word' id='word_1_268' title='bbox 3158 835 3453 896; x_wconf 86' lang='lat' dir='ltr'><strong>nostrum;</strong></span> <span class='ocrx_word' id='word_1_269' title='bbox 3489 829 3791 887; x_wconf 87' lang='lat' dir='ltr'><strong>secundum</strong></span> 
     </span>
    </p>
   </div>
   <div class='ocr_carea' id='block_1_36' title="bbox 2186 918 3796 999">
    <p class='ocr_par' dir='ltr' id='par_1_36' title="bbox 2186 918 3796 999">
     <span class='ocr_line' id='line_1_36' title="bbox 2186 918 3796 999; baseline 0 -17"><span class='ocrx_word' id='word_1_270' title='bbox 2186 925 2547 999; x_wconf 85' lang='lat' dir='ltr'><strong>tropologiam</strong></span> <span class='ocrx_word' id='word_1_271' title='bbox 2577 925 2758 981; x_wconf 89' lang='lat' dir='ltr'><strong>anima</strong></span> <span class='ocrx_word' id='word_1_272' title='bbox 2784 923 3041 992; x_wconf 89' lang='lat' dir='ltr'><strong>hominis,</strong></span> <span class='ocrx_word' id='word_1_273' title='bbox 3069 938 3193 995; x_wconf 79' lang='lat' dir='ltr'><strong>qua:</strong></span> <span class='ocrx_word' id='word_1_274' title='bbox 3234 918 3544 994; x_wconf 82' lang='lat' dir='ltr'><strong>frequenter</strong></span> <span class='ocrx_word' id='word_1_275' title='bbox 3572 923 3680 981; x_wconf 86' lang='lat' dir='ltr'><strong>hoc</strong></span> <span class='ocrx_word' id='word_1_276' title='bbox 3704 940 3796 982; x_wconf 87' lang='lat' dir='ltr'><strong>no-</strong></span> 
     </span>
    </p>
   </div>
   <div class='ocr_carea' id='block_1_37' title="bbox 2184 1017 3799 1092">
    <p class='ocr_par' dir='ltr' id='par_1_37' title="bbox 2184 1017 3799 1092">
     <span class='ocr_line' id='line_1_37' title="bbox 2184 1017 3799 1092; baseline -0.002 -15"><span class='ocrx_word' id='word_1_277' title='bbox 2184 1022 2334 1077; x_wconf 86' lang='lat' dir='ltr'><strong>mine</strong></span> <span class='ocrx_word' id='word_1_278' title='bbox 2361 1028 2457 1076; x_wconf 88' lang='lat' dir='ltr'><strong>aut</strong></span> <span class='ocrx_word' id='word_1_279' title='bbox 2480 1020 2810 1092; x_wconf 86' lang='lat' dir='ltr'><strong>increpatur,</strong></span> <span class='ocrx_word' id='word_1_280' title='bbox 2834 1027 2926 1075; x_wconf 90' lang='lat' dir='ltr'><strong>aut</strong></span> <span class='ocrx_word' id='word_1_281' title='bbox 2960 1017 3214 1073; x_wconf 88' lang='lat' dir='ltr'><strong>laudatur</strong></span> <span class='ocrx_word' id='word_1_282' title='bbox 3248 1034 3277 1072; x_wconf 90' lang='lat' dir='ltr'><strong>a</strong></span> <span class='ocrx_word' id='word_1_283' title='bbox 3308 1019 3559 1074; x_wconf 90' lang='lat' dir='ltr'><strong>Domino.</strong></span> <span class='ocrx_word' id='word_1_284' title='bbox 3592 1021 3682 1075; x_wconf 84' lang='lat' dir='ltr'><strong>De</strong></span> <span class='ocrx_word' id='word_1_285' title='bbox 3710 1018 3799 1074; x_wconf 88' lang='lat' dir='ltr'><strong>bis</strong></span> 
     </span>
    </p>
   </div>
   <div class='ocr_carea' id='block_1_38' title="bbox 2184 1110 3795 1187">
    <p class='ocr_par' dir='ltr' id='par_1_38' title="bbox 2184 1110 3795 1187">
     <span class='ocr_line' id='line_1_38' title="bbox 2184 1110 3795 1187; baseline -0.001 -16"><span class='ocrx_word' id='word_1_286' title='bbox 2184 1124 2423 1187; x_wconf 86' lang='lat' dir='ltr'><strong>quatuor</strong></span> <span class='ocrx_word' id='word_1_287' title='bbox 2468 1112 2977 1186; x_wconf 86' lang='lat' dir='ltr'><strong>interpretationum</strong></span> <span class='ocrx_word' id='word_1_288' title='bbox 3015 1110 3307 1184; x_wconf 85' lang='lat' dir='ltr'><strong>generibus</strong></span> <span class='ocrx_word' id='word_1_289' title='bbox 3362 1112 3653 1182; x_wconf 76' lang='lat' dir='ltr'><strong>Apostolus</strong></span> <span class='ocrx_word' id='word_1_290' title='bbox 3714 1112 3795 1170; x_wconf 83' lang='lat' dir='ltr'><strong>ita</strong></span> 
     </span>
    </p>
   </div>
   <div class='ocr_carea' id='block_1_39' title="bbox 2182 1206 3798 1276">
    <p class='ocr_par' dir='ltr' id='par_1_39' title="bbox 2182 1206 3798 1276">
     <span class='ocr_line' id='line_1_39' title="bbox 2182 1206 3798 1276; baseline -0.002 -10"><span class='ocrx_word' id='word_1_291' title='bbox 2182 1209 2347 1267; x_wconf 86' lang='lat' dir='ltr'><strong>dicit:</strong></span> <span class='ocrx_word' id='word_1_292' title='bbox 2387 1210 2541 1269; x_wconf 89' lang='lat' dir='ltr'><strong>Nunc</strong></span> <span class='ocrx_word' id='word_1_293' title='bbox 2576 1212 2774 1273; x_wconf 84' lang='lat' dir='ltr'><strong>autem,</strong></span> <span class='ocrx_word' id='word_1_294' title='bbox 2805 1210 3026 1276; x_wconf 81' lang='lat' dir='ltr'><strong>fratres,</strong></span> <span class='ocrx_word' id='word_1_295' title='bbox 3059 1208 3110 1260; x_wconf 89' lang='lat' dir='ltr'><strong>si</strong></span> <span class='ocrx_word' id='word_1_296' title='bbox 3134 1220 3325 1260; x_wconf 82' lang='lat' dir='ltr'><strong>venero</strong></span> <span class='ocrx_word' id='word_1_297' title='bbox 3366 1206 3438 1259; x_wconf 86' lang='lat' dir='ltr'><strong>ad</strong></span> <span class='ocrx_word' id='word_1_298' title='bbox 3466 1221 3558 1260; x_wconf 70' lang='lat' dir='ltr'><strong>eos</strong></span> <span class='ocrx_word' id='word_1_299' title='bbox 3585 1207 3798 1275; x_wconf 76' lang='lat' dir='ltr'><strong>linguis</strong></span> 
     </span>
    </p>
   </div>
   <div class='ocr_carea' id='block_1_40' title="bbox 2182 1299 3793 1375">
    <p class='ocr_par' dir='ltr' id='par_1_40' title="bbox 2182 1299 3793 1375">
     <span class='ocr_line' id='line_1_40' title="bbox 2182 1299 3793 1375; baseline -0.003 -15"><span class='ocrx_word' id='word_1_300' title='bbox 2182 1307 2416 1375; x_wconf 87' lang='lat' dir='ltr'><strong>loquens,</strong></span> <span class='ocrx_word' id='word_1_301' title='bbox 2443 1305 2579 1375; x_wconf 87' lang='lat' dir='ltr'><strong>quid</strong></span> <span class='ocrx_word' id='word_1_302' title='bbox 2605 1304 2749 1358; x_wconf 78' lang='lat' dir='ltr'><strong>vobis</strong></span> <span class='ocrx_word' id='word_1_303' title='bbox 2774 1302 3020 1374; x_wconf 87' lang='lat' dir='ltr'><strong>prodero,</strong></span> <span class='ocrx_word' id='word_1_304' title='bbox 3050 1301 3161 1354; x_wconf 83' lang='lat' dir='ltr'><strong>nisi</strong></span> <span class='ocrx_word' id='word_1_305' title='bbox 3190 1299 3341 1354; x_wconf 78' lang='lat' dir='ltr'><strong>vobis</strong></span> <span class='ocrx_word' id='word_1_306' title='bbox 3360 1300 3579 1369; x_wconf 85' lang='lat' dir='ltr'><strong>loquar,</strong></span> <span class='ocrx_word' id='word_1_307' title='bbox 3614 1305 3711 1354; x_wconf 81' lang='lat' dir='ltr'><strong>aut</strong></span> <span class='ocrx_word' id='word_1_308' title='bbox 3737 1303 3793 1355; x_wconf 84' lang='lat' dir='ltr'><strong>in</strong></span> 
     </span>
    </p>
   </div>
   <div class='ocr_carea' id='block_1_41' title="bbox 2180 1395 3789 1465">
    <p class='ocr_par' dir='ltr' id='par_1_41' title="bbox 2180 1395 3789 1465">
     <span class='ocr_line' id='line_1_41' title="bbox 2180 1395 3789 1465; baseline -0.002 -12"><span class='ocrx_word' id='word_1_309' title='bbox 2180 1400 2520 1462; x_wconf 74' lang='lat' dir='ltr'><strong>reuelatione,</strong></span> <span class='ocrx_word' id='word_1_310' title='bbox 2547 1402 2646 1453; x_wconf 86' lang='lat' dir='ltr'><strong>aut</strong></span> <span class='ocrx_word' id='word_1_311' title='bbox 2674 1402 2730 1452; x_wconf 87' lang='lat' dir='ltr'><strong>in</strong></span> <span class='ocrx_word' id='word_1_312' title='bbox 2761 1398 3005 1461; x_wconf 81' lang='lat' dir='ltr'><strong>scientia,</strong></span> <span class='ocrx_word' id='word_1_313' title='bbox 3047 1399 3143 1449; x_wconf 89' lang='lat' dir='ltr'><strong>aut</strong></span> <span class='ocrx_word' id='word_1_314' title='bbox 3169 1395 3227 1448; x_wconf 89' lang='lat' dir='ltr'><strong>in</strong></span> <span class='ocrx_word' id='word_1_315' title='bbox 3256 1395 3568 1465; x_wconf 84' lang='lat' dir='ltr'><strong>prophetia,</strong></span> <span class='ocrx_word' id='word_1_316' title='bbox 3607 1400 3703 1450; x_wconf 88' lang='lat' dir='ltr'><strong>aut</strong></span> <span class='ocrx_word' id='word_1_317' title='bbox 3736 1399 3789 1450; x_wconf 85' lang='lat' dir='ltr'><strong>in</strong></span> 
     </span>
    </p>
   </div>
   <div class='ocr_carea' id='block_1_42' title="bbox 2181 1489 3792 1564">
    <p class='ocr_par' dir='ltr' id='par_1_42' title="bbox 2181 1489 3792 1564">
     <span class='ocr_line' id='line_1_42' title="bbox 2181 1489 3792 1564; baseline -0.002 -15"><span class='ocrx_word' id='word_1_318' title='bbox 2181 1494 2422 1549; x_wconf 85' lang='lat' dir='ltr'><strong>doctrina</strong></span> <span class='ocrx_word' id='word_1_319' title='bbox 2449 1492 2520 1564; x_wconf 85' lang='lat' dir='ltr'><strong>(II</strong></span> <span class='ocrx_word' id='word_1_320' title='bbox 2546 1494 2664 1550; x_wconf 87' lang='lat' dir='ltr'><strong>Cor.</strong></span> <span class='ocrx_word' id='word_1_321' title='bbox 2706 1495 2833 1561; x_wconf 80' lang='lat' dir='ltr'><strong>xrv)</strong></span> <span class='ocrx_word' id='word_1_322' title='bbox 2855 1496 2877 1547; x_wconf 73' lang='grc' dir='ltr'><strong><em>Ρ</em></strong></span> <span class='ocrx_word' id='word_1_323' title='bbox 2903 1500 2924 1527; x_wconf 74' lang='grc' dir='ltr'><strong><em>ο</em></strong></span> <span class='ocrx_word' id='word_1_324' title='bbox 2954 1489 3242 1547; x_wconf 80' lang='lat' dir='ltr'><strong>Revelatio</strong></span> <span class='ocrx_word' id='word_1_325' title='bbox 3273 1505 3514 1562; x_wconf 87' lang='lat' dir='ltr'><strong>namque</strong></span> <span class='ocrx_word' id='word_1_326' title='bbox 3547 1489 3617 1545; x_wconf 91' lang='lat' dir='ltr'><strong>ad</strong></span> <span class='ocrx_word' id='word_1_327' title='bbox 3654 1489 3792 1547; x_wconf 83' lang='lat' dir='ltr'><strong>alle—</strong></span> 
     </span>
    </p>
   </div>
   <div class='ocr_carea' id='block_1_43' title="bbox 2181 1581 3784 1656">
    <p class='ocr_par' dir='ltr' id='par_1_43' title="bbox 2181 1581 3784 1656">
     <span class='ocr_line' id='line_1_43' title="bbox 2181 1581 3784 1656; baseline 0 -17"><span class='ocrx_word' id='word_1_328' title='bbox 2181 1584 2392 1656; x_wconf 87' lang='lat' dir='ltr'><strong>goriam</strong></span> <span class='ocrx_word' id='word_1_329' title='bbox 2438 1584 2695 1656; x_wconf 89' lang='lat' dir='ltr'><strong>pertinet,</strong></span> <span class='ocrx_word' id='word_1_330' title='bbox 2737 1598 2830 1654; x_wconf 88' lang='lat' dir='ltr'><strong>per</strong></span> <span class='ocrx_word' id='word_1_331' title='bbox 2872 1597 3037 1654; x_wconf 91' lang='lat' dir='ltr'><strong>quam</strong></span> <span class='ocrx_word' id='word_1_332' title='bbox 3081 1596 3143 1637; x_wconf 90' lang='lat' dir='ltr'><strong>ea</strong></span> <span class='ocrx_word' id='word_1_333' title='bbox 3190 1595 3314 1653; x_wconf 70' lang='lat' dir='ltr'><strong>quae</strong></span> <span class='ocrx_word' id='word_1_334' title='bbox 3353 1581 3485 1654; x_wconf 83' lang='lat' dir='ltr'><strong>tegit</strong></span> <span class='ocrx_word' id='word_1_335' title='bbox 3525 1582 3784 1639; x_wconf 83' lang='lat' dir='ltr'><strong>historica</strong></span> 
     </span>
    </p>
   </div>
   <div class='ocr_carea' id='block_1_44' title="bbox 2182 1668 3789 1752">
    <p class='ocr_par' dir='ltr' id='par_1_44' title="bbox 2182 1668 3789 1752">
     <span class='ocr_line' id='line_1_44' title="bbox 2182 1668 3789 1752; baseline -0.001 -16"><span class='ocrx_word' id='word_1_336' title='bbox 2182 1683 2426 1738; x_wconf 85' lang='lat' dir='ltr'><strong>narratio</strong></span> <span class='ocrx_word' id='word_1_337' title='bbox 2474 1679 2737 1752; x_wconf 83' lang='lat' dir='ltr'><strong>spirituali</strong></span> <span class='ocrx_word' id='word_1_338' title='bbox 2780 1668 2939 1736; x_wconf 74' lang='lat' dir='ltr'><strong>sensu</strong></span> <span class='ocrx_word' id='word_1_339' title='bbox 2983 1686 3037 1735; x_wconf 90' lang='lat' dir='ltr'><strong>et</strong></span> <span class='ocrx_word' id='word_1_340' title='bbox 3081 1678 3423 1751; x_wconf 81' lang='lat' dir='ltr'><strong>expositione</strong></span> <span class='ocrx_word' id='word_1_341' title='bbox 3445 1690 3789 1749; x_wconf 78' lang='lat' dir='ltr'><strong>reserantur,</strong></span> 
     </span>
    </p>
   </div>
   <div class='ocr_carea' id='block_1_45' title="bbox 2183 1772 3790 1847">
    <p class='ocr_par' dir='ltr' id='par_1_45' title="bbox 2183 1772 3790 1847">
     <span class='ocr_line' id='line_1_45' title="bbox 2183 1772 3790 1847; baseline 0 -16"><span class='ocrx_word' id='word_1_342' title='bbox 2183 1784 2261 1842; x_wconf 88' lang='lat' dir='ltr'><strong>ut,</strong></span> <span class='ocrx_word' id='word_1_343' title='bbox 2307 1775 2455 1830; x_wconf 80' lang='lat' dir='ltr'><strong>verbi</strong></span> <span class='ocrx_word' id='word_1_344' title='bbox 2499 1775 2689 1847; x_wconf 83' lang='lat' dir='ltr'><strong>gratia,</strong></span> <span class='ocrx_word' id='word_1_345' title='bbox 2741 1773 2784 1830; x_wconf 91' lang='lat' dir='ltr'><strong>si</strong></span> <span class='ocrx_word' id='word_1_346' title='bbox 2819 1772 2950 1829; x_wconf 89' lang='lat' dir='ltr'><strong>illud</strong></span> <span class='ocrx_word' id='word_1_347' title='bbox 3001 1774 3211 1845; x_wconf 86' lang='lat' dir='ltr'><strong>aperire</strong></span> <span class='ocrx_word' id='word_1_348' title='bbox 3258 1781 3552 1839; x_wconf 85' lang='lat' dir='ltr'><strong>tentemus,</strong></span> <span class='ocrx_word' id='word_1_349' title='bbox 3593 1791 3790 1847; x_wconf 83' lang='lat' dir='ltr'><strong>quem-</strong></span> 
     </span>
    </p>
   </div>
   <div class='ocr_carea' id='block_1_46' title="bbox 2104 1866 3790 1941">
    <p class='ocr_par' dir='ltr' id='par_1_46' title="bbox 2104 1866 3790 1941">
     <span class='ocr_line' id='line_1_46' title="bbox 2104 1866 3790 1941; baseline 0.001 -18"><span class='ocrx_word' id='word_1_350' title='bbox 2104 1879 2150 1941; x_wconf 79' lang='grc' dir='ltr'>Β</span> <span class='ocrx_word' id='word_1_351' title='bbox 2180 1866 2477 1924; x_wconf 88' lang='lat' dir='ltr'><strong>admodum</strong></span> <span class='ocrx_word' id='word_1_352' title='bbox 2512 1873 2699 1938; x_wconf 88' lang='lat' dir='ltr'><strong>patres</strong></span> <span class='ocrx_word' id='word_1_353' title='bbox 2737 1870 2916 1922; x_wconf 86' lang='lat' dir='ltr'><strong>nostri</strong></span> <span class='ocrx_word' id='word_1_354' title='bbox 2954 1882 3128 1921; x_wconf 88' lang='lat' dir='ltr'><strong>omnes</strong></span> <span class='ocrx_word' id='word_1_355' title='bbox 3169 1867 3268 1923; x_wconf 88' lang='lat' dir='ltr'><strong>sub</strong></span> <span class='ocrx_word' id='word_1_356' title='bbox 3292 1868 3434 1922; x_wconf 90' lang='lat' dir='ltr'><strong>nube</strong></span> <span class='ocrx_word' id='word_1_357' title='bbox 3471 1869 3695 1934; x_wconf 75' lang='lat' dir='ltr'><strong>fuerint,</strong></span> <span class='ocrx_word' id='word_1_358' title='bbox 3736 1877 3790 1924; x_wconf 84' lang='lat' dir='ltr'><strong>et</strong></span> 
     </span>
    </p>
   </div>
   <div class='ocr_carea' id='block_1_47' title="bbox 2180 1960 3786 2031">
    <p class='ocr_par' dir='ltr' id='par_1_47' title="bbox 2180 1960 3786 2031">
     <span class='ocr_line' id='line_1_47' title="bbox 2180 1960 3786 2031; baseline 0.001 -14"><span class='ocrx_word' id='word_1_359' title='bbox 2180 1977 2357 2017; x_wconf 88' lang='lat' dir='ltr'><strong>omnes</strong></span> <span class='ocrx_word' id='word_1_360' title='bbox 2392 1964 2451 2015; x_wconf 89' lang='lat' dir='ltr'><strong>in</strong></span> <span class='ocrx_word' id='word_1_361' title='bbox 2487 1964 2629 2018; x_wconf 85' lang='lat' dir='ltr'><strong>Mose</strong></span> <span class='ocrx_word' id='word_1_362' title='bbox 2657 1960 2931 2031; x_wconf 81' lang='lat' dir='ltr'><strong>baptizati</strong></span> <span class='ocrx_word' id='word_1_363' title='bbox 2970 1964 3083 2015; x_wconf 87' lang='lat' dir='ltr'><strong>sint</strong></span> <span class='ocrx_word' id='word_1_364' title='bbox 3117 1963 3172 2015; x_wconf 86' lang='lat' dir='ltr'><strong>in</strong></span> <span class='ocrx_word' id='word_1_365' title='bbox 3194 1962 3333 2016; x_wconf 89' lang='lat' dir='ltr'><strong>nube</strong></span> <span class='ocrx_word' id='word_1_366' title='bbox 3360 1967 3411 2016; x_wconf 91' lang='lat' dir='ltr'><strong>et</strong></span> <span class='ocrx_word' id='word_1_367' title='bbox 3448 1965 3507 2016; x_wconf 88' lang='lat' dir='ltr'><strong>in</strong></span> <span class='ocrx_word' id='word_1_368' title='bbox 3537 1965 3694 2029; x_wconf 80' lang='lat' dir='ltr'><strong>mari,</strong></span> <span class='ocrx_word' id='word_1_369' title='bbox 3733 1969 3786 2019; x_wconf 86' lang='lat' dir='ltr'><strong>et</strong></span> 
     </span>
    </p>
   </div>
   <div class='ocr_carea' id='block_1_48' title="bbox 2181 2052 3784 2126">
    <p class='ocr_par' dir='ltr' id='par_1_48' title="bbox 2181 2052 3784 2126">
     <span class='ocr_line' id='line_1_48' title="bbox 2181 2052 3784 2126; baseline -0.001 -16"><span class='ocrx_word' id='word_1_370' title='bbox 2181 2052 2642 2126; x_wconf 87' lang='lat' dir='ltr'><strong>quemadmodum</strong></span> <span class='ocrx_word' id='word_1_371' title='bbox 2665 2070 2842 2109; x_wconf 89' lang='lat' dir='ltr'><strong>omnes</strong></span> <span class='ocrx_word' id='word_1_372' title='bbox 2857 2055 3096 2110; x_wconf 79' lang='lat' dir='ltr'><strong>eamdem</strong></span> <span class='ocrx_word' id='word_1_373' title='bbox 3120 2070 3289 2110; x_wconf 89' lang='lat' dir='ltr'><strong>escam</strong></span> <span class='ocrx_word' id='word_1_374' title='bbox 3308 2056 3609 2125; x_wconf 83' lang='lat' dir='ltr'><strong>spiritalem</strong></span> <span class='ocrx_word' id='word_1_375' title='bbox 3633 2072 3784 2110; x_wconf 83' lang='lat' dir='ltr'><strong>man-</strong></span> 
     </span>
    </p>
   </div>
   <div class='ocr_carea' id='block_1_49' title="bbox 2183 2148 3787 2220">
    <p class='ocr_par' dir='ltr' id='par_1_49' title="bbox 2183 2148 3787 2220">
     <span class='ocr_line' id='line_1_49' title="bbox 2183 2148 3787 2220; baseline 0 -16"><span class='ocrx_word' id='word_1_376' title='bbox 2183 2150 2518 2218; x_wconf 80' lang='lat' dir='ltr'><strong>ducaverint,</strong></span> <span class='ocrx_word' id='word_1_377' title='bbox 2543 2154 2594 2204; x_wconf 91' lang='lat' dir='ltr'><strong>et</strong></span> <span class='ocrx_word' id='word_1_378' title='bbox 2614 2149 2855 2204; x_wconf 84' lang='lat' dir='ltr'><strong>eumdem</strong></span> <span class='ocrx_word' id='word_1_379' title='bbox 2874 2149 3174 2219; x_wconf 79' lang='lat' dir='ltr'><strong>spiritalem</strong></span> <span class='ocrx_word' id='word_1_380' title='bbox 3195 2148 3262 2203; x_wconf 87' lang='lat' dir='ltr'><strong>de</strong></span> <span class='ocrx_word' id='word_1_381' title='bbox 3279 2151 3623 2218; x_wconf 83' lang='lat' dir='ltr'><strong>consequenti</strong></span> <span class='ocrx_word' id='word_1_382' title='bbox 3634 2153 3787 2220; x_wconf 83' lang='lat' dir='ltr'><strong>petra</strong></span> 
     </span>
    </p>
   </div>
   <div class='ocr_carea' id='block_1_50' title="bbox 2182 2241 3789 2314">
    <p class='ocr_par' dir='ltr' id='par_1_50' title="bbox 2182 2241 3789 2314">
     <span class='ocr_line' id='line_1_50' title="bbox 2182 2241 3789 2314; baseline 0 -17"><span class='ocrx_word' id='word_1_383' title='bbox 2182 2242 2409 2297; x_wconf 87' lang='lat' dir='ltr'><strong>biberint</strong></span> <span class='ocrx_word' id='word_1_384' title='bbox 2428 2245 2650 2314; x_wconf 87' lang='lat' dir='ltr'><strong>potum;</strong></span> <span class='ocrx_word' id='word_1_385' title='bbox 2679 2247 2833 2312; x_wconf 72' lang='lat' dir='ltr'><strong>petra</strong></span> <span class='ocrx_word' id='word_1_386' title='bbox 2859 2247 3037 2297; x_wconf 91' lang='lat' dir='ltr'><strong>autem</strong></span> <span class='ocrx_word' id='word_1_387' title='bbox 3055 2245 3172 2296; x_wconf 83' lang='lat' dir='ltr'><strong>erat</strong></span> <span class='ocrx_word' id='word_1_388' title='bbox 3194 2241 3440 2297; x_wconf 79' lang='lat' dir='ltr'><strong>Christus</strong></span> <span class='ocrx_word' id='word_1_389' title='bbox 3467 2242 3512 2313; x_wconf 87' lang='grc' dir='ltr'><strong>(Ι</strong></span> <span class='ocrx_word' id='word_1_390' title='bbox 3543 2242 3658 2299; x_wconf 84' lang='lat' dir='ltr'><strong>Cor.</strong></span> <span class='ocrx_word' id='word_1_391' title='bbox 3696 2244 3789 2313; x_wconf 74' lang='lat' dir='ltr'><strong>x);</strong></span> 
     </span>
    </p>
   </div>
   <div class='ocr_carea' id='block_1_51' title="bbox 2180 2333 3789 2408">
    <p class='ocr_par' dir='ltr' id='par_1_51' title="bbox 2180 2333 3789 2408">
     <span class='ocr_line' id='line_1_51' title="bbox 2180 2333 3789 2408; baseline 0.001 -19"><span class='ocrx_word' id='word_1_392' title='bbox 2180 2349 2302 2405; x_wconf 70' lang='lat' dir='ltr'><strong>qua:</strong></span> <span class='ocrx_word' id='word_1_393' title='bbox 2345 2334 2608 2406; x_wconf 85' lang='lat' dir='ltr'><strong>expositio</strong></span> <span class='ocrx_word' id='word_1_394' title='bbox 2646 2335 3066 2408; x_wconf 72' lang='lat' dir='ltr'><strong>praeﬁgurationi</strong></span> <span class='ocrx_word' id='word_1_395' title='bbox 3116 2333 3361 2405; x_wconf 89' lang='lat' dir='ltr'><strong>corporis</strong></span> <span class='ocrx_word' id='word_1_396' title='bbox 3413 2342 3471 2390; x_wconf 91' lang='lat' dir='ltr'><strong>et</strong></span> <span class='ocrx_word' id='word_1_397' title='bbox 3506 2336 3789 2406; x_wconf 78' lang='lat' dir='ltr'><strong>sanguinis</strong></span> 
     </span>
    </p>
   </div>
   <div class='ocr_carea' id='block_1_52' title="bbox 2180 2428 3787 2501">
    <p class='ocr_par' dir='ltr' id='par_1_52' title="bbox 2180 2428 3787 2501">
     <span class='ocr_line' id='line_1_52' title="bbox 2180 2428 3787 2501; baseline 0.001 -18"><span class='ocrx_word' id='word_1_398' title='bbox 2180 2428 2396 2496; x_wconf 88' lang='lat' dir='ltr'><strong>Christi,</strong></span> <span class='ocrx_word' id='word_1_399' title='bbox 2426 2444 2593 2499; x_wconf 91' lang='lat' dir='ltr'><strong>quem</strong></span> <span class='ocrx_word' id='word_1_400' title='bbox 2623 2428 2870 2499; x_wconf 87' lang='lat' dir='ltr'><strong>quotidie</strong></span> <span class='ocrx_word' id='word_1_401' title='bbox 2895 2428 3191 2495; x_wconf 90' lang='lat' dir='ltr'><strong>sumimus,</strong></span> <span class='ocrx_word' id='word_1_402' title='bbox 3225 2438 3556 2500; x_wconf 86' lang='lat' dir='ltr'><strong>comparata,</strong></span> <span class='ocrx_word' id='word_1_403' title='bbox 3587 2429 3787 2501; x_wconf 85' lang='lat' dir='ltr'><strong>allego-</strong></span> 
     </span>
    </p>
   </div>
   <div class='ocr_carea' id='block_1_53' title="bbox 2178 2521 3790 2594">
    <p class='ocr_par' dir='ltr' id='par_1_53' title="bbox 2178 2521 3790 2594">
     <span class='ocr_line' id='line_1_53' title="bbox 2178 2521 3790 2594; baseline 0.002 -18"><span class='ocrx_word' id='word_1_404' title='bbox 2178 2521 2273 2578; x_wconf 74' lang='lat' dir='ltr'><strong>ria:</strong></span> <span class='ocrx_word' id='word_1_405' title='bbox 2313 2521 2548 2578; x_wconf 88' lang='lat' dir='ltr'><strong>continet</strong></span> <span class='ocrx_word' id='word_1_406' title='bbox 2589 2522 2882 2578; x_wconf 88' lang='lat' dir='ltr'><strong>rationem.</strong></span> <span class='ocrx_word' id='word_1_407' title='bbox 2916 2522 3151 2579; x_wconf 90' lang='lat' dir='ltr'><strong>Scientia</strong></span> <span class='ocrx_word' id='word_1_408' title='bbox 3197 2538 3327 2578; x_wconf 88' lang='lat' dir='ltr'><strong>vero</strong></span> <span class='ocrx_word' id='word_1_409' title='bbox 3373 2538 3498 2594; x_wconf 66' lang='lat' dir='ltr'><strong>quae</strong></span> <span class='ocrx_word' id='word_1_410' title='bbox 3540 2522 3790 2579; x_wconf 80' lang='lat' dir='ltr'><strong>similiter</strong></span> 
     </span>
    </p>
   </div>
   <div class='ocr_carea' id='block_1_54' title="bbox 2181 2616 3789 2690">
    <p class='ocr_par' dir='ltr' id='par_1_54' title="bbox 2181 2616 3789 2690">
     <span class='ocr_line' id='line_1_54' title="bbox 2181 2616 3789 2690; baseline 0.002 -19"><span class='ocrx_word' id='word_1_411' title='bbox 2181 2616 2248 2671; x_wconf 90' lang='lat' dir='ltr'><strong>ab</strong></span> <span class='ocrx_word' id='word_1_412' title='bbox 2282 2617 2547 2688; x_wconf 88' lang='lat' dir='ltr'><strong>Apostolo</strong></span> <span class='ocrx_word' id='word_1_413' title='bbox 2572 2625 2935 2687; x_wconf 87' lang='lat' dir='ltr'><strong>memoratur,</strong></span> <span class='ocrx_word' id='word_1_414' title='bbox 2955 2616 3255 2690; x_wconf 84' lang='lat' dir='ltr'><strong>tropologia</strong></span> <span class='ocrx_word' id='word_1_415' title='bbox 3281 2624 3387 2685; x_wconf 88' lang='lat' dir='ltr'><strong>est,</strong></span> <span class='ocrx_word' id='word_1_416' title='bbox 3408 2633 3515 2689; x_wconf 87' lang='lat' dir='ltr'><strong>qua</strong></span> <span class='ocrx_word' id='word_1_417' title='bbox 3536 2618 3789 2674; x_wconf 86' lang='lat' dir='ltr'><strong>universa</strong></span> 
     </span>
    </p>
   </div>
   <div class='ocr_carea' id='block_1_55' title="bbox 2183 2708 3791 2785">
    <p class='ocr_par' dir='ltr' id='par_1_55' title="bbox 2183 2708 3791 2785">
     <span class='ocr_line' id='line_1_55' title="bbox 2183 2708 3791 2785; baseline 0.001 -20"><span class='ocrx_word' id='word_1_418' title='bbox 2183 2722 2306 2780; x_wconf 64' lang='lat' dir='ltr'><strong>quae</strong></span> <span class='ocrx_word' id='word_1_419' title='bbox 2332 2708 2400 2765; x_wconf 90' lang='lat' dir='ltr'><strong>ad</strong></span> <span class='ocrx_word' id='word_1_420' title='bbox 2432 2708 2810 2766; x_wconf 86' lang='lat' dir='ltr'><strong>discretionem</strong></span> <span class='ocrx_word' id='word_1_421' title='bbox 2840 2711 3109 2782; x_wconf 87' lang='lat' dir='ltr'><strong>pertinent</strong></span> <span class='ocrx_word' id='word_1_422' title='bbox 3133 2710 3422 2785; x_wconf 85' lang='lat' dir='ltr'><strong>actualem,</strong></span> <span class='ocrx_word' id='word_1_423' title='bbox 3454 2718 3645 2766; x_wconf 87' lang='lat' dir='ltr'><strong>utrum</strong></span> <span class='ocrx_word' id='word_1_424' title='bbox 3677 2710 3791 2766; x_wconf 82' lang='lat' dir='ltr'><strong>uti-</strong></span> 
     </span>
    </p>
   </div>
   <div class='ocr_carea' id='block_1_56' title="bbox 2184 2802 3789 2876">
    <p class='ocr_par' dir='ltr' id='par_1_56' title="bbox 2184 2802 3789 2876">
     <span class='ocr_line' id='line_1_56' title="bbox 2184 2802 3789 2876; baseline 0.002 -19"><span class='ocrx_word' id='word_1_425' title='bbox 2184 2802 2256 2858; x_wconf 90' lang='lat' dir='ltr'><strong>lia</strong></span> <span class='ocrx_word' id='word_1_426' title='bbox 2286 2802 2365 2858; x_wconf 85' lang='lat' dir='ltr'><strong>vel</strong></span> <span class='ocrx_word' id='word_1_427' title='bbox 2394 2803 2622 2859; x_wconf 88' lang='lat' dir='ltr'><strong>honesta</strong></span> <span class='ocrx_word' id='word_1_428' title='bbox 2653 2803 2782 2870; x_wconf 87' lang='lat' dir='ltr'><strong>sint,</strong></span> <span class='ocrx_word' id='word_1_429' title='bbox 2807 2802 3058 2876; x_wconf 87' lang='lat' dir='ltr'><strong>prudenti</strong></span> <span class='ocrx_word' id='word_1_430' title='bbox 3084 2804 3489 2860; x_wconf 83' lang='lat' dir='ltr'><strong>examinatione</strong></span> <span class='ocrx_word' id='word_1_431' title='bbox 3517 2804 3789 2861; x_wconf 84' lang='lat' dir='ltr'><strong>discerni-</strong></span> 
     </span>
    </p>
   </div>
   <div class='ocr_carea' id='block_1_57' title="bbox 2185 2896 3791 2971">
    <p class='ocr_par' dir='ltr' id='par_1_57' title="bbox 2185 2896 3791 2971">
     <span class='ocr_line' id='line_1_57' title="bbox 2185 2896 3791 2971; baseline 0.002 -20"><span class='ocrx_word' id='word_1_432' title='bbox 2185 2911 2327 2964; x_wconf 89' lang='lat' dir='ltr'><strong>mus,</strong></span> <span class='ocrx_word' id='word_1_433' title='bbox 2363 2904 2425 2951; x_wconf 91' lang='lat' dir='ltr'><strong>ut</strong></span> <span class='ocrx_word' id='word_1_434' title='bbox 2464 2906 2545 2953; x_wconf 83' lang='lat' dir='ltr'><strong>est</strong></span> <span class='ocrx_word' id='word_1_435' title='bbox 2579 2896 2752 2954; x_wconf 90' lang='lat' dir='ltr'><strong>illud:</strong></span> <span class='ocrx_word' id='word_1_436' title='bbox 2784 2898 2925 2954; x_wconf 90' lang='lat' dir='ltr'><strong>Cum</strong></span> <span class='ocrx_word' id='word_1_437' title='bbox 2969 2896 3111 2971; x_wconf 86' lang='lat' dir='ltr'><strong>apud</strong></span> <span class='ocrx_word' id='word_1_438' title='bbox 3148 2898 3523 2970; x_wconf 88' lang='lat' dir='ltr'><strong>nosmetipsos</strong></span> <span class='ocrx_word' id='word_1_439' title='bbox 3538 2899 3791 2969; x_wconf 80' lang='lat' dir='ltr'><strong>judicare</strong></span> 
     </span>
    </p>
   </div>
   <div class='ocr_carea' id='block_1_58' title="bbox 2186 2988 3788 3063">
    <p class='ocr_par' dir='ltr' id='par_1_58' title="bbox 2186 2988 3788 3063">
     <span class='ocr_line' id='line_1_58' title="bbox 2186 2988 3788 3063; baseline 0.002 -19"><span class='ocrx_word' id='word_1_440' title='bbox 2186 2988 2557 3061; x_wconf 68' lang='lat' dir='ltr'><strong>praecipimur,</strong></span> <span class='ocrx_word' id='word_1_441' title='bbox 2583 2998 2769 3047; x_wconf 88' lang='lat' dir='ltr'><strong>utrum</strong></span> <span class='ocrx_word' id='word_1_442' title='bbox 2799 2991 2980 3047; x_wconf 90' lang='lat' dir='ltr'><strong>deceat</strong></span> <span class='ocrx_word' id='word_1_443' title='bbox 2997 2990 3273 3047; x_wconf 85' lang='lat' dir='ltr'><strong>mulierem</strong></span> <span class='ocrx_word' id='word_1_444' title='bbox 3293 3006 3401 3047; x_wconf 89' lang='lat' dir='ltr'><strong>non</strong></span> <span class='ocrx_word' id='word_1_445' title='bbox 3418 2993 3596 3048; x_wconf 79' lang='lat' dir='ltr'><strong>velato</strong></span> <span class='ocrx_word' id='word_1_446' title='bbox 3617 2993 3788 3063; x_wconf 81' lang='lat' dir='ltr'><strong>capite</strong></span> 
     </span>
    </p>
   </div>
   <div class='ocr_carea' id='block_1_59' title="bbox 1552 3143 2664 3202">
    <p class='ocr_par' dir='ltr' id='par_1_59' title="bbox 1552 3143 2664 3202">
     <span class='ocr_line' id='line_1_59' title="bbox 1552 3143 2664 3202; baseline 0.005 -6"><span class='ocrx_word' id='word_1_447' title='bbox 1552 3143 1802 3198; x_wconf 76' lang='lat' dir='ltr'><strong>ALARDI</strong></span> <span class='ocrx_word' id='word_1_448' title='bbox 1837 3145 2063 3199; x_wconf 70' lang='lat' dir='ltr'><strong>GAZJEI</strong></span> <span class='ocrx_word' id='word_1_449' title='bbox 2101 3144 2664 3202; x_wconf 72' lang='lat' dir='ltr'><strong>COMMENTARIUS.</strong></span> 
     </span>
    </p>
   </div>
   <div class='ocr_carea' id='block_1_60' title="bbox 418 3269 2148 3339">
    <p class='ocr_par' dir='ltr' id='par_1_60' title="bbox 418 3269 2148 3339">
     <span class='ocr_line' id='line_1_60' title="bbox 418 3269 2148 3339; baseline -0.001 -14"><span class='ocrx_word' id='word_1_450' title='bbox 418 3286 419 3289; x_wconf 68' lang='lat'>‘</span> <span class='ocrx_word' id='word_1_451' title='bbox 465 3269 898 3339; x_wconf 82' lang='lat' dir='ltr'><strong>cogitationibus,</strong></span> <span class='ocrx_word' id='word_1_452' title='bbox 924 3272 975 3323; x_wconf 89' lang='lat' dir='ltr'><strong>et</strong></span> <span class='ocrx_word' id='word_1_453' title='bbox 1003 3269 1221 3322; x_wconf 73' lang='lat' dir='ltr'><strong>scientia</strong></span> <span class='ocrx_word' id='word_1_454' title='bbox 1250 3269 1425 3333; x_wconf 77' lang='lat' dir='ltr'><strong>(Prov.</strong></span> <span class='ocrx_word' id='word_1_455' title='bbox 1465 3272 1643 3333; x_wconf 69' lang='grc' dir='ltr'><strong>χχιι).</strong></span> <span class='ocrx_word' id='word_1_456' title='bbox 1672 3269 1867 3323; x_wconf 85' lang='lat' dir='ltr'><strong>LXX:</strong></span> <span class='ocrx_word' id='word_1_457' title='bbox 1902 3273 1973 3322; x_wconf 81' lang='lat' dir='ltr'><strong>Et</strong></span> <span class='ocrx_word' id='word_1_458' title='bbox 2011 3273 2071 3323; x_wconf 92' lang='lat' dir='ltr'><strong>tu</strong></span> <span class='ocrx_word' id='word_1_459' title='bbox 2103 3272 2148 3336; x_wconf 85' lang='lat' dir='ltr'><strong><em>C</em></strong></span> 
     </span>
    </p>
   </div>
   <div class='ocr_carea' id='block_1_61' title="bbox 465 3339 2070 3409">
    <p class='ocr_par' dir='ltr' id='par_1_61' title="bbox 465 3339 2070 3409">
     <span class='ocr_line' id='line_1_61' title="bbox 465 3339 2070 3409; baseline 0 -14"><span class='ocrx_word' id='word_1_460' title='bbox 465 3347 646 3396; x_wconf 86' lang='lat' dir='ltr'><strong>autem</strong></span> <span class='ocrx_word' id='word_1_461' title='bbox 669 3341 906 3396; x_wconf 70' lang='lat' dir='ltr'><strong>exscribe</strong></span> <span class='ocrx_word' id='word_1_462' title='bbox 931 3356 993 3394; x_wconf 87' lang='lat' dir='ltr'><strong>ea</strong></span> <span class='ocrx_word' id='word_1_463' title='bbox 1020 3339 1124 3394; x_wconf 84' lang='lat' dir='ltr'><strong>tibi</strong></span> <span class='ocrx_word' id='word_1_464' title='bbox 1154 3341 1263 3409; x_wconf 84' lang='lat' dir='ltr'><strong>ipsi</strong></span> <span class='ocrx_word' id='word_1_465' title='bbox 1289 3340 1578 3409; x_wconf 84' lang='lat' dir='ltr'><strong>tripliciter</strong></span> <span class='ocrx_word' id='word_1_466' title='bbox 1608 3342 1668 3393; x_wconf 88' lang='lat' dir='ltr'><strong>in</strong></span> <span class='ocrx_word' id='word_1_467' title='bbox 1706 3340 1979 3395; x_wconf 84' lang='lat' dir='ltr'><strong>consilium</strong></span> <span class='ocrx_word' id='word_1_468' title='bbox 2020 3345 2070 3395; x_wconf 87' lang='lat' dir='ltr'><strong>et</strong></span> 
     </span>
    </p>
   </div>
   <div class='ocr_carea' id='block_1_62' title="bbox 465 3410 2066 3483">
    <p class='ocr_par' dir='ltr' id='par_1_62' title="bbox 465 3410 2066 3483">
     <span class='ocr_line' id='line_1_62' title="bbox 465 3410 2066 3483; baseline -0.002 -15"><span class='ocrx_word' id='word_1_469' title='bbox 465 3415 851 3483; x_wconf 84' lang='lat' dir='ltr'><strong>cogitationem.</strong></span> <span class='ocrx_word' id='word_1_470' title='bbox 885 3410 1140 3467; x_wconf 67' lang='lat' dir='ltr'><strong>Chaldaaa</strong></span> <span class='ocrx_word' id='word_1_471' title='bbox 1164 3428 1177 3464; x_wconf 92' lang='lat'><strong>:</strong></span> <span class='ocrx_word' id='word_1_472' title='bbox 1204 3414 1276 3467; x_wconf 85' lang='lat' dir='ltr'><strong>Et</strong></span> <span class='ocrx_word' id='word_1_473' title='bbox 1298 3426 1425 3473; x_wconf 88' lang='lat' dir='ltr'><strong>ecce,</strong></span> <span class='ocrx_word' id='word_1_474' title='bbox 1449 3425 1511 3464; x_wconf 89' lang='lat' dir='ltr'><strong>ea</strong></span> <span class='ocrx_word' id='word_1_475' title='bbox 1534 3411 1725 3483; x_wconf 82' lang='lat' dir='ltr'><strong>scripsi</strong></span> <span class='ocrx_word' id='word_1_476' title='bbox 1742 3411 1855 3483; x_wconf 75' lang='lat' dir='ltr'><strong>tibi</strong></span> <span class='ocrx_word' id='word_1_477' title='bbox 1875 3412 1932 3465; x_wconf 85' lang='lat' dir='ltr'><strong>in</strong></span> <span class='ocrx_word' id='word_1_478' title='bbox 1962 3414 2066 3466; x_wconf 85' lang='lat' dir='ltr'><strong>tri-</strong></span> 
     </span>
    </p>
   </div>
   <div class='ocr_carea' id='block_1_63' title="bbox 466 3480 2068 3553">
    <p class='ocr_par' dir='ltr' id='par_1_63' title="bbox 466 3480 2068 3553">
     <span class='ocr_line' id='line_1_63' title="bbox 466 3480 2068 3553; baseline -0.001 -14"><span class='ocrx_word' id='word_1_479' title='bbox 466 3480 562 3539; x_wconf 78' lang='lat' dir='ltr'><strong>bus</strong></span> <span class='ocrx_word' id='word_1_480' title='bbox 588 3485 812 3550; x_wconf 80' lang='lat' dir='ltr'><strong>vicibus,</strong></span> <span class='ocrx_word' id='word_1_481' title='bbox 842 3485 903 3537; x_wconf 92' lang='lat' dir='ltr'><strong>in</strong></span> <span class='ocrx_word' id='word_1_482' title='bbox 928 3483 1164 3553; x_wconf 78' lang='lat' dir='ltr'><strong>consiliis</strong></span> <span class='ocrx_word' id='word_1_483' title='bbox 1187 3487 1238 3536; x_wconf 86' lang='lat' dir='ltr'><strong>et</strong></span> <span class='ocrx_word' id='word_1_484' title='bbox 1270 3484 1512 3535; x_wconf 86' lang='lat' dir='ltr'><strong>scientia.</strong></span> <span class='ocrx_word' id='word_1_485' title='bbox 1554 3482 1673 3535; x_wconf 85' lang='lat' dir='ltr'><strong>Div.</strong></span> <span class='ocrx_word' id='word_1_486' title='bbox 1700 3480 2068 3553; x_wconf 83' lang='lat' dir='ltr'><strong>Hieronymus</strong></span> 
     </span>
    </p>
   </div>
   <div class='ocr_carea' id='block_1_64' title="bbox 464 3552 2066 3625">
    <p class='ocr_par' dir='ltr' id='par_1_64' title="bbox 464 3552 2066 3625">
     <span class='ocr_line' id='line_1_64' title="bbox 464 3552 2066 3625; baseline -0.001 -17"><span class='ocrx_word' id='word_1_487' title='bbox 464 3556 521 3608; x_wconf 89' lang='lat' dir='ltr'><strong>in</strong></span> <span class='ocrx_word' id='word_1_488' title='bbox 551 3555 774 3625; x_wconf 86' lang='lat' dir='ltr'><strong>epistola</strong></span> <span class='ocrx_word' id='word_1_489' title='bbox 801 3553 870 3608; x_wconf 88' lang='lat' dir='ltr'><strong>ad</strong></span> <span class='ocrx_word' id='word_1_490' title='bbox 912 3552 1220 3625; x_wconf 84' lang='lat' dir='ltr'><strong>Hedibiam,</strong></span> <span class='ocrx_word' id='word_1_491' title='bbox 1252 3560 1446 3622; x_wconf 74' lang='lat' dir='ltr'><strong>quaest.</strong></span> <span class='ocrx_word' id='word_1_492' title='bbox 1483 3557 1580 3625; x_wconf 77' lang='lat' dir='ltr'><strong>l2_-.</strong></span> <span class='ocrx_word' id='word_1_493' title='bbox 1610 3552 1944 3625; x_wconf 65' lang='lat' dir='ltr'><strong>Praecipitur,</strong></span> <span class='ocrx_word' id='word_1_494' title='bbox 1980 3553 2066 3607; x_wconf 85' lang='lat' dir='ltr'><strong>in-</strong></span> 
     </span>
    </p>
   </div>
   <div class='ocr_carea' id='block_1_65' title="bbox 465 3622 2065 3694">
    <p class='ocr_par' dir='ltr' id='par_1_65' title="bbox 465 3622 2065 3694">
     <span class='ocr_line' id='line_1_65' title="bbox 465 3622 2065 3694; baseline -0.002 -15"><span class='ocrx_word' id='word_1_495' title='bbox 465 3622 604 3694; x_wconf 65' lang='lat' dir='ltr'><strong>quit,</strong></span> <span class='ocrx_word' id='word_1_496' title='bbox 630 3624 905 3680; x_wconf 85' lang='lat' dir='ltr'><strong>Salomone</strong></span> <span class='ocrx_word' id='word_1_497' title='bbox 928 3624 1133 3677; x_wconf 80' lang='lat' dir='ltr'><strong>dicente</strong></span> <span class='ocrx_word' id='word_1_498' title='bbox 1160 3641 1175 3675; x_wconf 90' lang='lat'><strong>:</strong></span> <span class='ocrx_word' id='word_1_499' title='bbox 1206 3626 1283 3676; x_wconf 88' lang='lat' dir='ltr'><strong>Tu</strong></span> <span class='ocrx_word' id='word_1_500' title='bbox 1309 3628 1490 3675; x_wconf 80' lang='lat' dir='ltr'><strong>autem</strong></span> <span class='ocrx_word' id='word_1_501' title='bbox 1521 3622 1757 3694; x_wconf 71' lang='lat' dir='ltr'><strong>describe</strong></span> <span class='ocrx_word' id='word_1_502' title='bbox 1790 3639 1850 3675; x_wconf 90' lang='lat' dir='ltr'><strong>ea</strong></span> <span class='ocrx_word' id='word_1_503' title='bbox 1878 3625 2065 3691; x_wconf 84' lang='lat' dir='ltr'><strong>tripli-</strong></span> 
     </span>
    </p>
   </div>
   <div class='ocr_carea' id='block_1_66' title="bbox 462 3694 2065 3760">
    <p class='ocr_par' dir='ltr' id='par_1_66' title="bbox 462 3694 2065 3760">
     <span class='ocr_line' id='line_1_66' title="bbox 462 3694 2065 3760; baseline -0.001 -11"><span class='ocrx_word' id='word_1_504' title='bbox 462 3698 594 3751; x_wconf 87' lang='lat' dir='ltr'><strong>citer</strong></span> <span class='ocrx_word' id='word_1_505' title='bbox 622 3698 683 3749; x_wconf 89' lang='lat' dir='ltr'><strong>in</strong></span> <span class='ocrx_word' id='word_1_506' title='bbox 722 3694 959 3760; x_wconf 87' lang='lat' dir='ltr'><strong>consilio,</strong></span> <span class='ocrx_word' id='word_1_507' title='bbox 1001 3697 1052 3746; x_wconf 86' lang='lat' dir='ltr'><strong>et</strong></span> <span class='ocrx_word' id='word_1_508' title='bbox 1083 3694 1326 3753; x_wconf 83' lang='lat' dir='ltr'><strong>scientia,</strong></span> <span class='ocrx_word' id='word_1_509' title='bbox 1365 3698 1425 3745; x_wconf 89' lang='lat' dir='ltr'><strong>ut</strong></span> <span class='ocrx_word' id='word_1_510' title='bbox 1459 3694 1776 3759; x_wconf 84' lang='lat' dir='ltr'><strong>respondeas</strong></span> <span class='ocrx_word' id='word_1_511' title='bbox 1804 3708 2065 3748; x_wconf 86' lang='lat' dir='ltr'><strong>sermones</strong></span> 
     </span>
    </p>
   </div>
   <div class='ocr_carea' id='block_1_67' title="bbox 460 3761 2067 3834">
    <p class='ocr_par' dir='ltr' id='par_1_67' title="bbox 460 3761 2067 3834">
     <span class='ocr_line' id='line_1_67' title="bbox 460 3761 2067 3834; baseline -0.002 -14"><span class='ocrx_word' id='word_1_512' title='bbox 460 3767 707 3821; x_wconf 72' lang='lat' dir='ltr'><strong>ueritatis</strong></span> <span class='ocrx_word' id='word_1_513' title='bbox 731 3767 799 3819; x_wconf 84' lang='lat' dir='ltr'><strong>iis</strong></span> <span class='ocrx_word' id='word_1_514' title='bbox 825 3766 923 3833; x_wconf 88' lang='lat' dir='ltr'><strong>qui</strong></span> <span class='ocrx_word' id='word_1_515' title='bbox 947 3768 1251 3834; x_wconf 82' lang='lat' dir='ltr'><strong>proponunt</strong></span> <span class='ocrx_word' id='word_1_516' title='bbox 1273 3762 1391 3816; x_wconf 84' lang='lat' dir='ltr'><strong>tibi.</strong></span> <span class='ocrx_word' id='word_1_517' title='bbox 1421 3762 1559 3834; x_wconf 58' lang='lat' dir='ltr'><strong>Quae</strong></span> <span class='ocrx_word' id='word_1_518' title='bbox 1587 3761 1746 3834; x_wconf 85' lang='lat' dir='ltr'><strong>verba</strong></span> <span class='ocrx_word' id='word_1_519' title='bbox 1797 3764 1874 3817; x_wconf 89' lang='lat' dir='ltr'><strong>sic</strong></span> <span class='ocrx_word' id='word_1_520' title='bbox 1902 3763 2067 3817; x_wconf 86' lang='lat' dir='ltr'><strong>inter-</strong></span> 
     </span>
    </p>
   </div>
   <div class='ocr_carea' id='block_1_68' title="bbox 462 3831 2063 3907">
    <p class='ocr_par' dir='ltr' id='par_1_68' title="bbox 462 3831 2063 3907">
     <span class='ocr_line' id='line_1_68' title="bbox 462 3831 2063 3907; baseline -0.003 -13"><span class='ocrx_word' id='word_1_521' title='bbox 462 3845 710 3907; x_wconf 82' lang='lat' dir='ltr'><strong>pretatur</strong></span> <span class='ocrx_word' id='word_1_522' title='bbox 734 3852 747 3888; x_wconf 92' lang='lat'><strong>:</strong></span> <span class='ocrx_word' id='word_1_523' title='bbox 778 3831 998 3906; x_wconf 73' lang='lat' dir='ltr'><strong>Tripr</strong></span> <span class='ocrx_word' id='word_1_524' title='bbox 1016 3831 1076 3888; x_wconf 78' lang='lat' dir='ltr'><strong>in</strong></span> <span class='ocrx_word' id='word_1_525' title='bbox 1095 3834 1248 3888; x_wconf 89' lang='lat' dir='ltr'><strong>corde</strong></span> <span class='ocrx_word' id='word_1_526' title='bbox 1270 3837 1452 3907; x_wconf 84' lang='lat' dir='ltr'><strong>nostra</strong></span> <span class='ocrx_word' id='word_1_527' title='bbox 1483 3831 1770 3907; x_wconf 74' lang='lat' dir='ltr'><strong>descriptio</strong></span> <span class='ocrx_word' id='word_1_528' title='bbox 1793 3838 1845 3887; x_wconf 90' lang='lat' dir='ltr'><strong>et</strong></span> <span class='ocrx_word' id='word_1_529' title='bbox 1874 3836 2063 3907; x_wconf 86' lang='lat' dir='ltr'><strong>regula</strong></span> 
     </span>
    </p>
   </div>
   <div class='ocr_carea' id='block_1_69' title="bbox 458 3903 2061 3986">
    <p class='ocr_par' dir='ltr' id='par_1_69' title="bbox 458 3903 2061 3986">
     <span class='ocr_line' id='line_1_69' title="bbox 458 3903 2061 3986; baseline -0.002 -23"><span class='ocrx_word' id='word_1_530' title='bbox 458 3903 1013 3986; x_wconf 44' lang='lat' dir='ltr'><strong>:Scﬁpturarum&#39;est:</strong></span> <span class='ocrx_word' id='word_1_531' title='bbox 1046 3907 1323 3986; x_wconf 70' lang='lat' dir='ltr'><strong>primaut</strong></span> <span class='ocrx_word' id='word_1_532' title='bbox 1363 3903 1858 3986; x_wconf 62' lang='lat' dir='ltr'><strong>intelligamuseas</strong></span> <span class='ocrx_word' id='word_1_533' title='bbox 1892 3905 2061 3986; x_wconf 53' lang='lat' dir='ltr'><strong>jungta</strong></span> 
     </span>
    </p>
   </div>
   <div class='ocr_carea' id='block_1_70' title="bbox 460 3974 2060 4045">
    <p class='ocr_par' dir='ltr' id='par_1_70' title="bbox 460 3974 2060 4045">
     <span class='ocr_line' id='line_1_70' title="bbox 460 3974 2060 4045; baseline -0.003 -11"><span class='ocrx_word' id='word_1_534' title='bbox 460 3974 769 4041; x_wconf 77' lang='lat' dir='ltr'><strong>historiam,</strong></span> <span class='ocrx_word' id='word_1_535' title='bbox 795 3978 1026 4032; x_wconf 85' lang='lat' dir='ltr'><strong>secunda</strong></span> <span class='ocrx_word' id='word_1_536' title='bbox 1037 3974 1209 4045; x_wconf 73' lang='lat' dir='ltr'><strong>jumta</strong></span> <span class='ocrx_word' id='word_1_537' title='bbox 1233 3976 1598 4044; x_wconf 84' lang='lat' dir='ltr'><strong>tropologiam,</strong></span> <span class='ocrx_word' id='word_1_538' title='bbox 1623 3976 1783 4030; x_wconf 83' lang='lat' dir='ltr'><strong>tertia</strong></span> <span class='ocrx_word' id='word_1_539' title='bbox 1790 3974 1960 4044; x_wconf 63' lang='lat' dir='ltr'><strong>juxta</strong></span> <span class='ocrx_word' id='word_1_540' title='bbox 1978 3978 2060 4030; x_wconf 85' lang='lat' dir='ltr'><strong>in-</strong></span> 
     </span>
    </p>
   </div>
   <div class='ocr_carea' id='block_1_71' title="bbox 459 4048 2061 4120">
    <p class='ocr_par' dir='ltr' id='par_1_71' title="bbox 459 4048 2061 4120">
     <span class='ocr_line' id='line_1_71' title="bbox 459 4048 2061 4120; baseline -0.002 -15"><span class='ocrx_word' id='word_1_541' title='bbox 459 4052 813 4120; x_wconf 83' lang='lat' dir='ltr'><strong>telligentiam</strong></span> <span class='ocrx_word' id='word_1_542' title='bbox 822 4048 1179 4119; x_wconf 78' lang='lat' dir='ltr'><strong>spiritualem.</strong></span> <span class='ocrx_word' id='word_1_543' title='bbox 1207 4050 1264 4102; x_wconf 85' lang='lat' dir='ltr'><strong>In</strong></span> <span class='ocrx_word' id='word_1_544' title='bbox 1277 4048 1507 4120; x_wconf 77' lang='lat' dir='ltr'><strong>historia</strong></span> <span class='ocrx_word' id='word_1_545' title='bbox 1526 4060 1704 4120; x_wconf 59' lang='lat' dir='ltr'><strong>cetum</strong></span> <span class='ocrx_word' id='word_1_546' title='bbox 1723 4061 1842 4120; x_wconf 73' lang='lat' dir='ltr'><strong>qua:</strong></span> <span class='ocrx_word' id='word_1_547' title='bbox 1860 4049 2061 4120; x_wconf 82' lang='lat' dir='ltr'><strong>scripta</strong></span> 
     </span>
    </p>
   </div>
   <div class='ocr_carea' id='block_1_72' title="bbox 456 4116 2060 4188">
    <p class='ocr_par' dir='ltr' id='par_1_72' title="bbox 456 4116 2060 4188">
     <span class='ocr_line' id='line_1_72' title="bbox 456 4116 2060 4188; baseline -0.002 -11"><span class='ocrx_word' id='word_1_548' title='bbox 456 4116 595 4177; x_wconf 73' lang='lat' dir='ltr'><strong>sunt</strong></span> <span class='ocrx_word' id='word_1_549' title='bbox 609 4121 737 4177; x_wconf 87' lang='lat' dir='ltr'><strong>ordo</strong></span> <span class='ocrx_word' id='word_1_550' title='bbox 762 4116 1028 4175; x_wconf 60' lang='lat' dir='ltr'><strong>seruatur.</strong></span> <span class='ocrx_word' id='word_1_551' title='bbox 1050 4120 1113 4173; x_wconf 88' lang='lat' dir='ltr'><strong>In</strong></span> <span class='ocrx_word' id='word_1_552' title='bbox 1142 4119 1439 4188; x_wconf 86' lang='lat' dir='ltr'><strong>tropologia</strong></span> <span class='ocrx_word' id='word_1_553' title='bbox 1462 4116 1529 4170; x_wconf 90' lang='lat' dir='ltr'><strong>de</strong></span> <span class='ocrx_word' id='word_1_554' title='bbox 1547 4117 1733 4171; x_wconf 85' lang='lat' dir='ltr'><strong>littera</strong></span> <span class='ocrx_word' id='word_1_555' title='bbox 1753 4117 1828 4171; x_wconf 84' lang='lat' dir='ltr'><strong>ad</strong></span> <span class='ocrx_word' id='word_1_556' title='bbox 1852 4116 2060 4187; x_wconf 86' lang='lat' dir='ltr'><strong>majora</strong></span> 
     </span>
    </p>
   </div>
   <div class='ocr_carea' id='block_1_73' title="bbox 457 4188 2064 4263">
    <p class='ocr_par' dir='ltr' id='par_1_73' title="bbox 457 4188 2064 4263">
     <span class='ocr_line' id='line_1_73' title="bbox 457 4188 2064 4263; baseline -0.004 -15"><span class='ocrx_word' id='word_1_557' title='bbox 457 4196 848 4263; x_wconf 86' lang='lat' dir='ltr'><strong>consurgimus,</strong></span> <span class='ocrx_word' id='word_1_558' title='bbox 884 4195 936 4246; x_wconf 90' lang='lat' dir='ltr'><strong>et</strong></span> <span class='ocrx_word' id='word_1_559' title='bbox 971 4189 1240 4263; x_wconf 79' lang='lat' dir='ltr'><strong>quidquid</strong></span> <span class='ocrx_word' id='word_1_560' title='bbox 1266 4191 1325 4263; x_wconf 89' lang='lat' dir='ltr'><strong>in</strong></span> <span class='ocrx_word' id='word_1_561' title='bbox 1349 4190 1525 4258; x_wconf 84' lang='lat' dir='ltr'><strong>priori</strong></span> <span class='ocrx_word' id='word_1_562' title='bbox 1540 4188 1739 4263; x_wconf 86' lang='lat' dir='ltr'><strong>popqu</strong></span> <span class='ocrx_word' id='word_1_563' title='bbox 1767 4190 2064 4263; x_wconf 79' lang='lat' dir='ltr'><strong>carnaliter</strong></span> 
     </span>
    </p>
   </div>
   <div class='ocr_carea' id='block_1_74' title="bbox 456 4260 2064 4333">
    <p class='ocr_par' dir='ltr' id='par_1_74' title="bbox 456 4260 2064 4333">
     <span class='ocr_line' id='line_1_74' title="bbox 456 4260 2064 4333; baseline -0.001 -16"><span class='ocrx_word' id='word_1_564' title='bbox 456 4260 671 4331; x_wconf 74' lang='lat' dir='ltr'><strong>factum</strong></span> <span class='ocrx_word' id='word_1_565' title='bbox 683 4268 778 4329; x_wconf 92' lang='lat' dir='ltr'><strong>est,</strong></span> <span class='ocrx_word' id='word_1_566' title='bbox 793 4264 966 4333; x_wconf 72' lang='lat' dir='ltr'><strong>juwta</strong></span> <span class='ocrx_word' id='word_1_567' title='bbox 984 4261 1235 4316; x_wconf 82' lang='lat' dir='ltr'><strong>moralem</strong></span> <span class='ocrx_word' id='word_1_568' title='bbox 1259 4262 1685 4333; x_wconf 81' lang='lat' dir='ltr'><strong>interpretamur</strong></span> <span class='ocrx_word' id='word_1_569' title='bbox 1704 4260 1891 4325; x_wconf 86' lang='lat' dir='ltr'><strong>locum,</strong></span> <span class='ocrx_word' id='word_1_570' title='bbox 1916 4266 1966 4315; x_wconf 87' lang='lat' dir='ltr'><strong>et</strong></span> <span class='ocrx_word' id='word_1_571' title='bbox 1988 4262 2064 4316; x_wconf 88' lang='lat' dir='ltr'><strong>ad</strong></span> 
     </span>
    </p>
   </div>
   <div class='ocr_carea' id='block_1_75' title="bbox 458 4332 2066 4401">
    <p class='ocr_par' dir='ltr' id='par_1_75' title="bbox 458 4332 2066 4401">
     <span class='ocr_line' id='line_1_75' title="bbox 458 4332 2066 4401; baseline -0.002 -13"><span class='ocrx_word' id='word_1_572' title='bbox 458 4337 655 4389; x_wconf 79' lang='lat' dir='ltr'><strong>animae</strong></span> <span class='ocrx_word' id='word_1_573' title='bbox 684 4332 883 4390; x_wconf 65' lang='lat' dir='ltr'><strong>nostra</strong></span> <span class='ocrx_word' id='word_1_574' title='bbox 914 4333 1267 4387; x_wconf 84' lang='lat' dir='ltr'><strong>emolumenta</strong></span> <span class='ocrx_word' id='word_1_575' title='bbox 1292 4332 1665 4385; x_wconf 82' lang='lat' dir='ltr'><strong>convertimus.</strong></span> <span class='ocrx_word' id='word_1_576' title='bbox 1694 4333 1757 4386; x_wconf 88' lang='lat' dir='ltr'><strong>In</strong></span> <span class='ocrx_word' id='word_1_577' title='bbox 1783 4333 2066 4401; x_wconf 84' lang='lat' dir='ltr'><strong>spirituali</strong></span> 
     </span>
    </p>
   </div>
   <div class='ocr_carea' id='block_1_76' title="bbox 457 4401 2063 4473">
    <p class='ocr_par' dir='ltr' id='par_1_76' title="bbox 457 4401 2063 4473">
     <span class='ocr_line' id='line_1_76' title="bbox 457 4401 2063 4473; baseline 0.001 -16"><span class='ocrx_word' id='word_1_578' title='bbox 457 4405 716 4473; x_wconf 74' lang='grc' dir='ltr'><strong>Θεωρὶᾳαά</strong></span> <span class='ocrx_word' id='word_1_579' title='bbox 728 4405 1045 4473; x_wconf 85' lang='lat' dir='ltr'><strong>sublimiora</strong></span> <span class='ocrx_word' id='word_1_580' title='bbox 1070 4404 1386 4473; x_wconf 79' lang='lat' dir='ltr'><strong>transimus,</strong></span> <span class='ocrx_word' id='word_1_581' title='bbox 1409 4405 1621 4473; x_wconf 86' lang='lat' dir='ltr'><strong>terrena</strong></span> <span class='ocrx_word' id='word_1_582' title='bbox 1638 4401 1981 4465; x_wconf 87' lang='lat' dir='ltr'><strong>dimittimus,</strong></span> <span class='ocrx_word' id='word_1_583' title='bbox 1998 4404 2063 4458; x_wconf 90' lang='lat' dir='ltr'><strong>de</strong></span> 
     </span>
    </p>
   </div>
   <div class='ocr_carea' id='block_1_77' title="bbox 454 4471 2055 4541">
    <p class='ocr_par' dir='ltr' id='par_1_77' title="bbox 454 4471 2055 4541">
     <span class='ocr_line' id='line_1_77' title="bbox 454 4471 2055 4541; baseline 0.001 -14"><span class='ocrx_word' id='word_1_584' title='bbox 454 4471 767 4540; x_wconf 77' lang='lat' dir='ltr'><strong>futurarum</strong></span> <span class='ocrx_word' id='word_1_585' title='bbox 795 4472 1130 4541; x_wconf 81' lang='lat' dir='ltr'><strong>beatitudine</strong></span> <span class='ocrx_word' id='word_1_586' title='bbox 1152 4471 1516 4541; x_wconf 73' lang='lat' dir='ltr'><strong>etctelestibus</strong></span> <span class='ocrx_word' id='word_1_587' title='bbox 1557 4472 1921 4541; x_wconf 86' lang='lat' dir='ltr'><strong>disputamus,</strong></span> <span class='ocrx_word' id='word_1_588' title='bbox 1952 4481 2055 4529; x_wconf 85' lang='lat' dir='ltr'><strong>etc.</strong></span> 
     </span>
    </p>
   </div>
   <div class='ocr_carea' id='block_1_78' title="bbox 456 4538 2059 4614">
    <p class='ocr_par' dir='ltr' id='par_1_78' title="bbox 456 4538 2059 4614">
     <span class='ocr_line' id='line_1_78' title="bbox 456 4538 2059 4614; baseline 0 -16"><span class='ocrx_word' id='word_1_589' title='bbox 456 4538 525 4598; x_wconf 87' lang='lat' dir='ltr'><strong>Et</strong></span> <span class='ocrx_word' id='word_1_590' title='bbox 554 4543 612 4599; x_wconf 91' lang='lat' dir='ltr'><strong>in</strong></span> <span class='ocrx_word' id='word_1_591' title='bbox 638 4558 758 4614; x_wconf 89' lang='lat' dir='ltr'><strong>cap.</strong></span> <span class='ocrx_word' id='word_1_592' title='bbox 793 4555 908 4614; x_wconf 9' lang='lat' dir='ltr'><strong>rxvr</strong></span> <span class='ocrx_word' id='word_1_593' title='bbox 942 4538 1276 4614; x_wconf 71' lang='lat' dir='ltr'><strong>Ezechielis:</strong></span> <span class='ocrx_word' id='word_1_594' title='bbox 1315 4541 1535 4614; x_wconf 76' lang='lat' dir='ltr'><strong>Jubetur</strong></span> <span class='ocrx_word' id='word_1_595' title='bbox 1576 4538 1731 4614; x_wconf 73' lang='lat' dir='ltr'><strong>nobis</strong></span> <span class='ocrx_word' id='word_1_596' title='bbox 1759 4548 1822 4596; x_wconf 89' lang='lat' dir='ltr'><strong>ut</strong></span> <span class='ocrx_word' id='word_1_597' title='bbox 1845 4538 2059 4611; x_wconf 80' lang='lat' dir='ltr'><strong>eloquia</strong></span> 
     </span>
    </p>
   </div>
   <div class='ocr_carea' id='block_1_79' title="bbox 454 4612 2051 4683">
    <p class='ocr_par' dir='ltr' id='par_1_79' title="bbox 454 4612 2051 4683">
     <span class='ocr_line' id='line_1_79' title="bbox 454 4612 2051 4683; baseline -0.001 -13"><span class='ocrx_word' id='word_1_598' title='bbox 454 4612 722 4677; x_wconf 67' lang='lat' dir='ltr'><strong>ueritatis,</strong></span> <span class='ocrx_word' id='word_1_599' title='bbox 740 4613 799 4668; x_wconf 84' lang='lat' dir='ltr'><strong>id</strong></span> <span class='ocrx_word' id='word_1_600' title='bbox 813 4618 910 4675; x_wconf 91' lang='lat' dir='ltr'><strong>est,</strong></span> <span class='ocrx_word' id='word_1_601' title='bbox 927 4612 1238 4681; x_wconf 84' lang='lat' dir='ltr'><strong>Scripturas</strong></span> <span class='ocrx_word' id='word_1_602' title='bbox 1256 4615 1469 4666; x_wconf 88' lang='lat' dir='ltr'><strong>sanctas</strong></span> <span class='ocrx_word' id='word_1_603' title='bbox 1489 4612 1857 4683; x_wconf 79' lang='lat' dir='ltr'><strong>intelligamus</strong></span> <span class='ocrx_word' id='word_1_604' title='bbox 1878 4614 2051 4683; x_wconf 86' lang='lat' dir='ltr'><strong>tripli-</strong></span> 
     </span>
    </p>
   </div>
   <div class='ocr_carea' id='block_1_80' title="bbox 452 4657 2134 4758">
    <p class='ocr_par' dir='ltr' id='par_1_80' title="bbox 452 4657 2134 4758">
     <span class='ocr_line' id='line_1_80' title="bbox 452 4657 2134 4758; baseline -0.002 -15"><span class='ocrx_word' id='word_1_605' title='bbox 452 4657 1333 4758; x_wconf 9' lang='lat' dir='ltr'><strong>Igitteram,</strong></span> <span class='ocrx_word' id='word_1_606' title='bbox 1349 4681 1573 4758; x_wconf 81' lang='lat' dir='ltr'><strong>secundo</strong></span> <span class='ocrx_word' id='word_1_607' title='bbox 1592 4657 1869 4752; x_wconf 46' lang='lat' dir='ltr'><strong>medieper</strong></span> <span class='ocrx_word' id='word_1_608' title='bbox 1885 4657 2053 4753; x_wconf 64' lang='grc' dir='ltr'><strong>ενοῖρά</strong></span> <span class='ocrx_word' id='word_1_609' title='bbox 2084 4657 2134 4720; x_wconf 81' lang='lat' dir='ltr'><strong>D</strong></span> 
     </span>
    </p>
   </div>
   <div class='ocr_carea' id='block_1_81' title="bbox 452 4754 2055 4829">
    <p class='ocr_par' dir='ltr' id='par_1_81' title="bbox 452 4754 2055 4829">
     <span class='ocr_line' id='line_1_81' title="bbox 452 4754 2055 4829; baseline -0.001 -16"><span class='ocrx_word' id='word_1_610' title='bbox 452 4754 681 4829; x_wconf 78' lang='lat' dir='ltr'><strong>legium;</strong></span> <span class='ocrx_word' id='word_1_611' title='bbox 707 4760 864 4815; x_wconf 85' lang='lat' dir='ltr'><strong>tertio</strong></span> <span class='ocrx_word' id='word_1_612' title='bbox 880 4754 1183 4818; x_wconf 77' lang='lat' dir='ltr'><strong>sublimius,</strong></span> <span class='ocrx_word' id='word_1_613' title='bbox 1209 4758 1273 4809; x_wconf 89' lang='lat' dir='ltr'><strong>ut</strong></span> <span class='ocrx_word' id='word_1_614' title='bbox 1294 4754 1517 4829; x_wconf 77' lang='lat' dir='ltr'><strong>mystica</strong></span> <span class='ocrx_word' id='word_1_615' title='bbox 1541 4768 1760 4829; x_wconf 69' lang='lat' dir='ltr'><strong>quaque</strong></span> <span class='ocrx_word' id='word_1_616' title='bbox 1783 4768 2055 4829; x_wconf 71' lang='lat' dir='ltr'><strong>cqgnosca-</strong></span> 
     </span>
    </p>
   </div>
   <div class='ocr_carea' id='block_1_82' title="bbox 451 4824 2053 4900">
    <p class='ocr_par' dir='ltr' id='par_1_82' title="bbox 451 4824 2053 4900">
     <span class='ocr_line' id='line_1_82' title="bbox 451 4824 2053 4900; baseline -0.002 -14"><span class='ocrx_word' id='word_1_617' title='bbox 451 4824 588 4886; x_wconf 77' lang='lat' dir='ltr'><strong>mus.</strong></span> <span class='ocrx_word' id='word_1_618' title='bbox 613 4824 826 4886; x_wconf 81' lang='lat' dir='ltr'><strong>Rursus</strong></span> <span class='ocrx_word' id='word_1_619' title='bbox 846 4829 900 4884; x_wconf 92' lang='lat' dir='ltr'><strong>in</strong></span> <span class='ocrx_word' id='word_1_620' title='bbox 925 4842 1046 4900; x_wconf 88' lang='lat' dir='ltr'><strong>cap.</strong></span> <span class='ocrx_word' id='word_1_621' title='bbox 1063 4841 1132 4882; x_wconf 74' lang='grc' dir='ltr'><strong>ιν</strong></span> <span class='ocrx_word' id='word_1_622' title='bbox 1149 4830 1359 4900; x_wconf 76' lang='lat' dir='ltr'><strong>Amos:</strong></span> <span class='ocrx_word' id='word_1_623' title='bbox 1388 4824 1663 4900; x_wconf 79' lang='lat' dir='ltr'><strong>Debemus,</strong></span> <span class='ocrx_word' id='word_1_624' title='bbox 1681 4824 1780 4900; x_wconf 85' lang='lat' dir='ltr'><strong>ait,</strong></span> <span class='ocrx_word' id='word_1_625' title='bbox 1800 4826 2053 4900; x_wconf 62' lang='lat' dir='ltr'><strong>Sqiptu-</strong></span> 
     </span>
    </p>
   </div>
   <div class='ocr_carea' id='block_1_83' title="bbox 452 4893 2046 4975">
    <p class='ocr_par' dir='ltr' id='par_1_83' title="bbox 452 4893 2046 4975">
     <span class='ocr_line' id='line_1_83' title="bbox 452 4893 2046 4975; baseline -0.001 -20"><span class='ocrx_word' id='word_1_626' title='bbox 452 4917 573 4975; x_wconf 76' lang='lat' dir='ltr'><strong>ram</strong></span> <span class='ocrx_word' id='word_1_627' title='bbox 610 4917 821 4975; x_wconf 83' lang='lat' dir='ltr'><strong>sacram</strong></span> <span class='ocrx_word' id='word_1_628' title='bbox 856 4893 1101 4975; x_wconf 71' lang='lat' dir='ltr'><strong>primum</strong></span> <span class='ocrx_word' id='word_1_629' title='bbox 1137 4897 1425 4975; x_wconf 83' lang='lat' dir='ltr'><strong>secundum</strong></span> <span class='ocrx_word' id='word_1_630' title='bbox 1459 4893 1695 4975; x_wconf 60' lang='lat' dir='ltr'><strong>litteram</strong></span> <span class='ocrx_word' id='word_1_631' title='bbox 1730 4893 2046 4975; x_wconf 73' lang='lat' dir='ltr'><strong>intelligere,</strong></span> 
     </span>
    </p>
   </div>
   <div class='ocr_carea' id='block_1_84' title="bbox 449 4969 2048 5040">
    <p class='ocr_par' dir='ltr' id='par_1_84' title="bbox 449 4969 2048 5040">
     <span class='ocr_line' id='line_1_84' title="bbox 449 4969 2048 5040; baseline -0.001 -16"><span class='ocrx_word' id='word_1_632' title='bbox 449 4973 709 5039; x_wconf 81' lang='lat' dir='ltr'><strong>facientes</strong></span> <span class='ocrx_word' id='word_1_633' title='bbox 733 4973 791 5022; x_wconf 87' lang='lat' dir='ltr'><strong>in</strong></span> <span class='ocrx_word' id='word_1_634' title='bbox 817 4972 991 5040; x_wconf 87' lang='lat' dir='ltr'><strong>ethica</strong></span> <span class='ocrx_word' id='word_1_635' title='bbox 1014 4969 1101 5037; x_wconf 86' lang='lat' dir='ltr'><strong>[Id</strong></span> <span class='ocrx_word' id='word_1_636' title='bbox 1124 4977 1226 5036; x_wconf 89' lang='lat' dir='ltr'><strong>est,</strong></span> <span class='ocrx_word' id='word_1_637' title='bbox 1251 4971 1311 5024; x_wconf 88' lang='lat' dir='ltr'><strong>in</strong></span> <span class='ocrx_word' id='word_1_638' title='bbox 1326 4970 1517 5040; x_wconf 65' lang='lat' dir='ltr'><strong>prater]</strong></span> <span class='ocrx_word' id='word_1_639' title='bbox 1543 4982 1888 5040; x_wconf 65' lang='lat' dir='ltr'><strong>quaecumque</strong></span> <span class='ocrx_word' id='word_1_640' title='bbox 1905 4969 2048 5039; x_wconf 65' lang='lat' dir='ltr'><strong>prai-</strong></span> 
     </span>
    </p>
   </div>
   <div class='ocr_carea' id='block_1_85' title="bbox 448 5039 2050 5112">
    <p class='ocr_par' dir='ltr' id='par_1_85' title="bbox 448 5039 2050 5112">
     <span class='ocr_line' id='line_1_85' title="bbox 448 5039 2050 5112; baseline 0.001 -16"><span class='ocrx_word' id='word_1_641' title='bbox 448 5045 599 5112; x_wconf 90' lang='lat' dir='ltr'><strong>cepta</strong></span> <span class='ocrx_word' id='word_1_642' title='bbox 608 5043 762 5106; x_wconf 85' lang='lat' dir='ltr'><strong>sunt;</strong></span> <span class='ocrx_word' id='word_1_643' title='bbox 781 5039 1010 5112; x_wconf 81' lang='lat' dir='ltr'><strong>secundo</strong></span> <span class='ocrx_word' id='word_1_644' title='bbox 1019 5040 1190 5112; x_wconf 60' lang='lat' dir='ltr'><strong>jus-ta</strong></span> <span class='ocrx_word' id='word_1_645' title='bbox 1209 5039 1542 5112; x_wconf 83' lang='lat' dir='ltr'><strong>allegoriam,</strong></span> <span class='ocrx_word' id='word_1_646' title='bbox 1564 5039 1625 5094; x_wconf 87' lang='lat' dir='ltr'><strong>id</strong></span> <span class='ocrx_word' id='word_1_647' title='bbox 1641 5043 1738 5103; x_wconf 88' lang='lat' dir='ltr'><strong>est,</strong></span> <span class='ocrx_word' id='word_1_648' title='bbox 1749 5040 2050 5110; x_wconf 85' lang='lat' dir='ltr'><strong>intelligen-</strong></span> 
     </span>
    </p>
   </div>
   <div class='ocr_carea' id='block_1_86' title="bbox 447 5110 2049 5183">
    <p class='ocr_par' dir='ltr' id='par_1_86' title="bbox 447 5110 2049 5183">
     <span class='ocr_line' id='line_1_86' title="bbox 447 5110 2049 5183; baseline -0.009 -15"><span class='ocrx_word' id='word_1_649' title='bbox 447 5110 581 5168; x_wconf 79' lang='lat' dir='ltr'><strong>tiam</strong></span> <span class='ocrx_word' id='word_1_650' title='bbox 603 5111 974 5183; x_wconf 66' lang='lat' dir='ltr'><strong>spiritualem;</strong></span> <span class='ocrx_word' id='word_1_651' title='bbox 1001 5111 1165 5183; x_wconf 75' lang='lat' dir='ltr'><strong>tertio</strong></span> <span class='ocrx_word' id='word_1_652' title='bbox 1186 5110 1472 5164; x_wconf 86' lang='lat' dir='ltr'><strong>secundum</strong></span> <span class='ocrx_word' id='word_1_653' title='bbox 1485 5112 1796 5183; x_wconf 79' lang='lat' dir='ltr'><strong>futurorum</strong></span> <span class='ocrx_word' id='word_1_654' title='bbox 1820 5112 2049 5183; x_wconf 60' lang='lat' dir='ltr'><strong>beam“-</strong></span> 
     </span>
    </p>
   </div>
   <div class='ocr_carea' id='block_1_87' title="bbox 445 5180 2048 5252">
    <p class='ocr_par' dir='ltr' id='par_1_87' title="bbox 445 5180 2048 5252">
     <span class='ocr_line' id='line_1_87' title="bbox 445 5180 2048 5252; baseline -0.001 -12"><span class='ocrx_word' id='word_1_655' title='bbox 445 5180 647 5240; x_wconf 60' lang='lat' dir='ltr'><strong>dinem:</strong></span> <span class='ocrx_word' id='word_1_656' title='bbox 675 5184 950 5240; x_wconf 82' lang='lat' dir='ltr'><strong>Hactenus</strong></span> <span class='ocrx_word' id='word_1_657' title='bbox 975 5183 1048 5235; x_wconf 89' lang='lat' dir='ltr'><strong>D.</strong></span> <span class='ocrx_word' id='word_1_658' title='bbox 1076 5180 1466 5252; x_wconf 72' lang='lat' dir='ltr'><strong>Hieronymus.</strong></span> <span class='ocrx_word' id='word_1_659' title='bbox 1492 5185 1585 5252; x_wconf 12' lang='lat' dir='ltr'><strong>ili-3x</strong></span> <span class='ocrx_word' id='word_1_660' title='bbox 1614 5181 1815 5252; x_wconf 89' lang='lat' dir='ltr'><strong>quibus</strong></span> <span class='ocrx_word' id='word_1_661' title='bbox 1844 5181 2048 5238; x_wconf 84' lang='lat' dir='ltr'><strong>intelli-</strong></span> 
     </span>
    </p>
   </div>
   <div class='ocr_carea' id='block_1_88' title="bbox 443 5249 2043 5329">
    <p class='ocr_par' dir='ltr' id='par_1_88' title="bbox 443 5249 2043 5329">
     <span class='ocr_line' id='line_1_88' title="bbox 443 5249 2043 5329; baseline -0.003 -17"><span class='ocrx_word' id='word_1_662' title='bbox 443 5255 626 5329; x_wconf 86' lang='lat' dir='ltr'><strong>gimus</strong></span> <span class='ocrx_word' id='word_1_663' title='bbox 651 5254 1061 5329; x_wconf 71' lang='lat' dir='ltr'><strong>distinctionem</strong></span> <span class='ocrx_word' id='word_1_664' title='bbox 1087 5249 1233 5306; x_wconf 90' lang='lat' dir='ltr'><strong>illam</strong></span> <span class='ocrx_word' id='word_1_665' title='bbox 1265 5249 2043 5329; x_wconf 57' lang='lat' dir='ltr'><strong>spiritualium&#39;sensuumnon</strong></span> 
     </span>
    </p>
   </div>
   <div class='ocr_carea' id='block_1_89' title="bbox 443 5321 2045 5399">
    <p class='ocr_par' dir='ltr' id='par_1_89' title="bbox 443 5321 2045 5399">
     <span class='ocr_line' id='line_1_89' title="bbox 443 5321 2045 5399; baseline -0.002 -15"><span class='ocrx_word' id='word_1_666' title='bbox 443 5321 658 5399; x_wconf 63' lang='lat' dir='ltr'><strong>iamper</strong></span> <span class='ocrx_word' id='word_1_667' title='bbox 690 5343 722 5383; x_wconf 87' lang='lat' dir='ltr'><strong>a</strong></span> <span class='ocrx_word' id='word_1_668' title='bbox 750 5324 1000 5399; x_wconf 75' lang='lat' dir='ltr'><strong>Patribus</strong></span> <span class='ocrx_word' id='word_1_669' title='bbox 1022 5330 1275 5379; x_wconf 88' lang='lat' dir='ltr'><strong>accurate</strong></span> <span class='ocrx_word' id='word_1_670' title='bbox 1295 5321 1596 5399; x_wconf 43' lang='lat' dir='ltr'><strong>bbservari:</strong></span> <span class='ocrx_word' id='word_1_671' title='bbox 1634 5330 1730 5399; x_wconf 61' lang='lat' dir='ltr'><strong>aut</strong></span> <span class='ocrx_word' id='word_1_672' title='bbox 1767 5321 2045 5399; x_wconf 65' lang='lat' dir='ltr'><strong>praedictis</strong></span> 
     </span>
    </p>
   </div>
   <div class='ocr_carea' id='block_1_90' title="bbox 443 5391 2040 5470">
    <p class='ocr_par' dir='ltr' id='par_1_90' title="bbox 443 5391 2040 5470">
     <span class='ocr_line' id='line_1_90' title="bbox 443 5391 2040 5470; baseline -0.002 -18"><span class='ocrx_word' id='word_1_673' title='bbox 443 5391 1008 5470; x_wconf 65' lang='lat' dir='ltr'><strong>vocabulisexprimi,</strong></span> <span class='ocrx_word' id='word_1_674' title='bbox 1041 5401 1103 5450; x_wconf 90' lang='lat' dir='ltr'><strong>ut</strong></span> <span class='ocrx_word' id='word_1_675' title='bbox 1139 5392 1532 5470; x_wconf 68' lang='lat' dir='ltr'><strong>natavit_card.</strong></span> <span class='ocrx_word' id='word_1_676' title='bbox 1560 5391 1924 5470; x_wconf 67' lang='lat' dir='ltr'><strong>Bellarminus</strong></span> <span class='ocrx_word' id='word_1_677' title='bbox 1946 5393 2040 5450; x_wconf 91' lang='lat' dir='ltr'><strong>lib.</strong></span> 
     </span>
    </p>
   </div>
   <div class='ocr_carea' id='block_1_91' title="bbox 440 5462 2042 5539">
    <p class='ocr_par' dir='ltr' id='par_1_91' title="bbox 440 5462 2042 5539">
     <span class='ocr_line' id='line_1_91' title="bbox 440 5462 2042 5539; baseline -0.001 -15"><span class='ocrx_word' id='word_1_678' title='bbox 440 5482 515 5539; x_wconf 74' lang='lat' dir='ltr'><strong>nr</strong></span> <span class='ocrx_word' id='word_1_679' title='bbox 541 5469 609 5525; x_wconf 87' lang='lat' dir='ltr'><strong>de</strong></span> <span class='ocrx_word' id='word_1_680' title='bbox 635 5468 800 5526; x_wconf 85' lang='lat' dir='ltr'><strong>verbo</strong></span> <span class='ocrx_word' id='word_1_681' title='bbox 826 5462 925 5525; x_wconf 83' lang='lat' dir='ltr'><strong>Dei</strong></span> <span class='ocrx_word' id='word_1_682' title='bbox 943 5481 1064 5539; x_wconf 86' lang='lat' dir='ltr'><strong>cap.</strong></span> <span class='ocrx_word' id='word_1_683' title='bbox 1094 5470 1146 5521; x_wconf 79' lang='lat'><strong>3.</strong></span> <span class='ocrx_word' id='word_1_684' title='bbox 1179 5465 1319 5539; x_wconf 82' lang='lat' dir='ltr'><strong>Nam</strong></span> <span class='ocrx_word' id='word_1_685' title='bbox 1342 5464 1713 5539; x_wconf 74' lang='lat' dir='ltr'><strong>Hieronymus</strong></span> <span class='ocrx_word' id='word_1_686' title='bbox 1732 5462 1857 5539; x_wconf 68' lang='lat' dir='ltr'><strong>loco</strong></span> <span class='ocrx_word' id='word_1_687' title='bbox 1877 5463 2042 5539; x_wconf 81' lang='lat' dir='ltr'><strong>citato</strong></span> 
     </span>
    </p>
   </div>
   <div class='ocr_carea' id='block_1_92' title="bbox 441 5533 2042 5609">
    <p class='ocr_par' dir='ltr' id='par_1_92' title="bbox 441 5533 2042 5609">
     <span class='ocr_line' id='line_1_92' title="bbox 441 5533 2042 5609; baseline 0 -14"><span class='ocrx_word' id='word_1_688' title='bbox 441 5537 510 5595; x_wconf 86' lang='lat' dir='ltr'><strong>ad</strong></span> <span class='ocrx_word' id='word_1_689' title='bbox 542 5539 834 5596; x_wconf 84' lang='lat' dir='ltr'><strong>Hedibiam</strong></span> <span class='ocrx_word' id='word_1_690' title='bbox 851 5533 1072 5596; x_wconf 81' lang='lat' dir='ltr'><strong>nomine</strong></span> <span class='ocrx_word' id='word_1_691' title='bbox 1088 5537 1405 5609; x_wconf 81' lang='lat' dir='ltr'><strong>tmpologici</strong></span> <span class='ocrx_word' id='word_1_692' title='bbox 1433 5533 1849 5607; x_wconf 86' lang='lat' dir='ltr'><strong>comprehendit</strong></span> <span class='ocrx_word' id='word_1_693' title='bbox 1876 5536 2042 5609; x_wconf 82' lang='lat' dir='ltr'><strong>etiam</strong></span> 
     </span>
    </p>
   </div>
   <div class='ocr_carea' id='block_1_93' title="bbox 439 5607 2040 5680">
    <p class='ocr_par' dir='ltr' id='par_1_93' title="bbox 439 5607 2040 5680">
     <span class='ocr_line' id='line_1_93' title="bbox 439 5607 2040 5680; baseline 0.001 -16"><span class='ocrx_word' id='word_1_694' title='bbox 439 5609 811 5680; x_wconf 79' lang='lat' dir='ltr'><strong>allegoricum.</strong></span> <span class='ocrx_word' id='word_1_695' title='bbox 840 5618 896 5665; x_wconf 88' lang='lat' dir='ltr'><strong>et</strong></span> <span class='ocrx_word' id='word_1_696' title='bbox 921 5626 965 5680; x_wconf 88' lang='lat' dir='ltr'><strong>e_</strong></span> <span class='ocrx_word' id='word_1_697' title='bbox 978 5607 1257 5666; x_wconf 84' lang='lat' dir='ltr'><strong>contrario</strong></span> <span class='ocrx_word' id='word_1_698' title='bbox 1286 5607 1342 5680; x_wconf 77' lang='lat' dir='ltr'><strong>in</strong></span> <span class='ocrx_word' id='word_1_699' title='bbox 1377 5621 1500 5680; x_wconf 80' lang='lat' dir='ltr'><strong>cap.</strong></span> <span class='ocrx_word' id='word_1_700' title='bbox 1530 5620 1596 5663; x_wconf 79' lang='lat' dir='ltr'><strong>tv</strong></span> <span class='ocrx_word' id='word_1_701' title='bbox 1623 5608 1794 5680; x_wconf 82' lang='lat' dir='ltr'><strong>Amos</strong></span> <span class='ocrx_word' id='word_1_702' title='bbox 1817 5608 2040 5666; x_wconf 85' lang='lat' dir='ltr'><strong>nomine</strong></span> 
     </span>
    </p>
   </div>
   <div class='ocr_carea' id='block_1_94' title="bbox 439 5676 2042 5750">
    <p class='ocr_par' dir='ltr' id='par_1_94' title="bbox 439 5676 2042 5750">
     <span class='ocr_line' id='line_1_94' title="bbox 439 5676 2042 5750; baseline 0 -15"><span class='ocrx_word' id='word_1_703' title='bbox 439 5676 711 5750; x_wconf 75' lang='lat' dir='ltr'><strong>allegorici</strong></span> <span class='ocrx_word' id='word_1_704' title='bbox 729 5678 1146 5750; x_wconf 78' lang='lat' dir='ltr'><strong>comprehendit</strong></span> <span class='ocrx_word' id='word_1_705' title='bbox 1166 5676 1586 5750; x_wconf 63' lang='lat' dir='ltr'><strong>tropologicum.</strong></span> <span class='ocrx_word' id='word_1_706' title='bbox 1611 5683 1686 5750; x_wconf 64' lang='lat' dir='ltr'><strong>At</strong></span> <span class='ocrx_word' id='word_1_707' title='bbox 1702 5676 1759 5733; x_wconf 92' lang='lat' dir='ltr'><strong>in</strong></span> <span class='ocrx_word' id='word_1_708' title='bbox 1783 5680 2042 5737; x_wconf 82' lang='lat' dir='ltr'><strong>Ezechie-</strong></span> 
     </span>
    </p>
   </div>
   <div class='ocr_carea' id='block_1_95' title="bbox 440 5746 2039 5816">
    <p class='ocr_par' dir='ltr' id='par_1_95' title="bbox 440 5746 2039 5816">
     <span class='ocr_line' id='line_1_95' title="bbox 440 5746 2039 5816; baseline -0.009 -8"><span class='ocrx_word' id='word_1_709' title='bbox 440 5746 677 5808; x_wconf 72' lang='lat' dir='ltr'><strong>lenfsub</strong></span> <span class='ocrx_word' id='word_1_710' title='bbox 706 5746 875 5801; x_wconf 81' lang='lat' dir='ltr'><strong>tertia</strong></span> <span class='ocrx_word' id='word_1_711' title='bbox 890 5747 1086 5816; x_wconf 85' lang='lat' dir='ltr'><strong>specie,</strong></span> <span class='ocrx_word' id='word_1_712' title='bbox 1116 5746 1283 5816; x_wconf 74' lang='lat' dir='ltr'><strong>quam</strong></span> <span class='ocrx_word' id='word_1_713' title='bbox 1319 5746 1478 5816; x_wconf 72' lang='lat' dir='ltr'><strong>vocat</strong></span> <span class='ocrx_word' id='word_1_714' title='bbox 1499 5748 1782 5802; x_wconf 85' lang='lat' dir='ltr'><strong>sublimem</strong></span> <span class='ocrx_word' id='word_1_715' title='bbox 1806 5763 2039 5805; x_wconf 79' lang='lat' dir='ltr'><strong>sacram.</strong></span> 
     </span>
    </p>
   </div>
   <div class='ocr_carea' id='block_1_96' title="bbox 438 5813 2040 5904">
    <p class='ocr_par' dir='ltr' id='par_1_96' title="bbox 438 5813 2040 5904">
     <span class='ocr_line' id='line_1_96' title="bbox 438 5813 2040 5904; baseline -0.004 -27"><span class='ocrx_word' id='word_1_716' title='bbox 438 5813 988 5904; x_wconf 69' lang='lat' dir='ltr'><strong>queintelh’gentthm,</strong></span> <span class='ocrx_word' id='word_1_717' title='bbox 1017 5813 1429 5885; x_wconf 77' lang='lat' dir='ltr'><strong>comprehendit</strong></span> <span class='ocrx_word' id='word_1_718' title='bbox 1453 5815 1806 5886; x_wconf 87' lang='lat' dir='ltr'><strong>allegoricum</strong></span> <span class='ocrx_word' id='word_1_719' title='bbox 1834 5825 1890 5874; x_wconf 88' lang='lat' dir='ltr'><strong>et</strong></span> <span class='ocrx_word' id='word_1_720' title='bbox 1919 5836 2040 5878; x_wconf 77' lang='lat' dir='ltr'><strong>ana.</strong></span> 
     </span>
    </p>
   </div>
   <div class='ocr_carea' id='block_1_97' title="bbox 436 5904 710 5965">
    <p class='ocr_par' dir='ltr' id='par_1_97' title="bbox 436 5904 710 5965">
     <span class='ocr_line' id='line_1_97' title="bbox 436 5904 710 5965; baseline -0.011 -17"><span class='ocrx_word' id='word_1_721' title='bbox 436 5904 710 5965; x_wconf 79' lang='lat' dir='ltr'><strong>goglcum.</strong></span> 
     </span>
    </p>
   </div>
   <div class='ocr_carea' id='block_1_98' title="bbox 2248 3270 3787 3342">
    <p class='ocr_par' dir='ltr' id='par_1_98' title="bbox 2248 3270 3787 3342">
     <span class='ocr_line' id='line_1_98' title="bbox 2248 3270 3787 3342; baseline 0.003 -17"><span class='ocrx_word' id='word_1_722' title='bbox 2248 3279 2272 3306; x_wconf 77' lang='grc' dir='ltr'>ι</span> <span class='ocrx_word' id='word_1_723' title='bbox 2301 3272 2548 3342; x_wconf 87' lang='lat' dir='ltr'><strong>Quatuor</strong></span> <span class='ocrx_word' id='word_1_724' title='bbox 2587 3285 2777 3326; x_wconf 86' lang='lat' dir='ltr'><strong>sensus</strong></span> <span class='ocrx_word' id='word_1_725' title='bbox 2819 3270 2876 3326; x_wconf 90' lang='lat' dir='ltr'><strong>in</strong></span> <span class='ocrx_word' id='word_1_726' title='bbox 2913 3270 3013 3326; x_wconf 89' lang='lat' dir='ltr'><strong>hac</strong></span> <span class='ocrx_word' id='word_1_727' title='bbox 3043 3271 3294 3342; x_wconf 86' lang='lat' dir='ltr'><strong>Apostoli</strong></span> <span class='ocrx_word' id='word_1_728' title='bbox 3336 3273 3604 3328; x_wconf 86' lang='lat' dir='ltr'><strong>sententia</strong></span> <span class='ocrx_word' id='word_1_729' title='bbox 3629 3289 3787 3342; x_wconf 85' lang='lat' dir='ltr'><strong>repe—</strong></span> 
     </span>
    </p>
   </div>
   <div class='ocr_carea' id='block_1_99' title="bbox 2177 3341 3786 3425">
    <p class='ocr_par' dir='ltr' id='par_1_99' title="bbox 2177 3341 3786 3425">
     <span class='ocr_line' id='line_1_99' title="bbox 2177 3341 3786 3425; baseline 0.004 -30"><span class='ocrx_word' id='word_1_730' title='bbox 2177 3341 2398 3425; x_wconf 68' lang='lat' dir='ltr'><strong>riuntur</strong></span> <span class='ocrx_word' id='word_1_731' title='bbox 2423 3341 2827 3425; x_wconf 43' lang='lat' dir='ltr'><strong>;_historicus.in</strong></span> <span class='ocrx_word' id='word_1_732' title='bbox 2847 3344 2936 3425; x_wconf 72' lang='lat' dir='ltr'><strong>his</strong></span> <span class='ocrx_word' id='word_1_733' title='bbox 2953 3341 3131 3425; x_wconf 65' lang='lat' dir='ltr'><strong>verbis</strong></span> <span class='ocrx_word' id='word_1_734' title='bbox 3155 3363 3166 3399; x_wconf 87' lang='lat'><strong>:</strong></span> <span class='ocrx_word' id='word_1_735' title='bbox 3189 3344 3477 3425; x_wconf 69' lang='lat' dir='ltr'><strong>Abraham</strong></span> <span class='ocrx_word' id='word_1_736' title='bbox 3493 3346 3629 3425; x_wconf 77' lang='lat' dir='ltr'><strong>duos</strong></span> 
     </span>
    </p>
   </div>
   <div class='ocr_carea' id='block_1_100' title="bbox 2178 3412 3784 3484">
    <p class='ocr_par' dir='ltr' id='par_1_100' title="bbox 2178 3412 3784 3484">
     <span class='ocr_line' id='line_1_100' title="bbox 2178 3412 3784 3484; baseline 0.004 -19"><span class='ocrx_word' id='word_1_737' title='bbox 2178 3412 2394 3477; x_wconf 84' lang='lat' dir='ltr'><strong>habuit;</strong></span> <span class='ocrx_word' id='word_1_738' title='bbox 2417 3413 2736 3484; x_wconf 85' lang='lat' dir='ltr'><strong>allegoricus</strong></span> <span class='ocrx_word' id='word_1_739' title='bbox 2762 3413 2815 3467; x_wconf 92' lang='lat' dir='ltr'><strong>in</strong></span> <span class='ocrx_word' id='word_1_740' title='bbox 2847 3412 2930 3467; x_wconf 91' lang='lat' dir='ltr'><strong>his</strong></span> <span class='ocrx_word' id='word_1_741' title='bbox 2953 3432 2965 3467; x_wconf 89' lang='lat'><strong>:</strong></span> <span class='ocrx_word' id='word_1_742' title='bbox 2988 3415 3117 3481; x_wconf 68' lang='lat' dir='ltr'><strong>Qua:</strong></span> <span class='ocrx_word' id='word_1_743' title='bbox 3136 3419 3263 3469; x_wconf 89' lang='lat' dir='ltr'><strong>sunt</strong></span> <span class='ocrx_word' id='word_1_744' title='bbox 3287 3416 3395 3469; x_wconf 84' lang='lat' dir='ltr'><strong>duo</strong></span> <span class='ocrx_word' id='word_1_745' title='bbox 3423 3412 3784 3480; x_wconf 81' lang='lat' dir='ltr'><strong>Testamenta,</strong></span> 
     </span>
    </p>
   </div>
   <div class='ocr_carea' id='block_1_101' title="bbox 2175 3484 3785 3565">
    <p class='ocr_par' dir='ltr' id='par_1_101' title="bbox 2175 3484 3785 3565">
     <span class='ocr_line' id='line_1_101' title="bbox 2175 3484 3785 3565; baseline 0.004 -31"><span class='ocrx_word' id='word_1_746' title='bbox 2175 3491 2315 3547; x_wconf 84' lang='lat' dir='ltr'><strong>etc.;</strong></span> <span class='ocrx_word' id='word_1_747' title='bbox 2348 3484 2749 3565; x_wconf 87' lang='lat' dir='ltr'><strong>tropologicus:</strong></span> <span class='ocrx_word' id='word_1_748' title='bbox 2793 3484 3226 3565; x_wconf 64' lang='lat' dir='ltr'><strong>Quoenodotuno</strong></span> <span class='ocrx_word' id='word_1_749' title='bbox 3255 3488 3785 3565; x_wconf 72' lang='lat' dir='ltr'><strong>is___qui__secundum</strong></span> 
     </span>
    </p>
   </div>
   <div class='ocr_carea' id='block_1_102' title="bbox 2175 3555 3781 3626">
    <p class='ocr_par' dir='ltr' id='par_1_102' title="bbox 2175 3555 3781 3626">
     <span class='ocr_line' id='line_1_102' title="bbox 2175 3555 3781 3626; baseline 0.004 -19"><span class='ocrx_word' id='word_1_750' title='bbox 2175 3570 2406 3618; x_wconf 84' lang='lat' dir='ltr'><strong>carnem,</strong></span> <span class='ocrx_word' id='word_1_751' title='bbox 2440 3564 2544 3610; x_wconf 89' lang='lat' dir='ltr'><strong>etc.</strong></span> <span class='ocrx_word' id='word_1_752' title='bbox 2568 3579 2581 3620; x_wconf 82' lang='lat'><strong>;</strong></span> <span class='ocrx_word' id='word_1_753' title='bbox 2612 3558 2937 3625; x_wconf 82' lang='lat' dir='ltr'><strong>anagogicus</strong></span> <span class='ocrx_word' id='word_1_754' title='bbox 2958 3555 3192 3625; x_wconf 90' lang='lat' dir='ltr'><strong>denique</strong></span> <span class='ocrx_word' id='word_1_755' title='bbox 3213 3556 3266 3610; x_wconf 91' lang='lat' dir='ltr'><strong>in</strong></span> <span class='ocrx_word' id='word_1_756' title='bbox 3289 3555 3391 3612; x_wconf 86' lang='lat' dir='ltr'><strong>illis</strong></span> <span class='ocrx_word' id='word_1_757' title='bbox 3415 3575 3428 3610; x_wconf 91' lang='lat'><strong>:</strong></span> <span class='ocrx_word' id='word_1_758' title='bbox 3456 3558 3560 3612; x_wconf 80' lang='lat' dir='ltr'><strong>Illa</strong></span> <span class='ocrx_word' id='word_1_759' title='bbox 3576 3564 3781 3626; x_wconf 86' lang='lat' dir='ltr'><strong>autem,</strong></span> 
     </span>
    </p>
   </div>
   <div class='ocr_carea' id='block_1_103' title="bbox 2175 3628 3117 3694">
    <p class='ocr_par' dir='ltr' id='par_1_103' title="bbox 2175 3628 3117 3694">
     <span class='ocr_line' id='line_1_103' title="bbox 2175 3628 3117 3694; baseline 0.003 -17"><span class='ocrx_word' id='word_1_760' title='bbox 2175 3640 2296 3694; x_wconf 72' lang='lat' dir='ltr'><strong>qum</strong></span> <span class='ocrx_word' id='word_1_761' title='bbox 2323 3641 2536 3679; x_wconf 86' lang='lat' dir='ltr'><strong>sursum</strong></span> <span class='ocrx_word' id='word_1_762' title='bbox 2566 3631 2646 3680; x_wconf 89' lang='lat' dir='ltr'><strong>est</strong></span> <span class='ocrx_word' id='word_1_763' title='bbox 2676 3628 2990 3688; x_wconf 85' lang='lat' dir='ltr'><strong>Jerusalem,</strong></span> <span class='ocrx_word' id='word_1_764' title='bbox 3013 3635 3117 3682; x_wconf 89' lang='lat' dir='ltr'><strong>etc.</strong></span> 
     </span>
    </p>
   </div>
   <div class='ocr_carea' id='block_1_104' title="bbox 2247 3696 3783 3767">
    <p class='ocr_par' dir='ltr' id='par_1_104' title="bbox 2247 3696 3783 3767">
     <span class='ocr_line' id='line_1_104' title="bbox 2247 3696 3783 3767; baseline 0.002 -17"><span class='ocrx_word' id='word_1_765' title='bbox 2247 3697 2271 3730; x_wconf 73' lang='grc' dir='ltr'>δ</span> <span class='ocrx_word' id='word_1_766' title='bbox 2316 3696 2483 3750; x_wconf 83' lang='lat' dir='ltr'><strong>Aliud</strong></span> <span class='ocrx_word' id='word_1_767' title='bbox 2506 3696 2832 3767; x_wconf 78' lang='lat' dir='ltr'><strong>exemplum</strong></span> <span class='ocrx_word' id='word_1_768' title='bbox 2855 3704 3112 3767; x_wconf 82' lang='lat' dir='ltr'><strong>quatuor</strong></span> <span class='ocrx_word' id='word_1_769' title='bbox 3149 3696 3373 3754; x_wconf 87' lang='lat' dir='ltr'><strong>istorum</strong></span> <span class='ocrx_word' id='word_1_770' title='bbox 3410 3711 3678 3767; x_wconf 81' lang='lat' dir='ltr'><strong>sensuum</strong></span> <span class='ocrx_word' id='word_1_771' title='bbox 3721 3698 3783 3753; x_wconf 85' lang='lat' dir='ltr'><strong>in</strong></span> 
     </span>
    </p>
   </div>
   <div class='ocr_carea' id='block_1_105' title="bbox 2174 3765 3779 3839">
    <p class='ocr_par' dir='ltr' id='par_1_105' title="bbox 2174 3765 3779 3839">
     <span class='ocr_line' id='line_1_105' title="bbox 2174 3765 3779 3839; baseline 0.001 -20"><span class='ocrx_word' id='word_1_772' title='bbox 2174 3781 2284 3839; x_wconf 86' lang='lat' dir='ltr'><strong>uno</strong></span> <span class='ocrx_word' id='word_1_773' title='bbox 2312 3765 2610 3839; x_wconf 66' lang='lat' dir='ltr'><strong>Jerusalem</strong></span> <span class='ocrx_word' id='word_1_774' title='bbox 2643 3765 2925 3839; x_wconf 72' lang='lat' dir='ltr'><strong>vocabulo.</strong></span> <span class='ocrx_word' id='word_1_775' title='bbox 2959 3772 3206 3839; x_wconf 87' lang='lat' dir='ltr'><strong>Quatuor</strong></span> <span class='ocrx_word' id='word_1_776' title='bbox 3229 3769 3371 3823; x_wconf 90' lang='lat' dir='ltr'><strong>enim</strong></span> <span class='ocrx_word' id='word_1_777' title='bbox 3413 3766 3594 3821; x_wconf 85' lang='lat' dir='ltr'><strong>modis</strong></span> <span class='ocrx_word' id='word_1_778' title='bbox 3617 3769 3779 3839; x_wconf 71' lang='lat' dir='ltr'><strong>neci-</strong></span> 
     </span>
    </p>
   </div>
   <div class='ocr_carea' id='block_1_106' title="bbox 2174 3836 3767 3908">
    <p class='ocr_par' dir='ltr' id='par_1_106' title="bbox 2174 3836 3767 3908">
     <span class='ocr_line' id='line_1_106' title="bbox 2174 3836 3767 3908; baseline 0.002 -19"><span class='ocrx_word' id='word_1_779' title='bbox 2174 3837 2319 3908; x_wconf 82' lang='lat' dir='ltr'><strong>pitur</strong></span> <span class='ocrx_word' id='word_1_780' title='bbox 2359 3836 2660 3908; x_wconf 77' lang='lat' dir='ltr'><strong>Jerusalem</strong></span> <span class='ocrx_word' id='word_1_781' title='bbox 2709 3836 2784 3908; x_wconf 7' lang='lat' dir='ltr'><strong>ing</strong></span> <span class='ocrx_word' id='word_1_782' title='bbox 2810 3836 3134 3908; x_wconf 73' lang='lat' dir='ltr'><strong>Scripturis:</strong></span> <span class='ocrx_word' id='word_1_783' title='bbox 3173 3844 3222 3894; x_wconf 80' lang='lat'><strong>1°</strong></span> <span class='ocrx_word' id='word_1_784' title='bbox 3248 3839 3491 3893; x_wconf 82' lang='lat' dir='ltr'><strong>historice</strong></span> <span class='ocrx_word' id='word_1_785' title='bbox 3522 3850 3638 3908; x_wconf 16' lang='lat' dir='ltr'><strong>pro,</strong></span> <span class='ocrx_word' id='word_1_786' title='bbox 3666 3836 3767 3892; x_wconf 76' lang='lat' dir='ltr'><strong>illa</strong></span> 
     </span>
    </p>
   </div>
   <div class='ocr_carea' id='block_1_107' title="bbox 2173 3906 3769 4010">
    <p class='ocr_par' dir='ltr' id='par_1_107' title="bbox 2173 3906 3769 4010">
     <span class='ocr_line' id='line_1_107' title="bbox 2173 3906 3769 4010; baseline 0.001 -49"><span class='ocrx_word' id='word_1_787' title='bbox 2173 3907 2306 4010; x_wconf 49' lang='lat' dir='ltr'><strong>urbe</strong></span> <span class='ocrx_word' id='word_1_788' title='bbox 2332 3906 2650 4010; x_wconf 45' lang='lat' dir='ltr'><strong>lludaep‘fnm</strong></span> <span class='ocrx_word' id='word_1_789' title='bbox 2675 3906 2977 4010; x_wconf 63' lang='lat' dir='ltr'><strong>uoltissima,</strong></span> <span class='ocrx_word' id='word_1_790' title='bbox 3005 3918 3065 3964; x_wconf 82' lang='lat'><strong>2°</strong></span> <span class='ocrx_word' id='word_1_791' title='bbox 3095 3910 3496 4010; x_wconf 48' lang='lat' dir='ltr'><strong>allegogigeptt:</strong></span> <span class='ocrx_word' id='word_1_792' title='bbox 3521 3907 3769 3963; x_wconf 70' lang='lat' dir='ltr'><strong>Ecclesia</strong></span> 
     </span>
    </p>
   </div>
   <div class='ocr_carea' id='block_1_108' title="bbox 2169 3977 3775 4132">
    <p class='ocr_par' dir='ltr' id='par_1_108' title="bbox 2169 3977 3775 4132">
     <span class='ocr_line' id='line_1_108' title="bbox 2171 3977 3775 4052; baseline 0.002 -20"><span class='ocrx_word' id='word_1_793' title='bbox 2171 3977 2459 4042; x_wconf 83' lang='lat' dir='ltr'><strong>catholica,</strong></span> <span class='ocrx_word' id='word_1_794' title='bbox 2483 3982 2542 4032; x_wconf 84' lang='lat'><strong>3°</strong></span> <span class='ocrx_word' id='word_1_795' title='bbox 2570 3977 2910 4051; x_wconf 86' lang='lat' dir='ltr'><strong>tropologice</strong></span> <span class='ocrx_word' id='word_1_796' title='bbox 2945 3995 3043 4050; x_wconf 66' lang='lat' dir='ltr'><strong>pro</strong></span> <span class='ocrx_word' id='word_1_797' title='bbox 3067 3977 3245 4036; x_wconf 65' lang='lat' dir='ltr'><strong>anim&#39;a</strong></span> <span class='ocrx_word' id='word_1_798' title='bbox 3274 3977 3439 4045; x_wconf 81' lang='lat' dir='ltr'><strong>ﬁdeli,</strong></span> <span class='ocrx_word' id='word_1_799' title='bbox 3468 3986 3528 4035; x_wconf 75' lang='lat'><strong>4°</strong></span> <span class='ocrx_word' id='word_1_800' title='bbox 3552 3993 3775 4052; x_wconf 75' lang='lat' dir='ltr'><strong>anagn-</strong></span> 
     </span>
     <span class='ocr_line' id='line_1_109' title="bbox 2169 4048 3772 4132; baseline 0.001 -29"><span class='ocrx_word' id='word_1_801' title='bbox 2169 4048 2697 4132; x_wconf 28' lang='lat' dir='ltr'><strong>g‘iceprojelicitate</strong></span> <span class='ocrx_word' id='word_1_802' title='bbox 2732 4058 2933 4132; x_wconf 68' lang='lat' dir='ltr'><strong>aeterna</strong></span> <span class='ocrx_word' id='word_1_803' title='bbox 2975 4066 3074 4106; x_wconf 88' lang='lat' dir='ltr'><strong>seu</strong></span> <span class='ocrx_word' id='word_1_804' title='bbox 3107 4052 3347 4132; x_wconf 65' lang='lat' dir='ltr'><strong>Ecclesia</strong></span> <span class='ocrx_word' id='word_1_805' title='bbox 3382 4050 3772 4132; x_wconf 64' lang='lat' dir='ltr'><strong>triumphante.</strong></span> 
     </span>
    </p>
   </div>
   <div class='ocr_carea' id='block_1_109' title="bbox 2170 4118 3771 4194">
    <p class='ocr_par' dir='ltr' id='par_1_109' title="bbox 2170 4118 3771 4194">
     <span class='ocr_line' id='line_1_110' title="bbox 2170 4118 3771 4194; baseline 0.002 -20"><span class='ocrx_word' id='word_1_806' title='bbox 2170 4121 2248 4174; x_wconf 84' lang='lat' dir='ltr'><strong>Ita</strong></span> <span class='ocrx_word' id='word_1_807' title='bbox 2277 4118 2386 4175; x_wconf 87' lang='lat' dir='ltr'><strong>div.</strong></span> <span class='ocrx_word' id='word_1_808' title='bbox 2416 4121 2782 4194; x_wconf 75' lang='lat' dir='ltr'><strong>Hieronymus</strong></span> <span class='ocrx_word' id='word_1_809' title='bbox 2804 4124 2888 4190; x_wconf 85' lang='lat' dir='ltr'><strong>(In</strong></span> <span class='ocrx_word' id='word_1_810' title='bbox 2907 4137 3196 4194; x_wconf 56' lang='lat' dir='ltr'><strong>capitur;</strong></span> <span class='ocrx_word' id='word_1_811' title='bbox 3219 4125 3406 4186; x_wconf 66' lang='lat' dir='ltr'><strong>Isaia,</strong></span> <span class='ocrx_word' id='word_1_812' title='bbox 3430 4127 3481 4178; x_wconf 88' lang='lat' dir='ltr'><strong>et</strong></span> <span class='ocrx_word' id='word_1_813' title='bbox 3498 4118 3771 4179; x_wconf 56' lang='lat' dir='ltr'><strong>in&#39;Ezech.</strong></span> 
     </span>
    </p>
   </div>
   <div class='ocr_carea' id='block_1_110' title="bbox 2171 4190 3776 4264">
    <p class='ocr_par' dir='ltr' id='par_1_110' title="bbox 2171 4190 3776 4264">
     <span class='ocr_line' id='line_1_111' title="bbox 2171 4190 3776 4264; baseline 0.001 -19"><span class='ocrx_word' id='word_1_814' title='bbox 2171 4206 2290 4264; x_wconf 80' lang='lat' dir='ltr'><strong>cap.</strong></span> <span class='ocrx_word' id='word_1_815' title='bbox 2333 4190 2462 4264; x_wconf 69' lang='lat' dir='ltr'><strong>xvi)</strong></span> <span class='ocrx_word' id='word_1_816' title='bbox 2499 4190 3241 4264; x_wconf 12' lang='lat' dir='ltr'><strong>eam&#39;vocem‘quadrilariam</strong></span> <span class='ocrx_word' id='word_1_817' title='bbox 3272 4197 3690 4264; x_wconf 85' lang='lat' dir='ltr'><strong>interpretatur,</strong></span> <span class='ocrx_word' id='word_1_818' title='bbox 3717 4202 3776 4249; x_wconf 87' lang='lat' dir='ltr'><strong>et</strong></span> 
     </span>
    </p>
   </div>
   <div class='ocr_carea' id='block_1_111' title="bbox 2162 4261 3805 4337">
    <p class='ocr_par' dir='ltr' id='par_1_111' title="bbox 2162 4261 3805 4337">
     <span class='ocr_line' id='line_1_112' title="bbox 2162 4261 3805 4337; baseline 0.002 -21"><span class='ocrx_word' id='word_1_819' title='bbox 2162 4261 2315 4337; x_wconf 82' lang='lat' dir='ltr'><strong>juxta</strong></span> <span class='ocrx_word' id='word_1_820' title='bbox 2379 4261 2525 4319; x_wconf 87' lang='lat' dir='ltr'><strong>hunc</strong></span> <span class='ocrx_word' id='word_1_821' title='bbox 2588 4261 2994 4337; x_wconf 73' lang='lat' dir='ltr'><strong>quadruplicem</strong></span> <span class='ocrx_word' id='word_1_822' title='bbox 3061 4279 3286 4320; x_wconf 89' lang='lat' dir='ltr'><strong>sensum</strong></span> <span class='ocrx_word' id='word_1_823' title='bbox 3340 4261 3537 4335; x_wconf 75' lang='lat' dir='ltr'><strong>exponi</strong></span> <span class='ocrx_word' id='word_1_824' title='bbox 3596 4272 3805 4337; x_wconf 57' lang='lat' dir='ltr'><strong>potest.</strong></span> 
     </span>
    </p>
   </div>
   <div class='ocr_carea' id='block_1_112' title="bbox 2170 4334 3576 4403">
    <p class='ocr_par' dir='ltr' id='par_1_112' title="bbox 2170 4334 3576 4403">
     <span class='ocr_line' id='line_1_113' title="bbox 2170 4334 3576 4403; baseline 0.001 -15"><span class='ocrx_word' id='word_1_825' title='bbox 2170 4334 2411 4403; x_wconf 88' lang='lat' dir='ltr'><strong>psalmus</strong></span> <span class='ocrx_word' id='word_1_826' title='bbox 2437 4347 2637 4389; x_wconf 70' lang='lat' dir='ltr'><strong>cnvu</strong></span> <span class='ocrx_word' id='word_1_827' title='bbox 2662 4350 2676 4387; x_wconf 91' lang='lat'><strong>:</strong></span> <span class='ocrx_word' id='word_1_828' title='bbox 2705 4334 2913 4395; x_wconf 85' lang='lat' dir='ltr'><strong>Lauda.</strong></span> <span class='ocrx_word' id='word_1_829' title='bbox 2938 4337 3250 4397; x_wconf 76' lang='lat' dir='ltr'><strong>Jemsalem,</strong></span> <span class='ocrx_word' id='word_1_830' title='bbox 3270 4334 3576 4392; x_wconf 85' lang='lat' dir='ltr'><strong>Dominum.</strong></span> 
     </span>
    </p>
   </div>
   <div class='ocr_carea' id='block_1_113' title="bbox 2241 4403 3776 4488">
    <p class='ocr_par' dir='ltr' id='par_1_113' title="bbox 2241 4403 3776 4488">
     <span class='ocr_line' id='line_1_114' title="bbox 2241 4403 3776 4488; baseline 0.004 -31"><span class='ocrx_word' id='word_1_831' title='bbox 2241 4403 2478 4488; x_wconf 38' lang='lat' dir='ltr'><strong>cuntur;</strong></span> <span class='ocrx_word' id='word_1_832' title='bbox 2519 4403 2621 4488; x_wconf 61' lang='lat' dir='ltr'><strong>div.</strong></span> <span class='ocrx_word' id='word_1_833' title='bbox 2667 4404 2907 4488; x_wconf 78' lang='lat' dir='ltr'><strong>Thomas</strong></span> <span class='ocrx_word' id='word_1_834' title='bbox 2930 4405 3075 4488; x_wconf 42' lang='lat' dir='ltr'><strong>‘hagc‘</strong></span> <span class='ocrx_word' id='word_1_835' title='bbox 3109 4411 3346 4488; x_wconf 71' lang='lat' dir='ltr'><strong>quatuor</strong></span> <span class='ocrx_word' id='word_1_836' title='bbox 3387 4406 3679 4488; x_wconf 77' lang='lat' dir='ltr'><strong>distinguit</strong></span> <span class='ocrx_word' id='word_1_837' title='bbox 3710 4414 3776 4488; x_wconf 43' lang='lat' dir='ltr'><strong>.et</strong></span> 
     </span>
    </p>
   </div>
   <div class='ocr_carea' id='block_1_114' title="bbox 2170 4473 3766 4549">
    <p class='ocr_par' dir='ltr' id='par_1_114' title="bbox 2170 4473 3766 4549">
     <span class='ocr_line' id='line_1_115' title="bbox 2170 4473 3766 4549; baseline 0.003 -21"><span class='ocrx_word' id='word_1_838' title='bbox 2170 4474 2400 4549; x_wconf 81' lang='lat' dir='ltr'><strong>explicat.</strong></span> <span class='ocrx_word' id='word_1_839' title='bbox 2430 4473 2510 4544; x_wconf 89' lang='lat' dir='ltr'><strong>(In</strong></span> <span class='ocrx_word' id='word_1_840' title='bbox 2542 4475 2945 4549; x_wconf 78' lang='lat' dir='ltr'><strong>Qommentario)</strong></span> <span class='ocrx_word' id='word_1_841' title='bbox 2969 4497 2979 4530; x_wconf 91' lang='lat'><strong>:</strong></span> <span class='ocrx_word' id='word_1_842' title='bbox 3003 4473 3302 4549; x_wconf 66' lang='lat' dir='ltr'><strong>illustratio</strong></span> <span class='ocrx_word' id='word_1_843' title='bbox 3326 4480 3544 4548; x_wconf 82' lang='lat' dir='ltr'><strong>mentis,</strong></span> <span class='ocrx_word' id='word_1_844' title='bbox 3563 4473 3766 4549; x_wconf 74' lang='lat' dir='ltr'><strong>inquit,</strong></span> 
     </span>
    </p>
   </div>
   <div class='ocr_carea' id='block_1_115' title="bbox 2168 4545 3771 4628">
    <p class='ocr_par' dir='ltr' id='par_1_115' title="bbox 2168 4545 3771 4628">
     <span class='ocr_line' id='line_1_116' title="bbox 2168 4545 3771 4628; baseline 0.003 -30"><span class='ocrx_word' id='word_1_845' title='bbox 2168 4545 2244 4599; x_wconf 84' lang='lat' dir='ltr'><strong>ad</strong></span> <span class='ocrx_word' id='word_1_846' title='bbox 2267 4545 2675 4628; x_wconf 66' lang='lat' dir='ltr'><strong>cognoscendum</strong></span> <span class='ocrx_word' id='word_1_847' title='bbox 2699 4547 2783 4601; x_wconf 80' lang='lat' dir='ltr'><strong>uel</strong></span> <span class='ocrx_word' id='word_1_848' title='bbox 2803 4551 2881 4628; x_wconf 78' lang='lat' dir='ltr'><strong>est</strong></span> <span class='ocrx_word' id='word_1_849' title='bbox 2992 4547 3211 4628; x_wconf 46' lang='lat' dir='ltr'><strong>(inlinis,</strong></span> <span class='ocrx_word' id='word_1_850' title='bbox 3242 4553 3296 4603; x_wconf 88' lang='lat' dir='ltr'><strong>et</strong></span> <span class='ocrx_word' id='word_1_851' title='bbox 3328 4550 3441 4603; x_wconf 67' lang='lat' dir='ltr'><strong>hac</strong></span> 
     </span>
    </p>
   </div>
   <div class='ocr_carea' id='block_1_116' title="bbox 2164 4616 3769 4688">
    <p class='ocr_par' dir='ltr' id='par_1_116' title="bbox 2164 4616 3769 4688">
     <span class='ocr_line' id='line_1_117' title="bbox 2164 4616 3769 4688; baseline 0.003 -19"><span class='ocrx_word' id='word_1_852' title='bbox 2164 4618 2398 4684; x_wconf 85' lang='lat' dir='ltr'><strong>pertinet</strong></span> <span class='ocrx_word' id='word_1_853' title='bbox 2411 4616 2485 4670; x_wconf 90' lang='lat' dir='ltr'><strong>ad</strong></span> <span class='ocrx_word' id='word_1_854' title='bbox 2504 4616 2701 4671; x_wconf 86' lang='lat' dir='ltr'><strong>donum</strong></span> <span class='ocrx_word' id='word_1_855' title='bbox 2720 4620 3016 4688; x_wconf 65' lang='lat' dir='ltr'><strong>sapientia.</strong></span> <span class='ocrx_word' id='word_1_856' title='bbox 3045 4621 3361 4675; x_wconf 78' lang='lat' dir='ltr'><strong>Divinorum</strong></span> <span class='ocrx_word' id='word_1_857' title='bbox 3375 4621 3520 4674; x_wconf 88' lang='lat' dir='ltr'><strong>enim</strong></span> <span class='ocrx_word' id='word_1_858' title='bbox 3533 4625 3613 4675; x_wconf 85' lang='lat' dir='ltr'><strong>est</strong></span> <span class='ocrx_word' id='word_1_859' title='bbox 3630 4634 3769 4674; x_wconf 78' lang='lat' dir='ltr'><strong>reve-</strong></span> 
     </span>
    </p>
   </div>
   <div class='ocr_carea' id='block_1_117' title="bbox 2164 4687 3760 4761">
    <p class='ocr_par' dir='ltr' id='par_1_117' title="bbox 2164 4687 3760 4761">
     <span class='ocr_line' id='line_1_118' title="bbox 2164 4687 3760 4761; baseline 0.003 -22"><span class='ocrx_word' id='word_1_860' title='bbox 2164 4687 2469 4761; x_wconf 68' lang='lat' dir='ltr'><strong>latio,un</strong></span> <span class='ocrx_word' id='word_1_861' title='bbox 2499 4702 2620 4756; x_wconf 71' lang='lat' dir='ltr'><strong>qua:</strong></span> <span class='ocrx_word' id='word_1_862' title='bbox 2639 4694 2767 4761; x_wconf 79' lang='lat' dir='ltr'><strong>sunt</strong></span> <span class='ocrx_word' id='word_1_863' title='bbox 2782 4692 2881 4744; x_wconf 86' lang='lat' dir='ltr'><strong>Dei</strong></span> <span class='ocrx_word' id='word_1_864' title='bbox 2892 4705 3042 4745; x_wconf 89' lang='lat' dir='ltr'><strong>nemo</strong></span> <span class='ocrx_word' id='word_1_865' title='bbox 3059 4692 3226 4752; x_wconf 84' lang='lat' dir='ltr'><strong>nouit,</strong></span> <span class='ocrx_word' id='word_1_866' title='bbox 3252 4692 3370 4745; x_wconf 85' lang='lat' dir='ltr'><strong>nisi</strong></span> <span class='ocrx_word' id='word_1_867' title='bbox 3383 4692 3625 4761; x_wconf 75' lang='lat' dir='ltr'><strong>Spiritus</strong></span> <span class='ocrx_word' id='word_1_868' title='bbox 3638 4692 3760 4755; x_wconf 68' lang='lat' dir='ltr'><strong>Da;</strong></span> 
     </span>
    </p>
   </div>
   <div class='ocr_carea' id='block_1_118' title="bbox 2165 4758 3765 4832">
    <p class='ocr_par' dir='ltr' id='par_1_118' title="bbox 2165 4758 3765 4832">
     <span class='ocr_line' id='line_1_119' title="bbox 2165 4758 3765 4832; baseline 0.003 -21"><span class='ocrx_word' id='word_1_869' title='bbox 2165 4758 2187 4811; x_wconf 86' lang='lat' dir='ltr'><strong>l</strong></span> <span class='ocrx_word' id='word_1_870' title='bbox 2211 4758 2450 4832; x_wconf 61' lang='lat' dir='ltr'><strong>Corinth.</strong></span> <span class='ocrx_word' id='word_1_871' title='bbox 2477 4772 2555 4832; x_wconf 75' lang='lat' dir='ltr'><strong>ll;</strong></span> <span class='ocrx_word' id='word_1_872' title='bbox 2578 4763 2629 4814; x_wconf 89' lang='lat' dir='ltr'><strong>et</strong></span> <span class='ocrx_word' id='word_1_873' title='bbox 2650 4760 2767 4832; x_wconf 80' lang='lat' dir='ltr'><strong>ideo</strong></span> <span class='ocrx_word' id='word_1_874' title='bbox 2796 4761 2932 4815; x_wconf 85' lang='lat' dir='ltr'><strong>dicit</strong></span> <span class='ocrx_word' id='word_1_875' title='bbox 2953 4779 2969 4815; x_wconf 92' lang='lat'><strong>:</strong></span> <span class='ocrx_word' id='word_1_876' title='bbox 2993 4765 3052 4817; x_wconf 80' lang='lat' dir='ltr'><strong>In</strong></span> <span class='ocrx_word' id='word_1_877' title='bbox 3070 4758 3545 4832; x_wconf 53' lang='lat' dir='ltr'><strong>rwelationefqua</strong></span> <span class='ocrx_word' id='word_1_878' title='bbox 3564 4760 3765 4832; x_wconf 72' lang='lat' dir='ltr'><strong>scilicet</strong></span> 
     </span>
    </p>
   </div>
   <div class='ocr_carea' id='block_1_119' title="bbox 2159 4830 3766 4899">
    <p class='ocr_par' dir='ltr' id='par_1_119' title="bbox 2159 4830 3766 4899">
     <span class='ocr_line' id='line_1_120' title="bbox 2159 4830 3766 4899; baseline 0.001 -16"><span class='ocrx_word' id='word_1_879' title='bbox 2159 4842 2306 4883; x_wconf 85' lang='lat' dir='ltr'><strong>mens</strong></span> <span class='ocrx_word' id='word_1_880' title='bbox 2330 4831 2670 4885; x_wconf 87' lang='lat' dir='ltr'><strong>illuminatur</strong></span> <span class='ocrx_word' id='word_1_881' title='bbox 2693 4830 2769 4884; x_wconf 90' lang='lat' dir='ltr'><strong>ad</strong></span> <span class='ocrx_word' id='word_1_882' title='bbox 2785 4833 3191 4899; x_wconf 83' lang='lat' dir='ltr'><strong>cognoscendum</strong></span> <span class='ocrx_word' id='word_1_883' title='bbox 3218 4832 3426 4887; x_wconf 84' lang='lat' dir='ltr'><strong>divina.</strong></span> <span class='ocrx_word' id='word_1_884' title='bbox 3444 4830 3461 4832; x_wconf 64' lang='grc'><strong>⁷</strong></span> <span class='ocrx_word' id='word_1_885' title='bbox 3476 4831 3574 4887; x_wconf 82' lang='lat' dir='ltr'><strong>Vel</strong></span> <span class='ocrx_word' id='word_1_886' title='bbox 3598 4835 3675 4886; x_wconf 83' lang='lat' dir='ltr'><strong>est</strong></span> <span class='ocrx_word' id='word_1_887' title='bbox 3692 4830 3766 4885; x_wconf 83' lang='lat' dir='ltr'><strong>de</strong></span> 
     </span>
    </p>
   </div>
   <div class='ocr_carea' id='block_1_120' title="bbox 2158 4901 3768 4972">
    <p class='ocr_par' dir='ltr' id='par_1_120' title="bbox 2158 4901 3768 4972">
     <span class='ocr_line' id='line_1_121' title="bbox 2158 4901 3768 4972; baseline 0.002 -19"><span class='ocrx_word' id='word_1_888' title='bbox 2158 4902 2403 4964; x_wconf 81' lang='lat' dir='ltr'><strong>terrenis,</strong></span> <span class='ocrx_word' id='word_1_889' title='bbox 2434 4904 2483 4956; x_wconf 86' lang='lat' dir='ltr'><strong>et</strong></span> <span class='ocrx_word' id='word_1_890' title='bbox 2509 4916 2614 4972; x_wconf 81' lang='lat' dir='ltr'><strong>non</strong></span> <span class='ocrx_word' id='word_1_891' title='bbox 2636 4901 2703 4955; x_wconf 89' lang='lat' dir='ltr'><strong>de</strong></span> <span class='ocrx_word' id='word_1_892' title='bbox 2720 4902 3154 4972; x_wconf 84' lang='lat' dir='ltr'><strong>quibuscumque,</strong></span> <span class='ocrx_word' id='word_1_893' title='bbox 3184 4903 3279 4958; x_wconf 87' lang='lat' dir='ltr'><strong>sed</strong></span> <span class='ocrx_word' id='word_1_894' title='bbox 3312 4903 3379 4957; x_wconf 86' lang='lat' dir='ltr'><strong>de</strong></span> <span class='ocrx_word' id='word_1_895' title='bbox 3407 4903 3521 4959; x_wconf 81' lang='lat' dir='ltr'><strong>illis</strong></span> <span class='ocrx_word' id='word_1_896' title='bbox 3550 4907 3768 4958; x_wconf 56' lang='lat' dir='ltr'><strong>unum</strong></span> 
     </span>
    </p>
   </div>
   <div class='ocr_carea' id='block_1_121' title="bbox 2158 4971 3764 5058">
    <p class='ocr_par' dir='ltr' id='par_1_121' title="bbox 2158 4971 3764 5058">
     <span class='ocr_line' id='line_1_122' title="bbox 2158 4971 3764 5058; baseline 0.001 -31"><span class='ocrx_word' id='word_1_897' title='bbox 2158 4985 2276 5058; x_wconf 74' lang='lat' dir='ltr'><strong>qua:</strong></span> <span class='ocrx_word' id='word_1_898' title='bbox 2303 4976 2431 5056; x_wconf 77' lang='lat' dir='ltr'><strong>sunt</strong></span> <span class='ocrx_word' id='word_1_899' title='bbox 2543 4971 3103 5058; x_wconf 55' lang='lat' dir='ltr'><strong>adiﬁcationemﬁdei,</strong></span> <span class='ocrx_word' id='word_1_900' title='bbox 3125 4978 3180 5028; x_wconf 89' lang='lat' dir='ltr'><strong>et</strong></span> <span class='ocrx_word' id='word_1_901' title='bbox 3307 4975 3547 5058; x_wconf 78' lang='lat' dir='ltr'><strong>pertinet</strong></span> <span class='ocrx_word' id='word_1_902' title='bbox 3566 4974 3643 5028; x_wconf 83' lang='lat' dir='ltr'><strong>ad</strong></span> <span class='ocrx_word' id='word_1_903' title='bbox 3667 4974 3764 5028; x_wconf 79' lang='lat' dir='ltr'><strong>do-</strong></span> 
     </span>
    </p>
   </div>
   <div class='ocr_carea' id='block_1_122' title="bbox 2155 5044 3761 5112">
    <p class='ocr_par' dir='ltr' id='par_1_122' title="bbox 2155 5044 3761 5112">
     <span class='ocr_line' id='line_1_123' title="bbox 2155 5044 3761 5112; baseline 0.007 -18"><span class='ocrx_word' id='word_1_904' title='bbox 2155 5057 2285 5096; x_wconf 86' lang='lat' dir='ltr'><strong>num</strong></span> <span class='ocrx_word' id='word_1_905' title='bbox 2304 5044 2567 5110; x_wconf 76' lang='lat' dir='ltr'><strong>scientite;</strong></span> <span class='ocrx_word' id='word_1_906' title='bbox 2609 5049 2661 5099; x_wconf 89' lang='lat' dir='ltr'><strong>et</strong></span> <span class='ocrx_word' id='word_1_907' title='bbox 2692 5044 2810 5098; x_wconf 84' lang='lat' dir='ltr'><strong>ideo</strong></span> <span class='ocrx_word' id='word_1_908' title='bbox 2845 5044 3010 5099; x_wconf 84' lang='lat' dir='ltr'><strong>dicit:</strong></span> <span class='ocrx_word' id='word_1_909' title='bbox 3040 5048 3104 5101; x_wconf 82' lang='lat' dir='ltr'><strong>In</strong></span> <span class='ocrx_word' id='word_1_910' title='bbox 3129 5044 3372 5111; x_wconf 82' lang='lat' dir='ltr'><strong>scientia,</strong></span> <span class='ocrx_word' id='word_1_911' title='bbox 3404 5059 3514 5101; x_wconf 81' lang='lat' dir='ltr'><strong>non</strong></span> <span class='ocrx_word' id='word_1_912' title='bbox 3551 5058 3761 5112; x_wconf 71' lang='lat' dir='ltr'><strong>geome-</strong></span> 
     </span>
    </p>
   </div>
   <div class='ocr_carea' id='block_1_123' title="bbox 2156 5114 3767 5187">
    <p class='ocr_par' dir='ltr' id='par_1_123' title="bbox 2156 5114 3767 5187">
     <span class='ocr_line' id='line_1_124' title="bbox 2156 5114 3767 5187; baseline -0.001 -20"><span class='ocrx_word' id='word_1_913' title='bbox 2156 5114 2297 5187; x_wconf 66' lang='lat' dir='ltr'><strong>tria,</strong></span> <span class='ocrx_word' id='word_1_914' title='bbox 2326 5128 2420 5168; x_wconf 85' lang='lat' dir='ltr'><strong>nec</strong></span> <span class='ocrx_word' id='word_1_915' title='bbox 2450 5114 2774 5187; x_wconf 70' lang='lat' dir='ltr'><strong>astrologiae,</strong></span> <span class='ocrx_word' id='word_1_916' title='bbox 2802 5116 2935 5184; x_wconf 87' lang='lat' dir='ltr'><strong>quia</strong></span> <span class='ocrx_word' id='word_1_917' title='bbox 2949 5114 3064 5171; x_wconf 68' lang='lat' dir='ltr'><strong>hinc</strong></span> <span class='ocrx_word' id='word_1_918' title='bbox 3082 5130 3187 5171; x_wconf 88' lang='lat' dir='ltr'><strong>non</strong></span> <span class='ocrx_word' id='word_1_919' title='bbox 3197 5118 3473 5187; x_wconf 73' lang='lat' dir='ltr'><strong>perth</strong></span> <span class='ocrx_word' id='word_1_920' title='bbox 3488 5115 3562 5170; x_wconf 83' lang='lat' dir='ltr'><strong>ad</strong></span> <span class='ocrx_word' id='word_1_921' title='bbox 3576 5114 3767 5187; x_wconf 63' lang='lat' dir='ltr'><strong>aediﬁ-</strong></span> 
     </span>
    </p>
   </div>
   <div class='ocr_carea' id='block_1_124' title="bbox 2153 5185 3758 5258">
    <p class='ocr_par' dir='ltr' id='par_1_124' title="bbox 2153 5185 3758 5258">
     <span class='ocr_line' id='line_1_125' title="bbox 2153 5185 3758 5258; baseline 0.001 -21"><span class='ocrx_word' id='word_1_922' title='bbox 2153 5186 2412 5258; x_wconf 80' lang='lat' dir='ltr'><strong>cationem</strong></span> <span class='ocrx_word' id='word_1_923' title='bbox 2433 5186 2582 5258; x_wconf 72' lang='lat' dir='ltr'><strong>fidei,</strong></span> <span class='ocrx_word' id='word_1_924' title='bbox 2610 5185 2704 5241; x_wconf 85' lang='lat' dir='ltr'><strong>sed</strong></span> <span class='ocrx_word' id='word_1_925' title='bbox 2722 5187 2781 5240; x_wconf 86' lang='lat' dir='ltr'><strong>in</strong></span> <span class='ocrx_word' id='word_1_926' title='bbox 2795 5189 3013 5242; x_wconf 71' lang='lat' dir='ltr'><strong>scientia</strong></span> <span class='ocrx_word' id='word_1_927' title='bbox 3042 5203 3164 5258; x_wconf 70' lang='lat' dir='ltr'><strong>quae</strong></span> <span class='ocrx_word' id='word_1_928' title='bbox 3181 5185 3261 5243; x_wconf 74' lang='lat' dir='ltr'><strong>est</strong></span> <span class='ocrx_word' id='word_1_929' title='bbox 3277 5192 3601 5242; x_wconf 81' lang='lat' dir='ltr'><strong>sanctorum.</strong></span> <span class='ocrx_word' id='word_1_930' title='bbox 3618 5185 3758 5258; x_wconf 71' lang='lat' dir='ltr'><strong>sap.</strong></span> 
     </span>
    </p>
   </div>
   <div class='ocr_carea' id='block_1_125' title="bbox 2155 5254 3765 5316">
    <p class='ocr_par' dir='ltr' id='par_1_125' title="bbox 2155 5254 3765 5316">
     <span class='ocr_line' id='line_1_126' title="bbox 2155 5254 3765 5316; baseline 0.002 -8"><span class='ocrx_word' id='word_1_931' title='bbox 2155 5268 2193 5308; x_wconf 84' lang='lat' dir='ltr'><strong>x</strong></span> <span class='ocrx_word' id='word_1_932' title='bbox 2218 5274 2229 5309; x_wconf 91' lang='lat'><strong>:</strong></span> <span class='ocrx_word' id='word_1_933' title='bbox 2256 5256 2418 5311; x_wconf 88' lang='lat' dir='ltr'><strong>Dedit</strong></span> <span class='ocrx_word' id='word_1_934' title='bbox 2434 5254 2523 5311; x_wconf 83' lang='lat' dir='ltr'><strong>illi</strong></span> <span class='ocrx_word' id='word_1_935' title='bbox 2533 5259 2808 5313; x_wconf 85' lang='lat' dir='ltr'><strong>scientiam</strong></span> <span class='ocrx_word' id='word_1_936' title='bbox 2831 5254 3156 5316; x_wconf 78' lang='lat' dir='ltr'><strong>sanctorum.</strong></span> <span class='ocrx_word' id='word_1_937' title='bbox 3186 5259 3284 5314; x_wconf 84' lang='lat' dir='ltr'><strong>Vel</strong></span> <span class='ocrx_word' id='word_1_938' title='bbox 3302 5262 3381 5313; x_wconf 88' lang='lat' dir='ltr'><strong>est</strong></span> <span class='ocrx_word' id='word_1_939' title='bbox 3395 5258 3465 5313; x_wconf 83' lang='lat' dir='ltr'><strong>de</strong></span> <span class='ocrx_word' id='word_1_940' title='bbox 3481 5256 3765 5313; x_wconf 76' lang='lat' dir='ltr'><strong>eventibus</strong></span> 
     </span>
    </p>
   </div>
   <div class='ocr_carea' id='block_1_126' title="bbox 2151 5326 3767 5412">
    <p class='ocr_par' dir='ltr' id='par_1_126' title="bbox 2151 5326 3767 5412">
     <span class='ocr_line' id='line_1_127' title="bbox 2151 5326 3767 5412; baseline 0.003 -3"><span class='ocrx_word' id='word_1_941' title='bbox 2151 5326 2501 5412; x_wconf 64' lang='grc' dir='ltr'><strong>τεέειινρτιμῖηι.</strong></span> <span class='ocrx_word' id='word_1_942' title='bbox 2524 5332 2576 5412; x_wconf 66' lang='grc' dir='ltr'><strong>οε</strong></span> <span class='ocrx_word' id='word_1_943' title='bbox 2604 5329 2699 5410; x_wconf 68' lang='grc' dir='ltr'><strong>ξιοο</strong></span> <span class='ocrx_word' id='word_1_944' title='bbox 2727 5330 2968 5412; x_wconf 52' lang='lat' dir='ltr'><strong>Pertinet</strong></span> <span class='ocrx_word' id='word_1_945' title='bbox 3002 5330 3077 5385; x_wconf 73' lang='grc' dir='ltr'><strong>αα</strong></span> <span class='ocrx_word' id='word_1_946' title='bbox 3113 5330 3319 5412; x_wconf 56' lang='lat' dir='ltr'><strong>deus&quot;:</strong></span> <span class='ocrx_word' id='word_1_947' title='bbox 3693 5331 3767 5411; x_wconf 71' lang='grc' dir='ltr'><em>,ετ</em></span> 
     </span>
    </p>
   </div>
   <div class='ocr_carea' id='block_1_127' title="bbox 2151 5396 3765 5498">
    <p class='ocr_par' dir='ltr' id='par_1_127' title="bbox 2151 5396 3765 5498">
     <span class='ocr_line' id='line_1_128' title="bbox 2151 5396 3765 5498; baseline 0 0"><span class='ocrx_word' id='word_1_948' title='bbox 2151 5396 2578 5498; x_wconf 50' lang='grc' dir='ltr'><strong>Είίθεοέἓίὶλέἔί</strong></span> <span class='ocrx_word' id='word_1_949' title='bbox 2590 5396 2965 5498; x_wconf 51' lang='lat' dir='ltr'><strong>“mhi”:</strong></span> <span class='ocrx_word' id='word_1_950' title='bbox 2980 5414 3102 5484; x_wconf 64' lang='grc' dir='ltr'><strong>(ηπ</strong></span> <span class='ocrx_word' id='word_1_951' title='bbox 3118 5403 3195 5457; x_wconf 65' lang='grc' dir='ltr'><strong>δίο</strong></span> <span class='ocrx_word' id='word_1_952' title='bbox 3216 5396 3765 5498; x_wconf 55' lang='lat' dir='ltr'><strong>cratem</strong></span> 
     </span>
    </p>
   </div>
   <div class='ocr_carea' id='block_1_128' title="bbox 2150 5467 3760 5557">
    <p class='ocr_par' dir='ltr' id='par_1_128' title="bbox 2150 5467 3760 5557">
     <span class='ocr_line' id='line_1_129' title="bbox 2150 5467 3760 5557; baseline 0 0"><span class='ocrx_word' id='word_1_953' title='bbox 2150 5467 2623 5557; x_wconf 45' lang='lat' dir='ltr'><strong>iussurum</strong></span> <span class='ocrx_word' id='word_1_954' title='bbox 2824 5467 3072 5557; x_wconf 68' lang='grc' dir='ltr'><strong>Ρεειιτιίεεν</strong></span> <span class='ocrx_word' id='word_1_955' title='bbox 3092 5487 3213 5542; x_wconf 68' lang='lat' dir='ltr'><strong>we</strong></span> <span class='ocrx_word' id='word_1_956' title='bbox 3239 5467 3293 5557; x_wconf 62' lang='grc' dir='ltr'><strong><em>υ</em></strong></span> <span class='ocrx_word' id='word_1_957' title='bbox 3312 5491 3324 5526; x_wconf 77' lang='grc' dir='ltr'><strong>ε</strong></span> <span class='ocrx_word' id='word_1_958' title='bbox 3354 5472 3760 5557; x_wconf 57' lang='lat' dir='ltr'><strong>te?</strong></span> 
     </span>
    </p>
   </div>
   <div class='ocr_carea' id='block_1_129' title="bbox 2150 5538 3761 5611">
    <p class='ocr_par' dir='ltr' id='par_1_129' title="bbox 2150 5538 3761 5611">
     <span class='ocr_line' id='line_1_130' title="bbox 2150 5538 3761 5611; baseline 0.001 -19"><span class='ocrx_word' id='word_1_959' title='bbox 2150 5538 2339 5611; x_wconf 84' lang='lat' dir='ltr'><strong>divina</strong></span> <span class='ocrx_word' id='word_1_960' title='bbox 2362 5541 2646 5610; x_wconf 83' lang='lat' dir='ltr'><strong>inspiratio</strong></span> <span class='ocrx_word' id='word_1_961' title='bbox 2672 5538 2855 5597; x_wconf 71' lang='lat' dir='ltr'><strong>rerum</strong></span> <span class='ocrx_word' id='word_1_962' title='bbox 2879 5538 3197 5611; x_wconf 76' lang='lat' dir='ltr'><strong>futurarum</strong></span> <span class='ocrx_word' id='word_1_963' title='bbox 3228 5538 3493 5598; x_wconf 71' lang='lat' dir='ltr'><strong>unmobiii</strong></span> <span class='ocrx_word' id='word_1_964' title='bbox 3518 5541 3761 5595; x_wconf 78' lang='lat' dir='ltr'><strong>veritate</strong></span> 
     </span>
    </p>
   </div>
   <div class='ocr_carea' id='block_1_130' title="bbox 2149 5610 3771 5737">
    <p class='ocr_par' dir='ltr' id='par_1_130' title="bbox 2149 5610 3771 5737">
     <span class='ocr_line' id='line_1_131' title="bbox 2149 5610 3771 5683; baseline -0.001 -17"><span class='ocrx_word' id='word_1_965' title='bbox 2149 5610 2492 5666; x_wconf 83' lang='lat' dir='ltr'><strong>denuntians.</strong></span> <span class='ocrx_word' id='word_1_966' title='bbox 2528 5612 2624 5667; x_wconf 79' lang='lat' dir='ltr'><strong>Vel</strong></span> <span class='ocrx_word' id='word_1_967' title='bbox 2640 5616 2717 5668; x_wconf 82' lang='lat' dir='ltr'><strong>est</strong></span> <span class='ocrx_word' id='word_1_968' title='bbox 2736 5613 2804 5668; x_wconf 88' lang='lat' dir='ltr'><strong>de</strong></span> <span class='ocrx_word' id='word_1_969' title='bbox 2824 5614 3048 5683; x_wconf 81' lang='lat' dir='ltr'><strong>agendis</strong></span> <span class='ocrx_word' id='word_1_970' title='bbox 3064 5613 3376 5677; x_wconf 82' lang='lat' dir='ltr'><strong>moralibus,</strong></span> <span class='ocrx_word' id='word_1_971' title='bbox 3400 5617 3453 5670; x_wconf 77' lang='lat' dir='ltr'><strong>et</strong></span> <span class='ocrx_word' id='word_1_972' title='bbox 3475 5613 3569 5667; x_wconf 80' lang='lat' dir='ltr'><strong>hoc</strong></span> <span class='ocrx_word' id='word_1_973' title='bbox 3583 5612 3771 5682; x_wconf 50' lang='lat' dir='ltr'><strong>porta?»</strong></span> 
     </span>
     <span class='ocr_line' id='line_1_132' title="bbox 2149 5682 3756 5737; baseline 0.001 -2"><span class='ocrx_word' id='word_1_974' title='bbox 2149 5685 2239 5735; x_wconf 86' lang='lat' dir='ltr'><strong>net</strong></span> <span class='ocrx_word' id='word_1_975' title='bbox 2261 5682 2335 5735; x_wconf 85' lang='lat' dir='ltr'><strong>ad</strong></span> <span class='ocrx_word' id='word_1_976' title='bbox 2347 5682 2673 5737; x_wconf 71' lang='lat' dir='ltr'><strong>doctrinam:</strong></span> <span class='ocrx_word' id='word_1_977' title='bbox 2693 5688 2747 5737; x_wconf 84' lang='lat' dir='ltr'><strong>et</strong></span> <span class='ocrx_word' id='word_1_978' title='bbox 2769 5686 2890 5737; x_wconf 87' lang='lat' dir='ltr'><strong>ideo</strong></span> <span class='ocrx_word' id='word_1_979' title='bbox 2912 5686 3064 5737; x_wconf 79' lang='lat' dir='ltr'><strong>dicit.</strong></span> <span class='ocrx_word' id='word_1_980' title='bbox 3082 5686 3199 5737; x_wconf 75' lang='lat' dir='ltr'><strong>Aut</strong></span> <span class='ocrx_word' id='word_1_981' title='bbox 3221 5686 3282 5737; x_wconf 83' lang='lat' dir='ltr'><strong>in</strong></span> <span class='ocrx_word' id='word_1_982' title='bbox 3303 5684 3553 5737; x_wconf 76' lang='lat' dir='ltr'><strong>doctrm‘</strong></span> <span class='ocrx_word' id='word_1_983' title='bbox 3557 5724 3571 5737; x_wconf 94' lang='lat'><strong>.</strong></span> <span class='ocrx_word' id='word_1_984' title='bbox 3596 5686 3756 5737; x_wconf 76' lang='lat' dir='ltr'><strong>Rom.</strong></span> 
     </span>
    </p>
   </div>
   <div class='ocr_carea' id='block_1_131' title="bbox 2148 5685 3765 5881">
    <p class='ocr_par' dir='ltr' id='par_1_131' title="bbox 2148 5685 3765 5881">
     <span class='ocr_line' id='line_1_133' title="bbox 2148 5685 3756 5752; baseline 0.001 -17"><span class='ocrx_word' id='word_1_985' title='bbox 2148 5685 2239 5735; x_wconf 86' lang='lat' dir='ltr'><strong>net</strong></span> <span class='ocrx_word' id='word_1_986' title='bbox 2261 5685 2335 5735; x_wconf 85' lang='lat' dir='ltr'><strong>ad</strong></span> <span class='ocrx_word' id='word_1_987' title='bbox 2347 5685 2673 5748; x_wconf 70' lang='lat' dir='ltr'><strong>doctrinam;</strong></span> <span class='ocrx_word' id='word_1_988' title='bbox 2693 5688 2747 5739; x_wconf 83' lang='lat' dir='ltr'><strong>et</strong></span> <span class='ocrx_word' id='word_1_989' title='bbox 2769 5686 2890 5740; x_wconf 85' lang='lat' dir='ltr'><strong>ideo</strong></span> <span class='ocrx_word' id='word_1_990' title='bbox 2912 5686 3064 5752; x_wconf 77' lang='lat' dir='ltr'><strong>dicit,</strong></span> <span class='ocrx_word' id='word_1_991' title='bbox 3082 5686 3199 5742; x_wconf 75' lang='lat' dir='ltr'><strong>Aut</strong></span> <span class='ocrx_word' id='word_1_992' title='bbox 3221 5686 3282 5740; x_wconf 84' lang='lat' dir='ltr'><strong>in</strong></span> <span class='ocrx_word' id='word_1_993' title='bbox 3303 5685 3571 5741; x_wconf 57' lang='lat' dir='ltr'><strong>doctrina.</strong></span> <span class='ocrx_word' id='word_1_994' title='bbox 3596 5686 3756 5740; x_wconf 73' lang='lat' dir='ltr'><strong>Rom.</strong></span> 
     </span>
     <span class='ocr_line' id='line_1_134' title="bbox 2148 5753 3765 5821; baseline 0.001 -16"><span class='ocrx_word' id='word_1_995' title='bbox 2148 5765 2266 5807; x_wconf 82' lang='lat' dir='ltr'><strong>xu:</strong></span> <span class='ocrx_word' id='word_1_996' title='bbox 2297 5753 2567 5819; x_wconf 82' lang='lat' dir='ltr'><strong>Quidocet</strong></span> <span class='ocrx_word' id='word_1_997' title='bbox 2581 5757 2636 5809; x_wconf 86' lang='lat' dir='ltr'><strong>in</strong></span> <span class='ocrx_word' id='word_1_998' title='bbox 2651 5756 2897 5811; x_wconf 85' lang='lat' dir='ltr'><strong>doctrina</strong></span> <span class='ocrx_word' id='word_1_999' title='bbox 2915 5775 2932 5821; x_wconf 67' lang='grc' dir='ltr'><em>ς</em></span> <span class='ocrx_word' id='word_1_1000' title='bbox 2953 5760 3006 5812; x_wconf 88' lang='lat' dir='ltr'><strong>et</strong></span> <span class='ocrx_word' id='word_1_1001' title='bbox 3026 5758 3270 5812; x_wconf 74' lang='lat' dir='ltr'><strong>Prorerb.</strong></span> <span class='ocrx_word' id='word_1_1002' title='bbox 3306 5769 3428 5812; x_wconf 83' lang='lat' dir='ltr'><strong>xm</strong></span> <span class='ocrx_word' id='word_1_1003' title='bbox 3452 5773 3466 5810; x_wconf 90' lang='lat'><strong>:</strong></span> <span class='ocrx_word' id='word_1_1004' title='bbox 3500 5753 3765 5811; x_wconf 65' lang='lat' dir='ltr'><strong>Doctrina</strong></span> 
     </span>
     <span class='ocr_line' id='line_1_135' title="bbox 2149 5821 3651 5881; baseline 0.006 -5"><span class='ocrx_word' id='word_1_1005' title='bbox 2149 5821 2285 5876; x_wconf 83' lang='lat' dir='ltr'><strong>bona</strong></span> <span class='ocrx_word' id='word_1_1006' title='bbox 2303 5822 2461 5879; x_wconf 86' lang='lat' dir='ltr'><strong>dabit</strong></span> <span class='ocrx_word' id='word_1_1007' title='bbox 2481 5828 2738 5881; x_wconf 72' lang='lat' dir='ltr'><strong>gratiam.</strong></span> <span class='ocrx_word' id='word_1_1008' title='bbox 3644 5836 3651 5843; x_wconf 77' lang='lat'><strong><em>&#39;</em></strong></span> 
     </span>
    </p>
   </div>
   <div class='ocr_carea' id='block_1_132' title="bbox 2250 5836 3651 5894">
    <p class='ocr_par' dir='ltr' id='par_1_132' title="bbox 2250 5836 3651 5894">
     <span class='ocr_line' id='line_1_136' title="bbox 2250 5836 3651 5894; baseline 0.001 -18"><span class='ocrx_word' id='word_1_1009' title='bbox 2250 5838 2285 5876; x_wconf 82' lang='grc' dir='ltr'><strong>α</strong></span> <span class='ocrx_word' id='word_1_1010' title='bbox 2303 5836 2461 5879; x_wconf 76' lang='lat' dir='ltr'><strong>anon</strong></span> <span class='ocrx_word' id='word_1_1011' title='bbox 2481 5836 2738 5894; x_wconf 77' lang='lat' dir='ltr'><strong>gratiam.</strong></span> <span class='ocrx_word' id='word_1_1012' title='bbox 3644 5836 3651 5843; x_wconf 56' lang='grc' dir='ltr'><strong><em>ο</em></strong></span> 
     </span>
    </p>
   </div>
  </div>
