4040 6206
244 298 338 353 965

1138 291 1478 350 COLLATIO
1520 294 1655 350 XIV.
1696 321 1768 334 -—
1807 293 1896 348 DE
1934 292 2274 350 SPIRITALI
2312 295 2645 350 SCIENTIA.

3453 306 3567 360 966

241 435 383 477 orare
417 422 584 477 Deum
614 417 656 490 (l
701 419 818 476 Cor.
863 419 978 486 χι).
1021 417 1160 486 Quae
1194 417 1350 485 ratio,
1388 425 1452 474 ut
1500 417 1710 475 dictum
1738 425 1846 486 est,
1875 421 1927 485 Α
1957 416 2118 474 etiam
2147 417 2218 474 ad
2254 417 2401 473 illam
2436 415 2505 474 de
2541 433 2648 490 qua
2672 420 2893 492 angelus
2919 419 2986 477 ad
3015 421 3294 479 Danielem
3323 424 3401 480 ait
3430 441 3556 497 per-

241 514 506 572 moralem
529 512 774 569 continet
794 511 1156 568 intellectum.
1187 514 1322 568 Item
1343 511 1650 584 prophetia,
1672 528 1836 586 quam

239 608 396 666 tertio
441 605 741 679 Apostolus
786 605 968 662 intulit
1013 605 1158 674 loco,
1208 621 1486 678 ansgogen
1515 613 1697 676 sonat,
1745 623 1842 678 per

240 716 399 772 quam
434 699 504 758 ad
528 699 812 757 invisibilia
845 714 909 756 ac
943 697 1126 756 futura
1167 714 1352 757 sermo
1393 700 1736 770 transfertur,
1781 710 1842 757 ut

239 803 322 853 est
355 793 527 852 illud:
558 795 818 853 Nolumus
859 799 1040 850 autem
1079 809 1170 850 vos
1197 796 1474 864 ignorare,
1519 799 1744 864 fratres,
1775 797 1842 852 de

241 889 650 952 dormientibus,
674 893 738 943 ut
754 903 860 943 non
883 889 1289 952 contristemini,
1311 891 1448 944 sicut
1469 894 1522 945 et
1545 891 1726 949 caeteri
1745 895 1843 962 qui

233 997 381 1053 spem
407 996 512 1036 non
536 981 750 1048 habent.
768 982 831 1037 Si
847 983 983 1036 enim
1000 981 1261 1037 credimus
1284 983 1429 1052 quod
1447 983 1688 1040 Christus
1701 999 1842 1038 mor-

237 1079 361 1131 tuus
389 1079 468 1131 est
493 1078 546 1130 et
571 1076 890 1142 resurrexit,
921 1077 1005 1130 ita
1030 1078 1081 1130 et
1099 1078 1240 1132 Deus
1263 1091 1346 1130 eos
1371 1079 1470 1146 qui
1485 1077 1838 1141 dormierunt,

226 1183 332 1239 per
357 1171 535 1224 Iesum
553 1168 784 1223 adducet
805 1183 921 1222 cum
945 1183 1022 1224 eo.
1053 1169 1162 1224 Hoc
1187 1169 1330 1224 enim
1357 1169 1504 1224 vobis
1531 1169 1758 1226 dicimus
1783 1173 1842 1226 in

229 1263 387 1318 verbo
414 1265 648 1326 Domini,
674 1265 804 1333 quia
817 1279 910 1320 nos
926 1265 1026 1334 qui
1036 1267 1286 1328 vivimus,
1305 1267 1406 1335 qui
1419 1266 1628 1322 residui
1635 1281 1838 1330 sumus,

229 1359 289 1411 in
303 1357 544 1413 adventu
567 1360 779 1414 Domini
785 1374 890 1413 non
898 1360 1286 1428 prwvcniemus
1300 1373 1384 1413 eos
1399 1361 1500 1429 qui
1506 1359 1837 1414 dormierunt

229 1453 491 1522 quoniam
509 1453 623 1522 ipse
649 1453 908 1508 Dominus
933 1454 993 1507 in
1007 1452 1169 1522 jussu
1192 1455 1244 1506 et
1269 1454 1328 1504 in
1352 1466 1473 1506 voce
1501 1452 1831 1522 archangeli,

225 1548 278 1601 et
306 1547 366 1600 in
408 1547 540 1600 tuba
579 1549 684 1602 Dei
716 1547 995 1602 descendet
1031 1546 1098 1600 de
1133 1546 1254 1601 calo
1269 1565 1291 1614 ,-
1321 1551 1373 1600 et
1405 1549 1610 1602 mortui
1646 1550 1744 1616 qui
1776 1549 1836 1602 in

227 1636 1082 1710 Chr-istosuntmesurgentprimi
1099 1636 1142 1710 (Ι
1165 1639 1340 1694 Thess.
1372 1641 1472 1704 Iv).
1497 1639 1612 1708 Qua
1644 1637 1836 1694 exhor-

225 1732 454 1789 tationis
493 1733 673 1806 specie
701 1747 974 1806 anagoges
1009 1731 1180 1805 ﬁgura
1220 1729 1532 1804 praefertur.
1572 1732 1837 1789 Doctrina

223 1840 358 1882 vero
378 1826 679 1901 simplicem
700 1826 942 1885 historia:
960 1825 1316 1900 expositionis
1333 1826 1585 1884 ordinem
1629 1826 1838 1899 pandit,

227 1919 284 1975 in
322 1936 432 1992 qua
461 1921 641 1978 nullus
687 1921 950 1978 occultior
990 1921 1320 1989 intellectus,
1365 1921 1469 1976 nisi
1517 1921 1608 1992 qui
1660 1921 1838 1978 verbis

226 2019 478 2076 resonat,
529 2011 859 2080 continetur,
910 2013 1053 2068 sicut
1091 2019 1173 2067 est
1199 2011 1376 2066 illud:
1429 2013 1657 2067 Tradidi
1698 2016 1840 2068 enim

223 2105 380 2158 vobis
409 2105 470 2158 in
488 2106 680 2173 primis
705 2105 849 2174 quod
871 2109 924 2160 et
947 2107 1144 2175 accepi,
1167 2106 1422 2174 quoniam
1447 2106 1691 2162 Christus
1708 2123 1840 2162 mor-

222 2199 356 2250 tuus
385 2200 468 2250 est
485 2212 586 2266 pro
619 2200 849 2266 peccatis
876 2200 1092 2260 nostris,
1115 2198 1404 2254 secundum
1435 2199 1760 2270 Scripturas,
1793 2206 1842 2256 et

220 2290 357 2359 quia
377 2289 624 2359 sepultus
644 2295 741 2353 est,
759 2295 811 2346 et
837 2293 968 2361 quia
991 2293 1292 2348 resurrexit
1314 2294 1476 2348 tertia
1505 2293 1614 2356 die,
1631 2299 1685 2366 et
1708 2296 1840 2364 quia

217 2385 374 2438 visus
404 2387 488 2438 est
533 2385 723 2454 Cepha:
759 2388 805 2455 (l
847 2388 967 2444 Cor.
1000 2387 1126 2458 xv).
1158 2389 1226 2442 Et
1257 2405 1269 2440 :
1298 2389 1449 2443 Misit
1474 2393 1616 2444 Deus
1643 2390 1840 2444 Filium

218 2491 380 2532 suum
416 2477 633 2544 factum
655 2493 726 2532 ea:
753 2478 996 2544 muliere,
1027 2482 1236 2548 factum
1258 2481 1357 2536 sub
1386 2482 1517 2550 lege,
1537 2486 1600 2536 ut
1625 2497 1708 2537 eos
1743 2484 1844 2552 qui

216 2571 324 2626 sub
347 2569 468 2640 lege
492 2575 654 2626 erant
673 2572 958 2630 redimeret
980 2573 1175 2644 (Galat.
1201 2573 1304 2644 Iv).
1329 2573 1458 2630 Sive
1474 2573 1607 2630 illud
1634 2575 1834 2638 :Audi,

213 2665 406 2728 Israel,
441 2666 706 2721 Dominus
733 2669 860 2722 tuus
877 2671 1018 2724 Deus
1045 2683 1184 2722 unus
1207 2671 1284 2723 est
1306 2666 1482 2739 (Deut.
1509 2668 1619 2739 γι).

839 2759 1088 2817 CAPUT
1131 2760 1233 2815 IX.

285 2851 450 2920 Quod
468 2852 536 2908 de
554 2852 764 2908 actuali
775 2854 999 2908 scientia
1012 2855 1333 2924 proﬁciatur
1350 2854 1426 2909 ad
1441 2853 1764 2924 spiritalem.

283 2945 650 3017 Quapropter
674 2945 718 3001 si
745 2945 905 3000 vobis
930 2959 1061 3002 cura
1085 2952 1170 3002 est
1211 2945 1279 3001 ad
1303 2945 1562 3016 spiritalis
1598 2945 1838 3003 scientiae

206 3036 430 3106 lumen,
461 3053 576 3094 non
614 3038 789 3094 inanis
809 3037 1080 3108 jactantim
1113 3038 1266 3104 vitio,
1305 3039 1402 3094 sed
1425 3038 1830 3095 emundatiouis

203 3132 395 3204 gratia
435 3130 738 3203 pervenire,
778 3130 922 3186 illius
968 3131 1205 3202 primum
1235 3131 1582 3187 beatitudinis
1619 3133 1828 3204 cupidi-

1949 512 2131 568 venire
2161 512 2416 583 possitis:
2450 515 2558 582 Qui
2591 518 2770 570 autem
2799 515 2943 571 docti
2981 519 3212 584 fuerint,
3246 519 3560 588 fulgebunt,

1947 608 2086 662 sicut
2098 606 2352 676 splendor
2361 610 2694 677 ﬁrmamenti
2706 627 2722 676 ;
2735 613 2786 663 et
2805 611 2900 678 qui
2915 610 2988 664 ad
2999 611 3274 680 justitiam
3293 613 3558 669 erudiunt

1949 700 2162 768 multos,
2189 705 2350 772 quasi
2371 704 2539 758 stella:
2571 706 2628 757 in
2660 707 2950 774 perpetuas
2973 708 3304 761 aeternitates
3328 710 3554 772 (Daniel.

1949 795 2062 867 xu)
2087 813 2104 862 ;
2134 803 2190 851 et
2225 795 2281 850 in
2308 795 2418 851 alio
2455 795 2722 868 propheta
2749 813 2766 851 :
2799 806 2824 832 ⁸
2853 797 3156 854 Illuminate
3195 799 3342 854 vobis
3382 802 3564 856 lumen

1946 891 2184 946 scientia:
2228 891 2359 945 dum
2405 895 2613 970 tempus
2649 895 2727 947 est
2762 891 2902 963 (Ose.
2944 895 3030 960 x).
3067 894 3338 950 Tenentes
3377 893 3560 968 itaque

1949 982 2100 1039 illam
2137 998 2303 1056 quam
2331 983 2532 1040 habere
2570 999 2670 1040 vos
2700 985 2876 1040 sentio
2917 983 3258 1058 diligentiam
3281 987 3560 1056 lectionis,

1951 1075 2101 1132 omni
2117 1076 2308 1147 studio
2323 1076 2574 1133 festinate
2607 1077 2897 1144 actualem,
2915 1077 2972 1134 id
2986 1087 3090 1148 est,
3114 1079 3368 1146 ethicam,
3391 1097 3557 1154 quam

1950 1169 2189 1240 primum
2248 1167 2318 1225 ad
2371 1169 2648 1242 integrum
2673 1171 3139 1242 comprehendere
3191 1173 3552 1244 disciplinam.

1951 1261 2178 1336 Absque
2217 1261 2321 1319 hac
2361 1277 2601 1335 namque
2645 1261 2734 1318 illa
2777 1279 2941 1335 quam
2981 1263 3216 1320 diximus
3259 1266 3554 1323 theoretica

1944 1356 2154 1427 puritas
2176 1370 2290 1412 non
2315 1362 2500 1427 potest
2521 1353 2880 1426 apprehendi,
2911 1371 3078 1428 quam
3105 1355 3162 1413 hi
3196 1365 3430 1422 tantum,
3463 1375 3558 1434 qui

1941 1464 2054 1506 non
2064 1449 2298 1505 aliorum
2311 1446 2624 1504 docentium
2635 1447 2836 1517 verbis,
2851 1448 2946 1506 sed
2961 1450 3306 1522 propriorum
3326 1459 3554 1508 actuum

1945 1540 2145 1597 virtute
2167 1539 2393 1613 perfecti
2419 1547 2566 1606 sunt,
2592 1547 2719 1611 post
2745 1540 2916 1596 multa
2947 1555 3174 1612 operum
3211 1556 3274 1598 ac
3298 1543 3549 1600 laborum

1947 1634 2236 1706 stipendia,
2262 1634 2375 1706 jam
2405 1633 2556 1706 quasi
2587 1634 2640 1689 in
2685 1633 2918 1706 praemio
2959 1643 3387 1706 consequuntur.
3432 1639 3556 1693 Non

1943 1731 2086 1788 enim
2117 1747 2148 1788 a
2173 1731 2526 1788 meditatione
2552 1730 2686 1804 legis
2706 1731 3132 1804 intelligentiam,
3165 1729 3262 1786 sed
3283 1729 3350 1786 de
3371 1729 3554 1785 fructu

1874 1827 1920 1890 Β
1953 1825 2132 1899 operis
2171 1825 2530 1897 acquirentes,
2579 1841 2706 1882 cum
2749 1825 3180 1899 Psalmograpbo
3219 1832 3458 1881 canunt:
3503 1828 3554 1882 Α

1945 1923 2221 1978 mandatis
2255 1925 2360 1977 tuis
2385 1922 2632 1976 intellexi
2658 1922 2874 1986 (Psalm.
2918 1918 3171 2001 cxvm).
3215 1919 3287 1973 Et
3318 1919 3556 1974 excoctis

1948 2013 2292 2086 passionihn
2330 2013 2620 2078 universis,
2667 2011 2994 2068 ﬁducialiter
3034 2009 3223 2066 dicunt
3257 2030 3270 2064 :
3318 2011 3558 2066 Psallam

1949 2113 2000 2163 et
2023 2109 2328 2177 intelligam
2349 2109 2407 2162 in
2431 2111 2522 2162 via
2549 2109 2895 2162 immaculata
2921 2106 3136 2177 (Psalm.
3173 2105 3250 2176 c).
3284 2105 3379 2160 llle
3408 2107 3556 2161 enim

1948 2199 2181 2272 psallens
2209 2197 2462 2271 intelligit
2489 2215 2612 2272 quae
2637 2207 2928 2265 canuntur,
2957 2198 3049 2270 qui
3087 2199 3143 2252 in
3167 2199 3254 2275 yia
3286 2199 3555 2253 immacu—

1950 2291 2058 2350 lata
2087 2309 2273 2367 gressu
2301 2293 2418 2364 puri
2446 2291 2628 2349 cordis
2653 2292 2920 2348 innititur.
2946 2294 3014 2346 Et
3036 2291 3238 2347 idcirco
3253 2289 3297 2346 si
3313 2291 3557 2348 scientiae

1955 2385 2178 2458 spiritali
2205 2401 2422 2442 sacrum
2445 2385 2496 2440 in
2522 2385 2688 2440 corde
2723 2394 2904 2440 vestro
2947 2383 3112 2440 vultis
3141 2383 3554 2440 tabernaculum

1951 2495 2274 2554 prmparare,
2299 2480 2368 2536 ab
2393 2480 2642 2534 omnium
2673 2494 2769 2534 vos
2797 2477 3054 2533 vitiorum
3077 2477 3400 2552 contagione
3428 2495 3554 2548 rur-

1949 2583 2093 2648 gate,
2133 2582 2190 2632 et
2237 2573 2382 2630 curis
2427 2572 2614 2630 saeculi
2659 2571 2940 2644 praesentis
2968 2571 3168 2627 exuite.
3214 2571 3555 2644 Impossibile

1945 2682 2184 2738 namque
2210 2674 2293 2722 est
2321 2665 2566 2722 animam
2603 2679 2728 2736 quae
2753 2662 3049 2720 mundanis
3078 2664 3159 2718 vel
3189 2663 3420 2720 tenuiter
3447 2663 3554 2720 dis-

1946 2759 2284 2817 tentionibus
2331 2763 2651 2830 occupatur,
2693 2756 2901 2812 donum
2943 2755 3180 2810 scientiae
3227 2754 3548 2826 promereri,

1948 2855 2032 2928 vel
2058 2851 2449 2926 generatricem
2478 2849 2840 2924 spiritualium
2869 2864 3154 2919 sensuum,
3184 2857 3278 2904 aut
3306 2857 3552 2906 tenacem

1945 2961 2224 3005 sacrarum
2261 2945 2559 3001 lectionum
2608 2943 2742 2998 fieri.
2783 2943 3083 3000 Observate
3121 2941 3285 3014 igitur
3321 2943 3376 2996 iu
3435 2942 3551 3014 pri-

1944 3043 2074 3112 mis,
2109 3051 2165 3098 et
2204 3039 2443 3097 maxime
2472 3047 2551 3106 tu,
2590 3029 2616 3069 "
2645 3040 2904 3103 Joannes,
2933 3034 3018 3090 cui
3052 3035 3227 3107 magis
3264 3035 3334 3091 ad
3365 3043 3551 3100 custo.

1936 3134 2132 3192 dienda
2169 3133 2286 3190 haec
2330 3147 2454 3204 qua:
2481 3131 2726 3188 dicturus
2769 3145 2917 3196 sum,
2957 3137 3092 3185 tetas
3133 3128 3314 3185 adhuc
3354 3127 3544 3185 adole—
3581 3157 3590 3164 ~

205 3232 327 3282 tate
365 3223 768 3290 ﬂammamini,
813 3223 882 3279 de
909 3239 1014 3294 qua
1055 3223 1260 3280 dictum
1299 3233 1417 3280 est:
1449 3227 1604 3280 Beati
1636 3227 1837 3280 mundo
1868 3211 1912 3274 C
1942 3224 2184 3281 scentior
2205 3222 2558 3297 suffragatur,
2585 3237 2656 3278 ne
2684 3220 2932 3278 studium
2967 3220 3209 3277 lectionis
3233 3237 3297 3277 ac
3336 3219 3550 3278 deside-

201 3317 396 3381 corde,
446 3319 704 3386 quoniam
739 3318 853 3386 ipsi
879 3319 1045 3372 Deum
1084 3315 1341 3372 videbunt
1386 3315 1604 3388 (Matth.
1649 3316 1745 3386 v);
1777 3325 1839 3372 ut

1942 3317 2014 3372 rii
2070 3317 2152 3372 tui
2220 3317 2372 3371 labor
2425 3329 2560 3369 vana
2615 3315 2848 3369 elatione
2903 3322 3166 3377 cassetur,
3194 3323 3214 3348 ο
3252 3321 3310 3369 ut
3347 3313 3553 3370 indicas

1327 3469 1581 3524 ALARDl
1619 3469 1845 3524 GAZEI
1883 3465 2443 3524 COMMENTARIUS.

281 3600 312 3628 ³
342 3591 584 3662 Vulgata
614 3592 822 3648 versio:
847 3593 1118 3651 Seminatc
1134 3594 1278 3649 vobis
1296 3596 1353 3648 in
1363 3595 1605 3664 justitia,
1637 3599 1690 3650 et
1721 3611 1832 3650 me-

201 3663 313 3718 tite
329 3664 396 3716 in
418 3677 514 3717 ore
531 3664 913 3737 misericordia
925 3683 943 3730 ;
957 3665 1210 3720 innovate
1228 3663 1378 3720 vobis
1387 3667 1576 3720 novale
1593 3685 1610 3720 :
1627 3671 1836 3737 tempus

194 3737 401 3807 autem
427 3735 746 3807 requirendi
769 3737 1074 3807 Dominum,
1105 3751 1225 3791 cum
1249 3739 1474 3800 venerit,
1504 3739 1603 3807 qui
1633 3735 1836 3793 docebit

195 3819 297 3860 vos
315 3804 612 3879 iustitiam
630 3807 746 3862 Dei.
783 3805 908 3879 Div.
950 3806 1324 3879 Hieronymus
1353 3826 1366 3862 :
1399 3804 1604 3871 Pro—eo,
1632 3807 1836 3878 inquit,

197 3875 358 3946 quod
402 3891 506 3930 nos
535 3877 779 3931 dia-imus
795 3893 815 3930 .·
848 3878 1032 3932 Melite
1068 3879 1128 3931 in
1153 3875 1241 3932 ore
1265 3881 1669 3946 misericordia,
1697 3875 1839 3935 LXX

195 3945 643 4009 transtulerunt,
667 3947 1280 4016 rVindemiatefructum
1303 3947 1582 4014 vitae(Ose.
1606 3945 1690 4016 x).

273 4018 303 4089 ιξ
336 4019 629 4089 Joannem
646 4015 965 4089 Cassianum
987 4015 1303 4089 alloquitur,
1325 4017 1416 4089 cui
1430 4016 1612 4072 adhuc
1629 4017 1837 4089 juveni,

187 4094 260 4159 et
279 4085 345 4142 in
374 4085 527 4140 sacri
553 4084 722 4159 studii
753 4093 810 4140 et
833 4084 1410 4159 doctrinae'tirociniis
1429 4084 1647 4159 agenti;
1674 4096 1840 4158 atque

185 4156 266 4230 ad
315 4169 522 4214 rerum
553 4155 860 4230 divinarum
887 4155 1250 4230 cognitionem
1287 4155 1580 4230 anhelanti,
1607 4155 1840 4214 tacitur-

189 4229 459 4285 nitatem
488 4233 546 4282 et
573 4226 870 4295 silentium,
903 4226 983 4283 ut'
996 4229 1232 4284 maxime
1271 4228 1615 4286 conveniens
1633 4242 1699 4286 ac
1739 4243 1840 4284 ne-

187 4296 548 4370 cessarium,
580 4296 838 4370 studiose
875 4300 1244 4370 commendat.
1282 4299 1414 4370 Quis
1443 4315 1572 4356 vero
1594 4301 1840 4358 crederet

190 4369 547 4444 Cassianum
576 4367 632 4444 id
649 4366 1278 4444 deseipsoproditurum
1305 4366 1364 4426 ct
1399 4371 1640 4444 scriptis
1689 4386 1838 4427 man-

191 4439 489 4498 daturum
515 4437 706 4508 fuisse,
736 4437 839 4495 nisi
857 4437 1374 4498 ad'aediﬁcationem
1395 4437 1838 4500 instructionem-

191 4527 312 4584 que
373 4509 676 4588 jqniorpm
724 4510 1119 4588 monachorum
1174 4511 1472 4588 judicasset
1528 4513 1838 4588 expedire?

193 4579 698 4656 quemadmodum
735 4582 844 4656 div.
873 4579 1244 4656 Augustinum
1270 4584 1524 4656 Ecclesia!
1551 4579 1837 4656 (lectorem

191 4651 486 4726 eximium
515 4651 713 4726 delicta
735 4651 1056 4726 juventutis
1085 4667 1202 4726 sum
1232 4661 1291 4726 _et
1321 4655 1670 4726 ignorantiae
1705 4671 1840 4712 suas

188 4725 250 4796 in
285 4725 468 4782 libris
501 4721 1040 4796 Confessibnum,_ad
1067 4723 1170 4780 Dei
1195 4721 1450 4796 gloriam,
1479 4727 1560 4780 sui
1581 4725 1839 4782 humilia-

187 4795 434 4868 tionem
487 4801 546 4868 e_t
594 4795 838 4868 aliorum
889 4793 1224 4868 utilitatem;
1261 4809 1512 4850 enarrare
1554 4797 1840 4868 palamque

185 4863 565 4940 deplorando
587 4865 843 4940 proﬁteri
877 4881 989 4921 non
1016 4865 1232 4940 puduit.
1271 4869 1444 4921 Porro
1482 4863 1734 4940 eamdem
1753 4863 1840 4923 si-

187 4935 363 5010 lenitii
399 4935 590 5006 legem
612 4935 872 4992 Cassiano
889 4935 1162 5010 monacho
1181 4935 1431 5010 (nostro,
1447 4945 1511 4992 ut
1534 4952 1678 5003 reor,
1697 4939 1833 4994 Cas-

187 5009 418 5094 Ξίεηεῖὶν
465 5007 1138 5094 ,ωρρεεξυίυιυοηίξβαξ
1179 5006 1325 5094 δι’υά
1352 5006 1830 5094 κνίῖδψρεῖοηιῳ

187 5075 483 5161 familiari
534 5075 769 5161 college.
796 5085 854 5134 et
878 5075 1295 5161 condiscipulo,
1338 5075 1700 5161 gravissimus
1745 5079 1836 5136 ille

189 5151 486 5224 idemque
515 5147 897 5224 sanctissimus
920 5147 1168 5224 Isidorus
1184 5147 1488 5224 Pelusiotae
1507 5150 1653 5224 serio
1675 5165 1836 5224 com-

187 5219 510 5294 mendavit
535 5220 676 5294 (Lib.
704 5222 936 5294 r,_epist.
967 5225 1078 5276 309
1095 5219 1232 5294 edit.
1258 5221 1550 5294 Billianw),
1579 5220 1713 5294 dum
1742 5223 1834 5278 ni-

187 5290 379 5375 miam
429 5290 564 5375 ejus
601 5290 941 5375 dicacitatem
988 5299 1044 5347 et
1095 5290 1829 5375 lingumﬂintemperantiarn,

189 5362 252 5419 in
277 5364 420 5436 ipso
455 5361 760 5436 presserunt
789 5361 916 5419 vitae
951 5361 1270 5436 monasticae
1295 5361 1568 5436 tirocinii),
1619 5364 1831 5421 notavit

189 5441 250 5491 et
279 5430 557 5506 «increuit
583 5430 670 5487 his
685 5431 762 5506 ad
789 5447 917 5489 eum
943 5433 1194 5506 scriptis:
1227 5437 1298 5491 Te
1322 5430 1581 5492 caducam
1623 5441 1677 5494 et
1711 5451 1830 5491 cor-

186 5505 474 5578 ruptioni
493 5503 784 5567 obnoxiam
793 5507 963 5578 vitam
977 5503 1190 5578 fugisse
1203 5511 1371 5578 atque
1381 5507 1459 5562 ad
1473 5509 1830 5562 monasticam

189 5575 468 5633 studium
489 5589 647 5631 mu
665 5575 993 5650 contendisse
1005 5575 1192 5650 audio,
1213 5575 1378 5650 atque
1401 5579 1622 5634 interim
1649 5581 1831 5632 tamen

265 5660 505 5720 ocacem
539 5661 604 5720 ac
635 5648 983 5720 petulantan
1007 5647 1254 5719 linguam
1279 5647 1494 5706 habere
1536 5663 1601 5704 ac
1639 5653 1832 5704 temere

265 5661 505 5704 οθαεεηι
539 5661 604 5702 ac
635 5661 967 5720 petulantem
1007 5661 1254 5719 linguam
1299 5661 1494 5706 habere
1536 5663 1601 5704 ac
1639 5661 1832 5704 temere

179 5661 378 5788 ἵνα.
413 5718 578 5786 Ουοά
597 5719 815 5791 Quidam
840 5718 984 5774 nihil
1011 5720 1164 5776 aliud
1189 5726 1269 5776 est
1291 5736 1458 5791 quam
1483 5733 1704 5776 murum
1729 5721 1832 5789 νῖν-

680 5790 852 5846 stibus
887 5791 1216 5847 inawessum
1242 5790 1550 5862 astruere,
1589 5792 1833 5862 ipsisque

183 5863 436 5928 portam
469 5859 548 5914 ad
565 5861 869 5930 mar-essum
897 5865 1143 5931 apertam
1169 5861 1490 5933 relinquere.
1519 5859 1675 5930 Quod
1705 5859 1757 5918 si
1781 5866 1833 5918 et

1945 3609 2161 3650 murum
2177 3593 2247 3648 ab
2269 3594 2418 3648 omni
2441 3592 2685 3662 periculo
2706 3589 2932 3664 liberum
2953 3605 3168 3647 servare
3190 3595 3359 3664 cupis,
3387 3597 3551 3664 atque

1946 3666 2183 3722 hostibus
2221 3668 2272 3720 te
2311 3666 2528 3734 ﬁrmum
2555 3678 2618 3717 ac
2645 3663 2923 3718 robustum
2963 3664 3254 3727 ostendere,
3285 3663 3545 3733 linguam,

1945 3753 2111 3808 quam
2131 3738 2364 3793 maen'me
2377 3736 2600 3806 poteris,
2626 3735 2686 3788 in
2702 3739 2976 3808 potestate
2997 3739 3193 3808 tene,_a
3211 3751 3321 3804 qua
3348 3741 3409 3808 et
3421 3737 3548 3793 cele-

1941 3803 2025 3864 res
2049 3811 2100 3864 et
2113 3810 2351 3876 ingentes
2370 3803 2547 3861 ruina
2564 3803 2896 3876 contingunt.
2923 3806 3060 3876 Haec
3084 3803 3355 3876 Isidorus:
3377 3807 3548 3876 Cuius

1943 3871 2499 3934 salutari'monitione
2515 3871 2831 3930 Cassianum
2850 3873 2994 3929 haud
3011 3887 3204 3943 parum
3225 3871 3543 3944 profecisse,
3582 3913 3596 3922 κ

1948 3965 2012 4004 ac
2038 3949 2278 4020 linguam
2317 3947 2580 4028 deinceps
2621 3945 2676 4028 in
2703 3961 2810 4028 sua.
2841 3951 3108 4028 potestate
3136 3943 3398 4028 tenuisse,
3425 3960 3546 4028 ma-

2019 4015 2224 4089 umque
2254 4017 2336 4074 ori
2357 4015 2756 4089 suosilentium
2795 4015 3071 4089 indixisse,
3097 4015 3177 4070 vel
3206 4029 3272 4070 ex
3287 4015 3407 4089 ‘hpc
3423 4015 3544 4089 col-—

1970 4084 2189 4160 igimus,
2227 4086 2376 4160 quod
2416 4087 2549 4160 alias
2589 4086 2754 4160 etiam
2799 4085 3126 4160 notavimus,
3158 4085 3304 4156 quod
3331 4084 3443 4160 fere
3486 4086 3543 4140 in

1935 4154 2206 4214 omnibus
2229 4154 2311 4212 his
2331 4154 2724 4212 Collationibus
2748 4155 2930 4210 solum
2971 4154 3307 4210 Germanum
3332 4155 3544 4212 socium

1949 4244 2114 4286 suum
2141 4243 2273 4284 cum
2313 4227 2418 4283 illis
2458 4223 2707 4281 Patribus
2744 4225 3076 4281 collocutum
3124 4237 3543 4293 commemorat,

1948 4315 2076 4356 cum
2118 4297 2236 4370 ipse
2267 4297 2472 4370 interea
2502 4309 2740 4369 presens
2767 4303 2824 4352 et
2847 4294 3148 4370 taciturnus
3175 4311 3270 4353 eos
3305 4297 3540 4370 audiret,

1949 4367 2252 4440 eorumque
2279 4367 2422 4452 dicta
2450 4367 2784 4440 et'responsa
2811 4367 3092 4452 memoriae
3109 4367 3541 4451 commendaret,

1945 4456 2072 4516 quae
2095 4452 2282 4514 postea
2309 4441 2612 4496 litterarum
2635 4441 3012 4496 monumentis
3041 4441 3398 4512 ronsignavit.

2016 4511 2040 4542 ⁶
2071 4515 2254 4592 I_._ocus
2279 4511 2591 4592 peculiaris,
2609 4508 2962 4592 odexeligioso
2992 4511 3544 4592 silent_io,_monachis

1947 4584 2228 4651 omnibus,
2245 4580 2487 4654 maxime
2504 4580 2830 4654 junioribus
2847 4588 2902 4636 et
2915 4596 3096 4654 sacra:
3127 4581 3390 4638 doctrinae
3415 4598 3541 4639 can-

1946 4654 2167 4722 didatis,
2195 4651 2587 4711 excolendo'et
2631 4651 2994 4722 observando,
3035 4652 3409 4722 dignuscerte
3431 4653 3543 4722 _qui

1945 4720 2226 4784 nonnullis
2251 4726 2346 4782 SS.
2389 4727 2609 4780 Patrum
2649 4721 2935 4780 sententiis
2971 4729 3026 4776 et
3051 4720 3312 4790 eiemplis
3347 4720 3544 4778 eodem

1945 4796 2316 4878 spectantibus
2340 4795 2700 4878 amplificetur
2728 4792 3147 4878 etiillustgreturi
3166 4805 3299 4878 cum,
3319 4805 3540 4878 praeser-

1868 4899 1920 4964 ι)
2784 4860 3150 4964 ιτξξπὲίειξηεὲ
3172 4860 3539 4964 festucis-

1949 4937 2116 5002 tione,
2146 4949 2271 4990 eam
2294 4930 2674 4990 tractationem
2702 4931 2756 4986 in
2784 4930 2932 4987 hunc
2959 4931 3139 4988 locum
3172 4932 3536 4992 retulerimus.

1941 5006 2100 5076 Quod
2137 5006 2301 5078 igitur
2325 5004 2418 5078 ad
2458 5003 2751 5078 sententias
2792 5005 3016 5078 Patrum
3061 5003 3276 5078 attinet,
3317 5021 3447 5062 cum
3483 5007 3539 5062 in

1941 5072 2048 5134 h'oc
2086 5072 2282 5145 genere
2320 5075 2622 5130 innumerae
2663 5072 2847 5130 afferri
2881 5084 3124 5145 possent,
3167 5076 3312 5132 nulla
3353 5083 3538 5132 tamen

1943 5149 2071 5228 huic
2090 5145 2222 5204 loco
2259 5145 2749 5228 accommodatior
2772 5153 2829 5228 et
2845 5146 3199 5228 “cumulatior
3239 5161 3406 5228 quam
3444 5145 3542 5228 d9-

1939 5221 2111 5277 ctrina
2140 5219 2386 5276 sanctiss.
2427 5217 2601 5274 Patris
2634 5217 2807 5274 nostri
2845 5217 3144 5288 Benedicti,
3183 5216 3296 5288 qui,
3333 5216 3540 5288 descri-

1939 5299 2029 5364 pta
2058 5289 2449 5364 etpraescripta
2471 5289 2790 5364 monasticis
2808 5287 3132 5364 obedientiae
3145 5286 3371 5364 norma,
3396 5286 3532 5344 nihil

1976 5363 2088 5420 rius
2115 5357 2305 5434 habuit
2319 5357 2498 5434 quam
2533 5367 2595 5434 ut
2629 5357 2926 5434 discipulos
2963 5373 3114 5434 stips,
3143 5357 3197 5414 id
3217 5366 3318 5424 est,
3349 5373 3540 5416 coeno-

1976 5379 2088 5420 1⁵1118
2117 5379 2305 5418 nam"!
2331 5379 2498 5434 quam
2533 5379 2595 5416 ιιι
2629 5379 2926 5430 ωκιρωοε
2963 5379 3114 5423 SUOS.
3143 5379 3197 5414 ια
3217 5379 3318 5424 εει,
3349 5379 3536 5416 οωιιο-

1933 5379 2107 5501 Βίης,
2135 5433 2202 5489 ad
2227 5430 2615 5489 taciturnitatis
2632 5437 2687 5485 et
2704 5427 2897 5486 silentii
2925 5428 3173 5501 studium,
3209 5437 3264 5486 et
3287 5445 3536 5488 morem

1940 5499 2215 5570 invitaret,
2259 5502 2333 5559 ita
2376 5501 2675 5558 exhortans
2701 5501 2927 5573 (Cap._u
2951 5499 3220 5573 Regula):
3261 5503 3536 5560 Faciamus

1938 5575 2084 5646 quod
2107 5576 2191 5628 ait
2206 5575 2504 5646 propheta:
2525 5573 2674 5636 Dici,
2703 5571 3002 5646 custodiam
3016 5574 3137 5646 vias
3159 5571 3324 5638 meas,
3344 5579 3408 5630 ut
3432 5590 3541 5632 non

1937 5645 2250 5719 delinquam
2276 5646 2354 5719 in_
2379 5645 2568 5719 lingua
2593 5659 2735 5699 mea.
2768 5645 2931 5700 Posui
2960 5645 3046 5719 ori
3071 5646 3536 5719 meo_custodiam_;

1937 5716 2198 5786 obmutui,
2245 5719 2298 5772 et
2333 5716 2652 5772 humiliatus
2690 5729 2831 5778 sum.
2872 5719 2924 5772 et
2967 5717 3099 5771 silui
3121 5733 3156 5770 a
3185 5717 3332 5773 bonis
3371 5717 3531 5781 (Psal.

1937 5789 2230 5860 xxxvm).
2271 5789 2369 5844 Hic
2401 5786 2636 5843 ostendit
2669 5787 2974 5860 Propheta,
2997 5788 3050 5842 si
3071 5804 3106 5842 a
3136 5789 3284 5845 bonis
3315 5787 3538 5860 eloquiis

1938 5854 2209 5916 interdum
2223 5854 2878 5931 proptertacittu'nitatem
2886 5857 3040 5915 debet
3051 5863 3221 5914 tacere
3231 5854 3536 5918 monachus,

1915 5971 1943 5978 ..-
