4040 6206
504 308 605 361 967

1585 298 1864 356 JOANNIS
1899 298 2202 356 CASSIANI
2240 298 2726 356 COLLATIONES.

3717 304 3821 361 968

503 442 783 486 summum
814 424 894 483 ori
932 433 1029 481 tuo
1077 423 1375 481 silentium.
1429 421 1536 477 Hic
1577 431 1661 478 est
1708 422 1857 478 enim
1899 422 2111 495 primus
2137 427 2193 490 Α
2220 438 2368 480 cesse
2396 431 2480 480 est
2504 432 2568 479 ut
2607 423 2728 481 aliis
2767 439 2987 496 quoque
3017 432 3075 481 et
3108 424 3347 482 maxime
3383 425 3655 499 superbiae
3681 424 3828 486 vitiis

505 520 801 593 disciplina:
846 518 1066 575 actualis
1119 518 1439 590 ingressus:
1485 515 1669 572 Omnis
1710 515 1913 589 quippe
1954 517 2105 572 labor

506 616 731 671 hominis
758 615 819 668 in
855 628 942 667 ore
971 614 1139 682 ipsius
1167 611 1389 680 (Eccles.
1418 608 1532 683 v1);
1561 615 1618 667 et
1648 618 1708 666 ut
1744 607 1995 665 omnium
2021 622 2105 667 se-

505 707 725 764 niorum
760 705 1004 761 instituta
1050 712 1213 777 atque
1254 703 1556 761 sententias
1598 704 1808 761 intento
1855 701 2021 760 corde
2057 709 2113 758 et

505 799 661 873 quasi
707 805 862 854 muto
908 812 1005 854 ore
1046 796 1343 870 suscipias;
1387 811 1450 853 ac
1478 796 1765 870 diligenter
1800 794 1859 852 in
1895 802 2113 869 pectore

503 900 601 950 tuo
643 890 907 961 condens,
951 889 1018 947 ad
1049 888 1375 963 perficienda
1411 904 1473 946 ea
1512 890 1691 963 potius
1719 905 1885 963 quam
1922 888 1991 946 ad
2022 888 2113 946 do-

506 986 676 1045 cenda
714 984 956 1044 festines.
1005 962 1087 1042 Es
1126 962 1231 1040 hdc
1259 984 1407 1042 enim
1455 962 1772 1041 cenodoxia:
1811 982 2111 1056 perniciosa

504 1080 881 1157 praesumptio,
924 1095 988 1136 ex
1018 1078 1111 1134 illo
1135 1086 1321 1136 autem
1354 1077 1567 1135 fructus
1592 1076 1844 1149 spiritalis
1869 1076 2111 1134 scientiae

505 1175 871 1250 pullulabunt.
897 1173 1045 1229 Nihil
1084 1172 1262 1244 itaque
1288 1171 1347 1226 in
1372 1170 1663 1228 collatione
1691 1170 1969 1227 seniorum
1993 1187 2109 1243 pro-

507 1270 645 1325 ferre
668 1267 888 1334 audeas,
934 1265 1036 1321 nisi
1079 1264 1227 1337 quod
1254 1265 1587 1338 interrogare
1623 1271 1678 1322 te
1713 1271 1811 1320 aut
1839 1265 2109 1337 ignoratio

503 1361 780 1425 nocitura,
806 1368 900 1415 aut
943 1358 1078 1415 ratio
1106 1358 1426 1414 necessaria:
1461 1357 1790 1430 cognitionis
1815 1356 2106 1430 impulerit,

504 1463 567 1510 ut
593 1452 813 1526 quidam
846 1466 997 1508 vanae
1036 1450 1225 1523 gloriae
1266 1464 1456 1506 amore
1483 1449 1720 1519 distenti,
1748 1465 1847 1521 pro
1873 1458 2111 1507 ostenta-

506 1548 653 1605 tione
698 1544 982 1614 doctrinae,
1009 1559 1075 1600 ea
1118 1558 1242 1616 qua:
1290 1542 1494 1616 optime
1541 1551 1748 1599 norunt
1777 1544 2110 1616 interrogare

504 1657 563 1699 se
584 1640 862 1698 simulant.
897 1637 1241 1710 Impossibile
1265 1627 1415 1693 enim
1441 1644 1522 1692 est
1546 1652 1675 1693 eum
1699 1637 1791 1709 qui
1827 1638 2106 1710 proposito

504 1734 850 1810 acquirendae
870 1732 1046 1790 laudis
1083 1730 1365 1801 humanae,
1393 1730 1578 1787 studio
1606 1731 1849 1788 lectionis
1887 1732 2099 1801 insistit,

2209 516 2502 591 obligetur,
2527 525 2582 573 et
2618 517 2695 574 ita
2728 517 2791 573 in
2820 516 3019 574 actuali
3052 524 3215 590 atque
3243 516 3420 574 ethica
3445 519 3828 593 congressione

2213 616 2540 681 prostratus,
2579 608 2861 667 scientiam
2895 610 3190 682 spiritalem
3232 625 3356 682 qua:
3381 625 3448 667 ex
3484 625 3551 668 ea
3584 612 3826 671 nascitur

2219 701 2449 759 minime
2485 708 2866 777 consequetur.
2905 706 3035 760 Esto
3068 718 3197 776 ergo
3236 719 3332 774 per
3360 704 3547 759 omnia
3578 707 3718 762 citus
3752 707 3825 764 ad

2219 795 2571 864 audiendum,
2601 796 2791 852 tardus
2819 794 3001 851 autem
3032 795 3107 850 ad
3145 796 3472 867 loquendum
3502 797 3631 867 (Jac.
3658 801 3723 868 ι),
3752 813 3823 855 ne

2220 887 2379 944 cadat
2400 886 2457 944 in
2484 894 2537 945 te
2561 887 2697 944 illud
2722 886 2873 960 quod
2901 895 3123 944 notatur
3149 903 3181 943 a
3206 887 3500 944 Salomone
3523 907 3541 943 :
3581 891 3606 920 ³
3651 891 3714 946 Si
3746 892 3827 945 vi-

2220 982 2363 1037 deris
2399 985 2580 1038 virum
2601 983 2823 1038 velocem
2854 984 2913 1037 in
2938 982 3135 1046 verbis,
3173 983 3309 1037 scito
3332 984 3462 1052 quia
3484 998 3635 1053 spem
3665 984 3829 1040 habet

2219 1079 2480 1148 insipiens
2504 1078 2681 1147 magis
2707 1091 2870 1148 quam
2920 1077 3012 1133 ille
3036 1076 3211 1151 (Prov.
3242 1081 3427 1143 xxxx).
3472 1079 3586 1134 Nec
3629 1094 3830 1151 quem-

2217 1186 2384 1244 quam
2419 1169 2599 1227 verbis
2628 1169 2821 1227 docere
2844 1184 3167 1243 prmsumas,
3191 1169 3342 1242 quod
3370 1185 3531 1242 opere
3559 1180 3689 1228 ante
3710 1187 3830 1230 non
3912 1192 3913 1195 η

2218 1262 2435 1320 feceris.
2462 1264 2626 1320 Hunc
2643 1262 2788 1319 enim
2810 1278 2915 1320 nos
2931 1262 3182 1321 ordinem
3206 1270 3391 1318 tenere
3414 1261 3637 1332 debere,
3659 1264 3825 1323 etiam

2218 1358 2482 1431 exemplis
2512 1358 2624 1415 suis
2650 1356 2924 1415 Dominus
2959 1364 3144 1414 noster
3188 1356 3442 1425 instituit,
3495 1356 3567 1413 de
3608 1373 3721 1431 quo
3754 1358 3822 1415 ita

2218 1451 2416 1508 dicitur
2448 1470 2461 1505 :
2495 1452 2624 1520 Qua
2649 1454 2805 1522 capit
2825 1455 2976 1508 Jesus
3002 1452 3183 1519 facere
3219 1455 3270 1506 et
3296 1451 3484 1506 docere
3511 1450 3717 1522 (Actor.
3760 1453 3820 1524 ι).

2219 1546 2363 1602 Cave
2390 1559 2521 1617 ergo
2546 1530 2618 1601 ne
2638 1551 2765 1602 ante
2786 1553 2973 1601 actum
2994 1544 3279 1617 prosiliens
3304 1543 3377 1600 ad
3401 1543 3731 1613 docendum,
3768 1546 3823 1602 in

2218 1636 2437 1693 illorum
2486 1652 2717 1695 numero
2757 1637 3053 1711 deputeris,
3083 1636 3153 1694 de
3188 1637 3392 1711 quibus
3420 1638 3474 1693 in
3518 1637 3821 1711 Evangelio

2220 1733 2494 1789 Dominus
2521 1732 2594 1789 ad
2633 1731 2925 1804 discipulos
2958 1747 3090 1789 suos
3128 1731 3406 1805 loquitur:
3458 1733 3582 1800 Qua:
3629 1733 3821 1789 dicunt

504 1830 715 1887 donum
738 1842 879 1885 vera:
907 1826 1146 1884 scientiae
1170 1825 1493 1899 promereri.
1543 1827 1685 1881 Nam
1726 1825 1816 1898 qui
1847 1824 1949 1882 hac
1975 1842 2102 1898 pas-
2139 1847 2186 1910 Β
2215 1826 2360 1882 vobis
2386 1831 2594 1883 servate
2620 1831 2671 1882 et
2688 1829 2875 1895 facite,
2896 1828 3185 1884 secundum
3207 1844 3370 1899 opera
3384 1843 3509 1883 vero
3522 1843 3707 1884 eorum
3724 1844 3822 1884 no-

504 1925 657 1982 sione
697 1923 941 1981 devictus
987 1924 1161 2002 [Lips
1208 1923 1266 1976 in
1307 1937 1482 1990 marg.
1514 1917 1814 1987 devinctus]
1849 1927 1953 1987 est,
2003 1936 2104 1976 ne-

2213 1922 2307 1976 lite
2329 1923 2508 1990 facere
2525 1941 2541 1977 :
2569 1922 2757 1978 dicunt
2774 1925 2918 1979 enim
2936 1928 3107 1980 etnon
3121 1924 3359 1991 faciunt.
3385 1924 3626 1995 Alligant
3639 1928 3819 1980 autem

1602 2088 1856 2143 ALARDl
1896 2088 2121 2144 GAZzEl
2162 2088 2724 2148 COMMENTARIUS.

503 2254 705 2320 quanto
733 2250 900 2316 magis
937 2264 972 2320 ᾳ
1006 2247 1163 2301 malis
1199 2247 1374 2320 verbis
1406 2249 1629 2316 propter
1660 2262 1878 2316 poenam
1898 2250 2110 2319 peccati

502 2316 655 2375 debet
681 2320 915 2374 cessare!
945 2318 1009 2371 In
1036 2331 1159 2388 qua:
1198 2316 1359 2388 verba
1389 2324 1769 2388 commentans
1808 2316 2104 2374 Turrecre-

501 2396 703 2469 matns,
733 2389 921 2469 decem
946 2385 1189 2469 rationes
1216 2385 1379 2469 affert
1405 2386 1477 2443 ob
1509 2401 1645 2469 quas
1665 2387 1881 2469 silentii
1895 2396 1949 2444 et
1975 2389 2108 2469 taci-

500 2459 780 2517 turnitatis
819 2458 1050 2532 gravitas
1085 2456 1353 2529 religiosis
1381 2456 1653 2532 praecipue
1679 2458 1917 2532 amanda
1949 2459 2041 2532 sit,
2075 2475 2107 2516 e

500 2532 698 2604 quibus
738 2528 972 2603 quatuor
1006 2528 1293 2604 dumtaxat
1344 2528 1649 2602 praecipuus
1703 2536 1756 2585 et
1801 2528 1929 2585 huic
1986 2530 2105 2585 loco

503 2599 668 2675 quem
714 2599 1011 2675 tractamus
1065 2599 1310 2675 maxime
1349 2599 1787 2675 consentaneas
1819 2607 2108 2675 annotasse

502 2671 822 2731 suffecerit:
851 2674 1049 2736 Primo,
1075 2671 1268 2743 inquit,
1295 2673 1426 2742 quia
1451 2686 1549 2742 per
1576 2672 1747 2743 illam
1765 2672 1918 2726 homo
1942 2674 2110 2727 evitat

501 2747 674 2801 multa
686 2748 930 2817 peccata,
948 2759 1070 2815 qua:
1090 2742 1161 2798 ea
1177 2744 1501 2817 loquacitate
1523 2742 1664 2797 oriri
1673 2742 1954 2817 solent._Et
1974 2744 2110 2817 lianc

503 2814 717 2873 causam
743 2814 961 2872 inducit
991 2817 1047 2873 S.
1084 2817 1246 2871 Pater
1282 2814 1617 2876 Benedictus,
1657 2829 1777 2868 cum
1819 2815 1932 2868 ait:
1974 2814 2111 2880 Quia

502 2890 759 2957 scriptum
794 2893 913 2942 est:
952 2890 1014 2942 In
1057 2886 1393 2957 multiloquio
1439 2900 1546 2957 non
1573 2884 1796 2957 effugies
1835 2888 2109 2957 peccatum

504 2953 673 3025 (Prdv.
700 2958 781 3027 χ).
814 2959 1077 3027 Climacus
1099 2958 1155 3027 in
1176 2953 1317 3027 libro
1332 2955 1399 3008 de
1424 2954 1581 3027 Scala
1598 2953 1912 3027 Spirituali,
1934 2954 2109 3027 gradu

506 3022 525 3079 ἰ
544 3032 588 3086 1,
610 3029 707 3094 qui
723 3022 801 3079 est
815 3026 881 3078 de
906 3026 1257 3093 loquacitate:
1283 3025 1627 3094 Loquacitas,
1649 3022 1845 3093 inquit,
1862 3028 1941 3078 est
1960 3026 2109 3093 igno-

503 3098 695 3147 rantiae
722 3098 922 3148 certum
939 3096 1333 3162 argumentum,
1358 3093 1701 3146 detractionis
1720 3093 1917 3162 janua,
1952 3109 2107 3150 scur-

500 3165 725 3217 rilitatis
742 3163 880 3225 dua',
894 3161 1166 3216 mendacii
1177 3163 1386 3231 opifex,
1400 3161 1816 3233 compunctiOnis
1826 3164 2102 3230 desolatio,

501 3234 699 3289 acedia
712 3237 896 3288 auctor
908 3234 1017 3287 sive
1036 3234 1326 3295 evocatrim,
1353 3236 1526 3287 somni
1539 3248 1862 3303 prwcursor,
1886 3239 2106 3292 intenta

498 3307 727 3374 ﬁxaeque
752 3305 1098 3373 cogitationis
1114 3302 1397 3374 dissipatio
1423 3304 1677 3360 custodite
1706 3308 2102 3373 exterminatio,

503 3380 553 3431 et
576 3373 692 3430 ideo
724 3376 849 3430 bene
870 3376 1072 3429 dicitur
1098 3373 1463 3429 Ecclesiastici
1485 3389 1523 3430 χ
1553 3392 1567 3430 :
1594 3376 1699 3442 Qui
1720 3377 1904 3432 multis
1928 3380 2105 3433 utitur

499 3448 694 3509 verbis,
706 3447 858 3502 ladit
874 3448 1111 3501 animam
1122 3460 1296 3499 suam.
1310 3446 1612 3501 Secundum
1629 3462 1809 3510 causa,
1831 3450 1961 3518 quia
1980 3452 2104 3504 taci-

502 3520 739 3572 turnitas
754 3518 991 3589 multum
1005 3518 1243 3572 convenit
1251 3518 1429 3589 statui
1440 3521 1490 3571 et
1504 3518 1802 3572 conditioni
1819 3519 2051 3589 discipul

2050 3536 2102 3575 ο-
2131 3565 2172 3592 η
2212 3530 2624 3592 rogaretur,cur
2646 3528 2942 3582 tamdiuad

2218 2249 2330 2323 div.
2365 2252 2717 2320 Hieronyme
2741 2252 2801 2323 in
2828 2252 2984 2321 epist.
3013 2251 3089 2323 ad
3105 2251 3454 2307 Eustochium
3487 2251 3686 2321 (Epist.
3707 2252 3814 2323 22).

2216 2322 2494 2393 [jactenus
2526 2320 2809 2393 sententiae
2832 2320 2887 2376 et
2919 2321 3163 2393 rationes
3185 2337 3216 2376 a
3246 2320 3665 2393 Turrecreniato
3685 2320 3819 2393 pro—

2213 2389 2395 2464 ducta:
2423 2389 2490 2446 de
2528 2390 2745 2464 silentio
2774 2391 3193 2464 monachorum.
3231 2393 3356 2447 Jam
3386 2391 3537 2464 utad
3566 2389 3818 2464 esempla

2217 2462 2444 2534 Patrum
2472 2462 2783 2534 veniamus,
2815 2462 2915 2534 qui
2949 2462 3231 2534 silentium
3262 2463 3560 2519 arctissime
3596 2462 3660 2534 in
3682 2462 3821 2534 reli-

2215 2530 2517 2613 giosa_vi_ta_
2532 2532 2804 2613 eremitiga
2828 2530 2921 2613 fvel
2945 2533 3267 2613 cqepobitica
3304 2532 3818 2613 coluerunttbabes

2216 2602 2486 2676 imprimis
2503 2603 2558 2676 in
2581 2603 2721 2660 Vitis
2746 2607 2975 2676 Patrum,
2995 2604 3319 2676 discipulum
3348 2607 3403 2660 S.
3434 2605 3654 2676 Antonii
3683 2607 3819 2661 Pau-

2216 2672 2331 2730 lum
2357 2673 2690 2748 Simplicem,
2712 2675 2819 2745 qui,
2843 2675 2914 2731 ob
2943 2672 3148 2748 linguai
3160 2675 3407 2748 lapsum,
3426 2675 3560 2747 quia
3584 2676 3817 2748 quasi?

2216 2753 2303 2818 r_a_t
2341 2744 2491 2818 num'
2518 2744 2762 2818 Christus
2788 2744 2945 2818 ante
2968 2744 3260 2818 prophetas
3286 2744 3550 2818 ﬁxisset,
3576 2744 3815 2818 triennii

2213 2815 2496 2888 silentium
2531 2815 2611 2871 ori
2639 2831 2749 2888 (suo
2784 2815 3002 2885 indixit;
3045 2815 3101 2875 et
3141 2815 3490 2888 Agathonem
3537 2816 3814 2888 abbatem,

2215 2886 2305 2955 qui
2335 2885 2516 2958 lapillo
2567 2886 2649 2942 ori
2693 2887 2948 2958 imposito
2978 2895 3155 2943 tacere
3179 2885 3401 2958 didicit,
3446 2895 3503 2943 et
3532 2887 3603 2943 ad
3642 2885 3816 2946 annos

2216 2962 2327 3011 tres
2339 2957 2503 3012 siluit.
2524 2958 2722 3013 Pambo
2738 2957 2820 3012 vel
2839 2957 3284 3026 Pambus‘abbas,
3301 2966 3363 3014 ut
3385 2968 3469 3014 est
3492 2958 3548 3013 in
3571 2960 3814 3017 Historia

2218 3026 2515 3101 Tripartita
2543 3029 2683 3100 (Lib.
2709 3044 2822 3101 vui
2835 3046 2880 3084 c.
2906 3031 2978 3101 1),
2999 3045 3117 3085 cum
3134 3032 3250 3085 sine
3267 3030 3473 3085 litteris
3490 3036 3643 3099 esset,
3659 3046 3817 3087 acces~

2216 3100 2287 3153 sit
2306 3100 2382 3153 ad
2405 3101 2690 3169 quemdam
2706 3105 2769 3156 ut
2787 3100 3057 3156 doceretur
3068 3101 3360 3171 psalmum.
3382 3104 3594 3158 Etcum
3627 3103 3812 3157 audis-

2215 3174 2293 3223 set
2312 3173 2552 3243 primum
2581 3187 2790 3227 versum
2807 3173 3015 3243 psalmi
3030 3174 3299 3241 trigesimi
3322 3176 3531 3228 octavi:
3560 3175 3715 3239 Diri,
3739 3189 3818 3229 cu-

2214 3240 2447 3296 stodiam
2474 3245 2592 3298 vias
2621 3259 2783 3310 meas,
2806 3240 2870 3299 ut
2891 3258 2997 3299 non
3020 3243 3336 3312 delinquam
3366 3247 3424 3298 in
3455 3245 3646 3313 lingua
3678 3259 3811 3308 mea,

2212 3312 2502 3367 secundum
2536 3329 2749 3370 versum
2780 3330 2887 3370 non
2922 3328 3116 3386 passus
3150 3319 3227 3369 est
3259 3316 3473 3379 audire,
3501 3312 3686 3370 dicens
3713 3335 3731 3369 :
3758 3317 3820 3373 Si

2206 3387 2431 3456 potuero
2456 3399 2609 3454 opere
2631 3386 2724 3440 hoc
2737 3387 2978 3456 implere,
3000 3386 3085 3439 hic
3103 3400 3281 3441 versus
3297 3386 3665 3442 tantummodo
3682 3388 3823 3441 mihi

2210 3455 2449 3521 sufﬁciet.
2474 3456 2644 3511 Multo
2659 3455 2849 3511 deinde
2862 3461 3092 3527 tempore
3098 3460 3224 3528 post
3237 3472 3498 3521 reversus,
3517 3473 3641 3512 cum
3657 3460 3820 3514 inter-

2958 3529 3286 3597 magistrum
3298 3529 3477 3584 redire
3487 3529 3815 3593 distulisset,

500 3565 1122 3668 {aeviaeui
1135 3565 1526 3668 ὗέἱιὶξτίεῖὲῇέοέίξ
1535 3565 2101 3668 ᾆὶᾇξὲτῖὲξνξξὶἆὲῗτῖᾇ-
2130 3565 2174 3630 C
2212 3565 3819 3668 maiae:ugga‘aatmwzazzaatfzmz

500 3665 615 3714 tum
657 3662 901 3714 continue
931 3674 987 3715 se
1014 3662 1282 3713 exercent.
1319 3660 1453 3715 Nam
1498 3663 1560 3712 ut
1589 3658 1722 3712 dicit
1761 3661 2021 3717 Sidonius
2045 3665 2103 3717 in

499 3733 657 3802 epist.
700 3737 791 3798 21,
829 3730 1184 3802 Pythagoras,
1202 3730 1603 3802 advenientibus
1639 3728 1919 3802 discipulis
1944 3734 2103 3802 prius

499 3790 694 3871 lEgitur
721 3790 936 3856 tacendi
949 3790 1277 3871 patientiam
1304 3813 1471 3869 quam
1490 3790 1759 3868 loquendi
1772 3790 2102 3857 monstrasse

498 3873 814 3928 doctrinam.
851 3874 922 3927 Et
941 3877 1001 3926 ut
1018 3874 1100 3926 ait
1116 3873 1472 3940 Hieronymus
1496 3872 1554 3923 in
1571 3872 1726 3940 epist.
1754 3871 1829 3925 ad
1855 3874 2101 3941 Nepotia-

498 3959 627 3999 num
649 3963 665 3998 :
686 3946 1038 4013 Hippocrates
1057 3942 1340 4011 adjuravit
1367 3941 1681 4010 discipulos,
1704 3944 1997 4011 antequam
2015 3959 2100 3999 eos

497 4015 725 4081 doceret,
748 4012 803 4069 et
821 4016 879 4068 in
895 4013 1057 4068 verba
1083 4027 1184 4068 sua
1201 4013 1400 4081 jurare
1430 4013 1706 4081 compulit,
1733 4016 1783 4067 et
1791 4012 2102 4082 juramenti

495 4087 723 4144 emtorsit
1060 4086 1131 4140 Et
1149 4083 1284 4137 hanc
1299 4085 1559 4138 rationem
1589 4082 1799 4140 inducit
1819 4085 1879 4139 B.
1906 4087 1968 4141 P.
1996 4089 2100 4141 Be-

493 4158 737 4215 nedictus
761 4157 971 4213 dicens:
1000 4157 1137 4213 Nam
1169 4155 1318 4224 loqui
1335 4159 1387 4210 et
1410 4154 1594 4209 docere
1619 4156 1944 4225 magistrum
1971 4172 2097 4212 con-

494 4232 658 4290 decet.
685 4233 854 4284 tacere
873 4232 924 4282 et
945 4227 1138 4282 audire
1155 4226 1415 4295 discipulo
1445 4228 1706 4281 convenit.
1733 4229 1913 4283 Tertia
1933 4229 2094 4296 ratio,

495 4301 624 4370 quia
638 4300 731 4353 hoc
748 4312 1025 4369 exposcere
1043 4296 1265 4370 videtur
1280 4299 1460 4366 ipsum
1474 4298 1712 4370 religiosi
1722 4312 1930 4370 nomen,
1952 4299 2098 4370 quod

495 4315 624 4370 quia
638 4314 731 4353 nec
748 4314 1025 4369 exposcere
1043 4314 1258 4351 videtur
1280 4314 1460 4366 ipsum
1474 4314 1709 4365 rettngt
1722 4314 1930 4362 nomen,
1991 4314 2087 4354 uoa

494 4387 529 4424 a
542 4369 819 4441 religando
1113 4368 1308 4429 tremit,
1329 4371 1467 4441 teste
1479 4367 1937 4441 beatoiAugustino
1952 4314 2087 4441 gLib.

497 4441 563 4493 de
602 4440 746 4509 Vera
776 4439 1041 4509 Religione
1061 4451 1179 4509 cap,
1219 4442 1311 4502 55,
1351 4437 1543 4509 ethlib.
1574 4452 1598 4491 1
1618 4440 1852 4509 Retract.
1886 4455 1931 4495 c.
1961 4437 2092 4509 '13),

496 4512 558 4564 ut
570 4507 713 4563 illud
726 4508 787 4560 in
800 4507 993 4579 primis
1012 4505 1316 4579 membrum
1339 4506 1572 4579 religare
1582 4508 1802 4564 studeas
1817 4510 1959 4579 quod
1974 4505 2096 4566 reli-

496 4582 709 4650 gatione
728 4575 965 4631 maxime
985 4590 1116 4701 opus
1138 4575 1317 4657 habet,
1338 4591 1523 4659 nempe
1537 4578 1797 4646 linguam.
1824 4575 1973 4636 Unde
1996 4582 2095 4665 sq.

496 4655 642 4701 niens
660 4652 868 4701 monet:
894 4649 1003 4701 Ver
1044 4662 1088 4701 ιε
1107 4650 1217 4701 tuis
1238 4647 1404 4701 facito
1415 4651 1696 4701 stateram.
1720 4654 1771 4701 et
1787 4651 1966 4701 frenos
1985 4667 2093 4701 om

485 4647 642 4723 piens
660 4652 868 4705 monet:
894 4647 1088 4723 Verbis
1107 4647 1696 4723 tuis_facito_stateram,
1720 4654 1771 4704 et
1783 4651 1966 4717 frenos
1985 4655 2093 4709 oris

491 4718 577 4780 tui
590 4727 777 4780 rectos.
809 4724 881 4778 Et
915 4719 1354 4789 religiosissimus
1392 4718 1569 4789 David
1608 4724 1760 4775 orat:
1793 4724 1951 4789 Pone,
1983 4727 2093 4780 Do-

490 4799 651 4860 mine,
678 4792 977 4851 custodiam
1004 4788 1090 4846 ori
1116 4804 1227 4846 meo
1253 4788 1421 4861 (Psal.
1447 4788 1573 4861 cv),
1610 4797 1716 4847 etc.
1747 4788 1941 4849 Beatus
1972 4810 2095 4851 vero

486 4868 706 4922 Iacobus
729 4864 1143 4935 peremptoriam
1159 4864 1271 4932 fert
1294 4863 1609 4935 sententiam
1633 4881 1657 4935 τί
1678 4864 1741 4920 Si
1768 4866 1891 4934 quis
1913 4870 2096 4921 autem

2212 3666 2360 3741 nius,
2386 3673 2524 3720 teste
2540 3666 2781 3741 Palladio
2803 3668 3077 3741 (Lausiac.
3098 3666 3224 3737 748),
3247 3678 3400 3741 pater
3420 3677 3505 3741 ter
3521 3670 3681 3725 mille
3703 3684 3821 3726 mo-

2208 3734 2510 3807 nachorum
2538 3734 2999 3807 Tabennensium,
3028 3734 3398 3796 tantum'cum
3424 3739 3532 3793 illis
3554 3741 3828 3797 exercuit

2209 3804 2511 3881 silentium,
2541 3815 2603 3862 ut
2639 3804 3090 3867 viderenturesse
3118 3809 3174 3873 in
3196 3807 3499 3881 solitudine,
3533 3823 3819 3881 unoquo-

2208 3890 2314 3946 que
2342 3877 2548 3951 occulte
2572 3888 2863 3951 peragente
2882 3895 3042 3936 suum
3065 3881 3183 3951 vita:
3201 3877 3825 3951 institutumiheénas

2209 3960 2427 4022 quoque
2454 3947 2641 4022 abbas,
2666 3947 2803 4022 teste
2834 3951 3028 4008 eodem
3057 3950 3319 4022 (Lausiac.
3348 3955 3460 4022 59),
3477 3948 3561 4005 vir
3578 3958 3826 4009 sanctus

2209 4016 2270 4098 in
2292 4016 2637 4098 domuncula
2668 4020 2914 4098 inclusus
2941 4016 3193 4098 tempore
3234 4021 3493 4098 tringinta
3528 4036 3819 4098 annorum

2206 4087 2489 4167 silentium
2524 4091 2784 4167 exercuit:
2824 4087 3078 4167 Joannes
3092 4087 3428 4167 Silentiari'us
3462 4108 3530 4149 ex
3552 4092 3817 4167 episcopo

2208 4159 2506 4237 solitarius,
2548 4169 2686 4219 teste
2742 4162 2945 4236 Cyrillo
2967 4162 3260 4237 monacho
3303 4164 3425 4237 ejus
3464 4159 3814 4237 syncbron'o,

2208 4237 2358 4304 totos
2383 4236 2452 4287 47
2496 4248 2667 4290 annos
2696 4233 2866 4304 usque
2912 4233 2984 4291 ad
3030 4245 3234 4290 annum
3267 4233 3446 4292 aziatis
3492 4233 3597 4291 ioc
3635 4235 3813 4293 siluit.

2205 4302 2439 4379 Severus
2460 4303 2738 4379 Sulpitius,
2761 4302 2985 4379 auctore
3005 4307 3070 4361 B.
3099 4305 3442 4379 Hieronymo
3466 4306 3521 4361 in
3548 4305 3817 4378 Catalogo

2208 4371 2519 4448 illustrium
2536 4371 2802 4448 virorum,
2830 4394 2868 4432 a
2897 4378 3206 4446 Pelagianis
3223 4371 3495 4447 deceptus,
3521 4371 3819 4448 agnoscer

2207 4444 2546 4512 loquacitatis
2559 4444 2789 4516 culpam,
2808 4444 3081 4503 silentium
3092 4463 3260 4517 usque
3273 4444 3587 4503 admortem
3609 4451 3817 4518 tenuit,

2204 4518 2269 4589 ut
2286 4520 2563 4589 peccatum
2583 4518 2729 4586 quod
2756 4518 3014 4589 loquendo
3030 4523 3376 4577 cmztraaerat
3404 4520 3627 4574 tacendo
3640 4521 3819 4588 pmi-

2207 4588 2293 4661 _tus
2318 4586 2643 4661 emendaret.
2671 4586 2997 4661 S.__'l‘homas
3021 4590 3266 4661 Aquinas
3285 4589 3484 4661 doctor
3511 4586 3820 4661 Angéligus

2205 4654 2262 4710 in
2303 4655 2665 4732 adolescentia
2702 4658 2976 4732 silentium
2999 4654 3280 4732 tan'tOpere
3324 4660 3510 4727 coluit,
3551 4654 3623 4732 ut'
3656 4656 3817 4716 alias

2202 4727 2536 4804 nptavimus,
2566 4737 2631 4804 ut
2649 4728 2793 4802 apud
2829 4727 3230 4804 condiscipulos
3252 4730 3416 4804 bovis
3438 4729 3565 4804 muti
3588 4742 3819 4804 nomen

2205 4796 2804 4875 obtinuerit.‘_Albeijtus
2831 4817 2958 4875 vero
2985 4796 3218 4875 Magnus
3239 4818 3368 4875 cum
3400 4802 3457 4858 in
3485 4799 3819 4875 disputatio-

2204 4868 2365 4947 nibus
2390 4871 2647 4929 eximium
2664 4872 2780 4944 ejus
2802 4868 3135 4947 explorasse;
3156 4868 3818 4947 ingenium,pdepreb_en-

480 4940 644 5015 putat
660 4950 715 5015 s_e
731 4933 1048 5003 religidsum
1067 4949 1176 4990 esse
1194 4948 1309 5015 non
1330 4933 1885 5015 refrenans‘linguam
1895 4952 2091 5015 suam,
2123 4940 2175 5006 Ι)
2204 4938 2461 5015 deretque
2518 4933 2781 5015 quorsum
2820 4933 3066 5002 tenderet
3116 4933 3265 5002 istud
3308 4933 3589 5003 silentium
3620 4967 3633 4999 :
3674 4944 3821 5009 Bas,

486 5004 581 5081 sed
602 5005 851 5081 seducens
879 5019 969 5081 cor
986 5019 1162 5081 suum,
1190 5004 1349 5081 liujus
1379 5009 1633 5081 vanaest
1652 5008 1843 5077 religio
1866 5008 1992 5078 (Jac.
2024 5004 2090 5081 1)}

487 5080 625 5136 Hinc
647 5077 875 5134 Arsenio
895 5075 969 5131 ad
989 5076 1373 5145 perfectionem
1401 5080 1453 5132 et
1472 5075 1964 5146 religiosamvitam
1984 5075 2096 5136 ten-

487 5150 752 5207 dentivoa:
767 5147 836 5204 de
851 5147 974 5204 caelo
991 5148 1143 5215 facta
1164 5150 1241 5202 est
1254 5146 1431 5203 dicens
1450 5166 1466 5202 :
1486 5149 1707 5212 Arseni,
1724 5153 1875 5219 fuge,
1894 5155 1945 5206 et
1960 5156 2093 5216 tace,

485 5229 535 5279 et
561 5224 770 5295 quiesce
787 5222 871 5292 (In
897 5219 1329 5295 Vitisfatrupa).
1344 5220 1578 5295 Quarta,
1602 5222 1733 5295 quia
1751 5222 2094 5295 taciturnitas

483 5290 720 5351 maaime
728 5290 912 5363 juvat,
944 5295 994 5347 et
1021 5291 1262 5363 disponit
1287 5291 1360 5345 ad
1382 5290 1874 5363 contemplationem
1886 5294 1955 5363 Act
1983 5293 2089 5347 col-

485 5359 798 5422 locationem
818 5359 938 5419 cum
964 5366 1090 5418 Deo.
1106 5359 1498 5434 ’Clirnacusubi
1527 5375 1701 5434 supra
1728 5359 1941 5434 (Gradu
1970 5364 2052 5434 ιι)
2075 5385 2085 5419 :

481 5439 768 5493 Studiosus
804 5434 1011 5491 silentii
1041 5432 1337 5502 appropiat
1372 5433 1499 5496 Deo,
1538 5431 1749 5500 ipsique
1774 5431 1991 5502 jugiter
2034 5431 2092 5489 in

482 5508 792 5562 abscondito
806 5504 981 5562 cordis
990 5500 1247 5557 assistens
1264 5500 1582 5557 illustratur
1592 5502 1661 5556 ab
1672 5517 1749 5557 eo.
1774 5500 1964 5560 Thren.
1978 5520 2053 5562 ur
2071 5526 2087 5561 :

484 5579 690 5631 Bonum
715 5581 795 5631 est
815 5575 1128 5633 nrastolari
1143 5587 1266 5628 cum
1293 5572 1508 5627 silentio
1532 5573 1772 5630 salutare
1786 5578 1905 5632 Dei.
1927 5579 1998 5633 Et
2019 5593 2092 5632 se-

484 5648 706 5713 quitur:
736 5644 948 5699 Sedebit
973 5645 1272 5711 solitarius,
1293 5647 1359 5714 Aet
1390 5644 1605 5707 tacebit,
1641 5647 1775 5714 quia
1810 5647 2007 5701 levabit
2038 5663 2093 5703 se

482 5857 675 5926 cultor,
700 5866 959 5922 servisque
976 5850 1279 5912 monachus,
1293 5849 1355 5904 id
1363 5856 1463 5915 est,
1483 5849 1788 5924 solitarius,
1806 5862 1866 5913 ut
1883 5863 2091 5917 notavit

2203 5010 2395 5085 inquit,
2426 5015 2524 5069 iste
2534 5010 2703 5072 talem
2724 5015 3023 5085 aliquando
3048 5016 3169 5072 edet
3195 5033 3247 5071 m

2202 5082 2317 5152 ejus
2342 5088 2482 5141 totus
2505 5086 2650 5141 orbis
2672 5082 2952 5141 exaudiat.
2980 5088 3113 5142 Baio
3139 5085 3211 5142 de
3240 5082 3456 5143 silentio
3483 5082 3675 5140 cursim
3709 5098 3825 5142 an-

2202 5161 2389 5229 notata
2407 5154 2717 5229 sufﬁciant,
2726 5172 2859 5213 nam
2877 5156 2947 5214 ad
2965 5158 3069 5213 alia
3093 5157 3407 5229 explicanda
3424 5167 3824 5229 properamus.

3329 5018 3489 5083 itum,
3520 5019 3581 5069 ut
3610 5027 3825 5083 εοοιωη

2188 5270 2191 5273 .
2273 5234 2298 5259 δ
2321 5226 2546 5298 Vulgata
2581 5227 2792 5285 versio:
2836 5229 3045 5286 Vidisti
3079 5225 3344 5285 hantinem
3378 5225 3600 5285 velocem
3622 5225 3705 5298 ad
3734 5227 3830 5283 lo-

2202 5297 2509 5372 quendum?
2541 5300 2785 5355 stultitia
2811 5302 2984 5372 magis
3009 5300 3275 5372 speranda
3310 5304 3408 5369 est,
3446 5315 3611 5370 quam

2199 5368 2446 5444 correctio
2470 5366 2642 5444 (Prov.
2668 5373 2864 5444 xxix).
2892 5366 3003 5429 Ubi
3020 5366 3128 5444 div.
3156 5366 3531 5444 Hieronymus
3554 5370 3839 5444 apposite

2199 5436 2270 5493 ad
2293 5436 2440 5513 hunc
2470 5436 2687 5496 locum:
2724 5436 2896 5499 Grave
2929 5443 3148 5513 quidem
3175 5436 3383 5498 vitium'
3400 5436 3691 5513 smudié,_
3713 5443 3841 5498 sed

2199 5524 2309 5585 non
2325 5509 2581 5585 leviusest
2598 5508 2963 5570 verbositatis:
2977 5514 3538 5585 Ναωδωρεοοηείησίΐ
3546 5513 3608 5565 ιιι

2198 5581 2417 5657 aliquis,
2444 5586 2496 5657 et
2520 5584 2762 5657 ipsarum
2803 5601 3009 5657 quoque
3036 5581 3238 5642 inscius
3261 5581 3597 5652 litterarum,

2199 5652 2364 5729 verba
2383 5652 2689 5729 saluti/era:
2717 5652 3055 5714 correctionis
3072 5659 3306 5727 accipiat
3327 5672 3498 5729 quam
3519 5657 3569 5712 is
3602 5655 3715 5729 qui
3734 5657 3842 5724 αὖ

2199 5723 2426 5790 ﬂuentia
2441 5728 2711 5796 praeditus
2735 5731 3011 5794 sermonis,
3036 5723 3218 5799 magis
3241 5723 3358 5786 sud
3372 5744 3497 5801 qua
3518 5723 3697 5801 novit,
3716 5723 3845 5801 vel

2200 5808 2325 5877 quae
2348 5811 2409 5877 se
2424 5812 2574 5877 nosse
2594 5803 2868 5877 autumat,
2884 5802 3167 5877 jactanter
3185 5799 3441 5873 proferre
3456 5814 3619 5872 quam
3645 5799 3843 5854 dicta.

2198 5868 2524 5940 sapientium
2546 5870 2739 5927 audire
2762 5868 3053 5931 contendit.
