4040 6206
309 254 407 309 969

307 392 468 434 onera
482 378 671 446 gravia
684 378 736 431 et
759 375 1146 445 importabilia,
1173 379 1225 431 et
1238 374 1520 444 imponunt
1540 390 1604 430 ea
1621 389 1784 443 super
1805 374 1904 428 liu-
1932 376 1988 440 Α

310 485 480 527 meros
501 471 802 538 hominum;
832 471 943 539 ipsi
962 472 1143 525 autem
1169 468 1339 538 digito
1360 483 1457 524 suo
1478 468 1668 523 nolunt
1700 484 1763 524 ea
1783 482 1905 523 mo-

319 578 425 619 vere
444 562 659 629 (Matth.
684 565 848 628 XXII).
873 560 928 616 Si
946 559 1196 618 enimille
1215 570 1241 595 ⁸
1261 563 1360 630 qui
1383 576 1552 615 unum
1584 560 1907 615 mandatum

310 657 590 711 mmimum
614 655 819 712 solvens
833 655 1070 711 docuerit
1094 655 1172 711 sic
1191 654 1447 722 homines,
1478 655 1738 709 minimus
1755 668 1910 709 uoca-

310 748 461 804 bitur
481 750 542 803 in
568 764 728 818 regno
746 748 991 804 caelorum
1016 748 1236 816 (Matth.
1262 749 1360 817 v);
1388 748 1483 818 qui
1512 746 1683 803 multa
1706 753 1761 802 et
1783 761 1907 804 me-

306 841 432 914 jora
491 840 768 913 negligens
822 842 1023 898 docere
1067 839 1479 914 praesumpserit
1496 881 1513 909 ,
1571 853 1910 912 consequens

311 930 559 1007 proiecto
586 940 669 989 est
687 943 751 991 ut
771 933 891 1006 jam
915 949 1027 990 non
1058 935 1318 992 minimus
1345 935 1400 990 in
1427 949 1596 1007 regno
1619 933 1908 1002 caelorum,

316 1025 414 1085 sed
429 1025 485 1083 in
511 1027 773 1101 gehenna:
800 1027 1063 1101 supplicio
1083 1026 1359 1086 maximus
1384 1028 1666 1085 habeatur.
1694 1031 1765 1084 Et
1788 1026 1910 1084 ideo

313 1118 626 1177 cavendum
652 1120 752 1177 tibi
777 1130 862 1178 est
890 1137 960 1177 ne
988 1120 1214 1178 illorum
1247 1121 1316 1179 ad
1339 1120 1650 1179 docendum
1674 1120 1911 1177 incitaris

313 1212 609 1285 exemplis,
662 1214 757 1285 qui
823 1213 1074 1285 peritiam
1142 1213 1455 1286 disputandi
1503 1229 1569 1271 ac
1643 1212 1913 1270 sermonis

315 1305 660 1362 afﬂuentiam
697 1308 992 1377 consecuti,
1031 1306 1161 1379 quia
1188 1316 1419 1380 possunt
1451 1321 1514 1363 ea
1553 1320 1679 1379 qua:
1719 1305 1911 1362 volue-

310 1398 427 1456 rint
443 1407 631 1457 ornate
643 1400 973 1473 copioseque
995 1399 1287 1469 disserere,
1304 1399 1591 1457 scientiam
1607 1398 1911 1471 spiritalem

311 1492 590 1564 possidere
626 1493 923 1551 creduntur
943 1494 1013 1550 ab
1037 1493 1122 1550 his
1143 1494 1235 1566 qui
1262 1493 1369 1548 vim
1389 1491 1506 1565 ejus
1528 1500 1584 1550 et
1595 1492 1914 1565 qualitatem

312 1584 620 1643 discernere
646 1602 760 1644 non
789 1597 1077 1645 noverunt.
1111 1585 1275 1644 Aliud
1296 1600 1535 1657 namque
1561 1593 1644 1641 est
1683 1583 1914 1641 facilita-

309 1688 429 1736 tem
453 1680 564 1737 oris
586 1690 642 1737 et
662 1680 900 1739 nitorem
923 1682 1127 1740 habere
1166 1680 1458 1751 sermonis,
1497 1688 1554 1737 et
1577 1678 1727 1737 aliud
1755 1694 1916 1737 venas

1209 248 1546 306 COLLATIO
1584 249 1723 304 xw.
1760 277 1833 291 -
1868 248 1959 304 DE
1995 226 2332 305 smmum
2368 247 2700 304 εριΕΝΤιΑ.

3509 253 3614 308 9‘70

2633 370 2875 428 CAPUT
2914 372 2989 428 X.

2157 559 2233 612 De
2255 554 2705 625 apprehendendo
2734 568 2873 610 certe
2897 556 3132 612 scientia
3155 558 3464 631 disciplina.

2086 741 2483 802 Festinandum
2511 743 2680 817 igitur
2706 743 2808 801 tibi
2838 752 2939 815 est,
2983 745 3029 802 si
3055 746 3125 803 ad
3153 763 3337 805 veram
3373 714 3619 823 Scriptu-

2016 854 2205 895 rarum
2224 837 2515 895 scientiam
2538 836 2622 895 vis
2643 838 2942 911 pervenire,
2963 847 3028 896 ut
3046 839 3410 901 humilitatem
3433 845 3617 904 cordis

2018 932 2359 989 immobilem
2374 932 2632 1005 primitus
2650 933 3017 1004 consequaris,
3039 950 3164 1008 quae.
3181 942 3238 993 te
3250 953 3361 994 non
3378 938 3449 996 ad
3466 938 3617 997 illam

2019 1042 2142 1099 qua:
2165 1025 2342 1094 inﬂat,
2369 1025 2465 1083 sed
2492 1025 2563 1082 ad
2581 1040 2704 1082 eam
2727 1042 2855 1099 quae
2878 1026 3148 1085 illuminat
3174 1031 3456 1089 scientiam
3482 1033 3617 1091 cha-

2018 1119 2198 1177 ritatis
2226 1118 2701 1175 consummatione
2733 1118 3008 1190 perducat.
3027 1114 3056 1155 ¹³
3084 1125 3426 1195 Impossibile
3450 1142 3618 1183 nam-

2019 1228 2127 1285 que
2146 1220 2232 1269 est
2254 1210 2599 1268 immundam
2617 1218 2859 1268 mentem
2874 1211 3083 1269 donum
3100 1214 3341 1273 scientiae
3359 1218 3619 1297 spiritalis

2017 1304 2264 1377 adipisci.
2302 1306 2376 1361 Et
2401 1303 2602 1362 idcirco
2638 1303 2789 1361 omni
2814 1305 3064 1362 cautione
3091 1304 3268 1363 devita
3294 1323 3366 1364 ne
3391 1308 3501 1372 tibi
3519 1325 3617 1382 per

2018 1398 2261 1457 studium
2289 1397 2553 1466 lectionis,
2580 1412 2692 1453 non
2718 1397 2958 1454 scientiae
2983 1398 3191 1470 lumen,
3231 1415 3335 1458 nec
3362 1401 3454 1460 illa
3485 1418 3616 1475 per-

2020 1501 2179 1564 petua
2204 1505 2329 1563 qua:
2368 1505 2466 1563 per
2493 1488 2949 1547 illuminationem
2981 1490 3243 1550 doctrinae
3272 1496 3620 1566 promittitur

2019 1586 2210 1661 gloria,
2258 1584 2356 1643 sed
2390 1583 2751 1642 instrumenta
2791 1584 3111 1657 perditionis
3164 1586 3236 1644 de
3289 1592 3618 1661 arrogantiae

2021 1679 2260 1736 vanitate
2299 1686 2613 1736 nascantur.
2642 1677 2851 1735 Deinde
2888 1677 2994 1735 hoc
3020 1679 3118 1737 tibi
3154 1688 3243 1737 est
3282 1683 3620 1741 omnimodis

313 1788 379 1830 ac
403 1774 671 1832 medullas
691 1776 993 1834 cmlestium
1017 1777 1224 1833 intrare
1241 1775 1536 1843 dictorum,
1556 1789 1621 1830 ac
1640 1771 1912 1847 profunda
1941 1774 1991 1838 B
2021 1770 2368 1840 enitendum,
2393 1779 2478 1841 ut,
2510 1771 2732 1844 expulsa
2758 1770 2912 1827 omni
2939 1771 3304 1831 sollicitudine
3332 1783 3387 1831 et
3412 1776 3620 1849 cogita-

314 1875 372 1923 et
413 1867 730 1925 abscondita
788 1878 1128 1927 sacramenta
1186 1869 1476 1942 purissimo
1523 1869 1712 1926 cordis
1753 1868 1914 1925 oculo

314 1960 699 2031 contemplari,
729 1961 879 2034 quod
906 1963 1212 2020 nullatenus
1237 1963 1477 2020 humana
1512 1962 1785 2031 doctrina,
1815 1976 1919 2018 nec

314 2052 559 2108 eruditio
588 2053 885 2124 saecularis,
911 2055 1009 2112 sed
1048 2056 1165 2113 sola
1194 2056 1403 2128 put-itas
1428 2057 1635 2112 mentis
1661 2071 1756 2128 per
1789 2055 1921 2112 illu-

307 2144 682 2203 minationem
704 2148 879 2205 sancti
908 2148 1145 2222 Spiritus
1172 2148 1463 2205 obtinebit.

2022 1865 2170 1923 tione
2192 1874 2435 1935 terrena,
2467 1873 2489 1902 °
2525 1863 2808 1921 assiduum
2834 1871 2889 1921 te
2930 1880 2995 1921 ac
3018 1865 3200 1938 potius
3218 1866 3411 1941 jugem
3448 1885 3622 1927 sacrae

2024 1959 2268 2033 praebeas
2312 1958 2549 2027 lectioni,
2583 1957 2761 2015 donec
2784 1958 3045 2016 continua
3088 1960 3370 2018 meditatio
3415 1963 3625 2031 imbuat
3724 2031 3738 2044 O

2024 2059 2269 2109 mentem
2311 2058 2464 2107 tuam
2487 2057 2546 2107 et
2571 2050 2724 2123 quasi
2750 2050 2807 2108 in
2835 2051 3251 2110 similitudinem
3278 2054 3363 2111 sui
3401 2054 3621 2124 formet,

2028 2146 2056 2183 ει
2079 2160 2262 2202 arcam
2290 2143 2699 2218 quodammodo
2727 2159 2802 2202 ex
2828 2159 2892 2202 ea
2910 2142 3115 2205 faciens
3140 2148 3500 2218 Testamenti,
3525 2149 3626 2206 ha-

1406 2273 1668 2329 ALARDI
1705 2272 1930 2329 ΕΑΖιεί
1966 2268 2523 2328 COMMENTARIUS.

391 2400 417 2429 ⁸
453 2391 587 2475 Div.
611 2394 901 2476 gregorius
928 2396 1120 2476 quil.
1161 2396 1303 2476 12in
1327 2396 1618 2476 Evangelia
1651 2417 1663 2451 :
1690 2397 1918 2476 ῌαηᾴαρ

304 2476 448 2530 tum,
476 2467 677 2538 inquit,
707 2467 869 2522 solvit
886 2472 939 2523 et
962 2468 1131 2532 docet,
1153 2470 1251 2538 qui
1266 2482 1372 2523 non
1389 2467 1507 2522 vult
1523 2483 1677 2538 opere
1698 2469 1917 2537 implere

300 2540 457 2614 quod
996 2554 1126 2614 ergo
1151 2535 1211 2594 in
1246 2554 1302 2594 eo
1328 2535 1914 2614 minimuseocabitur,

307 2606 411 2683 Qui
431 2606 510 2664 ad
658 2609 986 2691 nullomodo
1012 2606 1217 2691 intrare
1238 2611 1617 2691 permittitur?
1638 2610 1784 2691 Quid
1803 2612 1919 2664 ita-

303 2679 410 2755 que
428 2693 538 2751 per
555 2679 692 2733 hanc
710 2683 1049 2744 sententiam,
1068 2682 1181 2735 nisi
1189 2679 1429 2750 praesens
1445 2681 1682 2736 Ecclesia
1698 2695 1919 2749 regnum

303 2755 569 2808 caelorum
590 2749 828 2805 dicitur?
854 2755 919 2807 In
945 2767 1056 2808 oua
1078 2752 1261 2805 doctor
1280 2754 1379 2808 oui
1412 2751 1729 2806 mandatum
1746 2752 1917 2805 solve—

302 2767 569 2810 cauorum
590 2767 828 2805 atcuurr
854 2767 919 2807 ιη
945 2767 1056 2821 qua
1078 2767 1261 2805 doctor
1280 2767 1378 2820 qui
1412 2767 1729 2806 mandatum
1746 2767 1917 2805 sowe-

301 2828 402 2888 rit,
432 2822 695 2904 minimus
705 2825 959 2904 uocatur;
975 2823 1111 2904 quia
1127 2821 1279 2904 cujus
1294 2824 1408 2877 vita
1420 2821 1730 2892 despicitur,
1749 2823 1919 2876 restat

300 2891 1405 3044 “‘1‘”
1424 2977 1653 3044 namque
1674 2962 1917 3044 αηίιηαπι

342 3052 430 3092 uae
462 3032 758 3089 mundanis
786 3032 870 3086 uel
906 3034 1139 3086 tenuiter
1163 3033 1570 3087 distentionibus
1607 3036 1915 3101 occupatur,

342 3056 430 3092 ua:
462 3056 758 3089 mutuatus
786 3056 869 3086 υει
907 3056 1139 3086 ιωιιιῑιετ·
1163 3056 1570 3087 uisentiumqu
1607 3056 1915 3101 occupatur,

294 3056 517 3164 genum
563 3105 796 3158 scientia
827 3104 1139 3171 promereri,
1180 3103 1262 3156 vel
1289 3104 1660 3171 generatricem
1703 3103 1922 3170 spirita-

296 3180 448 3234 lium
465 3188 721 3232 sensuum
735 3176 832 3227 aut
848 3176 1084 3227 tenacem
1103 3187 1380 3226 sacrarum
1396 3173 1676 3227 lectionum
1685 3173 1821 3239 ﬁeri.
1845 3173 1916 3225 Et

545 3211 913 3313 :Impossibile
941 3246 1019 3297 est
1037 3257 1158 3296 eum
1179 3243 1276 3310 qui
1288 3244 1560 3311 proposito
1582 3211 1916 3309 acquirenda:
1953 3211 1998 3275 Ο

294 3318 501 3375 laudis
530 3312 798 3380 humanae,
827 3313 1006 3368 studio
1032 3312 1264 3367 lectionis
1294 3314 1519 3374 insistit,
1553 3312 1753 3366 donum
1777 3325 1916 3365 verte

294 3388 558 3446 scientia:
582 3385 894 3453 promereri.
933 3384 1147 3438 Rursus
1173 3397 1293 3453 cap.
1334 3389 1398 3453 ιιι
1431 3402 1442 3437 :
1470 3380 1818 3453 impossibile
1841 3384 1920 3436 est

300 3451 669 3514 immundam
686 3456 945 3515 animam,
964 3451 1302 3522 quantalibet
1317 3451 1665 3508 desudaverit
1681 3452 1918 3507 lectionis

297 3527 612 3587 instantia,
641 3524 874 3593 adipisci
897 3525 1175 3579 scientiam
1206 3524 1527 3593 spiritalem.
1557 3525 1628 3578 Et
1649 3537 1770 3592 cap.
1812 3524 1870 3577 ιϐ
1897 3539 1910 3576 :

292 3598 519 3657 Nullus
542 3596 601 3649 in
623 3610 727 3663 quo
751 3594 930 3648 adhuc
949 3595 1244 3649 carnalium
1258 3596 1589 3664 passionum,
1612 3598 1664 3648 et
1681 3594 1919 3648 marcime

288 3667 723 3737 fornicationis,
754 3665 1062 3737 dominatur
1087 3665 1334 3737 affectus,
1380 3666 1687 3735 spiritalem
1716 3665 1918 3734 poterit

286 3735 604 3797 scientiam
632 3735 1256 3807 possidereLQuomodo
1294 3744 1505 3803 autem,
1528 3743 1593 3807 et
1616 3749 1726 3807 quo
1753 3749 1914 3807 sensu

286 3823 454 3867 verae
493 3807 606 3863 sint
633 3804 964 3877 ibujusmodi
992 3805 1290 3877 sententiae,
1330 3821 1460 3863 cum
1489 3804 1674 3877 videas
1711 3806 1915 3861 multos

285 3881 518 3943 malos,
535 3878 708 3933 immo
719 3875 1009 3948 pessimos,
1030 3875 1279 3931 homines
1297 3892 1494 3948 magna
1510 3875 1915 3948 scripturarum

282 3949 546 4011 scientia
581 3945 803 4019 pollere,
823 3946 973 4019 alibi
1000 3953 1085 4000 est
1125 3945 1425 4019 utcumque
1468 3945 1816 4019 explicatum,
1860 3954 1916 4019 et

2024 2402 2088 2452 ut
2116 2401 2167 2453 et
2192 2411 2385 2452 manus
2412 2400 2664 2466 operetur
2679 2396 2883 2466 cibum,
2920 2400 2971 2452 et
2996 2398 3209 2453 animus
3238 2398 3452 2454 lectione
3480 2401 3627 2455 satu-

2026 2472 2195 2542 retur.
2232 2466 2387 2542 Etad
2407 2465 2635 2542 ΔΕξῑδῐῐ)
2659 2465 2728 2542 de
2751 2466 3100 2542 lnstitptione
3123 2466 3257 2542 ﬁlia;
3277 2470 3488 2542 (Epist.
3514 2468 3574 2542 7)
3608 2488 3623 2525 :

2026 2539 2273 2610 orationi
2294 2539 2474 2607 lectio,
2499 2538 2714 2610 lectioni
2735 2537 2986 2610 succedat
3011 2541 3206 2610 oratio.
3236 2540 3301 2610 in
3327 2537 3628 2610 Epistola'm

2026 2609 2096 2664 ad
2127 2608 2330 2679 Ephes.
2364 2622 2406 2679 v
2448 2624 2463 2661 :
2491 2608 2651 2663 Omni
2674 2607 3124 2679 studioglegendae
3163 2609 3312 2664 nobis
3335 2607 3627 2679 Scriptum

1990 2733 1996 2739 _
2026 2677 2252 2753 suntfet
2277 2681 2335 2732 in
2368 2678 2495 2753 lege
2511 2679 2732 2753 Domini
2752 2677 3125 2753 meditandum
3150 2679 3240 2733 die
3265 2694 3328 2733 ac
3352 2677 3531 2753 nocte;
3559 2686 3623 2735 ut

2019 2750 2248 2819 probati
2284 2750 2563 2818 trapezita
2597 2749 2827 2819 sciamus
2858 2750 2982 2819 quis
3008 2763 3271 2819 nummus
3295 2749 3622 2818 probusisit,

2029 2816 2152 2890 quis
2200 2816 2554 2890 adultéer.
2598 2818 2729 2874 item
2760 2816 3093 2890 Benedictus
3114 2816 3362 2890 pluribus
3404 2818 3462 2875 in
3489 2820 3623 2877 locis

2027 2887 2141 2970 suae
2167 2888 2573 2970 RegulmlCap.
2627 2893 2719 2954 38,
2755 2892 2921 2970 4_2_et
2949 2887 3052 2970 13)
3080 2887 3369 2970 lectionem
3390 2905 3624 2970 sacram

2026 2960 2139 3016 suis
2173 2957 2467 3030 cmnobitis
2502 2957 2877 3030 commendat,
2899 2957 3170 3030 jubetque
3200 2959 3362 3015 certis
3390 2959 3540 3016 horis
3568 2961 3627 3018 in

2030 3045 2094 3102 ea
2120 3029 2396 3101 occupari,
2424 3029 2727 3102 praesertim
2754 3027 2945 3086 diebus
2965 3027 3271 3102 dominicis,
3307 3037 3362 3085 et
3388 3031 3443 3086 in
3468 3032 3623 3102 Qua-

2029 3099 2366 3182 dragesim‘a;
2399 3099 2455 3155 et
2490 3100 2632 3182 inter
2683 3099 3620 3182 instrumentajongurumppefum

2028 3169 2184 3242 ponit
2211 3172 2455 3242 lectiones
2472 3175 2688 3242 sanctas
2712 3171 2937 3242 libenter
2957 3171 3173 3242 audire.
3190 3169 3306 3228 Ubi
3333 3169 3453 3229 vide
3476 3170 3623 3229 duo-

2028 3240 2211 3312 decim,
2244 3241 2501 3312 utilitates
2543 3241 2785 3297 lectionis
2823 3255 2992 3297 sacrae
3034 3240 3182 3312 apud
3233 3243 3621 3299 Turrecrema-

2025 3311 2308 3390 tum__fuse
2349 3310 2638 3390 esplicatas
2679 3326 2694 3363 :
2733 3323 2868 3390 quas
2909 3310 3456 3390 Smaragdusabbas
3484 3330 3622 3384 pau-

2023 3380 2265 3436 cioribus
2293 3379 2472 3434 verbis
2499 3379 2572 3434 ita
2609 3379 2927 3449 complexus
2969 3386 3056 3435 est
3094 3379 3134 3435 :'
3153 3383 3414 3437 Lectionis
3454 3379 3624 3439 sacra:

2024 3452 2253 3519 cognitio
2263 3450 2557 3505 cultoribus
2575 3450 2689 3504 suis
2701 3463 2887 3507 sensus
2906 3465 3126 3505 acumen
3140 3452 3453 3516 ministrat,
3465 3455 3625 3509 intel-

2025 3522 2217 3576 lectum
2262 3521 2611 3590 multiplicat,
2648 3524 2914 3591 torporem
2938 3522 3163 3585 excutit,
3196 3521 3380 3577 otium'
3392 3529 3621 3589 amovet,

2023 3594 2192 3647 vitam
2241 3593 2524 3664 componit,
2563 3605 2734 3647 mores
2772 3593 3014 3660 corrigit,
3060 3593 3329 3649 salubrem
3364 3592 3624 3664 gemitum

2021 3664 2195 3734 facit,
2229 3667 2281 3716 et
2326 3662 2597 3734 lacrymas
2663 3666 2969 3734 compuncto
3021 3664 3176 3719 corde
3222 3662 3491 3734 producit,
3536 3668 3627 3722 Jo-

1990 3733 2223 3805 ‘uendi
2247 3733 2441 3788 tribuit
2480 3733 2837 3806 facundiam,
2854 3738 3061 3789 (eterna
3099 3733 3465 3791 laborantibus
3486 3751 3623 3806 pro-

2021 3808 2196 3860 mittit
2220 3806 2469 3873 prwmia,
2498 3805 2773 3874 spiritales
2801 3804 3025 3874 divitias
3042 3809 3203 3874 auget
3218 3821 3238 3869 ;
3253 3804 3625 3874 vaniloquium

2020 3872 2395 3945 vanitatesque
2455 3872 2752 3945 coinpescit,
2800 3878 2852 3928 et
2911 3872 3240 3929 desiderium
3297 3872 3501 3930 Christi
3527 3890 3628 3945 pa-

2024 3949 2249 4015 triaque
2279 3944 2499 4000 caelestis
2527 3944 2786 4001 accendit.
2817 3944 2947 4012 Quae
2984 3958 3195 4015 semper
3220 3947 3456 4000 orationi
3477 3944 3625 4001 socia

281 4021 451 4079 infra
482 4013 696 4089 plenius
718 4016 1015 4089 explicatur
1037 4029 1154 4085 cap.
1191 4019 1276 4070 14.
1308 4013 1468 4089 Libet
1488 4013 1670 4070 tamen
1704 4013 1791 4068 hic
1818 4013 1916 4069 ad-

277 4094 441 4150 dere
482 4084 626 4158 'qute
653 4087 722 4141 de
748 4084 852 4141 hoc
877 4084 1201 4158 argumento
1235 4092 1350 4140 tam
1378 4084 1573 4141 diserte
1598 4099 1764 4158 quam
1788 4100 1914 4140 eru-

279 4163 419 4220 dite
444 4155 643 4216 scribit
671 4159 739 4213 Β.
772 4158 833 4211 Ρ.
862 4155 1111 4212 Pererius
1137 4155 1232 4211 lib.
1257 4170 1340 4212 xv
1363 4170 1592 4211 suorum
1618 4156 1916 4211 Commen-

278 4231 592 4292 tariorum
613 4229 668 4283 in
694 4227 975 4282 Danielem
999 4242 1012 4278 :
1038 4229 1266 4283 Possunt
1277 4227 1513 4297 quidem,
1534 4226 1727 4297 inquit,
1755 4228 1917 4282 etiam

278 4391 434 4432 nam
452 4389 515 4429 et
525 4389 586 4426 tn
594 4389 820 4426 summis
835 4389 1066 4438 [mgnus
1079 4389 1219 4439 scepe
1227 4389 1389 4439 [idem
1407 4389 1651 4425 arvinam
1667 4389 1915 4435 retinent,

279 4461 427 4518 quee
468 4444 625 4518 uelut
649 4441 899 4518 quadam
931 4441 1031 4495 tua:
1056 4444 1135 4496 est
1171 4441 1430 4518 humance
1461 4442 1637 4518 menti
1655 4439 1739 4518 ad
1762 4440 1919 4493 intel-

2021 4030 2330 4085 semperque
2373 4015 2525 4070 debet
2576 4030 2686 4070 esse
2761 4028 3019 4071 connexa.
3083 4015 3430 4071 Orationibus
3481 4019 3625 4071 enim

2022 4085 2370 4145 mundamur,
2422 4085 2728 4138 lectionibus
2764 4088 2945 4138 autem
2989 4086 3337 4139 instruimur.
3381 4090 3454 4142 Et
3501 4086 3623 4141 ideo

2024 4157 2123 4225 qui
2162 4155 2280 4208 vult
2328 4168 2457 4225 cum,
2491 4158 2597 4225 Deo
2667 4167 2872 4222 semper
2912 4168 3041 4221 esse,
3093 4155 3401 4223 frequenter
3447 4172 3620 4221 orare,

2026 4223 2339 4297 frequenter
2371 4223 2524 4279 debet
2560 4224 2751 4293 legere.
2788 4225 2929 4297 Nam
2953 4239 3072 4278 cum
3099 4238 3332 4288 oramus,
3362 4229 3475 4297 ipsi
3502 4243 3624 4284 cum

2027 4294 2142 4353 Deo
2166 4296 2455 4365 loquimur;
2491 4309 2611 4348 cum
2654 4309 2776 4349 vero
2813 4294 3059 4364 legimus,
3086 4299 3218 4353 Deus
3244 4294 3518 4353 nobiscum
3545 4301 3622 4356 lo-

2026 4369 2237 4437 quitur.
2264 4366 2449 4422 Omnis
2471 4379 2595 4437 ergo
2624 4366 2897 4435 profectus
2921 4380 2990 4421 ea:
3032 4367 3269 4435 lectione,
3310 4372 3546 4426 oratione
3572 4376 3625 4427 et

2028 4436 2373 4493 meditatione
2379 4436 2642 4506 procedit.
2668 4438 2799 4504 Qua
2816 4437 2956 4492 enim
2984 4438 3266 4501 nescimus,
3290 4439 3509 4497 lectione
3530 4442 3625 4496 di-

278 4507 577 4588 iigengas
625 4507 969 4588 aliquatenus
1021 4526 1108 4588 res
1136 4527 1343 4588 sacras;
1382 4514 1433 4588 et
1473 4513 1698 4588 scientia
1736 4526 1920 4588 sacra-
1954 4578 1991 4588 ἢ
2027 4510 2249 4574 scimus;
2274 4523 2396 4578 qua:
2409 4512 2601 4588 autem
2625 4507 2994 4588 didicerimus,
3016 4510 3467 4588 meditationibus
3496 4518 3626 4567 con-

278 4578 428 4644 rcIm
458 4578 784 4640 litterarum
805 4584 947 4637 inter
961 4583 1169 4649 gratias
1190 4584 1365 4649 gratis
1386 4582 1545 4637 datas
1565 4586 1919 4637 numeratur:
1954 4578 2001 4640 Ι)
2027 4594 2330 4644 servamus;
2368 4583 2421 4634 et
2441 4582 2504 4634 ut
2544 4583 2855 4635 conservata
2880 4595 2916 4634 η
2939 4580 3093 4635 nobis
3121 4582 3469 4650 impleantur,
3493 4599 3625 4637 ora-

282 4659 550 4728 ideoque
587 4655 865 4731 sceleratis
917 4654 1098 4731 etiam
1117 4652 1438 4731 _hominibus
1459 4722 1471 4731 _
1489 4652 1689 4731 donari
1725 4656 1924 4731 potest,
2031 4650 2544 4731 tione‘adipiscimur
2573 4649 2869 4731 (itemard.
2886 4663 3062 4731 εει-ιη..
3076 4656 3149 4731 52
3263 4650 3537 4721 sororem).

281 4718 535 4789 Verum
575 4727 672 4780 isti
718 4725 937 4779 divinas
998 4721 1216 4792 quidem
1287 4736 1373 4777 res
1448 4718 1782 4793 intelligunt,
1832 4723 1925 4778 sed
2099 4721 2127 4757 ἀ
2167 4718 2386 4793 Spectat
2411 4720 2501 4775 illa
2519 4718 2679 4776 verba
2704 4719 2951 4792 Apostoli
2996 4718 3066 4774 ad
3096 4720 3363 4793 Hebraeos
3387 4734 3452 4774 ιχ
3481 4718 3503 4774 ε⁷
3525 4722 3628 4779 Ar-

275 4815 408 4858 non
466 4800 547 4876 ut
575 4811 682 4876 par
698 4870 709 4876 _
725 4800 822 4850 est.
880 4790 1046 4851 Nuda
1274 4797 1371 4860 est,
1415 4796 1472 4875 et
1500 4790 1731 4876 jejuna,
1766 4795 1930 4876 ipsis;
2031 4807 2146 4848 cam
2169 4790 2489 4847 Testamenti
2510 4790 3000 4876 circymte'ctam-ea:
3197 4793 3358 4876 parte
3380 4806 3536 4855 auro,
3567 4795 3627 4848 in

271 4885 406 4943 que
494 4861 846 4931 infructuosa
920 4879 984 4919 ea
1046 4865 1294 4948 cognitio,
1369 4861 1573 4933 quippe
1637 4861 1930 4947 principali
2032 4878 2142 4933 qua
2165 4876 2306 4915 urna
2334 4876 2503 4915 aurea
2539 4861 2741 4914 habens
2763 4872 2982 4926 manna,
3013 4862 3069 4943 et
3096 4861 3254 4929 virga
3275 4861 3479 4939 Aaron,
3484 4879 3628 4990 dquce

270 4939 630 5011 effectu_et
664 4935 1047 5011 [ructu__¢_mret
1089 4951 1111 4990 :
1152 4934 1240 4989 hic
1274 4939 1462 5011 autem
1489 4936 1709 5011 est_Det
1753 4949 1924 5011 amor,
2031 4932 2374 5011 fronduerat,
2411 4935 2465 4985 et
2507 4930 2707 4984 tabula:
2745 4931 3083 4986 Testamenta
3149 4932 3441 5011 Quomodo
3525 4944 3631 5011 Icat

273 5003 355 5069 e’t'
395 5006 751 5069 obedientia,
813 5007 1067 5060 vitiorum
1127 5007 1355 5072 curatio,
1411 5003 1709 5059 emendatio
1777 5007 1925 5072 vita,

272 5084 459 5158 recta
489 5077 1028 5158 morumjnstitutio,
1074 5075 1315 5158 studium
1329 5076 1573 5158 jupandi
1609 5091 1780 5158 quam.
1802 5074 1929 5147 plu.

274 5157 509 5219 rimas,
565 5153 618 5203 et
657 5147 733 5202 ad
776 5148 1007 5203 salutem
1048 5149 1304 5200 teternam
1342 5146 1676 5212 adducendi;
1719 5150 1781 5201 ut
1827 5162 1931 5202 uno
2037 5146 2165 5228 cum
2192 5146 2270 5199 Ill
2299 5146 2515 5270 Regum
2538 5156 2657 5198 vm
2679 5146 2896 5225 dicatur
2920 5157 3032 5199 non
3060 5146 3222 5227 fuisse
3247 5146 3395 5200 aliud

275 5224 474 5298 verba
511 5220 717 5298 dicam,
744 5219 955 5273 intenta
978 5222 1029 5272 et
1054 5218 1309 5298 frequens
1338 5220 1395 5298 in
1412 5219 1648 5298 omnium
1668 5219 1933 5298 virtutum
2036 5215 2307 5298 msi_duas
2329 5221 2384 5298 t_a
2426 5213 2555 5298 ulas
2586 5213 3221 5298 lapideas,nq9‘as__posu1t
3243 5215 3413 5298 Moysi

272 5296 462 5351 cultu
521 5291 972 5367 honestarumque
1013 5283 1195 5344 rerum
1243 5290 1561 5346 tractatione
1600 5291 1927 5346 exercitatio.
1977 5340 1985 5347 .
2039 5287 2306 5367 est_liujus
2336 5284 2457 5367 ilqci
2482 5283 2790 5367 _discutere.
2838 5283 3056 5367 sagae}:
3076 5300 3140 5341 ex
3183 5283 3450 5367 senieiitia
3476 5289 3633 5367 Apo—

273 5366 633 5432 Hucusque
662 5352 928 5432 Pereriu's.
1157 5429 1169 5432 _
1385 5428 1397 5432 Α
2040 5358 2163 5416 stoli
2193 5352 2310 5415 liae
2331 5356 2433 5432 tria
2477 5352 2647 5432 fuisse
2682 5353 2976 5432 aliquando
3000 5355 3057 5432 in
3106 5370 3230 5432 arca
3273 5352 3630 5432 Testamehti,

364 5444 391 5472 ο
435 5426 681 5489 ηείάἰν.
712 5431 1081 5503 Hieronymus
1103 5429 1172 5486 ad
1202 5428 1566 5502 Nepotianum
1595 5433 1793 5501 (Epist.
1826 5437 1856 5485 2
1881 5435 1932 5488 et
2040 5444 2163 5502 qum
2209 5429 2488 5484 moraliter
2547 5426 2635 5483 hic
2675 5433 2733 5482 et
2771 5426 3109 5500 'tropologice
3138 5426 3208 5483 ad
3246 5435 3489 5485 mentem
3524 5426 3637 5488 sive

376 5525 392 5554 :
422 5503 673 5554 Minas
686 5501 994 5554 Scripturas
1007 5504 1203 5554 sanius
1223 5504 1357 5554 leae.
1376 5504 1539 5554 immo
1554 5518 1849 5554 numquam
1871 5504 1938 5554 de
2043 5500 2280 5554 animam
2325 5498 2432 5554 veri
2480 5497 2739 5554 religiosi.
2774 5497 2886 5553 sive
2927 5496 3168 5554 hominis
3210 5497 3457 5554 perfecti.
3496 5503 3636 5554 refe-

2043 5503 2280 5555 animam
2325 5503 2432 5554 veri
2480 5503 2739 5570 religiosi,
2774 5503 2886 5553 sive
2927 5503 3168 5554 hominis
3210 5503 3457 5570 perfecti,
3496 5503 3636 5561 refe-

2045 5580 2260 5642 runtur,
2293 5566 2757 5642 quemadmodum
2786 5576 2849 5642 et
2875 5566 3139 5642 Origenes
3165 5568 3411 5642 eamdem
3455 5589 3638 5631 arcam

2034 5002 2330 5074 Apostolus
2354 5015 2544 5074 urnam
2574 5014 2796 5074 auream
2817 5014 3023 5074 manna
3045 5006 3413 5060 continentem
3436 5012 3491 5060 et
3520 5006 3630 5060 vir-

2036 5069 2159 5147 gam
2200 5077 2390 5147 Aaron
2433 5069 2603 5127 fuisse
2652 5071 2734 5147 in-
2758 5086 2884 5128 area
2925 5072 3628 5147 Testamenti‘asservatas,

2037 5141 2165 5201 cum
2192 5146 2270 5199 Ill
2299 5145 2515 5202 Regum
2538 5156 2657 5198 vm
2681 5141 2896 5199 dicatur
2920 5157 3032 5199 non
3060 5142 3222 5200 fuisse
3247 5144 3395 5200 aliud
3427 5144 3484 5199 in
3508 5141 3631 5202 arca

2036 5216 2141 5272 nisi
2171 5215 2307 5272 duas
2329 5212 2554 5286 tabulas
2586 5212 3021 5286 lapideastquas
3038 5214 3221 5286 posuit
3243 5215 3480 5286 Moyses,
3520 5232 3632 5273 non

272 5508 345 5575 4)
375 5525 392 5561 :
684 5501 994 5575 scripturas
1007 5504 1203 5574 sapius
1223 5501 1357 5575 lege,
1376 5504 1539 5575 immo
1554 5518 1849 5575 numquam
1871 5504 1938 5558 de

270 5572 588 5651 manibus
604 5574 716 5651 tuis
725 5572 1164 5651 deponanturfEt
1182 5574 1249 5629 ad
1264 5572 1552 5651 Ilusticum
1566 5572 1899 5651 monacbum
1919 5594 1931 5630 :
2045 5580 2260 5651 runtur,
2293 5572 2757 5651 quemadmodum
2786 5576 2849 5651 et.

270 5649 646 5716 Numquam
676 5644 743 5716 de
782 5638 950 5699 manu
990 5648 1086 5716 tua
1112 5650 1175 5716 et
1197 5645 1362 5701 oculis
1397 5645 1507 5699 tuis
1536 5643 1749 5700 recedat
1778 5643 1933 5701 liber.
2044 5641 2233 5716 retulit
2257 5660 2271 5696 :
2295 5638 2458 5716 Area
2481 5654 2670 5703 aurea,
2698 5638 2953 5716 inquiens
2975 5638 3212 5716 V'(Homil.
3249 5646 3303 5697 Il
3346 5648 3639 5714 superNu—

273 5710 598 5775 Discer
617 5715 939 5785 psalterium
967 5715 1044 5770 ad
1069 5715 1317 5783 uerbum;
1345 5730 1471 5771 ama
1494 5716 1773 5772 scientiam
1795 5716 1941 5786 Scri-
2044 5713 2257 5786 meros),
2280 5714 2338 5767 in
2363 5726 2472 5782 qua
2489 5716 2615 5767 sunt
2642 5710 2842 5767 tabqu
2862 5710 3205 5786 Testamenti,
3230 5718 3294 5769 ut
3308 5710 3515 5786 opinor,
3532 5730 3640 5768 non

266 5783 651 5860 pturaruni,
669 5791 721 5842 et
735 5788 913 5842 carnis
923 5788 1058 5842 vitia
1075 5801 1180 5842 non
1195 5786 1401 5842 amabis
1420 5805 1438 5855 ;
1454 5788 1767 5844 scribantur
1782 5785 1934 5853 libri,
2047 5785 2205 5842 aliud
2219 5783 2387 5855 quam
2408 5798 2550 5840 meris
2574 5786 2762 5840 nostra
2791 5797 2899 5840 esse
2916 5783 3244 5851 declaratur,
3266 5787 3327 5839 in
3336 5783 3455 5854 qua
3477 5785 3640 5850 legem

556 5874 821 5932 Parnet.
860 5876 1076 5932 XLIX.
3288 5875 3351 5926 31
