4040 6206
437 276 536 331 971

1519 272 1798 331 JOANNIS
1833 274 2135 332 CASSIANI
2171 272 2658 334 COLLATIONES.

3630 266 3751 322 972

437 399 659 457 bentem
686 398 744 454 in
770 412 829 456 se
869 396 1071 456 scilicet
1094 396 1232 455 duas
1273 396 1486 454 tabulas
1531 396 1789 470 lapideas,
1830 399 1888 456 id
1930 408 2032 470 est,
2062 405 2116 469 Α
2142 403 2238 471 eis,
2265 405 2315 459 et
2343 404 2486 457 inter
2500 400 2623 456 illos
2649 395 2930 452 ambulabo
2959 394 3144 466 (Leuit.
3178 405 3361 459 xxvn;
3394 389 3449 444 ιι
3478 389 3595 446 Cor.
3624 391 3736 458 Vt).

437 491 669 566 duplicis
710 492 1064 550 instrumenti
1102 499 1421 564 perpetuam
1456 489 1809 563 ﬁrmitatem;
1840 509 2036 551 urnam

438 599 658 657 quoque
703 599 947 652 auream,
989 583 1096 639 hoc
1132 590 1234 649 est,
1282 583 1610 640 memoriam
1643 600 1836 657 puram
1871 593 2035 658 atque

436 676 735 745 sinceram,
776 691 902 749 quae
945 674 1287 732 reconditum
1330 675 1389 731 in
1431 691 1489 733 se
1528 692 1731 734 manna
1776 688 2035 751 perpetua

437 770 726 826 tenacitate
748 775 1052 838 conservet,
1096 768 1423 841 spiritalium
1447 770 1653 827 scilicet
1679 786 1942 829 sensuum
1981 780 2037 829 et

435 862 662 936 angelici
694 862 838 919 illius
866 862 1020 934 panis
1054 878 1347 935 perennem
1374 865 1761 937 ccelestemque
1788 865 2035 924 dulcedi-

438 972 599 1027 nem;
626 971 726 1012 nec
752 971 865 1013 non
902 956 1069 1013 etiam
1107 958 1318 1032 virgam
1363 962 1562 1027 Aaron,
1604 958 1662 1016 id
1698 968 1796 1028 est,
1830 960 2035 1017 summi

428 1050 655 1124 verique
697 1050 967 1123 pontiﬁcis
995 1052 1167 1108 nostri
1208 1055 1340 1109 Jesu
1363 1052 1562 1110 Christi
1604 1053 1838 1108 salutare
1875 1054 2039 1110 vexil-

402 1145 577 1221 Jum,
604 1145 931 1202 immortalis
957 1145 1243 1202 memoriae
1284 1161 1500 1219 semper
1528 1146 1794 1202 viriditate
1817 1146 2033 1204 fronde-

434 1255 612 1297 scens.
642 1241 778 1297 Huic
820 1255 1058 1312 namque
1092 1247 1176 1296 est
1215 1239 1361 1313 virga
1397 1254 1522 1313 qum
1564 1248 1923 1313 posteaquam
1968 1240 2037 1298 de

434 1334 617 1392 radice
635 1335 790 1391 Jesse
813 1334 1023 1391 succisa
1052 1341 1153 1402 est,
1192 1334 1438 1390 vivacius
1472 1333 1796 1390 mortiﬁcata
1838 1334 2035 1391 revire-

433 1428 556 1485 scit.
585 1431 610 1462 ³
635 1429 770 1486 Haec
807 1436 993 1485 autem
1045 1427 1227 1483 omnia
1273 1426 1489 1484 duobus
1518 1426 1820 1497 cherubim,
1850 1428 1906 1486 id
1932 1437 2034 1499 est,

436 1522 712 1581 historicas
742 1532 799 1579 et
822 1521 1079 1595 Spiritalis
1115 1520 1355 1578 scientiae
1382 1520 1716 1592 plenitudine
1741 1530 2037 1593 protegun-

437 1623 547 1671 tur.
579 1616 605 1651 δ
630 1614 931 1673 Cherubim
970 1616 1117 1671 enim
1158 1615 1543 1686 interpretatur
1572 1615 1814 1671 scientiae
1852 1615 2038 1672 multi-

437 1707 593 1773 tudo,
634 1724 759 1780 quaa
801 1708 1237 1782 propitiatorium
1283 1709 1408 1778 Dei,
1448 1708 1502 1765 id
1540 1716 1642 1778 est,
1674 1708 2041 1781 placiditatem

2144 494 2514 567 Quamobrem
2539 492 2825 565 diligenter
2849 487 3144 564 omemorim
3188 480 3633 542 commendanda
3661 490 3751 539 est

2142 595 2199 645 et
2235 596 2257 624 °
2284 586 2672 644 incessabier
2698 580 3027 641 recensenda
3067 591 3344 635 sacrarum
3384 575 3557 632 series
3594 573 3750 631 Scii-

2142 690 2449 755 pturarum.
2475 680 2503 717 ιι
2541 681 2678 737 Hac
2704 677 2906 736 etenim
2941 670 3311 731 meditationis
3328 668 3538 743 jngitas
3565 667 3749 741 dupli-

2143 789 2263 830 cem
2314 772 2474 831 nobis
2508 770 2723 829 confert
2748 771 3010 828 fructum.
3052 765 3300 822 Primum
3330 761 3481 835 quod
3527 760 3660 819 dum
3688 760 3749 817 in

2143 867 2387 941 legendis
2433 882 2498 924 ac
2525 865 2782 940 parandis
2829 860 3158 920 lectionibus
3203 863 3504 929 occupatur
3546 856 3744 913 mentis

2145 963 2400 1031 intentio,
2425 966 2450 996 °
2476 976 2693 1018 necesse
2720 967 2804 1016 est
2843 965 2904 1015 ut
2943 954 3109 1013 nullis
3135 952 3421 1010 noxiarum
3449 950 3751 1025 cogitatio-

2139 1071 2275 1113 num
2303 1056 2504 1128 laqueis
2531 1054 2860 1128 captivetur;
2890 1049 3087 1108 deinde
3114 1046 3264 1121 quod
3288 1062 3347 1102 ea
3374 1060 3493 1118 quae
3519 1044 3746 1101 creber-

2141 1148 2278 1205 rima
2316 1148 2638 1221 repetitione
2691 1160 2963 1219 percursa,
3017 1142 3151 1199 dum
3194 1139 3470 1197 memoriae
3518 1138 3759 1195 tradere-

2144 1241 2481 1313 laboramus,
2524 1240 2823 1312 intelligere
2860 1238 2914 1295 id
2956 1235 3221 1305 temporis
3259 1234 3500 1306 obligata
3558 1240 3753 1290 mente

2142 1350 2255 1391 non
2284 1334 2579 1407 quivimus,
2610 1339 2795 1405 postea
2823 1330 2894 1387 ab
2920 1329 3171 1386 omnium
3213 1335 3436 1383 actuum
3472 1340 3541 1382 ac
3580 1324 3759 1382 visio-

2142 1442 2277 1484 num
2322 1427 2612 1499 illecebris,
2658 1425 3035 1499 praecipueque
3076 1430 3348 1480 nocturna
3392 1419 3751 1477 meditatione

2143 1520 2294 1578 taciti
2320 1521 2666 1590 revoltentes,
2694 1519 2896 1576 clarius
2924 1506 3222 1586 intuemur,
3248 1516 3321 1572 ita
3351 1523 3415 1571 ut
3444 1513 3755 1571 occultissi-

2142 1629 2367 1671 morum
2408 1628 2688 1683 sensuum,
2732 1626 2872 1686 quos
2916 1627 2988 1667 ne
3024 1610 3172 1667 tenui
3203 1608 3422 1681 quidem
3448 1606 3744 1681 'vigilantes

2147 1709 2457 1780 opinatione
2499 1708 2862 1781 percepimus,
2910 1704 3318 1778 quiescentibus
3361 1701 3518 1759 nobis
3556 1711 3613 1759 et
3655 1702 3747 1759 vel

439 1802 672 1873 pectoris
695 1804 775 1859 tui
793 1803 998 1876 jugiter
1022 1811 1324 1875 protegant,
1353 1811 1409 1859 et
1428 1818 1458 1858 a
1485 1803 1693 1860 cunctis
1718 1803 2039 1876 spiritalium
2068 1811 2115 1874 Β
2147 1802 2360 1873 soporis
2388 1810 2609 1873 stupore
2636 1799 2926 1867 demersis,
2954 1796 3306 1871 intelligentia
3325 1795 3613 1852 reveletur.

436 1894 803 1968 nequitiarum
845 1896 1154 1953 incursibus
1198 1895 1630 1952 obumbrabunt.
1664 1899 1736 1952 Et
1775 1896 1846 1951 ita
1886 1912 2042 1953 mens

436 1998 529 2047 tua
573 2005 687 2047 non
714 1991 895 2051 solum
938 1992 995 2047 in
1030 2007 1217 2048 arcam
1252 1991 1417 2047 divini
1450 1991 1806 2059 Testamenti,
1848 2005 2038 2047 verum

436 2084 604 2140 etiam
633 2083 690 2139 in
727 2099 961 2155 regnum
989 2084 1326 2142 sacerdotale
1361 2092 1634 2157 provecta,
1681 2098 1775 2154 per
1802 2082 2037 2140 indisso-

435 2174 661 2231 lubilem
708 2176 963 2246 puritatis
998 2176 1281 2244 affectum,
1332 2175 1739 2248 quodammodo
1780 2176 2037 2250 absorpta

435 2267 770 2338 spiritalibus
832 2268 1147 2339 disciplinis,
1213 2267 1348 2325 illud
1418 2268 1667 2340 implebit
1733 2269 2038 2341 pontiﬁcale

432 2360 783 2431 mandatum,
814 2362 964 2435 quod
990 2379 1021 2419 a
1056 2363 1362 2436 legislatore
1384 2363 1457 2420 ita
1487 2364 1797 2435 praecipitur
1828 2384 1841 2418 :
1874 2370 1945 2422 Et
1972 2367 2039 2421 de

430 2458 632 2512 sanctis
645 2471 750 2511 non
765 2457 1090 2527 egredietur,
1106 2475 1174 2515 ne
1182 2460 1397 2530 polluat
1413 2461 1786 2515 sanctuarium
1799 2462 1900 2517 Dei
1918 2458 2037 2531 (Le-

431 2551 528 2608 vii.
563 2550 717 2621 xxx),
746 2549 803 2605 id
831 2558 933 2618 est,
962 2567 1059 2608 cor
1085 2568 1274 2621 suum,
1305 2553 1364 2609 in
1391 2568 1502 2624 quo
1523 2553 1726 2625 jugiter
1760 2553 2037 2609 habitatu—

431 2654 565 2706 tum
593 2659 653 2701 se
683 2645 954 2702 Dominus
996 2647 1346 2719 repromittit,
1368 2647 1555 2703 dicens
1599 2665 1612 2703 :
1646 2647 1959 2704 Inhabitabo
1980 2649 2038 2702 in

2750 1893 2993 1950 CAPUT
3028 1894 3137 1949 XI.

2206 1992 2281 2045 De
2303 1987 2598 2058 multiplici
2615 1987 2883 2042 intellectu
2911 1986 3222 2040 divinarum
3251 1986 3677 2054 Scripturarum.

2217 2084 2505 2140 Crescente
2564 2089 2745 2138 autem
2790 2096 2886 2153 per
2932 2080 3039 2136 hoc
3098 2078 3348 2136 studium
3401 2074 3757 2133 innovatione

2146 2178 2345 2234 mentis
2390 2186 2617 2247 nostrae,
2665 2176 2834 2233 etiam
2867 2177 3269 2248 Scripturarum
3317 2162 3507 2230 facies
3535 2171 3751 2244 incipiet

2144 2272 2410 2342 innovari,
2431 2281 2489 2329 et
2514 2272 2828 2329 sacratioris
2847 2270 3215 2343 intelligentia
3233 2266 3584 2341 pulchritudo
3609 2281 3753 2340 quo-

2146 2366 2448 2424 dammodo
2473 2382 2601 2421 cum
2631 2365 2945 2438 proficiente
2965 2365 3233 2438 proficiet.
3264 2357 3283 2395 ¹
3306 2366 3416 2420 Pro
3447 2362 3749 2434 capacitate

2145 2460 2290 2516 enim
2328 2460 2702 2517 humanorum
2729 2475 3013 2527 sensuum,
3038 2474 3231 2515 earum
3276 2472 3493 2530 quoque
3532 2455 3749 2528 species

2145 2561 2454 2626 coaptatur,
2484 2561 2539 2609 et
2582 2552 2665 2610 vel
2699 2560 2914 2609 terrena
2941 2552 3270 2620 carnalibus,
3318 2550 3403 2605 vel
3431 2549 3610 2605 divina
3633 2548 3751 2621 spi-

2148 2646 2391 2703 ritalibus
2415 2646 2716 2720 apparebit,
2748 2645 2823 2702 ita
2862 2654 2926 2702 ut
2951 2645 3005 2702 bi
3046 2645 3246 2719 quibus
3273 2652 3435 2701 antea
3469 2641 3757 2700 videbatur

1530 2801 1787 2857 ALARDI
1824 2802 2054 2857 GAZASI
2091 2799 2648 2858 COMMENTARIUS.

428 2932 531 2991 Dei
573 2935 817 2989 debemus
860 2933 1050 2987 habere
1099 2934 1443 3004 descriptam.
1500 2936 1624 2988 Haec
1662 2938 1841 2987 autem
1887 2948 2034 2989 mens

431 3017 597 3059 aurea
614 3006 766 3059 debet
788 3018 918 3065 esse,
949 3005 1010 3056 id
1029 3008 1125 3065 est,
1155 3020 1294 3071 pura
1313 3008 1363 3056 et
1378 3005 1631 3072 pretiosa,
1663 3004 1721 3056 in
1744 3019 1852 3072 qua
1870 3004 2034 3070 legem

429 3074 535 3143 Dei
561 3089 766 3141 semper
793 3074 1082 3126 habeamus
1110 3073 1449 3141 descriptam,
1482 3074 1619 3126 sicut
1638 3074 1771 3127 dicit
1798 3074 2035 3143 Aposto-

434 3142 520 3196 lus
536 3158 556 3196 :
573 3143 836 3211 Scriptum
857 3158 963 3195 non
980 3147 1296 3204 atramento,
1318 3144 1414 3196 sed
1431 3143 1642 3211 Spiritu
1666 3145 1761 3197 Dei
1770 3142 1899 3211 vivi,
1927 3160 2033 3199 non

432 3214 494 3265 in
519 3212 721 3267 tubulis
751 3213 1001 3283 lapideis,
1042 3213 1136 3267 sed
1159 3215 1215 3266 in
1246 3214 1445 3267 tabulis
1484 3213 1660 3267 cordis
1702 3216 2032 3279 carnalibus,

433 3290 538 3338 etc.
571 3284 644 3348 (ll
677 3284 801 3357 Cor.
845 3283 966 3355 ιιι).
1000 3286 1073 3357 At
1106 3286 1178 3357 ι).
1213 3283 1511 3357 Gregorius
1549 3284 1665 3340 haec
1692 3283 1761 3357 de
1803 3286 2036 3357 praelatis

435 3361 489 3408 et
523 3354 841 3428 rectoribus
866 3353 1207 3428 peculiariter
1249 3353 1655 3428 interpretatur,
1675 3356 1748 3428 _in
1796 3353 2034 3428 quorum

432 3424 729 3493 mentibus,
763 3424 910 3481 velut
949 3425 1002 3480 id
1048 3440 1172 3480 arca
1207 3424 1557 3495 Testamenti,
1604 3425 1765 3483 debet
1792 3424 1910 3483 esse
1938 3443 2037 3482 co-

434 3495 602 3565 gnitio
641 3495 1034 3577 divinm‘legis,
1065 3511 1189 3566 quae
1224 3511 1320 3566 per
1354 3496 1937 3577 tabul_as_designa_tur,
1982 3507 2038 3577 et

436 3579 636 3640 manna
679 3566 1000 3640 dulcedinis,
1046 3581 1143 3640 seu
1190 3566 1743 3640 mansuetudinis,get
1784 3569 1929 3640 virga
1966 3568 2040 3624 di-

438 3635 735 3710 trictionis
754 3645 809 3689 et
832 3636 1129 3710 severitatis
1154 3656 1173 3710 γε
1209 3638 1483 3710 Miscenda
1524 3638 1827 3710 est,inquit
1867 3635 2031 3703 (Libr.

438 3719 529 3760 xx-
549 3706 740 3760 Moral.
772 3721 883 3775 cap.
929 3711 964 3760 6
986 3708 1280 3777 etEpistol.
1305 3707 1395 3760 lib.
1428 3721 1449 3760 ι
1476 3723 1519 3760 c.
1557 3709 1664 3777 24),
1700 3706 1891 3765 lenitas
1918 3726 2036 3765 cum

438 3777 737 3839 severitate,
755 3781 804 3831 et
819 3776 1131 3843 faciendum
1147 3777 1419 3846 quoddam
1437 3793 1504 3831 ea:
1525 3776 1758 3847 utraque
1778 3784 2074 3849 temperas‘

438 3851 695 3909 mentum,
724 3852 787 3902 ut
814 3863 983 3917 neque
1008 3849 1181 3901 multa
1207 3851 1498 3917 asperitate
1521 3850 1887 3903 emulcerentur
1908 3853 2033 3905 sub-

428 3917 579 3985 jecti,
601 3934 770 3987 neque
788 3921 963 3973 nimia
984 3919 1315 3987 benignitate
1331 3922 1621 3973 solvantur.
1648 3923 1755 3975 Hoc
1778 3924 2037 3977 nimirum

438 3989 536 4042 illa
581 3991 920 4044 tabernaculi
956 4005 1085 4043 arca
1111 3991 1400 4059 significat,
1447 3991 1500 4043 in
1534 4006 1641 4059 qua
1689 4006 1808 4045 cum
1839 3993 2037 4048 tabulis

441 4061 600 4128 virga
626 4062 789 4115 simul
808 4065 860 4115 et
889 4076 1091 4114 manna
1120 4065 1230 4127 est;
1253 4064 1383 4130 quia
1408 4077 1526 4115 cum
1547 4062 1844 4131 Scriptura:
1870 4080 2038 4119 sacra:

437 4131 661 4185 scientia
692 4134 750 4187 in
795 4132 919 4186 boni
938 4135 1177 4201 pastoris
1196 4137 1424 4202 pectore,
1465 4135 1517 4186 si
1543 4137 1622 4187 est
1657 4136 1816 4203 virga
1845 4134 2040 4190 distri-

439 4204 646 4266 ctionis,
672 4204 746 4258 sit
767 4208 817 4259 et
844 4219 1046 4257 manna
1070 4203 1387 4257 dulcedinis.
1423 4206 1500 4258 De
1529 4204 1642 4259 aliis
1676 4204 2036 4266 signiﬁcatio-

438 4273 598 4346 nibus
635 4289 776 4346 arca;
820 4274 1175 4337 Testamenti,
1225 4275 1703 4346 videOrigenem,
1737 4273 1831 4330 lib.
1866 4290 1943 4331 ιιι
1985 4277 2039 4332 in

438 4344 610 4417 _Epist.
664 4345 732 4399 ad
771 4348 1076 4417 Romanos,
1125 4344 1570 4417 Ambrosium'in
1621 4345 1779 4417 epist.
1828 4346 1896 4401 ad
1926 4349 2036 4402 He-

2143 2932 2285 2987 vinae
2329 2932 2463 3004 legis
2505 2946 2723 3004 vacare;
2779 2930 2874 2988 sed
2922 2928 3351 3004 frequentissime
3387 2929 3595 3004 debere
3630 2930 3746 3004 ani:

2146 3018 2296 3075 mum
2321 3000 2544 3075 ad'legis
2568 3010 2837 3075 praecepta
2876 3000 3150 3075 revocare,
3179 3000 3401 3075 lectioni
3433 3010 3489 3056 et
3518 3000 3741 3056 orationi

2144 3072 2828 3144 frequenter'incunibere,
2860 3081 2915 3129 et
2956 3072 3148 3129 divina
3186 3073 3319 3144 legis
3357 3088 3585 3144 suaeque
3622 3086 3745 3144 pro-

2147 3143 2396 3224 fessionis
2440 3160 2742 3224 inertiorem
2772 3159 2989 3224 semper
3012 3160 3150 3209 esse,
3186 3143 3557 3224 dumaliqu’id
3596 3143 3743 3224 cogi-

2145 3216 2393 3283 tandum,
2425 3215 2739 3284 dicendum,
2780 3213 3089 3271 faciendum
3128 3213 3740 3285 occurrit;ppraesertim

2147 3286 2240 3341 ubi
2271 3287 2569 3358 periculum
2588 3296 2670 3342 est
2688 3283 2756 3341 ne
2766 3285 2979 3357 justitia
3007 3285 3088 3342 vel
3111 3285 3302 3358 religio
3326 3283 3561 3340 violetur
3582 3284 3743 3352 (Vide

2072 3341 2116 3403 C
2147 3341 2318 3428 supr‘a
2344 3359 2530 3414 Collat.
2570 3341 2637 3413 ιό
2660 3341 2787 3428 αιρῖ
2807 3341 2879 3427 4).

2215 3424 2242 3462 δ
2275 3428 2548 3484 Utilitates
2571 3424 2741 3484 sacra}
2763 3424 3006 3483 lectionis
3024 3433 3077 3482 et
3105 3425 3482 3497 meditationis
3498 3424 3749 3497 superius

2146 3498 2496 3569 exposuimus
2539 3515 2553 3552 :
2602 3498 2801 3569 quibus
2834 3498 2974 3553 adde
3014 3497 3254 3569 duplices
3299 3496 3388 3551 hic
3432 3496 3747 3563 recensitas,

2145 3568 2291 3637 Quas
2314 3569 2502 3624 itidem
2524 3568 2732 3624 notavit
2752 3569 2995 3625 Isidorus
3016 3568 3106 3624 lib;
3134 3584 3205 3624 ιιι
3228 3568 3295 3623 de
3309 3571 3543 3624 Summo
3566 3570 3741 3632 Bono,

2145 3656 2261 3711 cap.
2285 3645 2318 3693 8
2347 3659 2359 3693 :
2382 3643 2676 3703 Geminum,
2698 3640 2971 3710 inquiens,
2994 3641 3197 3711 confert
3221 3640 3417 3693 donum
3446 3640 3602 3692 lectio
3621 3653 3751 3711 san-

2146 3716 2350 3764 ctorum
2394 3713 2820 3780 Scripturarum,
2870 3713 2979 3764 sive
3014 3710 3159 3780 quod
3184 3711 3497 3763 intellectum
3541 3710 3744 3780 mentis

2144 3782 2345 3844 erudit,
2366 3795 2457 3835 seu
2484 3781 2627 3849 quod
2646 3798 2679 3835 a
2696 3781 2889 3835 mundi
2905 3782 3223 3835 vanitatibus
3239 3780 3495 3849 nemnem
3508 3779 3736 3849 abstra-

2144 3858 2286 3977 otium
2312 3852 2387 3905 ad
2413 3846 2647 3906 am—orem
2677 3855 2775 3908 Dei
2795 3853 3061 3922 perducit.
3112 3851 3355 3921 Idemque
3391 3846 3741 3919 Smaragdus

2145 3938 2181 3977 ιι
2223 3938 2239 3977 ι
2270 3938 2451 3977 supra.

2145 3938 2239 3977 unt
2270 3938 2451 3978 supra.

2218 3941 2744 4050 lggranmbrosius
2781 3993 2837 4049 in
2874 3991 3117 4065 quodam
3158 4004 3409 4065 sermone
3450 3987 3645 4065 (Serm.
3677 3986 3753 4065 de

2138 4064 2348 4135 jejunio
2372 4069 2610 4135 Domini)
2644 4083 2656 4120 :
2688 4062 2981 4121 Sacrorum
3002 4066 3315 4135 litterarum
3342 4062 3489 4115 lectio
3522 4062 3645 4135 ipsa
3659 4063 3751 4135 _e_st

2146 4130 2280 4198 esca,
2296 4130 2856 4206 quievitam'a’ternam
2877 4136 3088 4198 tribuit,
3109 4140 3157 4189 et
3172 4134 3404 4189 insidias
3418 4132 3628 4206 anobis
3638 4130 3749 4206 dia-

2151 4201 2329 4278 bolica}
2368 4209 2682 4263 tentationis
2707 4207 2965 4262 excludit.
2995 4206 3423 4278 Chrysostompus
3452 4201 3649 4278 bomil.
3678 4204 3746 4278 2_5

2148 4276 2203 4331 in
2231 4278 2491 4333 Genesim
2525 4298 2537 4333 :
2573 4278 2724 4346 Quod
2744 4278 2818 4332 ad
2840 4274 3120 4346 augendas
3142 4276 3384 4346 corporis
3413 4276 3554 4327 vires
3578 4274 3744 4326 sensi-

2151 4348 2270 4401 bilis
2310 4349 2457 4403 cibus
2480 4351 2638 4417 fucit,
2667 4349 2727 4402 id
2762 4350 2961 4402 anima:
2986 4349 3134 4402 lectio
3156 4347 3459 4417 Bibliorum
3494 4346 3743 4417 prastat.

438 4412 617 4488 brazos
644 4429 760 4488 cap.
790 4429 876 4488 ut,
904 4414 1172 4468 lsidorum
1203 4416 1635 4488 super_Exod_um
1654 4412 1781 4487 'cap.
1811 4433 1951 4473 XLIII
1985 4427 2042 4474 et
2147 4412 3016 4488 Spiritualeehimalimentumest,
3032 4423 3083 4473 et
3095 4420 3289 4485 fortem
3304 4412 3746 4488 redditanimam

441 4482 778 4609 gerinalrldum
829 4483 884 4536 in
943 4498 1194 4538 sermone
1245 4484 1483 4554 quodam
1521 4486 1587 4540 de
1645 4482 1806 4542 Beata
1863 4489 2039 4544 Maria

502 4567 539 4606 ιι
567 4594 579 4606 .
671 4596 682 4606 .

502 4567 579 4606 ιιι.
611 4567 682 4606 ΙΙ.

511 4625 537 4656 ³
562 4622 768 4680 Allndit
795 4623 865 4681 ad
885 4622 1017 4679 illud
1049 4622 1197 4695 quod
1217 4624 1432 4696 subjicit
1464 4626 1761 4695 Apostolus
1796 4627 1998 4686 ibidem
2022 4650 2034 4686 :

2149 4486 2199 4543 et
2222 4494 2563 4552 constantem,
2593 4505 2699 4544 non
2728 4492 3040 4557 permittens
3068 4494 3183 4543 uta
3212 4486 3632 4557 cogitationibus
3648 4486 3749 4557 rab-

2149 4507 2199 4543 οι
2222 4507 2563 4552 οοηειαητεηι,
2593 4507 2699 4544 non
2770 4507 3040 4544 ermmens
3068 4507 3131 4543 ui
3149 4507 3183 4542 a
3212 4507 3632 4557 COglltllwn‘wus
3656 4507 3739 4538 ao-

2146 4561 2327 4636 surdis
2345 4562 2633 4636 capiatur;
2656 4507 2768 4615 sed)
2770 4562 2930 4636 levem
2945 4564 2995 4615 et
3004 4561 3219 4636 alutam
3237 4560 3468 4636 faciens,
3486 4560 3543 4610 in

2147 4633 2342 4701 ipsum,
2364 4624 2427 4685 ut
2449 4631 2673 4694 dicitur,
2692 4634 2974 4699 transfert.
3002 4634 3065 4687 D.
3094 4624 3405 4701 Augustino
3429 4628 3531 4701 hoc
3552 4624 3738 4701 itidem

438 4696 717 4784 §upergue
739 4696 1102 4784 eamla‘rcam)
1149 4695 1601 4752 erant’cherubim
1640 4698 1826 4765 gloria:
1852 4701 2034 4756 obum-
2070 4721 2121 4784 Β
2150 4695 2450 4784 remedium
2478 4712 2795 4784 suggestum
2833 4695 2933 4768 est,
2961 4709 3027 4784 ut
3049 4716 3077 4757 e
3096 4695 3256 4784 coeno
3287 4695 3743 4784 lumnas-traxit?

442 4767 653 4824 brantia
683 4770 1149 4840 propitiatorium.

509 4838 921 4915 {consentiunt
964 4840 1174 4909 Patres,
1211 4838 1523 4915 Dionysius
1561 4843 1886 4915 Areopagita
1928 4859 2039 4900 cm-

440 4907 929 4985 lest_is_liierarcl_1ize
949 4927 1066 4979 cap.
1097 4918 1127 4966 7
1153 4907 1167 4965 ἑ
1198 4907 1419 4968 Sanctos
1444 4914 1655 4981 quidem
1678 4907 1944 4985 sbriphim
1968 4918 2033 4983 ii,

479 4982 542 5032 ui
563 4979 800 5032 Hebrwa:
829 4982 1026 5052 linguai
1052 4985 1223 5049 periti
1245 4989 1388 5045 sunt,
1417 4979 1766 5052 incendentes,
1790 4979 1918 5041 'sive
1945 4979 2039 5040 iné

515 5053 773 5104 mmantes
787 5069 803 5115 ;
820 5051 1088 5104 cherubim
1100 5069 1160 5108 ve
1170 5068 1226 5105 ro
1244 5053 1640 5111 multitudinem
1654 5051 1906 5120 scientia,
1929 5060 2042 5112 sive

441 5124 720 5198 sapientia
745 5123 1069 5198 effusionem
1087 5125 1387 5198 signiﬁcare
1412 5129 1586 5181 aiunt.
1622 5129 1739 5182 Div.
1770 5128 2036 5198 Hierony-

441 5206 567 5268 mus
589 5193 743 5263 epist.
783 5197 878 5268 [03
910 5195 1149 5268 :_Verum
1168 5195 1456 5268 pherubim
1484 5198 1630 5268 quod
1647 5193 2038 5268 interpretatur

438 5266 673 5339 scientia
688 5263 1126 5339 multitudo,etc.
1150 5265 1442 5337 Gregorius
1465 5263 1671 5323 x'xxm
1698 5263 1888 5339 Mo'ral.
1909 5283 2030 5339 cap.

441 5336 529 5409 25.
544 5336 751 5409 Clierub
761 5337 1050 5409 plenitudo
1063 5336 1300 5393 scientiis
1314 5341 1718 5409 interpretatur.
1739 5336 1872 5393 Vide
1883 5336 2034 5394 eum-

439 5404 797 5480 demibomil:
815 5414 882 5463 25
909 5408 962 5462 in
997 5409 1305 5480 Evangelia.

507 5487 529 5513 ο
550 5478 619 5551 _ld
642 5487 745 5545 est,
771 5477 1211 5551 frequentissime
1240 5477 1488 5551 legenda,
1520 5477 1831 5551 scrutanda,
1857 5480 2029 5537 medi-

437 5548 600 5604 tanda
633 5569 647 5603 ε
676 5565 740 5605 eo
770 5566 846 5606 sc.
874 5548 1061 5617 modo,
1089 5566 1199 5621 quo
1219 5548 1351 5605 illud
1370 5550 1694 5621 exponitur:
1720 5548 1846 5608 Sine
1862 5555 2031 5609 inter-

438 5622 880 5693 missioneporate,
906 5629 963 5674 et
988 5621 1122 5676 illud
1150 5621 1335 5693 psalst
1367 5640 1378 5676 :
1406 5624 1478 5678 Et
1496 5625 1553 5677 in
1583 5623 1695 5692 lege
1724 5625 1838 5693 ejus
1858 5625 2031 5678 medio

438 5690 641 5745 tabitur
668 5690 777 5755 die,
799 5706 861 5742 ac
887 5695 1057 5764 nocte,
1089 5700 1145 5744 et
1172 5692 1368 5764 similia
1401 5712 1415 5744 :
1445 5708 1555 5746 non
1582 5690 1726 5764 enim
1743 5690 2030 5764 signiﬁca-

437 5767 529 5842 tu_r
554 5773 667 5813 non
696 5772 866 5842 posse
905 5758 1188 5838 hominem
1219 5762 1434 5842 justum
1462 5769 1559 5815 aut
1601 5758 1915 5842 religiosum
1949 5764 2031 5842 vel

437 5829 504 5884 ad
547 5835 812 5898 punctum
849 5827 1112 5896 temporis
1148 5842 1179 5881 a
1219 5827 1448 5884 lectione
1480 5838 1533 5883 et
1580 5827 1929 5890 meditatione
1956 5835 2036 5893 di-

2150 4772 2369 4846 tandem
2399 4766 2719 4843 emeriéret.
2751 4773 2887 4828 Nam
2920 4766 2979 4846 ut
3002 4774 3111 4843 ipse
3141 4770 3306 4827 refert
3324 4772 3388 4846 in
3420 4768 3565 4846 libris
3588 4766 3742 4846 (109-.

2150 4842 2446 4899 lessionum
2479 4835 2615 4910 (Lib.
2643 4858 2748 4900 vm
2779 4861 2823 4899 c.
2870 4843 2979 4915 12),
3007 4835 3133 4915 cum
3158 4857 3225 4915 se,
3252 4841 3355 4915 sub
3382 4839 3624 4915 quadam
3660 4835 3743 4892 ﬁci

2147 4915 2341 4986 arbore
2386 4917 2684 4982 stravisset,
2729 4930 2874 4986 cum”
2900 4909 3416 4986 laerymisdivinam
3445 4909 3745 4986 implorans

2148 4985 2398 5059 gratiam,
2430 4980 2726 5059 vocemque
2754 4984 2994 5059 audisset
3007 4980 3035 5059 ξ
3064 4985 3223 5059 Tolle,
3248 4985 3360 5051 lege
3369 5000 3401 5059 ;7
3427 4982 3575 5043 tolle,
3594 4980 3737 5059 lege;

2148 5051 2396 5111 concitus
2437 5057 2602 5113 rediit
2625 5051 2693 5111 ad
2720 5058 2900 5129 locum
2941 5054 3034 5111 ubi
3079 5055 3340 5129 codicem
3374 5051 3626 5129 Apostoli
3647 5062 3737 5129 re.-

2149 5136 2421 5198 posuerat.
2453 5129 2706 5199 Arripui,
2731 5126 2997 5201 inquiens,
3026 5128 3222 5196 aperui
3246 5128 3297 5179 et
3320 5121 3511 5201 legi‘in
3531 5121 3751 5201 silentio

2149 5192 2445 5274 ὃαρέεαιαηι
2468 5215 2572 5274 φφ
2586 5192 2832 5274 Ξανίπιηῆι
2848 5192 3215 5274 maritimi
3232 5192 3530 5274 θσέιιίπιεῖίξ
3544 5192 3665 5274 ἕοτι
3682 5192 3741 5274 ίτὲ

2150 5261 2617 5325 οοῑηθεεαιίοὴἰὸιιὲ
2662 5275 2714 5325 et
2754 5261 3122 5336 ebrietdtibus,
3160 5283 3265 5322 non
3294 5270 3353 5320 in
3386 5261 3657 5336 cubilibus
3680 5262 3743 5336 Aet

2094 5364 2101 5371 ι
2147 5341 2521 5409 impudicitiis,
2548 5357 2652 5395 non
2674 5344 2729 5395 in
2745 5342 3072 5395 contentione
3088 5332 3140 5394 et
3157 5339 3523 5402 aemulatione,
3549 5332 3647 5409 sed
3667 5333 3751 5409 ἰη-

2145 5407 2383 5465 duimini
2405 5414 2689 5467 Dominum
2729 5415 2910 5468 Iesum
2951 5411 3226 5468 Christum
3258 5411 3426 5477 (Rom.
3482 5407 3745 5477 xn);_et,

2146 5482 2340 5538 Curam
2363 5485 2539 5538 carnis
2562 5499 2627 5538 ne
2652 5484 2886 5551 feceritis
2912 5483 2971 5537 in
2992 5474 3443 5551 concupiscentiis.
3466 5477 3568 5531 Nec
3587 5474 3747 5551 ultra

2142 5554 2294 5626 potui
2317 5555 2501 5623 legere,
2532 5571 2625 5609 nec
2652 5546 2783 5625 opus
2812 5558 2947 5608 erat.
2976 5546 3179 5626 Statim
3224 5554 3447 5626 ριιὶρικΔ
3467 5560 3586 5600 cum
3635 5546 3762 5626 ﬁni

2144 5624 2304 5695 hujus
2340 5612 2633 5688 scutentiw,
2672 5612 2834 5696 quasi
2865 5626 2977 5680 luce
3008 5612 3543 5696 securitatis-infusa
3592 5612 3756 5670 cordi

2142 5694 2289 5771 map,
2302 5712 2482 5771 omnes
2509 5694 2871 5771 dubitationis
2902 5696 3125 5771 teneer
3153 5694 3545 5771 diffuggrunta
3597 5760 3606 5771 .

2217 5764 2236 5800 ¹
2264 5768 2548 5840 Physicum
2572 5777 2653 5824 est
2679 5766 2894 5823 axioma
2921 5786 2934 5820 :
2959 5758 3335 5840 Quidquidest
3351 5766 3412 5817 in
3432 5758 3755 5840 recipiente:

2144 5842 2223 5893 est
2238 5833 2583 5907 per'modum
2609 5840 2936 5909 recipientis,
2967 5833 3219 5908 Quod'hic
3241 5839 3435 5906 aptare
3458 5833 3595 5889 licet.
