4034 6212
225 310 314 367 973

220 431 400 489 crassis
426 431 752 504 quibusdam
780 431 997 491 nebulis
1026 432 1288 503 involuta,
1316 449 1416 490 nec
1437 432 1793 489 subtilitatem

215 524 325 598 ejus
355 524 781 597 deprehendere,
806 542 909 584 nec
942 525 1214 600 fulgorem
1241 527 1457 584 valeant
1499 526 1790 583 sustinere.

215 620 317 679 Sed
336 630 392 677 ut
414 621 518 678 hoc
539 622 719 695 ipsum
746 622 895 695 quod
923 631 1174 681 astruere
1203 623 1450 693 nitimur,
1472 623 1655 694 aliquo
1678 624 1791 680 cla-

213 716 317 773 rius
341 714 610 787 pandatur
637 716 909 789 exemplo,
930 733 1102 774 unum
1125 717 1255 790 legis
1278 716 1656 773 testimonium
1679 731 1795 787 pro-

209 808 386 865 tulisse
430 808 670 866 sufﬁciat
692 852 708 879 ,
750 826 848 882 per
884 810 1033 883 quod
1075 811 1243 868 etiam
1284 810 1469 868 omnia
1524 815 1796 883 praecepta

206 902 436 959 cmlestia
469 902 771 960 secundum
798 919 1114 962 mensuram
1136 912 1318 963 status
1345 904 1514 961 nostri
1533 903 1603 961 ad
1628 917 1794 959 omne

208 994 487 1051 hominum
519 1011 690 1068 genus
719 996 1017 1068 probemus
1044 997 1281 1055 extendi.
1313 998 1588 1069 Scriptum
1629 1004 1714 1053 est
1740 996 1797 1052 in

204 1086 315 1161 lege
340 1106 356 1141 :
381 1090 499 1153 Non
540 1089 899 1157 fornicaberis
924 1090 1293 1163 (Ea-orig“).
1327 1092 1451 1148 Hoc
1473 1090 1542 1147 ab
1571 1089 1796 1148 homine

201 1180 497 1237 carnalium
530 1182 712 1240 adhuc
752 1184 1153 1241 obscenitatum
1180 1185 1532 1258 passionibus
1554 1185 1793 1258 obligato

198 1275 497 1333 secundum
520 1276 827 1350 simplicem
851 1279 1053 1336 littera;
1078 1295 1278 1337 sonum
1300 1280 1590 1337 salubriter
1612 1288 1796 1336 custo-

194 1367 360 1426 ditur.
387 1370 473 1427 Ab
501 1386 570 1428 eo
596 1379 779 1427 autem
808 1372 899 1445 qui
921 1373 1042 1447 jam
1067 1372 1136 1429 ab
1165 1370 1268 1429 hac
1293 1374 1507 1429 actione
1524 1372 1790 1428 lutulenta

192 1470 246 1519 et
281 1463 501 1535 impuro
546 1464 795 1522 discessit
835 1463 1070 1536 affectu,
1112 1475 1138 1502 ⁸
1172 1480 1390 1522 necesse
1430 1472 1512 1522 est
1550 1464 1791 1538 idipsum

184 1556 503 1630 spiritaliter
528 1558 824 1629 observari,
862 1568 926 1616 ut
949 1560 1157 1616 scilicet
1181 1575 1296 1616 non
1323 1559 1506 1616 solum
1544 1574 1577 1615 a
1615 1574 1787 1616 caere—

187 1651 385 1708 moniis
408 1649 687 1708 idolorum
710 1695 726 1721 ,
768 1652 866 1710 sed
892 1652 1058 1709 etiam
1095 1654 1163 1709 ab
1200 1653 1358 1709 omni
1408 1652 1792 1725 superstitione

182 1744 477 1816 gentilium
529 1753 585 1802 et
616 1746 975 1818 auguriorum
1021 1746 1379 1818 omniumque
1424 1745 1707 1818 signorum
1740 1753 1795 1802 et

182 1835 402 1894 dierum
427 1853 498 1893 ac
512 1846 827 1909 temporum
851 1839 1231 1896 observatione
1247 1839 1508 1908 discedat,
1534 1839 1615 1895 vel
1631 1848 1784 1896 certe

180 1945 252 1986 ne
276 1930 650 2003 quorumdam
674 1931 966 1988 verborum
998 1940 1094 1988 aut
1121 1932 1412 1987 nominum
1438 1932 1789 2005 conjecturis,

184 2037 312 2094 qua:
356 2023 729 2080 sinceritatem
752 2023 876 2081 fidei
915 2034 1121 2081 nostra:
1150 2025 1438 2096 polluunt,
1468 2025 1785 2096 implicetur.

178 2117 303 2170 Hac
331 2115 484 2171 enim
505 2116 864 2173 fornicatione
890 2118 1062 2174 etiam
1085 2118 1388 2175 Jerusalem
1426 2117 1629 2175 dicitur
1656 2135 1793 2175 con-

178 2214 455 2278 stuprata,
488 2224 613 2280 qua:
648 2212 918 2277 fornicata
946 2217 1026 2267 est
1058 2213 1121 2266 in
1147 2214 1296 2266 omni
1319 2212 1447 2267 colle
1474 2212 1716 2280 sublimi,
1745 2218 1797 2268 et

175 2301 279 2357 sub
298 2304 457 2357 omni
476 2304 622 2372 ligno
641 2305 896 2371 frondoso
929 2306 1134 2377 (Jerem.
1160 2311 1277 2373 ιιι).
1311 2309 1384 2361 Et
1402 2322 1567 2377 quam
1596 2305 1793 2362 Domi-

175 2410 283 2452 nus
307 2395 516 2451 iterum
543 2396 834 2470 increpans
870 2415 966 2471 per
992 2400 1343 2472 prophetam:
1369 2402 1551 2465 Stent,
1585 2400 1788 2472 inquit,

170 2495 225 2547 et
251 2492 473 2547 salvent
491 2496 541 2547 te
573 2507 802 2563 augures
825 2496 956 2559 cali,
983 2497 1084 2565 qui
1098 2495 1590 2565 contemplabantur
1609 2494 1792 2549 sidera

169 2589 226 2640 et
254 2587 649 2656 supputabunt
662 2603 886 2653 menses,
918 2593 978 2645 ut
1000 2605 1069 2644 ear:
1091 2592 1165 2645 eis
1188 2590 1581 2644 annuntiarent
1606 2594 1790 2643 ventu-

166 2693 235 2733 ra
261 2679 377 2734 tibi
397 2678 583 2750 (Isaia
602 2682 817 2750 XLVII).
850 2686 931 2738 De
948 2698 1055 2754 qua
1081 2681 1437 2738 fornicatione
1465 2690 1519 2737 et
1538 2681 1666 2737 alibi
1696 2697 1790 2738 ar-

163 2785 344 2843 guens
367 2786 473 2827 eos
490 2773 788 2841 Dominus,
809 2774 888 2829 ait
918 2795 932 2830 :
950 2777 1185 2845 Spiritus
1195 2778 1566 2844 fornicationis
1584 2776 1792 2845 decepit

160 2876 269 2927 eos,
309 2867 366 2919 et
393 2866 669 2932 fornicati
705 2871 831 2923 sunt
866 2884 902 2922 a
925 2870 1028 2923 Deo
1081 2884 1177 2925 suo
1209 2868 1344 2940 (Ose.
1380 2871 1488 2937 IV).
1525 2867 1785 2939 Quisquis

157 2969 301 3010 vero
346 2970 382 3009 a
414 2955 636 3024 gemina
660 2956 764 3011 hac
798 2956 1164 3016 fornicatione
1183 2960 1527 3029 discesserit,
1564 2959 1787 3017 habebit

158 3044 397 3102 tertiam
429 3060 598 3116 quam
628 3046 853 3116 devitet,
870 3063 994 3118 qua:
1014 3050 1072 3104 in
1085 3050 1202 3122 lege
1227 3060 1283 3107 et
1307 3052 1575 3107 Judaismi
1594 3067 1787 3123 super-

155 3138 505 3195 stitionihus
548 3138 874 3195 continetur.
907 3142 989 3196 De
1014 3142 1213 3210 quibus
1255 3144 1554 3215 Apostolus
1606 3147 1786 3210 :Dies,

153 3237 369 3311 inquit,
399 3237 705 3292 observatis
724 3243 775 3293 et
800 3254 997 3294 menses
1009 3243 1062 3293 et
1078 3243 1316 3310 tempora
1330 3245 1382 3296 et
1394 3258 1562 3297 annos
1589 3242 1789 3313 (Galat.

150 3336 271 3400 Iv).
307 3336 388 3388 Et
434 3333 645 3389 iterum
677 3350 691 3388 :
742 3336 819 3391 Ne
847 3337 1104 3403 tetigeris,
1152 3352 1219 3391 ne
1262 3338 1597 3405 gustaveris,
1631 3353 1800 3408 neque

1112 307 1446 366 COLLATIO
1484 308 1622 364 XIV.
1660 336 1732 350 -
1769 308 1859 363 DE
1896 310 2230 374 SPlBlTALl
2267 318 2596 377 SCIENTIA.

3404 336 3506 391 974

1824 436 1878 501 Α
1905 438 2348 509 conjecturaveris
2375 446 2592 510 (Coloss.
2621 446 2708 518 ιι).
2740 449 2876 517 Qum
2908 447 2977 506 de
3003 430 3504 527 superstitionibus,

1902 530 2038 605 legis
2072 533 2222 592 dicta
2251 551 2366 593 esse
2389 553 2501 594 non
2527 537 2759 597 dubium
2783 548 2892 609 est,
2930 541 2986 598 in
3029 560 3165 615 quas
3192 546 3240 602 si
3267 548 3393 619 quis
3421 549 3505 606 in-

1902 625 2116 697 ciderit,
2142 631 2502 701 proculdubio
2513 632 2818 691 mmchatus
2841 635 3117 706 aChristo,
3144 639 3214 695 ab
3234 641 3505 713 Apostolo

1902 734 2014 775 non
2035 727 2274 779 meretur
2296 723 2487 780 audire
2515 743 2529 777 :
2562 727 2833 813 Despondi
2853 731 2993 784 enim
3010 746 3102 786 vos
3126 736 3228 787 uni
3249 737 3368 789 viro
3389 738 3507 789 vir-

1904 815 2080 881 ginem
2107 823 2313 872 castam
2340 818 2589 875 exhibere
2615 820 2821 877 Christo
2843 818 2912 893 (ll
2940 824 3065 880 Cor.
3092 828 3218 895 x1);
3251 827 3346 884 sed
3372 828 3505 887 illud

1904 905 1976 963 ad
2004 923 2130 964 eum
2154 909 2302 982 quod
2325 911 2570 983 sequitur
2590 928 2723 970 voce
2743 913 2989 986 ejusdem
3017 919 3270 988 Apostoli
3298 920 3503 995 dirige-

1904 1007 2024 1056 tur:
2054 1005 2230 1059 Timeo
2253 1010 2435 1060 autem
2464 1022 2577 1070 vos,
2606 1022 2673 1062 ne
2692 1012 2835 1063 sicut
2856 1025 3071 1080 serpens
3098 1016 3321 1071 seduxit
3333 1018 3502 1071 Evam

1904 1098 2111 1150 astutia
2133 1111 2254 1160 sua,
2276 1099 2360 1153 ita
2379 1104 2798 1169 corrumpantur
2812 1117 2997 1157 sensus
3012 1109 3181 1160 vestri
3190 1123 3225 1160 a
3244 1111 3499 1178 simplici-

1903 1194 2013 1245 tate
2034 1207 2155 1259 quce
2182 1196 2258 1247 est
2288 1194 2345 1248 in
2375 1194 2584 1250 Christo
2606 1197 2731 1249 Jesu
2760 1194 2964 1263 (Ibid.).
2998 1197 3160 1265 Quod
3187 1200 3232 1254 si
3261 1199 3498 1257 immun-

1900 1280 2091 1339 ditiam
2129 1283 2292 1356 hujus
2318 1299 2536 1357 quoque
2564 1282 2943 1343 fornicationis
2970 1286 3247 1361 effugerit,
3281 1291 3500 1349 habebit

1899 1385 2152 1448 quartam
2181 1393 2304 1450 quae
2339 1377 2577 1435 hmretici
2607 1380 2882 1453 dogmatis
2918 1380 3189 1438 adulterio
3220 1393 3497 1457 perpetra-

1898 1477 2007 1527 tur.
2034 1473 2117 1526 De
2146 1487 2252 1542 qua
2282 1471 2427 1527 idem
2472 1476 2539 1528 Β.
2576 1473 2874 1544 Apostolus
2906 1494 2919 1529 :
2953 1478 3084 1543 me,
3114 1475 3321 1547 inquit,
3360 1482 3500 1548 scio,

1897 1565 2025 1632 quia
2036 1568 2161 1633 post
2185 1565 2566 1622 discussionem
2592 1582 2769 1622 meam
2787 1569 3073 1624 intrabunt
3097 1571 3217 1640 lupi
3235 1587 3425 1639 graves
3442 1576 3500 1628 in

1901 1671 2011 1724 vos,
2047 1673 2154 1713 non
2171 1663 2454 1729 parcentes
2467 1663 2633 1729 gregi,
2666 1666 2718 1716 et
2734 1677 2804 1716 ea:
2825 1662 2975 1717 vobis
3000 1664 3133 1732 ipsis
3157 1670 3372 1733 surgent
3388 1669 3505 1721 viri

1903 1751 2173 1820 loquentes
2208 1768 2467 1822 perversa
2486 1795 2504 1817 ,
2549 1757 2611 1808 ut
2647 1753 2924 1809 abducant
2956 1755 3249 1824 discipulos
3287 1761 3409 1826 post
3448 1772 3503 1813 se

1823 1862 1872 1925 Β
1901 1846 2106 1913 (Actor.
2132 1845 2251 1917 xx).
2286 1849 2442 1903 Hanc
2468 1847 2635 1904 etiam
2664 1850 2757 1919 qui
2776 1892 2783 1898 .
2803 1848 3042 1919 potuerit
3073 1847 3344 1905 declinare
3364 1890 3380 1917 ,
3405 1866 3502 1907 ca-

1900 1946 2020 1995 veat
2042 1953 2112 1994 ne
2162 1939 2447 1997 subtiliore
2496 1949 2719 2013 peccato
2768 1940 2825 1996 in
2880 1940 3257 1999 fornicationis
3302 1944 3501 2000 vitium

1900 2030 2222 2099 collabatur,
2269 2047 2392 2103 quae
2430 2032 2637 2089 scilicet
2691 2033 2745 2088 in
2791 2033 3182 2105 cogitationum
3239 2051 3499 2110 pervaga-

1899 2124 2046 2180 tione
2062 2124 2335 2189 consistit,
2365 2125 2491 2196 quia
2518 2126 2707 2181 omnis
2731 2126 2987 2197 eogitatiq
3022 2143 3135 2183 non
3171 2129 3355 2185 solum
3373 2136 3495 2184 tur-

1902 2218 2003 2289 pis,
2033 2218 2130 2275 sed
2155 2219 2317 2275 etiam
2347 2219 2544 2288 otiosa,
2576 2235 2606 2274 a
2637 2221 2755 2275 Deo
2793 2221 3367 2293 quantulumcumque
3391 2221 3503 2277 dis-

1900 2311 2096 2368 cedens
2117 2354 2133 2382 ,
2176 2329 2208 2369 a
2251 2311 2499 2385 perfecto
2550 2313 2668 2369 viro
2718 2312 3161 2370 immundissima
3211 2311 3500 2372 fornicatio

1898 2404 2215 2477 deputatur.

2478 2501 2721 2557 CAPUT
2781 2502 2915 2555 XII.

2040 2605 2391 2681 Interrogatio
2408 2604 2716 2681 ,_quomodo
2733 2605 2910 2681 possit
2941 2603 3015 2657 ad
3043 2603 3356 2681 oblivionem

2204 2675 2542 2729 sweularium
2571 2677 2875 2729 carminum
2894 2675 3184 2744 perveniri.

1968 2781 2279 2837 Germanus
2310 2798 2323 2834 :
2358 2777 2440 2835 Ad
2469 2778 2585 2836 hinc
2613 2793 2714 2851 ego
2737 2777 2948 2834 occulta
2970 2778 3209 2848 primum
3232 2793 3499 2847 compun-

1896 2868 2076 2923 ctione
2122 2875 2424 2939 permotus,
2470 2883 2533 2923 ac
2578 2866 2775 2923 deinde
2819 2866 3058 2939 graviter
3105 2867 3497 2939 ingemiscens,

1896 2964 2060 3032 Haec,
2104 2961 2363 3034 inquam,
2409 2962 2592 3018 omnia
2636 2976 2763 3032 qua:
2807 2961 3184 3033 copiosissime
3221 2962 3498 3034 digessisti

1897 3056 2104 3128 majora
2168 3056 2304 3111 mihi
2368 3054 2670 3110 intulerunt
2737 3052 3134 3126 desperationis
3202 3064 3493 3127 augmenta

1898 3166 2059 3222 quam
2126 3148 2388 3205 hactenus
2451 3148 2804 3205 sustinebam.
2870 3147 3083 3219 Quippe
3137 3148 3226 3203 cui
3301 3158 3498 3220 praeter

1827 3256 1872 3319 ο
1900 3243 2018 3300 illas
2043 3242 2319 3315 generales
2340 3241 2540 3298 animm
2567 3243 2593 3276 δ
2637 3240 2993 3312 captivitates,
3033 3241 3228 3312 quibus
3257 3258 3365 3298 non
3395 3242 3495 3299 du—

1908 3337 2020 3393 bito
2040 3336 2290 3392 inﬁrmos
2313 3349 2563 3406 quosque
2590 3334 2791 3405 pulsari
2819 3334 3181 3403 extrinsecus,
3222 3346 3241 3371 ε
3268 3337 3500 3407 speciale

1291 3474 1547 3531 ALARDI
1582 3476 1807 3531 GAZ/EI
1843 3473 2401 3557 COMMENTARIUS.

220 3604 248 3669 ξι
278 3596 475 3651 Natat
491 3592 599 3669 hic
621 3602 862 3669 quatuor
883 3596 1087 3669 species
1106 3594 1482 3655 fornicationis
1501 3599 1778 3669 spiritalis.

220 3609 248 3631 ι
278 3609 475 3651 natat
506 3609 591 3648 mc
621 3609 862 3719 quatuor
883 3609 1087 3667 species
1106 3609 1482 3655 tornicationis
1501 3609 1778 3669 spiritalis.

141 3666 339 3741 Prima
369 3674 463 3741 est
487 3663 638 3721 idolo
660 3666 828 3741 atria;
850 3667 1109 3741 secunda,
1133 3670 1313 3741 omnis
1327 3670 1636 3741 superstitio
1645 3685 1781 3741 gen-

143 3736 364 3800 tilium,
391 3737 456 3818 in
492 3736 736 3818 auguriis
758 3746 813 3792 et
832 3737 1304 3818 observationibus
1330 3736 1547 3796 dierum
1567 3736 1782 3818 attem-

141 3823 395 3878 perum;
425 3808 620 3872 tertia,
660 3808 975 3878 superstitio
998 3808 1223 3865 Iudaica
1248 3811 1302 3865 in
1330 3813 1676 3867 caeremoniis
1701 3813 1783 3867 le-

139 3878 399 3950 galibus.
426 3878 939 3950 Quarta,_hmresis.
975 3878 1145 3933 Addit
1171 3888 1224 3933 et
1247 3881 1502 3949 quintam
1519 3883 1780 3950 speciem,

141 3947 504 4020 generalem
548 3947 998 4020 fornicationem,
1028 3962 1151 4020 quae
1179 3947 1280 4001 est‘
1303 3964 1466 4003 omne
1500 3947 1782 4020 peccatum

138 4015 258 4091 quo
282 4020 428 4092 quis
443 4035 491 4092 _a
508 4020 630 4092 Deo
650 4016 915 4092 avertitur
933 4024 987 4069 et
1001 4015 1077 4092 ad
1098 4025 1405 4092 creaturam
1426 4015 1780 4092 convertitur.

137 4085 225 4161 De
263 4085 393 4161 q'ua
428 4087 801 4161 fornicatione
828 4085 939 4161 div.
978 4085 1318 4161 Augustinus
1350 4086 1446 4161 lib.
1482 4101 1531 4141 ιι
1554 4086 1784 4143 Confes-

131 4156 385 4217 sionum
421 4172 556 4227 cap.
584 4161 618 4211 6
647 4174 659 4208 :
690 4157 1033 4217 Fornicatur,
1055 4156 1250 4228 inquit,
1273 4160 1479 4219 anima,
1502 4173 1619 4212 cum
1637 4174 1786 4213 aver-

126 4234 294 4288 titur
311 4230 431 4284 abs
445 4233 523 4291 te,
550 4232 601 4281 et
621 4228 984 4298 quieritemtra
997 4231 1064 4290 te,
1082 4243 1203 4296 qua:
1217 4234 1421 4298 puraet
1445 4229 1660 4298 liquida
1680 4245 1785 4285 non

128 4302 399 4366 invenit,
436 4300 561 4352 nisi
584 4312 706 4351 cum
726 4297 869 4351 redit
882 4297 956 4351 ad
968 4303 1039 4352 te.
1066 4301 1133 4353 Et
1158 4297 1292 4353 libro
1309 4297 1784 4355 contra’Adiman-

122 4382 268 4428 tum
296 4385 442 4439 cap.
480 4374 513 4421 7
543 4388 555 4423 :
580 4372 677 4424 Est
705 4373 883 4422 autem
899 4371 1388 4437 ani'mtefornicatio
1410 4373 1620 4427 aversio
1650 4388 1685 4425 a
1702 4373 1786 4438 fe-

116 4442 462 4500 cunditate
488 4441 791 4514 sapientiai,
815 4441 1261 4511 etadconceptum
1284 4443 1661 4514 temporalium
1674 4444 1784 4497 ille-

118 4516 465 4581 cebrarum
501 4512 1001 4581 corruptionumque
1026 4515 1313 4568 conversio.

206 4580 238 4618 δ
272 4584 348 4641 ld
386 4588 514 4647 est,
545 4580 755 4636 innatas
779 4591 832 4636 et
859 4581 1123 4652 ingenitas
1152 4591 1271 4638 tum
1311 4582 1478 4639 animi
1500 4592 1624 4640 tum
1653 4599 1784 4640 cor-

120 4655 296 4729 poris
338 4652 719 4729 infirmitates
763 4659 819 4707 et
877 4652 1785 4729 m_ise_rias_omui_bushominibus

120 4721 515 4785 communes
554 4722 756 4793 quibus
785 4721 940 4793 quasi
981 4722 1205 4778 vinculis
1233 4724 1415 4779 anima
1441 4723 1496 4778 in
1525 4740 1786 4794 corpore,

122 4799 295 4858 velut
330 4798 403 4853 in
443 4809 671 4850 carcere
694 4794 910 4866 captiva
933 4794 1342 4866 constringitur,
1370 4794 1692 4866 deprimitur
1719 4811 1783 4852 ac

119 4870 500 4930 distinetur.
527 4865 898 4935 Quasanima‘.
937 4865 1276 4934 captivitates
1305 4865 1358 4919 in
1395 4865 1454 4921 se
1494 4866 1783 4935 deplorans

120 4937 511 5013 Apostolus,
544 4933 775 5013 Iri/qlia,
794 4933 1321 5013 aitlegohomo,Aquis
1344 4952 1426 4991 me
1451 4933 1784 5013 liberabitde

117 5003 380 5078 corpore
412 5006 622 5078 mortis
650 5004 816 5078 huius
843 5003 1013 5075 (Rom.
1054 5003 1427 5077 vn)?'easque
1470 5006 1657 5078 paucis
1696 5007 1783 5063 his

119 5074 332 5140 verbis
368 5076 719 5146 complexus
765 5074 871 5130 div.
908 5078 1215 5132 Bernartius
1249 5074 1438 5142 (Serm.
1469 5074 1502 5132 '5
1532 5080 1592 5131 in
1633 5078 1786 5134 Dedi.

118 5153 271 5225 cat.)
319 5169 338 5207 :
388 5147 561 5219 Quid
594 5160 801 5225 necesse
822 5151 900 5202 est
931 5149 1167 5225 singulas
1191 5147 1305 5225 ejus
1336 5151 1582 5225 miserias
1610 5164 1791 5225 nume-

116 5219 282 5287 rare,
319 5220 629 5293 quam‘sit
643 5234 859 5293 onerosa
880 5222 1134 5293 peccatis,
1164 5219 1359 5287 obfusa
1379 5220 1629 5293 tenebris,
1656 5222 1791 5276 εντα.

118 5290 853 5362 titaillecebrismruriens
870 5292 1326 5360 concupiscentiis,
1346 5290 1582 5346 obnoxia
1590 5294 1790 5362 passio-

114 5367 325 5434 nibus,
364 5362 621 5433 impleta
655 5361 1009 5434 illusionibus,
1030 5378 1204 5432 prona
1238 5377 1446 5433 semper
1469 5364 1544 5418 ad
1560 5361 1784 5432 malum,

114 5441 180 5494 in
212 5433 460 5495 vitium
494 5446 655 5489 omne
672 5433 946 5504 proclivis,
967 5439 1237 5504 postremo
1266 5438 1432 5491 totius
1455 5437 1789 5503 confusionis

110 5514 171 5565 et
200 5504 595 5580 ignorantia:
616 5502 874 5580 impleta?

112 5586 161 5645 41
197 5573 526 5636 (Horum
558 5573 844 5648 occasione
882 5574 1169 5648 verborum
1212 5575 1381 5648 quaeri
1429 5583 1614 5648 posset
1650 5590 1787 5648 num

109 5643 755 5723 etpedianmonachis
777 5644 998 5723 studere
1038 5654 1134 5723 aut
1173 5643 1791 5723 studuisséliberalibus

106 5715 526 5803 disciplinis,
545 5715 934 5803 grammaﬁgai,
980 5717 1203 5803 poetica:
1219 5759 1243 5799 ,.
1260 5718 1549 5803 rhetoricae
1566 5760 1598 5803 κ
1609 5717 1791 5803 philo:

104 5786 391 5865 sophia,
421 5794 511 5865 _et
533 5786 854 5865 similibus?
883 5786 1123 5865 Apparet
1156 5788 1307 5844 enim
1333 5805 1398 5865 ex
1434 5790 1540 5847 hoc
1586 5786 1706 5865 loco
1735 5787 1792 5845 id

103 5856 242 5921 no'n
278 5856 500 5921 modo
529 5856 719 5923 inutile
745 5856 1042 5928 monacho,
1067 5874 1259 5916 verum
1288 5860 1453 5917 etiam
1477 5860 1709 5919 noxium
1739 5867 1795 5917 et

1891 3596 2253 3668 perniciosum
2282 3594 2488 3652 censeri
2499 3614 2538 3668 ;_
2545 3593 2985 3668 quandoquidem
3004 3594 3247 3668 orationi
3292 3607 3347 3654 et
3383 3614 3494 3657 me-

1889 3665 2143 3724 ditationi
2175 3683 2438 3737 maguum
2481 3665 2677 3739 afferat
2705 3665 3145 3739 incOmmodum,
3176 3683 3240 3723 ac
3270 3670 3492 3739 proinde

1887 3740 2077 3796 salutis
2100 3735 2578 3810 impedimentum,
2602 3735 2736 3793 dum
2758 3753 2910 3810 mens
2935 3735 3307 3810 historiarum,
3338 3740 3493 3796 fabu-

1894 3810 2105 3869 larum.
2148 3806 2493 3874 carminum,
2534 3816 2674 3876 etc.,
2712 3806 3094 3863 recordatione
3141 3809 3197 3861 in
3244 3810 3491 3866 oratione

1889 3881 2226 3946 distrahitur,
2257 3892 2313 3937 et
2340 3896 2371 3934 a
2399 3878 2761 3949 sanctioribus
2786 3877 3059 3949 exercitiis
3089 3888 3144 3932 et
3170 3879 3489 3949 occupatio-

1890 3949 2437 4021 nibusrhujusmodi
2478 3948 2946 4020 phantasmatibus
2990 3958 3269 4021 avocatur,
3316 3948 3378 4005 ut
3401 3948 3491 4005 hic

1890 4019 2062 4073 abbas
2090 4017 2400 4073 Germanus
2429 4017 2494 4072 in'
2516 4020 2695 4088 seipso
2724 4028 2977 4088 expertus
3004 4028 3061 4073 et
3084 4017 3273 4074 dolens
3318 4028 3486 4074 testa-

1891 4096 2003 4143 tur.
2044 4089 2153 4158 Cui,
2169 4088 2379 4158 accedit
2417 4087 2729 4158 gravisSima
2755 4087 3048 4158 auctoritas
3093 4096 3146 4141 et
3174 4089 3486 4158 exemplum

1891 4103 2003 4143 tur.
2044 4103 2138 4142 ωιι
2169 4103 2379 4143 accedit
2414 4103 2725 4210 ﬁrmissima
2755 4103 3048 4142 auctoritas
3093 4103 3146 4141 et
3174 4103 3486 4158 exemplum

1890 4156 2247 4213 memorabile
2274 4156 2387 4227 div.
2404 4226 2407 4227 ν
2467 4157 2763 4227 ieronymi,
2795 4155 2889 4226 qui
2931 4171 2990 4211 se
3015 4171 3135 4210 eam
3162 4158 3235 4212 ob
3265 4175 3486 4216 causam

1891 4244 2080 4301 graves
2119 4242 2329 4301 poenas
2351 4226 2630 4301 divinitus
2665 4226 2833 4301 luisse
2863 4238 3299 4301 commemorat,
3337 4232 3484 4301 quod

1892 4295 2212 4355 Ciceronem
2247 4297 2457 4355 avidius
2482 4305 2539 4352 et
2560 4295 2907 4367 frequentius
2942 4296 3226 4365 lectitaret,
3253 4295 3370 4356 rem
3411 4302 3486 4358 ita

1892 4386 2148 4425 enarrans
2170 4370 2223 4425 in
2248 4368 2477 4440 epistola
2499 4368 2567 4443 ad
2598 4367 2950 4443 Eustochium
2978 4368 3171 4439 (Epist.
3196 4372 3286 4443 20)
3311 4389 3326 4426 :
3356 4373 3485 4429 Cum

1888 4445 2013 4496 ante
2035 4456 2203 4496 annos
2219 4443 2484 4513 plurimos
2508 4440 2683 4513 domo,
2702 4440 3042 4509 parentibus,
3061 4440 3485 4513 sorore,ng-

1890 4515 1981 4578 ηις,
2012 4517 2082 4576 et,
2112 4513 2254 4582 quod
2281 4513 2364 4566 his
2392 4512 2679 4581 difﬁcilius
2706 4515 2802 4574 est,
2834 4512 3211 4568 consuetudine
3238 4515 3485 4571 lautioris

1887 4584 2014 4645 cibi,
2036 4588 2264 4654 propter
2290 4584 2538 4639 calorum
2566 4598 2649 4636 me
2675 4598 2839 4652 regna
2865 4589 3197 4645 castrassem,
3226 4590 3276 4638 et
3294 4588 3484 4639 Hiero-

1885 4656 2149 4723 solymam
2158 4656 2492 4709 militaturus
2508 4669 2801 4724 pergerem,
2826 4654 3159 4714 bibliotheca,
3174 4669 3336 4721 quam
3346 4655 3487 4708 mihi

1893 4728 2072 4782 Romae
2112 4741 2316 4781 summo
2357 4725 2536 4780 studio
2582 4740 2644 4777 ac
2682 4725 2862 4777 labore
2901 4725 3252 4788 confeceram,
3304 4738 3485 4777 carere

1889 4798 2096 4850 omnino
2119 4812 2223 4850 non
2243 4800 2506 4861 poteram.
2544 4798 2729 4861 Itaque
2767 4794 2931 4845 miser
2963 4805 3059 4858 ego
3096 4793 3328 4847 lecturus
3369 4795 3487 4848 Tul-

1892 4868 2029 4921 lium
2047 4861 2391 4934 jejunabam;
2433 4868 2555 4932 post
2587 4865 2821 4916 noctium
2844 4861 3053 4916 crebras
3083 4864 3335 4934 vigilias,
3361 4869 3485 4934 post

1892 4933 2177 5005 lacrymas,
2210 4950 2345 5004 quas
2360 4935 2499 5005 mihi
2519 4934 2918 5005 prateritorum
2938 4933 3231 4988 recordatio
3253 4933 3485 5004 peccato-

1888 5003 2023 5063 rum‘
2039 5022 2108 5061 ea:
2127 5003 2252 5060 imis
2272 5003 2560 5058 visceribus
2583 5003 2823 5065 eruebat,
2844 5004 3069 5059 Plautus
3089 5003 3403 5061 sumebatur
3426 5010 3483 5062 in

1896 5092 2090 5133 manus
2108 5096 2124 5144 ;
2148 5079 2201 5131 si
2214 5075 2430 5145 quando
2456 5077 2513 5128 in
2524 5077 2884 5146 memetipsum
2901 5091 3163 5144 reversus,
3188 5078 3483 5146 Prophetas

1898 5151 2065 5219 legere
2073 5150 2354 5217 cwpissem,
2370 5160 2541 5219 sermo
2560 5145 2811 5200 horrebat
2829 5148 3061 5219 incultus
3074 5166 3090 5211 ;
3102 5149 3293 5219 etquia
3308 5148 3486 5201 lumen

1899 5216 2045 5275 circis
2073 5216 2237 5274 oculis
2261 5234 2365 5275 non
2386 5216 2632 5271 videbam
2656 5256 2672 5283 ,
2705 5231 2812 5270 non
2839 5218 3105 5272 oculorum
3133 5216 3347 5287 culpam
3379 5233 3489 5273 esse

1892 5290 2179 5361 putabam,
2211 5289 2304 5345 sed
2320 5290 2462 5345 solis.
2489 5291 2630 5361 Dum
2643 5288 2724 5342 ita
2750 5301 2833 5342 me
2850 5290 3109 5358 antiquus
3128 5303 3343 5361 serpens
3357 5289 3484 5344 illu-

1898 5360 2065 5429 deret,
2093 5361 2271 5417 media
2297 5363 2467 5430 ferme
2478 5360 2897 5428 Quadragesima
2918 5360 3167 5414 medullis
3196 5360 3389 5426 infusa
3408 5362 3490 5428 fe-

1901 5432 2014 5488 bris
2027 5448 2215 5503 corpus
2225 5435 2429 5487 invasit
2441 5432 2780 5491 exhaustum,
2798 5435 2847 5485 et
2859 5432 2971 5503 sine
2979 5430 3092 5503 ulla
3108 5432 3319 5503 requie:
3346 5432 3492 5503 quod

1899 5504 2052 5559 dictu
2078 5501 2281 5574 quoque
2300 5503 2611 5574 incredibile
2636 5503 2730 5574 sit,
2758 5504 2835 5557 sic
2858 5501 3100 5574 infelicia
3113 5502 3355 5557 membra
3395 5502 3489 5558 de-

1892 5579 2062 5646 pasta
2089 5573 2190 5642 est,
2223 5578 2285 5629 ut
2312 5573 2518 5646 ossibus
2543 5574 2639 5646 via:
2667 5573 2943 5646 haererem.
2982 5573 3209 5646 Interim
3224 5578 3496 5643 parantur

1898 5644 2188 5715 sanguine,
2215 5649 2267 5700 et
2286 5645 2469 5699 vitalis
2503 5645 2698 5699 animae
2726 5645 2893 5707 calor,
2922 5646 3031 5698 toto
3045 5644 3361 5714 frigescente
3374 5647 3497 5715 jam

1900 5664 2188 5715 etcsequtw,
2215 5664 2267 5700 ει
2286 5664 2469 5699 υυαιιε
2503 5664 2698 5699 ammw
2726 5664 2893 5707 catur,
2922 5664 3031 5698 εοιο
3045 5664 3361 5729 [ngescenie
3374 5664 3494 5769 ﬁlum

1900 5732 2137 5787 corpore,
2165 5719 2225 5772 in
2248 5716 2357 5773 solo
2376 5720 2590 5771 tantum
2614 5718 2821 5785 tepente
2841 5716 3144 5787 pectusculo
3158 5717 3371 5787 pulpita
3478 5734 3494 5779 ;

1900 5732 2137 5787 corpore,
2165 5734 2225 5772 in
2248 5730 2357 5773 scio
2376 5730 2590 5800 tantum
2614 5730 3144 5843 tepentleJectusculo
3158 5730 3494 5843 micabat;

1900 5802 2020 5868 sua
2047 5788 2440 5868 subnotare“
2461 5803 2523 5868 ιῑι
2543 5791 2778 5868 metu».
2819 5863 2829 5868 ,
2877 5787 3121 5868 tabum“
3146 5789 3183 5868 J
3261 5790 3353 5868 wis
3372 5799 3499 5868 νεῖ·

1901 5859 2106 5924 trahor,
2133 5860 2230 5916 ubi
2255 5864 2468 5917 tantum
2488 5859 2707 5916 luminis
2730 5862 2781 5915 et
2808 5862 3023 5930 tantum
3052 5862 3169 5914 erat
3189 5859 3497 5912 excit-cum-

1812 4905 1862 4966 D
