4040 6206
457 201 560 254 979

1537 190 1817 245 JOANNIS
1852 189 2154 246 CASSIANI
2190 185 2675 243 COLLATIONES.

3651 181 3760 236 980

458 336 555 384 aut
586 325 876 398 impudens
915 323 1232 396 poematum
1269 319 1533 377 memoria
1572 326 1912 391 suggeratur,
1962 323 2057 374 aut
2083 319 2134 382 Α
2162 315 2328 387 igitur
2357 312 2477 370 haec
2505 311 2558 366 in
2594 318 2648 366 te
2677 307 2901 366 scientia
2921 305 3172 380 spiritalis
3193 311 3459 398 perpetua
3486 303 3764 398 soliditate

458 422 609 496 quasi
651 419 969 476 bellantium
1007 418 1242 474 heroum
1270 422 1395 471 ante
1422 413 1614 470 oculos
1658 414 1844 484 imago
1876 426 2057 468 verse-

461 523 570 582 tur,
600 514 902 584 taliumque
925 527 1014 567 me
1039 511 1479 582 phantasmatum
1507 507 1815 579 imaginatio
1842 521 2060 578 semper

459 608 702 676 eludens,
745 607 815 663 ita
873 613 1116 661 mentem
1179 618 1363 659 meam
1407 602 1476 658 ad
1521 615 1783 672 supernos
1831 599 2059 656 intuitus

459 702 696 774 aspirare
720 717 830 757 non
866 700 1090 772 patitur,
1113 705 1173 754 ut
1198 695 1528 768 quotidianis
1549 693 1768 751 fletibus
1787 709 1897 749 non
1926 709 2056 765 pos-

457 795 528 850 sit
547 795 758 865 expelli.

1043 885 1129 940 CA
1142 885 1286 940 PUT
1306 883 1468 938 XIII.

459 991 762 1059 Responsio,
827 1003 931 1056 quo
982 991 1142 1056 pacto
1190 987 1508 1059 memoriam
1557 999 1737 1038 eorum
1800 984 2058 1051 possimus

1145 1057 1372 1111 abolere.

532 1168 837 1221 Nesteros:
884 1167 968 1219 De
1009 1163 1113 1219 hac
1152 1163 1267 1234 ipsa
1311 1178 1368 1218 re
1395 1159 1539 1216 unde
1584 1159 1682 1216 tibi
1724 1159 2060 1232 purgationis

463 1259 711 1314 maxima
738 1258 982 1312 nascitur
1009 1256 1331 1328 desperatio,
1352 1265 1376 1290 ι
1403 1256 1574 1311 citum
1601 1255 1731 1310 satis
1757 1263 1921 1326 atque
1945 1253 2062 1310 efﬁ-

467 1367 566 1408 cax
594 1351 899 1406 remedium
921 1351 1122 1422 poterit
1140 1349 1362 1417 oboriri,
1385 1349 1429 1403 si
1449 1348 1696 1405 eamdem
1728 1347 2060 1418 diligentiam

467 1453 628 1516 atque
655 1445 970 1500 instantiam
997 1461 1159 1515 quam
1199 1451 1252 1498 te
1277 1444 1330 1498 in
1360 1443 1468 1498 illis
1497 1441 1841 1498 saecularibus
1861 1440 2060 1496 studiis

466 1537 720 1594 habuisse
747 1538 944 1602 dixisti,
979 1537 1046 1594 ad
1075 1537 1399 1608 spiritalium
1445 1537 1843 1607 Scripturarum
1873 1535 2059 1590 volue-

465 1633 543 1688 ris
581 1632 873 1687 lectionem
903 1631 1418 1702 meditationemque
1463 1627 1773 1703 transferre.
1827 1630 2063 1683 Necesse

2163 408 2467 473 roboretur,
2509 419 2608 462 nec
2651 419 2713 460 ea
2751 402 2866 474 jam
2902 400 3233 472 temporarie
3261 397 3586 470 perfruaris,
3621 399 3765 454 sicut

2166 501 2244 558 illi
2268 501 2356 574 qui
2395 515 2516 556 eam
2543 513 2658 555 non
2681 511 2782 553 suo
2807 493 3004 562 studio,
3036 492 3131 550 sed
3148 492 3317 548 aliena
3337 490 3604 548 relatione
3631 506 3762 548 con-

2163 595 2399 666 tingunt,
2433 602 2488 650 et
2513 592 2660 647 velut
2688 604 2872 654 aereo,
2903 597 2966 646 ut
3005 587 3077 642 ita
3108 586 3362 653 dixerim,
3389 584 3563 640 odore
3595 586 3763 656 perci-

2164 689 2340 761 piunt,
2380 687 2476 744 sed
2505 694 2565 742 ut
2592 683 2840 741 sensibus
2865 682 2977 739 tuis
3002 681 3322 737 inviscerata
3351 678 3764 750 quodammodo

2167 791 2222 838 et
2235 789 2510 854 perspecta
2530 788 2692 850 atque
2711 778 2921 850 palpata
2941 775 3230 840 condatur,
3253 771 3385 828 illud
3406 773 3559 828 omni
3587 773 3768 830 obser-

2166 875 2348 932 vantia
2384 872 2658 930 custodire
2685 879 2738 928 te
2772 870 3048 930 convenit.
3078 876 3141 924 ut
3167 865 3380 922 etiamsi
3417 882 3477 923 ea
3514 881 3640 940 quae
3666 882 3764 940 op-

2166 971 2302 1027 time
2369 969 2534 1036 nosti,
2591 965 2734 1023 forte
2777 964 3014 1022 audieris
3071 963 3127 1018 in
3173 961 3456 1018 collatione
3501 961 3768 1035 proferri,

2165 1064 2192 1098 δ
2222 1079 2332 1120 non
2355 1078 2419 1118 ex
2444 1061 2549 1117 hoc
2570 1059 2718 1132 quod
2743 1057 2840 1114 tibi
2856 1057 2972 1130 jam
2997 1065 3125 1112 nota
3147 1055 3280 1124 sint,
3305 1063 3655 1128 aspernanter
3681 1056 3772 1112 fa-

2167 1156 2496 1228 stidioseque
2527 1153 2810 1226 suscipias,
2841 1149 2935 1207 sed
2979 1166 3041 1206 ea
3080 1149 3230 1206 cordi
3273 1155 3369 1204 tuo
3396 1149 3484 1204 illa
3513 1148 3777 1204 aviditate

2169 1247 2543 1314 commendes,
2572 1261 2679 1317 qua
2721 1243 2922 1301 debent
2953 1241 3329 1299 desiderabilis
3372 1241 3566 1297 salutis
3588 1240 3769 1308 verba,

2172 1341 2252 1397 vel
2289 1340 2511 1396 auribus
2543 1338 2747 1394 nostris
2794 1335 3160 1392 indesinenter
3191 1333 3427 1401 infundi,
3451 1334 3534 1389 vel
3567 1333 3637 1389 de
3672 1349 3776 1388 no-

2169 1443 2282 1490 stro
2322 1449 2416 1490 ore
2435 1433 2643 1505 jugiter
2682 1429 2933 1503 proferri.
2965 1428 3235 1499 Quamvis
3265 1427 3416 1483 enim
3457 1427 3777 1483 adhibeatur

2165 1537 2474 1585 sanctarum
2502 1543 2688 1583 rerum
2716 1526 2905 1582 crebra
2933 1525 3201 1591 narratio,
3239 1538 3539 1594 numquam
3587 1531 3774 1578 tamen

2168 1624 2390 1690 animae,
2432 1621 2582 1677 sitim
2609 1634 2752 1676 vera:
2788 1619 3027 1675 scientiae
3064 1618 3374 1684 sustinenti,
3413 1616 3631 1672 satietas
3669 1631 3772 1688 ge-

465 1732 545 1780 est
560 1724 707 1779 enim
735 1732 977 1779 mentem
1003 1732 1153 1779 tuam
1171 1722 1380 1778 tamdiu
1408 1722 1512 1777 illis
1536 1719 1872 1776 carminibus
1897 1735 2066 1775 occu-
2086 1735 2133 1796 B
2168 1716 2379 1772 nerabit
2401 1715 2704 1781 horrorem,
2729 1711 2824 1768 sed
2865 1727 2928 1768 ea
2958 1711 3202 1783 quotidie
3232 1711 3380 1767 velut
3399 1725 3539 1766 nova
3567 1725 3632 1766 ac
3667 1709 3775 1766 de-

467 1819 603 1892 pari,
646 1804 925 1890 quamdiu.
950 1818 1052 1874 sibi
1084 1818 1262 1888 aliqua
1289 1831 1411 1888 quae
1437 1817 1578 1871 intra
1607 1815 1951 1886 semetipsam
1978 1828 2068 1869 re-

469 1912 630 1977 colat,
681 1911 841 1966 simili
889 1909 1072 1966 studio
1107 1918 1162 1966 et
1188 1909 1501 1966 assiduitate
1529 1909 1840 1980 conquirat,
1874 1923 1937 1961 ac
1969 1921 2068 1976 pro

469 2005 574 2061 illis
603 2003 957 2060 infructuosis
993 2012 1155 2074 atque
1198 2003 1450 2068 terrenis,
1477 2001 1772 2073 spiritualia
1802 2008 1961 2071 atque
1989 2000 2068 2056 di-

479 2099 603 2154 vina
636 2098 916 2169 parturiat.
949 2101 1085 2169 Quae
1123 2113 1248 2152 cum
1279 2094 1543 2168 profunde
1572 2094 1782 2165 alteque
1809 2107 2071 2164 concepe-

470 2196 564 2262 rit,
603 2201 766 2264 atque
797 2192 854 2247 in
897 2190 1006 2246 illis
1045 2190 1206 2246 fuerit
1229 2189 1484 2255 enutrita,
1533 2188 1615 2243 vel
1641 2187 1834 2258 expelli
1867 2187 2076 2258 priores

479 2287 679 2344 sensim
719 2292 994 2356 poterunt,
1044 2284 1123 2338 vel
1163 2281 1377 2354 penitus
1405 2281 1628 2336 aboleri.
1685 2283 1891 2334 Vacare
1923 2277 2072 2334 enim

473 2381 681 2438 cuncti
708 2378 1126 2451 cogitationibus
1170 2376 1408 2431 humana
1451 2389 1603 2430 mens
1643 2389 1753 2429 non
1788 2381 1986 2446 potest,
2019 2380 2073 2428 et

480 2476 605 2532 ideo
635 2473 896 2545 quamdiu
934 2469 1300 2543 spiritualibus
1346 2468 1546 2524 studiis
1581 2483 1692 2524 non
1723 2467 1881 2523 luerit
1909 2483 2072 2522 occu-

478 2577 626 2640 pata,
649 2582 868 2623 necesse
908 2575 990 2620 est
1012 2579 1133 2620 eam
1163 2563 1262 2618 illis
1302 2578 1424 2634 quae
1447 2561 1658 2634 pridem
1683 2560 1869 2617 didicit
1899 2561 2076 2632 impli-

476 2663 606 2720 cari.
639 2661 915 2731 Quamdiu
949 2659 1094 2715 enim
1125 2673 1238 2714 non
1278 2657 1529 2713 habuerit
1565 2672 1673 2728 quo
1712 2663 1976 2719 recurrat,
2025 2661 2078 2708 et

480 2756 780 2813 indefessos
809 2761 1050 2810 exerceat
1076 2760 1519 2818 motus,necesse
1548 2757 1631 2806 est
1658 2758 1720 2805 ut
1745 2748 1815 2806 ad
1848 2749 1936 2804 illa
1957 2747 2080 2819 qui-

479 2850 585 2906 bus
606 2850 674 2906 ab
703 2848 926 2904 infantia
952 2846 1164 2903 imbuta
1194 2853 1296 2913 est,
1322 2844 1639 2908 collabatur,
1668 2859 1838 2913 eaque
1866 2855 2082 2909 semper

479 2942 722 2999 revolvat
745 2955 867 3012 qua:
903 2941 1067 3010 longo
1099 2955 1197 2994 usu
1225 2953 1288 2992 ac
1319 2936 1668 2992 meditatione
1708 2933 1974 3004 concepit.
2000 2935 2081 2988 Ut
2117 2953 2142 3009 ς

2174 1812 2403 1869 siderata
2421 1808 2738 1880 suscipiens;
2759 1815 2964 1878 quanto
2989 1805 3334 1876 frequentius
3359 1804 3620 1871 hauserit,
3651 1811 3774 1858 tan-

2175 1912 2232 1959 to
2259 1902 2462 1958 avidius
2495 1901 2576 1956 vel
2613 1899 2813 1967 audiet,
2863 1899 2946 1954 vel
2978 1899 3250 1970 loquetur,
3305 1906 3361 1954 et
3403 1895 3785 1952 conﬁrmatio-

2178 2013 2310 2054 nem
2340 1997 2520 2069 potius
2548 2002 2817 2067 perceptze
2857 1993 3100 2050 scientiae
3133 2009 3196 2049 ex
3239 2007 3434 2048 eorum
3467 1990 3786 2063 repetitione

2182 2108 2346 2164 quam
2372 2091 2547 2146 ullum
2578 2105 2641 2146 ex
2672 2088 2939 2161 frequenti
2964 2088 3139 2159 capiet
3167 2087 3464 2143 collatione
3492 2084 3783 2142 fastidium.

2187 2184 2419 2240 Evidens
2454 2198 2693 2254 namque
2717 2191 2801 2238 est
2825 2181 3022 2252 tepidae
3051 2197 3114 2237 ac
3140 2181 3396 2252 superbas
3427 2180 3628 2236 mentis
3650 2176 3788 2233 indi-

2183 2278 2422 2346 cium,si
2448 2277 2739 2333 verborum
2787 2275 3114 2331 salutarium
3145 2275 3497 2341 medicinam,
3535 2271 3790 2345 quamvis

2179 2373 2356 2430 studio
2390 2371 2575 2427 nimiae
2613 2369 2943 2426 assiduitatis
2970 2369 3266 2441 ingestam,
3310 2366 3585 2424 fastidiose
3612 2366 3784 2439 negli-

2181 2463 2761 2539 genterquesuscipiat.
2791 2473 2812 2499 ε
2828 2450 3028 2519 Anima
3051 2462 3208 2518 enim
3225 2478 3348 2532 quae
3363 2465 3421 2516 in
3431 2464 3678 2516 satietate
3693 2465 3790 2522 est,

2183 2562 2324 2626 favis
2351 2558 2564 2624 illudit;
2597 2559 2794 2611 animce
2811 2560 2992 2610 autem
3009 2558 3184 2624 egenti
3205 2557 3375 2610 etiam
3390 2571 3585 2609 amara
3613 2555 3791 2609 dulcia

2184 2653 2441 2707 videntur
2473 2651 2639 2722 (Prov.
2689 2649 2904 2720 xxvn).
2947 2651 3003 2706 Si
3039 2650 3215 2720 itaque
3245 2649 3364 2705 haec
3387 2648 3675 2721 diligenter
3702 2664 3790 2704 ex-

2187 2754 2362 2817 cepta,
2385 2753 2438 2799 et
2459 2745 2515 2800 in
2538 2759 2755 2800 recessu
2782 2743 2983 2799 mentis
3005 2743 3228 2799 condita
3249 2751 3412 2813 atque
3434 2742 3661 2811 indicta,
3683 2742 3793 2798 fue-

2187 2841 2314 2908 rint,
2344 2837 2714 2894 taciturnitate
2754 2837 2988 2909 signata,
3030 2845 3217 2910 postea
3261 2824 3324 2893 ut
3370 2837 3495 2892 vina
3544 2835 3792 2908 quaedam

2186 2947 2346 2990 suave
2385 2930 2584 2986 olentia
2615 2939 2666 2986 et
2711 2929 3040 2987 laetiticantia
3075 2946 3174 2986 cor
3211 2929 3476 2998 hominis,
3515 2945 3637 2986 cum
3673 2944 3795 2986 sen-

1577 3068 1828 3122 ALARDI
1869 3070 2093 3126 GAZZEI
2131 3068 2685 3125 COMMENTARIUS.

486 3205 548 3253 ut
574 3193 992 3268 praeferttitulus
1011 3190 1484 3268 ejus_capitis.Elis
1503 3190 1726 3268 demum
1747 3192 2072 3268 acceditter-
2101 3198 2145 3260 ρ
2177 3193 2490 3268 volentibus
2543 3201 2595 3247 et
2651 3192 3112 3268 consentientibus
3129 3233 3156 3268 ,_
3218 3191 3383 3268 nobis
3433 3191 3648 3248 auferre
3715 3192 3796 3246 vel

485 3262 746 3324 tia'ratio
791 3263 1324 3321 administrationum
1376 3263 1498 3334 sive,
1530 3262 1912 3334 spiritualium,
1960 3264 2075 3319 sive

483 3337 886 3409 temporalium,
912 3351 1046 3409 quas
1073 3334 1462 3409 monachitum
1487 3332 1540 3388 in
1561 3332 1936 3402 monasteriis,
1963 3342 2078 3390 tum

485 3403 631 3466 extra
665 3403 994 3464 monasteria
1025 3421 1276 3462 exercere
1305 3403 1550 3477 debent;
1578 3420 1680 3459 nec
1719 3413 1906 3462 tamen
1947 3421 2077 3477 pos-

487 3490 616 3538 sunt
653 3480 1052 3544 convenienter,
1093 3477 1361 3547 religiose,
1415 3475 1839 3548 prudenterque,
1875 3475 2081 3548 ut'par

487 3561 588 3618 est,
629 3551 734 3604 nisi
775 3551 946 3603 multa
987 3557 1042 3602 et
1081 3548 1225 3602 varia
1279 3562 1463 3618 rerum
1507 3547 1834 3618 cognitione,
1883 3547 2000 3602 usu’
2026 3555 2082 3602 et

466 3617 866 3676 exercitatione
896 3619 1103 3689 praediti
1125 3628 1285 3688 atque
1306 3617 1579 3689 instructi,
1611 3626 1669 3671 ut
1689 3633 1784 3689 per
1803 3632 1861 3672 se
1890 3625 2080 3673 notum

490 3699 592 3746 est.
619 3691 750 3757 Quis
778 3685 922 3744 enim
950 3689 1083 3744 alios
1109 3685 1318 3758 regere,
1343 3685 1560 3752 docere,
1589 3685 1921 3758 concionari,
1953 3704 2081 3742 con-

490 3759 757 3832 fessiones
799 3760 1071 3832 excipere,
1101 3757 1309 3832 aliaque
1337 3772 1561 3812 munera
1591 3757 1950 3812 ecclesiastica
1981 3760 2083 3814 rite

492 3831 882 3908 administrare
925 3829 1120 3908 possit,
1167 3829 1224 3908 si_
1261 3829 1937 3908 litterarum‘expersAaut
1970 3844 2083 3883 non

489 3903 840 3959 mediocriter
866 3897 1057 3956 saltem
1093 3901 1145 3954 in
1179 3901 1255 3955 eis
1283 3907 1530 3954 versatus
1566 3897 1764 3954 fuerit?
1792 3899 1928 3966 Quis
1956 3915 2082 3955 vero

491 3974 848 4044 temporalem
886 3971 1273 4038 oeconomiam,
1305 3979 1373 4044 ut_
1393 3985 1489 4041 par
1517 3977 1919 4044 e_st_,_exercere,
1955 3986 2086 4044 mo-

490 4039 708 4100 nasterii
757 4043 968 4112 negotia
999 4057 1311 4114 procurare,
1361 4039 1502 4114 bona
1545 4039 1733 4096 itidem
1768 4041 2086 4114 communia

491 4125 636 4172 recte
673 4111 1052 4170 administrare
1082 4113 1246 4185 (quod
1276 4129 1337 4168 ex
1372 4111 1592 4185 decreto
1616 4112 1837 4185 concilii
1858 4112 2084 4185 Triden-

491 4187 586 4242 tini
620 4190 778 4254 (Sess.
811 4191 900 4252 2.5,
937 4204 979 4241 c.
1013 4192 1064 4252 2,
1091 4181 1162 4240 de
1193 4184 1568 4253 Regula-ribus)
1594 4183 1662 4238 ad
1699 4183 1846 4238 solos
1873 4181 2086 4238 officia-

493 4257 569 4313 les
594 4253 871 4328 pertinet),
891 4258 994 4312 nisi
1016 4256 1407 4328 aritlimeticas,
1431 4254 1678 4326 politieae,
1707 4253 2083 4321 oeconomiae,

492 4325 835 4397 aliarumque
863 4327 1177 4398 huiusmodi
1201 4325 1611 4398 disciplinarum
1633 4332 1928 4398 utcumque
1952 4340 2088 4398 gna-f

496 4413 590 4452 rus
611 4407 665 4452 et
685 4395 920 4468 peritus?
937 4395 1315 4468 Quamobrem
1338 4395 1545 4468 optime
1569 4397 1866 4468 consulunt
1883 4395 2086 4463 praelati

495 4468 608 4522 suis
633 4465 918 4520 monachis
945 4465 1000 4520 et
1025 4465 1337 4531 caenobitis,
1361 4480 1422 4519 ac
1449 4465 1514 4519 de
1535 4465 1646 4520 suis
1669 4465 1864 4519 itidem
1894 4481 2086 4520 mona-

495 4537 672 4592 steriis
701 4536 905 4606 optime
930 4543 1226 4599 merentur,
1257 4535 1394 4606 dum
1420 4535 1541 4606 illos
1570 4534 1891 4606 hujusmodi
1909 4536 2084 4591 scien-

494 4607 585 4663 tiis
611 4604 917 4663 liberalibus
944 4623 974 4661 a
996 4607 1281 4678 juventute
1306 4604 1474 4659 imbui
1503 4612 1662 4674 atque
1691 4605 1758 4660 ab
1783 4605 2007 4678 optimis
2034 4615 2088 4662 et

496 4678 872 4735 scientissimis
893 4674 1318 4749 praeceptoribus
1337 4691 1491 4731 more
1511 4683 1756 4749 veterum
1797 4674 2083 4749 informari

493 4761 705 4834 curant,
726 4746 933 4834 quibus
963 4746 1187 4823 pro—suo
1216 4747 1440 4834 quisque
1468 4755 1628 4834 captu
1663 4746 1732 4803 ad
1762 4746 1945 4802 munia
1977 4749 2089 4834 sive

495 4820 788 4948 sgiritualia
835 4820 1322 4892 sive—temporalia
1361 4834 1460 4874 suo
1509 4826 1758 4944 tempore
1793 4821 2087 4876 exercenda

498 4893 513 4946 i
556 4909 726 4947 oneus
754 4892 1042 4948 elﬁciatur.
1081 4902 1135 4947 et
1162 4893 1242 4946 vel
1275 4889 1530 4948 lectione.
1557 4905 1619 4945 ve
1665 4891 1765 4946 alia
1804 4889 2087 4946 functione

498 4889 726 4948 idoneus
754 4892 1042 4958 elﬁciatur,
1081 4889 1135 4947 et
1162 4893 1242 4946 vel
1275 4889 1530 4957 lectione,
1557 4889 1635 4945 vel
1665 4891 1765 4946 alia
1804 4889 2088 4946 functione

497 4970 552 5017 et
576 4962 971 5032 exercitatione,
993 4971 1308 5032 occupatus,
1337 4961 1533 5027 otium,
1574 4977 1683 5032 quo
1712 4961 1846 5016 nihil
1873 4962 1928 5015 in
1966 4962 2086 5016 reli-

496 5032 658 5104 gione
695 5031 1064 5104 perniciosius,
1097 5031 1284 5087 sedulo
1313 5032 1532 5104 devitet,
1553 5031 1611 5104 et
1633 5032 1703 5088 ad
1731 5033 1939 5104 majora
1971 5033 2084 5104 pie-

495 5103 620 5159 tatis
649 5112 704 5176 et
727 5103 990 5159 doctrina:
1016 5103 1346 5158 incrementa
1375 5103 1621 5174 quotidie
1641 5103 1895 5176 magis'ac
1917 5103 2088 5176 magis

496 5175 840 5248 provehatur.

567 5248 651 5304 Ad
683 5247 736 5303 id
775 5262 900 5303 vero
930 5245 1076 5317 quod
1115 5245 1367 5317 superius
1413 5261 1484 5301 ex
1531 5245 1796 5317 sententia
1821 5243 2087 5317 Germani

494 5317 705 5374 abbatis
745 5313 1121 5390 objiciebatur,
1146 5313 1308 5390 facile
1344 5315 1657 5390 responderi
1691 5321 1867 5384 potest
1895 5313 2085 5390 hujus-

493 5390 642 5446 modi
670 5384 1083 5444 incommodum
1113 5388 1223 5443 sive
1263 5384 1734 5457 impedimentum,
1777 5384 1925 5453 quod
1952 5384 2087 5440 sub-

495 5460 617 5528 inde
655 5461 938 5516 orantibus
978 5468 1071 5514 aut
1131 5456 1520 5528 meditantibus
1553 5471 1620 5512 ex
1668 5463 1952 5528 poetarum
2007 5457 2086 5512 vel

493 5527 845 5586 historiarum
877 5529 1109 5585 lectione
1136 5528 1407 5601 provenit,
1441 5527 1576 5601 dum
1602 5527 1757 5584 mens
1783 5543 1971 5584 earum
1997 5543 2082 5601 re-

493 5613 616 5652 rum
655 5601 1030 5656 recordatione
1059 5599 1393 5666 distrahitur,
1427 5599 1610 5656 multis
1632 5601 1750 5655 aliis
1775 5600 2084 5655 commodis

493 5677 550 5739 et
567 5667 900 5739 utilitatibus
937 5671 1148 5739 abunde
1185 5672 1556 5739 compensati;
1592 5686 1692 5739 nec
1720 5678 1929 5723 tantam
1970 5669 2081 5724 vim

494 5737 716 5803 habere,
751 5745 809 5791 ut
844 5737 1107 5793 orationis
1153 5739 1232 5792 vel
1270 5737 1635 5794 meditationis
1673 5738 1930 5808 fructum,
1977 5739 2078 5795 nisi

2183 3265 2445 3335 impedire
2485 3272 2674 3334 queat;
2715 3263 2908 3335 deinde
2942 3262 3245 3318 monachos
3273 3263 3380 3318 hoc
3403 3271 3788 3335 temporenon

2185 3333 2284 3391 soli
2321 3333 2769 3405 contemplationi
2811 3350 3001 3390 vacare
3057 3335 3278 3396 debere,
3329 3343 3390 3389 ut
3434 3333 3530 3389 illi
3561 3333 3790 3405 solitarii

2185 3405 2449 3477 monachi
2466 3413 2519 3459 et
2543 3404 2886 3461 anachoreta:
2904 3405 3211 3477 antiquitus
3231 3405 3500 3472 solebant,
3525 3404 3618 3477 sed
3640 3405 3789 3460 mul-

2187 3478 2257 3532 tis
2286 3475 2540 3546 operibus
2581 3485 2634 3531 et
2679 3475 2945 3532 exercitiis
2973 3475 3094 3532 vita:
3140 3477 3352 3540 activae,
3386 3492 3484 3547 pro
3524 3476 3796 3547 cujusque

2190 3547 2396 3619 ordinis
2417 3555 2471 3602 et
2497 3547 2774 3619 religionis
2799 3547 3069 3619 instituto,
3100 3547 3300 3617 quibus
3325 3547 3413 3619 iila
3439 3547 3796 3619 scientiarum

2189 3618 2505 3688 adjumenta
2551 3617 2796 3672 maxime
2831 3617 3158 3674 conducant.
3201 3617 3360 3688 Quod
3405 3619 3451 3672 si
3496 3618 3797 3688 meliorum

2191 3687 2474 3768 magisque
2507 3689 2929 3768 necessariarum
2950 3705 3013 3768 ac
3033 3687 3242 3768 utilium
3263 3704 3436 3768 rerum
3458 3687 3705 3768 studium
3730 3695 3798 3742 et

2191 3755 2576 3830 cogitationem
2587 3759 3190 3830 obturbentistiusmodi
3201 3758 3435 3830 profana,
3457 3755 3789 3830 conandum

2191 3826 2319 3885 sane
2345 3837 2404 3884 ut
2426 3845 2455 3884 e
2478 3829 2741 3884 memoria
2769 3829 3049 3886 deleantur
3073 3840 3126 3886 et
3148 3826 3446 3894 eradantur,
3476 3835 3536 3882 ut
3555 3826 3792 3897 sapien-

2191 3900 2400 3956 tissime
2429 3908 2618 3955 monet
2653 3899 2820 3955 abbas
2845 3904 3118 3958 Nesteros.
3156 3901 3249 3955 Sin
3268 3915 3392 3954 vero
3414 3898 3525 3954 suis
3554 3898 3697 3953 locis
3733 3908 3801 3954 et

2193 3972 2530 4052 temporibus
2575 3982 2950 4041 coerceantur,
2993 3983 3047 4028 et
3088 3970 3505 4052 opportuneiad
3547 3967 3797 4052 divinam

2192 4041 2420 4113 gloriam
2441 4052 2807 4110 assumantur,
2835 4059 3025 4098 eorum
3045 4041 3195 4098 certe
3218 4059 3328 4099 non
3348 4050 3429 4099 est
3447 4041 3796 4113 procuranda

2194 4112 2418 4185 Oblivio,
2447 4122 2506 4168 ut
2530 4128 2594 4168 ex
2624 4113 2783 4168 dictis
2808 4122 2973 4185 patet.

2267 4183 2354 4239 Ad
2386 4185 2688 4254 exemplum
2721 4187 2788 4238 D.
2810 4183 3142 4255 Hieronymi
3183 4183 3480 4255 respondet
3522 4184 3794 4250 Serarius,

2195 4269 2307 4308 non
2348 4255 2622 4326 Ciceronis
2654 4265 2708 4310 et
2738 4256 2933 4323 Plauti,
2974 4269 3112 4326 quos
3147 4255 3217 4326 ibi
3246 4255 3581 4310 nominatim
3613 4270 3796 4309 recen-

2194 4333 2297 4389 set,
2318 4325 2690 4396 inon_aliorum
2721 4325 3006 4396 gentilium
3034 4325 3320 4380 lectionem
3353 4327 3410 4380 in
3451 4327 3798 4395 Hieronymo

2194 4394 2564 4468 castigabilem
2591 4404 2665 4462 et,
2701 4394 2798 4468 aut
2829 4413 2977 4465 vere,
3005 4405 3099 4452 aut
3124 4397 3471 4468 imaginarie,
3501 4412 3598 4468 per
3633 4394 3799 4468 quas-

2195 4465 2325 4521 dam
2353 4481 2537 4539 rerum
2569 4467 2773 4539 species
2813 4477 2867 4523 et
2900 4465 3302 4539 phantasmata,
3346 4465 3688 4539 castigatam,
3735 4475 3794 4522 et

2120 4563 2169 4624 Ι)
2194 4535 2580 4624 reprehensam
2599 4535 2824 4606 'fuisse;
2861 4535 2969 4624 sed
3021 4539 3197 4624 ipsum
3246 4535 3779 4624 Ie‘etionis“_modti_t_r_)~.

2199 4605 2383 4663 Primo
2407 4608 2531 4678 quia
2569 4607 2732 4664 hosce
2755 4605 3005 4666 auctores
3025 4605 3251 4675 avidius,
3287 4608 3632 4680 frequentius,
3663 4605 3796 4661 dili-

2198 4680 2512 4763 gentiusque
2535 4695 2698 4763 quam
2723 4696 2904 4763 sacras
2931 4681 3130 4763 litteras
3155 4681 3376 4763 legeret,
3419 4697 3540 4736 cum
3565 4692 3798 4763 praeser-

2197 4750 2298 4803 tim
2320 4749 2579 4822 saeculum
2600 4752 2720 4822 jam
2748 4752 3094 4817 deseruisset,
3135 4749 3490 4807 solitudinem
3532 4749 3797 4822 petiisset,

2197 4823 2423 4891 Deoque
2460 4819 2681 4878 deberet
2719 4839 2904 4879 vacare
2931 4824 3178 4878 omnium
3216 4823 3488 4886 maxime;
3530 4819 3796 4891 secundo,

2197 4890 2348 4962 quod
2376 4907 2487 4962 prie
2515 4892 2601 4947 his
2629 4893 2870 5018 profanis
2911 4894 3222 4950 auctoribus
3257 4909 3440 4950 sacras
3470 4892 3683 4948 litteras
3724 4890 3802 4944 fa-

2197 4962 2422 5018 stidiret.
2467 4970 2522 5018 et
2554 4973 2636 5018 stv
2661 4981 2754 5018 um
2783 4965 3074 5018 Scriptura:
3103 4965 3248 5018 velut
3291 4965 3558 5018 incultum
3587 4973 3639 5018 et
3665 4961 3800 5016 insi-

2195 4962 2432 5036 stidiret,
2467 4970 2522 5018 et
2554 4962 2754 5036 stylum
2783 4965 3074 5035 Scriptura
3103 4965 3248 5019 velut
3291 4965 3558 5020 incultum
3587 4973 3639 5018 et
3665 4962 3800 5016 insi-

2196 5032 2389 5108 pidum
2420 5032 2690 5108 horreret;
2724 5045 2785 5091 ut
2806 5032 3034 5108 ipsemet
3057 5036 3360 5106 proﬁtetur.

2265 5112 2290 5137 ⁸
2328 5106 2609 5160 Contraria
2663 5102 3141 5162 enim'contrariis
3165 5115 3450 5173 curantur,
3505 5113 3556 5161 et
3601 5102 3802 5158 clavus

2195 5173 2408 5230 clavum
2447 5177 2683 5246 expellit.

2236 5246 2292 5327 ,ι’
2336 5248 2532 5327 Notent
2561 5248 2678 5303 haec
2701 5248 3110 5327 quicpnciones
3137 5259 3233 5305 aut
3257 5248 3675 5327 exhortationes
3701 5260 3811 5327 sa;-

2197 5315 2317 5391 pius
2361 5317 2572 5391 auditas
2617 5315 2848 5391 aut'sibi
2889 5331 3046 5376 notas
3090 5329 3452 5391 aspernantur
3493 5327 3589 5374 aut
3639 5315 3808 5371 fasti-

2196 5386 2354 5464 diunt
2376 5407 2390 5455 ;
2410 5387 2618 5464 quibus
2653 5390 2786 5464 illud
2815 5393 3088 5464 congruit,
3131 5386 3277 5463 quod
3311 5393 3367 5447 in
3396 5391 3544 5464 Actis
3567 5393 3809 5464 Aposto-

2197 5457 2376 5512 lorum
2410 5457 2638 5528 legitur:
2666 5457 3018 5519 Athenienses
3051 5464 3125 5518 ad
3148 5457 3292 5518 nihil
3325 5462 3478 5518 aliud
3501 5458 3803 5519 vocabant.

2195 5531 2308 5584 nisi
2324 5530 2636 5604 ματαίων-θ,
2654 5538 2751 5587 aut
2779 5535 2974 5590 audire
2987 5536 3197 5604 aliquid
3215 5537 3341 5589 novi
3358 5538 3555 5599 (Aeter.
3578 5544 3717 5604 xxvi
3731 5530 3805 5596 ι).

2264 5604 2285 5627 ⁸
2322 5602 2404 5656 De
2432 5601 2531 5657 hac
2570 5605 2837 5660 sententia
2887 5605 3011 5662 vide
3055 5601 3242 5661 notata
3277 5607 3532 5669 superius
3574 5601 3800 5669 (Collat.

2191 5685 2307 5740 xu,
2333 5687 2448 5744 cap.
2480 5675 2557 5744 5),
2581 5683 2634 5730 et
2659 5679 2722 5730 D.
2757 5676 3086 5749 Gregorium
3113 5677 3206 5734 lib.
3231 5691 3315 5734 vn
3353 5675 3555 5733 Moral.
3587 5689 3704 5745 cap.
3742 5677 3802 5725 7.
