4040 6206
266 2532 279 2562 ‹
309 2577 312 2580 .

415 263 519 318 983
1518 253 1796 310 JOANNIS
1831 254 2132 310 CASSIANI
2167 253 2661 312 COLLATIONES.
3628 258 3738 313 9851

415 383 750 458 spiritalium
802 395 1062 439 sensuum
1112 379 1312 436 intrare
1365 394 1476 435 non
1531 389 1752 451 posse.‘L
1799 380 2015 436 Etenim
2043 387 2095 450 Α
2124 383 2258 450 thee,
2289 388 2590 458 depositum
2616 382 2842 444 custodi,
2875 381 3120 436 devitans
3138 380 3411 450 profanas
3437 394 3620 435 vocum
3642 399 3738 438 ηο-

418 495 544 535 vera
579 475 803 534 scientia
832 491 946 532 non
973 474 1078 531 nisi
1117 490 1146 530 a
1175 473 1314 530 veris
1337 475 1435 529 Dci
1460 473 1758 530 cultoribus
1782 474 2023 547 posside-

420 581 534 638 tur,
565 586 734 642 quam
769 570 816 626 is
842 569 1030 640 utique
1056 583 1166 623 non
1195 567 1359 624 habet
1388 567 1638 639 populus,
1664 569 1746 624 cui
1775 567 1975 624 dicitur
2003 588 2015 623 :

421 666 598 727 Audi,
629 663 830 734 popule
861 663 1040 723 stulte,
1083 663 1182 731 qui
1211 675 1316 715 non
1348 659 1507 715 habes
1543 676 1650 724 cor,
1685 663 1782 731 qui
1819 661 2021 716 habet-is

425 761 603 817 oculos
622 763 674 812 et
698 772 803 811 non
830 756 1044 822 videtis,
1067 759 1118 810 et
1132 770 1287 810 aures
1301 758 1353 810 et
1375 770 1482 810 non
1501 756 1702 810 aud-itis
1721 755 1924 826 (Jerem.
1939 761 2019 822 v).

423 855 494 908 Et
521 852 720 906 iterum
746 869 757 903 :
788 850 929 916 Quia
955 852 1016 902 tu
1039 851 1311 904 scientiam
1341 850 1607 920 repulisti,
1639 854 1690 904 et
1719 866 1808 918 ego
1848 851 2022 920 repel-

423 946 531 1001 lam
568 948 638 1007 te,
665 958 732 998 ne
764 942 902 996 mihi
925 941 1222 997 sacerdotio
1250 944 1506 1012 fungaris
1536 941 1682 1013 (Ose.
1727 945 1848 1010 ιν).
1884 943 2022 999 Cum

422 1038 573 1095 enim
597 1038 658 1092 in
688 1036 898 1094 Christo
926 1050 1103 1091 omnes
1127 1037 1369 1091 thesauri
1401 1039 1679 1107 sapientia:
1704 1041 1755 1092 et
1788 1037 2024 1092 scientia:

423 1131 730 1188 absconditi
750 1144 868 1186 esse
892 1127 1142 1186 dicantur
1172 1127 1383 1200 (Coloss.
1417 1136 1538 1197 ιιι),
1563 1127 1844 1200 quomodo
1865 1129 1912 1184 is
1933 1129 2024 1200 qui

425 1222 702 1281 Christum
737 1221 975 1278 invenire
1017 1221 1377 1292 contempsit,
1408 1229 1504 1277 aut
1538 1221 1818 1277 inventum
1853 1220 2028 1276 sacri-

425 1315 548 1389 lego
583 1331 680 1373 ore
714 1315 1139 1386 blasphemavit,
1174 1323 1268 1371 aut
1311 1323 1456 1371 certe
1497 1314 1820 1371 catholicam
1860 1315 2022 1371 ﬁdem

428 1409 734 1466 immundis
773 1408 1030 1480 operibus
1067 1409 1281 1480 polluit,
1323 1425 1508 1465 veram
1557 1410 1844 1465 scientiam
1884 1423 2028 1465 asse-

432 1509 594 1560 cutus
621 1518 737 1559 esse
761 1502 1058 1559 credendus
1090 1507 1212 1558 est?
1239 1506 1476 1574 Spiritus
1500 1507 1639 1559 enim
1668 1506 1768 1560 Dei
1785 1504 2031 1574 discipli-

430 1612 517 1653 na:
539 1598 756 1667 emlgiet
771 1601 975 1666 ﬁctum,
993 1612 1086 1652 nec
1102 1597 1373 1653 habitabit
1389 1601 1445 1652 in
1461 1614 1673 1668 corpore
1690 1599 1905 1653 subdito
1919 1613 2034 1668 pec-

431 1693 567 1749 catis
595 1693 854 1762 (Sapient.
884 1691 948 1762 1).
979 1692 1100 1747 Non
1127 1707 1258 1764 ergo
1300 1692 1434 1748 alias
1470 1693 1536 1748 ad
1561 1693 1849 1748 scientiam
1877 1693 2034 1764 spiri-

2126 483 2338 550 vitates,
2370 488 2422 537 et
2451 479 2810 552 oppositiones
2827 477 2963 544 falsi
2989 476 3219 530 nominis
3250 475 3490 528 scientiae
3516 476 3562 539 (Ι
3596 478 3734 532 Tim.

2128 579 2237 642 Vl),
2267 575 2414 646 quod
2459 575 2513 630 in
2557 575 2753 630 Graeco
2795 569 2994 626 dicitur
3024 586 3038 622 :
3069 567 3419 638 ἐκτρεπόμενος
3458 565 3548 629 τὰς
3583 569 3746 638 βεϐτμ

2127 670 2284 730 λουςο
2329 668 2627 739 κενοφωνίας
2667 665 2751 718 καὶ
2797 662 3072 722 ἀντιϐάσεις
3116 663 3202 725 τῆς
3235 659 3556 731 ψευδωνύμου
3601 665 3736 730 γνώ-

2129 781 2268 823 σεως.
2308 763 2390 816 De
2420 760 2534 817 istis
2563 774 2692 831 ergo
2720 757 2812 829 qui
2855 755 3143 827 imaginem
3169 751 3467 823 quamdam
3497 753 3745 812 scientiae

2130 853 2382 910 videntur
2420 852 2729 926 acquirere,
2777 849 2857 906 vel
2902 847 2969 904 de
3009 845 3095 902 his
3141 845 3235 917 qui
3271 859 3403 900 cum
3453 860 3744 904 sacrorum

2131 947 2468 1005 voluminum
2508 946 2723 1003 lectioni
2761 961 2824 1002 ac
2859 941 3142 1000 memoriae
3173 940 3574 1011 Scripturarum
3613 941 3748 998 dili-

2131 1051 2320 1116 genter
2342 1041 2617 1109 insistant,
2646 1037 2881 1095 carnalia
2903 1046 3087 1092 tamen
3106 1033 3237 1090 vitia
3261 1048 3367 1088 non
3386 1033 3727 1106 relinquunt,

2133 1137 2185 1192 in
2233 1134 2540 1192 Proverbiis
2576 1133 2846 1206 eleganter
2879 1119 3209 1202 exprimitur
3235 1148 3248 1184 :
3271 1127 3296 1164 ⁸
3325 1129 3472 1184 Sicut
3515 1132 3748 1185 inauris

2137 1248 2300 1288 aurea
2316 1235 2376 1286 in
2391 1232 2614 1286 naribus
2641 1231 2773 1293 suis,
2799 1230 2879 1283 ita
2897 1227 3118 1280 mulieri
3136 1223 3277 1278 male
3295 1227 3520 1278 moratae
3543 1225 3760 1294 species-

2135 1328 2314 1391 (Prov.
2347 1324 2456 1396 x1).
2500 1322 2640 1393 Quid
2673 1321 2821 1378 enim
2850 1318 3069 1392 prodest
3095 1316 3417 1389 quempiam
3449 1331 3756 1372 omamen--

2133 1425 2256 1474 tum
2293 1417 2638 1489 eloquiorum
2678 1413 2982 1471 calestium
3022 1419 3076 1467 et
3110 1410 3258 1466 illam
3287 1409 3750 1482 pretiosissimam

2137 1511 2535 1583 Scripturarum
2582 1509 2816 1580 speciem
2862 1505 3148 1578 consequi,
3179 1505 3224 1561 si
3267 1519 3410 1575 eam,
3461 1504 3750 1562 lutulentis

2141 1597 2396 1679 operibus
2433 1604 2514 1660 vel
2557 1603 2804 1660 sensibus
2848 1599 3185 1668 inhaerendo,
3232 1598 3386 1671 quasi
3418 1598 3744 1655 immundis-

2143 1699 2342 1755 simam
2375 1703 2576 1754 terram
2613 1693 2912 1768 subigendo
2951 1691 3283 1766 confringet,
3313 1699 3404 1747 aut
3421 1690 3651 1747 cmnosis
3677 1691 3740 1747 li-

430 1785 599 1840 talem
643 1784 744 1840 nisi
791 1784 896 1841 hoc
938 1784 1129 1842 ordine
1168 1786 1495 1857 pervenitur.
1532 1802 1694 1858 quem
1723 1802 1863 1842 unus
1900 1803 2028 1858 pro-
2063 1790 2111 1853 B
2139 1792 2388 1849 bidinum
2416 1807 2639 1848 suarum
2669 1789 2874 1862 polluat
2900 1786 3238 1844 volutabris?
3275 1784 3391 1843 Fiet
3417 1784 3565 1840 enim
3599 1792 3659 1840 ut
3688 1784 3757 1842 id

434 1877 726 1950 plletarum
754 1877 1028 1950 eleganter
1051 1877 1332 1950 expressit,
1363 1878 1553 1936 dicens
1585 1899 1597 1933 :
1626 1881 1897 1936 Seminate
1939 1894 2035 1933 tto—

439 1971 521 2028 bis
541 1971 616 2026 ad
621 1971 926 2041 justitiam,
943 1975 1124 2028 metite
1145 1988 1290 2044 spem
1308 1975 1457 2037 vitaz
1478 1975 1781 2030 illuminate
1798 1974 1938 2028 vobis
1965 1974 2038 2028 lu-

435 2083 558 2122 men
603 2069 838 2122 scientia:
882 2067 1019 2138 (Ose.
1067 2083 1108 2125 x
1133 2068 1172 2140 ).
1216 2067 1461 2123 Primum
1497 2083 1625 2139 ergo
1658 2065 2038 2123 seminandum

437 2160 604 2218 nobis
631 2168 715 2217 est
751 2160 824 2217 ad
843 2161 1148 2234 justitiam,
1187 2161 1294 2219 hoc
1321 2169 1434 2230 est,
1465 2170 1526 2218 ut
1557 2161 1823 2218 actualem
1865 2159 2038 2234 perfe-

439 2256 676 2312 ctionem
703 2255 959 2327 operibus
990 2255 1217 2327 iustitia:
1249 2271 1646 2329 propagemus;
1687 2254 1883 2312 deinde
1923 2270 2040 2312 me-

440 2349 604 2406 tenda
633 2355 716 2405 est
753 2348 910 2405 nobis
943 2363 1065 2422 spes
1095 2348 1245 2418 vitae,
1274 2349 1330 2406 id
1358 2357 1462 2418 est,
1493 2349 1759 2406 virtutum
1787 2349 2041 2422 spiritua—

439 2441 574 2498 lium
598 2441 824 2511 fructus,
859 2441 1174 2514 expulsione
1201 2441 1457 2499 vitiorum
1483 2442 1781 2499 carnalium
1814 2457 2044 2514 congre-

443 2537 639 2610 gandi,
677 2545 733 2593 et
762 2537 836 2592 ita
873 2535 1177 2592 illuminare
1213 2536 1374 2593 nobis
1411 2535 1598 2592 lumen
1625 2536 1864 2593 scientiae
1896 2544 2046 2608 pote-

443 2631 642 2688 rimus.
677 2633 853 2703 Quem
896 2629 1147 2688 ordinem
1186 2631 1355 2687 etiam
1391 2630 1854 2705 Psalmograplius
1877 2629 2046 2686 teneri

446 2723 645 2782 debere
664 2724 928 2795 decernit,
952 2725 1138 2783 dicens
1163 2745 1174 2781 :
1203 2729 1361 2784 Beati
1384 2725 1719 2782 immaculati
1736 2728 1793 2780 in
1820 2727 1931 2789 via,
1957 2725 2055 2794 qui

447 2819 729 2876 ambulant
742 2823 801 2876 in
814 2822 922 2890 lege
937 2825 1172 2886 Domini,
1197 2823 1341 2878 beati
1351 2825 1450 2893 qui
1469 2826 1786 2878 scrutantur
1810 2823 2052 2875 testimo-

447 2913 546 2967 nia
566 2913 681 2983 ejus
694 2915 858 2981 (Psal.
883 2920 1122 2982 cxvm).
1141 2918 1265 2971 Non
1279 2915 1424 2970 enim
1445 2914 1592 2984 prius
1603 2913 1736 2969 dixit
1760 2912 1940 2966 :Beati
1959 2912 2056 2978 qui

449 3009 768 3058 scrutantur
794 3008 1093 3060 testimonia
1118 3006 1252 3074 ejus,
1279 3014 1333 3059 et
1357 3013 1479 3074 post
1509 3003 1690 3058 intulit
1718 3021 1729 3054 :
1765 3004 1920 3058 Beati
1945 3004 2052 3055 im-

452 3097 713 3150 maculati
731 3099 796 3150 in
818 3099 940 3162 via;
957 3097 1050 3152 sed
1075 3097 1242 3168 prius,
1259 3096 1451 3166 inquit,
1481 3097 1626 3150 beati
1648 3096 2054 3150 immaculati-in

2143 1885 2290 1958 quod
2332 1893 2479 1942 recte
2506 1883 2786 1941 utentibus
2825 1881 3008 1939 decori
3039 1894 3155 1937 esse
3180 1879 3482 1947 consuevit,
3510 1895 3620 1935 non
3659 1893 3748 1935 so-

2143 1981 2261 2037 lum
2310 1981 2444 2036 istos
2486 1993 2684 2036 ornare
2721 1993 2835 2034 non
2875 1975 3066 2049 possit,
3093 1989 3283 2030 verum
3315 1974 3477 2030 etiam
3519 1972 3758 2044 majoris

2145 2074 2290 2131 omni
2317 2072 2622 2130 colluvione
2641 2069 2935 2127 sordescat.
2963 2073 3051 2127 Ea:
3071 2084 3161 2124 ore
3180 2068 3326 2124 enim
3346 2072 3624 2139 peccatore
3643 2082 3752 2121 non

2146 2172 2223 2225 est
2235 2168 2470 2239 pulchra
2495 2167 2738 2222 laudatio
2763 2165 2942 2236 (Eccli.
2970 2165 3079 2233 xv)
3109 2182 3122 2218 :
3154 2161 3257 2219 Cui
3281 2161 3482 2218 dicitur
3511 2176 3607 2233 per
3625 2163 3759 2217 Pro.

2147 2261 2392 2334 pbetam,
2426 2263 2602 2330 Quare
2633 2265 2694 2315 tu
2732 2274 2953 2314 enarras
2974 2259 3218 2328 justitias
3246 2270 3416 2318 meas,
3444 2259 3493 2310 et
3517 2257 3766 2309 assumis

2151 2360 2525 2411 testamentum
2551 2370 2726 2409 meum
2740 2369 2841 2424 per
2859 2367 2915 2408 os
2940 2357 3095 2407 tuum
3110 2349 3279 2421 (Psal.
3303 2363 3450 2405 χιιι
3467 2351 3484 2415 )
3501 2350 3524 2402 Ρ
3544 2351 3629 2404 De
3647 2346 3757 2402 bu-

2143 2448 2386 2522 jusmodi
2422 2447 2730 2516 animabus,
2761 2461 2886 2519 qua:
2913 2459 3262 2518 nequaquam
3290 2442 3551 2500 stabiliter
3577 2441 3756 2496 timo-

2151 2557 2268 2598 rem
2310 2541 2535 2598 Domini
2577 2539 2920 2613 possidentes
2955 2538 3056 2606 (de
3101 2553 3210 2609 quo
3258 2536 3480 2605 dicitur,
3527 2540 3551 2568 ε
3578 2538 3762 2591 Timor

2157 2637 2375 2691 Domini
2409 2634 2698 2704 disciplina
2723 2638 2774 2688 et
2793 2634 3068 2703 sapientia
3092 2634 3206 2700 est)
3237 2631 3643 2702 Scripturarum
3667 2643 3760 2683 ac-

2159 2723 2374 2796 quirere
2391 2737 2614 2779 sensum
2634 2720 2700 2778 de
2720 2721 2838 2793 jugi
2863 2736 3052 2777 earum
3080 2719 3437 2776 meditatione
3464 2724 3759 2784 conantur,

2161 2819 2290 2874 satis
2338 2815 2552 2889 proprie
2588 2815 2643 2871 in
2683 2813 2994 2872 Proverbiis
3042 2821 3380 2870 memoratur
3414 2831 3428 2869 :
3469 2804 3488 2843 ¹
3521 2815 3590 2868 Ut
3622 2812 3772 2881 quid

2159 2912 2368 2978 fuerint
2378 2911 2464 2976 [Li
2470 2925 2551 2982 ps.
2568 2909 2621 2964 in
2636 2925 2808 2982 marg.
2821 2910 2894 2964 ad
2904 2909 3037 2980 quid
3058 2911 3206 2977 sunt]
3220 2909 3429 2963 divitiae
3443 2907 3762 2977 insipienti?

2159 3003 2432 3061 Possidere
2469 3007 2607 3060 enim
2638 3006 2965 3074 sapientiam
2991 3017 3173 3058 excors
3207 3018 3314 3057 non
3346 3003 3554 3072 poterit
3580 3002 3760 3064 (Prov.

2159 3111 2261 3163 xv,
2292 3110 2393 3154 sec.
2417 3097 2626 3164 LXX).
2656 3098 2719 3150 In
2735 3103 2949 3151 tantum
2974 3110 3100 3150 vero
3123 3093 3192 3150 ab
3215 3094 3307 3149 illa
3326 3091 3633 3148 eruditione
3653 3105 3765 3147 saa-

451 3189 543 3241 via
581 3206 597 3240 :
641 3202 735 3258 per
776 3187 882 3242 hoc
927 3187 1205 3243 evidenter
1241 3185 1534 3244 ostendens
1555 3229 1570 3256 ,
1602 3187 1879 3243 neminem
1910 3195 2053 3243 recte
2087 3192 2132 3256 C
2161 3189 2327 3244 culari
2352 3205 2475 3261 quae
2502 3189 2799 3246 carnalium
2829 3187 3089 3244 vitiorum
3127 3186 3290 3243 sorde
3319 3186 3596 3258 polluitur,
3639 3199 3770 3240 vera

454 3293 614 3351 posse
637 3281 708 3338 ad
739 3281 1128 3354 perscrutanda
1159 3283 1257 3338 Dei
1283 3282 1592 3339 testimonia
1630 3282 1928 3355 pervenire,
1953 3283 2054 3340 nisi

455 3375 608 3446 prius
655 3391 750 3448 per
795 3377 1061 3433 actualem
1076 3376 1571 3448 :conversationem
1624 3377 1680 3432 in
1728 3377 1810 3432 via
1857 3376 2054 3434 Christi

362 3496 366 3500 -
455 3468 835 3527 immaculatus
886 3469 1117 3527 incedat.
1179 3470 1251 3527 Hi
1299 3486 1460 3543 ergo,
1510 3485 1652 3544 quos
1701 3469 1909 3537 dixisti,
1946 3485 2059 3525 non

457 3560 619 3617 istam
647 3577 813 3632 quam
855 3563 1128 3619 immundi
1156 3563 1353 3620 habere
1399 3579 1509 3621 non
1548 3572 1808 3636 possunt,
1850 3563 1944 3619 sed
1971 3567 2058 3629 τῆς

349 3677 378 3736 ξι
456 3658 484 3691 ι’
509 3657 847 3728 ψευδωνύμου,
887 3657 992 3713 hoc
1019 3661 1143 3727 ‘est,
1183 3658 1301 3714 falsi
1348 3660 1595 3716 nominis
1627 3659 1904 3715 scientiam
1941 3674 2061 3730 pos-

358 3742 376 3814 f'
459 3749 662 3820 sident,
692 3750 760 3807 de
787 3766 891 3824 qua
931 3750 1121 3808 beatus
1161 3752 1458 3823 Apostolus
1491 3754 1594 3816 :0,
1642 3752 1840 3822 inquit,
1876 3755 2058 3808 Timo-

2164 3283 2284 3340 haac
2329 3291 2385 3341 et
2431 3283 2683 3356 spiritalis
2713 3283 2933 3340 scientia
2979 3282 3352 3349 submovetur,
3395 3289 3456 3336 ut
3497 3289 3663 3336 team
3707 3281 3766 3336 in

2163 3378 2442 3436 nonnullis
2466 3378 2768 3450 elinguibus
2791 3393 2854 3434 ac
2879 3393 3014 3449 pene
3039 3377 3329 3433 illitteratis
3357 3377 3594 3433 sciamus
3616 3390 3776 3430 non--

2164 3485 2469 3542 numquam
2513 3469 2841 3526 mirabiliter
2885 3470 3140 3542 viguisse.
3191 3468 3350 3539 Quod
3401 3469 3457 3524 in
3503 3467 3780 3541 apostolis

2166 3564 2462 3636 multisque
2497 3563 2661 3620 etiam
2694 3563 2897 3620 sanctis
2920 3563 3048 3619 viris
3080 3562 3485 3619 evidentissime
3513 3577 3772 3634 compro-

2170 3659 2350 3726 batur,
2389 3658 2481 3728 qui
2528 3673 2640 3714 non
2684 3657 2828 3713 inani
2869 3655 3317 3729 philosophorum
3358 3655 3784 3711 delectabantur

2167 3751 2395 3817 luxuria,
2446 3750 2540 3806 sed
2582 3750 2719 3807 veris
2765 3750 3016 3822 spiritalis
3061 3750 3288 3808 scientiae
3332 3747 3597 3803 fructibus
3638 3762 3768 3802 cur-

1561 3905 1824 3960 ALARDI
1861 3905 2085 3960 GAZIE]
2125 3903 2681 3960 COMMENTARIUS.

535 4035 562 4062 ⁸
589 4027 904 4102 Veramhic
931 4028 1209 4084 scientiam
1234 4029 1536 4102 Dei‘vocat,
1563 4045 1730 4102 quam
1752 4045 1918 4102 supra
1944 4030 2062 4102 spi-

461 4099 736 4182 ritualem,
759 4098 813 4182 id
848 4107 953 4182 est,
986 4115 1112 4155 cum
1143 4115 1267 4156 vera
1307 4100 1506 4182 pietate
1548 4098 1603 4182 et
1628 4098 2062 4182 gratiaﬁpiri‘tus

458 4170 633 4244 sancti
659 4171 1037 4244 coniunctam;
1070 4185 1192 4244 quae
1229 4170 1374 4244 certe
1402 4188 1527 4228 cum
1562 4170 1911 4244 immunditia
1944 4187 2064 4228 car-

465 4243 571 4308 nis,
614 4241 698 4314 vel
731 4241 1258 4314 s'purcitiisialiisque
1292 4243 1562 4300 similibus
1595 4243 1737 4299 vitiis
1771 4244 2067 4300 consistere

461 4311 674 4385 nequit,
705 4311 899 4385 etnon
920 4313 1025 4385 nisi
1055 4329 1087 4368 a
1114 4311 1267 4385 veris
1287 4314 1386 4369 Dei
1411 4315 1710 4370 cultoribus
1738 4313 2062 4385 possidetur.

464 4382 590 4437 Hac
615 4390 828 4456 spectat
851 4382 1100 4456 doctrina
1126 4383 1182 4438 S.
1208 4384 1439 4456 Thomas
1463 4390 1604 4450 (2-2,
1637 4402 1693 4456 q.
1730 4382 1818 4451 i0,
1841 4389 1950 4440 art.
1969 4387 2062 4456 73),

464 4466 571 4532 qua
594 4451 815 4532 donum
838 4452 1324 4532 _scientia3_(quod
1354 4455 1446 4532 hic
1471 4451 1679 4532 Auctor
1699 4461 1871 4532 fucat
1904 4455 2068 4511 scien-

465 4519 603 4576 tiam
643 4519 972 4591 spiritalem)
1003 4519 1214 4577 confert
1234 4539 1360 4578 cum
1391 4524 1539 4580 dono
1586 4525 1908 4590 intellectus,
1938 4541 2064 4580 cum

465 4592 538 4648 sit
579 4599 874 4664 utrumque
902 4591 1108 4664 donum
1151 4593 1387 4664 Spiritus
1430 4594 1599 4649 sancti
1647 4594 1792 4664 apud
1839 4595 2063 4661 Isaiam;

464 4664 616 4721 Sicut
651 4663 854 4718 dictum
893 4667 990 4726 est,
1022 4663 1222 4734 inquit,
1260 4665 1326 4719 de
1365 4666 1503 4720 dono
1547 4663 1877 4730 intellectus,
1923 4668 2067 4736 quod

463 4751 569 4791 non
588 4738 910 4806 quicumque
933 4736 1212 4804 intelligit,
1230 4736 1388 4791 habet
1409 4737 1609 4792 donum
1626 4738 1955 4804 intellectus;
1977 4739 2069 4793 sed

466 4810 567 4876 qui
578 4809 856 4876 intelligit,
883 4809 1048 4877 quasi
1057 4823 1126 4862 ea:
1149 4807 1342 4863 habitu
1359 4811 1550 4877 gratiae
1573 4828 1589 4863 :
1619 4811 1699 4863 ita
1719 4811 1877 4864 etiam
1898 4810 1964 4865 de
1983 4811 2068 4864 do-

463 4851 1214 4950 noscientiwuin’tej’llligendum,
1233 4851 1388 4950 quod,
1401 4881 1492 4934 illi
1502 4881 1604 4935 soli
1619 4881 1817 4935 donum
1831 4851 2066 4936 scientia:
2089 4851 2140 4914 D

468 4947 720 5022 habeant,
749 4950 846 5015 qui
870 4964 941 5022 ea:
961 4947 1450 5022 infusione—gratice
1464 4956 1664 5007 rectum
1674 4951 1942 5022 judicium
1967 4953 2069 5007 ha-

470 5018 590 5073 bent
607 5017 1027 5098 circacredenda
1036 5024 1086 5098 et
1100 5017 1328 5098 agenda,
1347 5024 1426 5076 ita
1447 5024 1591 5098 quod
1615 5017 1841 5098 infnullo
1859 5024 2072 5078 devicnt

466 5104 501 5144 a
531 5088 854 5144 rectitudine
881 5089 1136 5157 justitiae.
1162 5094 1232 5146 Et
1257 5093 1368 5146 hazc
1393 5088 1470 5148 est
1496 5097 1717 5149 scientia
1740 5099 2067 5156 sanctorum,

467 5161 534 5217 de
560 5175 668 5231 qua
701 5161 906 5216 dicitur
932 5161 1063 5235 _Sap.
1093 5177 1176 5235 x7:
1201 5165 1414 5218 Iustum
1442 5165 1669 5220 deduxit
1693 5168 1952 5222 Dominus
1969 5180 2073 5235 per

463 5235 580 5288 vias
605 5237 799 5300 rectas,
830 5237 880 5287 et
908 5232 1060 5288 dedit
1086 5234 1174 5288 illi
1200 5237 1475 5289 scientiam
1499 5241 1830 5291 sanctorum.

536 5305 562 5339 δ
595 5303 933 5376 Ψευόώνυμος
968 5319 998 5360 a
1030 5305 1226 5376 ψευδής,
1266 5305 1322 5362 id
1356 5314 1458 5375 est,
1499 5305 1671 5361 falsus
1704 5321 1768 5360 ac
1804 5303 2068 5375 mendax;

465 5383 521 5432 et
548 5376 728 5445 ὄνομα,
753 5375 902 5447 quod
930 5385 1014 5431 est
1042 5375 1262 5447 nomen.
1607 5445 1615 5447 4
1663 5427 1668 5430 .

537 5449 560 5478 ε
586 5447 648 5503 Id
677 5445 786 5515 est,
807 5461 1004 5521 vocum
1036 5446 1345 5521 inanitates,
1372 5462 1467 5503 seu
1497 5445 1781 5521 vanitates,
1816 5453 1878 5503 ut
1898 5446 2072 5521 AChry-

466 5522 765 5591 sostomus,
808 5525 863 5572 et
906 5517 1280 5591 OEcumenius
1317 5518 1519 5591 legunt.
1563 5519 1640 5573 At
1679 5527 1869 5576 noster
1897 5517 2072 5575 inter-

466 5601 596 5667 pres
625 5587 753 5667 legit
789 5590 1132 5667 autvopuivlag,
1164 5589 1220 5648 id
1246 5587 1891 5667 est,Vocum_novvitates,
1933 5607 2072 5667 quo-

465 5655 840 5736 modonétiam
886 5655 1014 5730 legit
1049 5660 1160 5714 div.
1203 5655 1548 5736 Ambrosius.
1564 5662 1750 5736 _Porro
1785 5655 2074 5736 Qiaconius

467 5733 523 5780 et
577 5725 691 5796 alii,
716 5725 991 5796 postrema
1028 5736 1242 5783 tantum
1287 5729 1450 5784 verba
1495 5730 1761 5796 referunt,
1808 5730 2072 5793 ἀντιθέσεις

467 5799 554 5862 τῆς
588 5793 907 5868 ψευδωνύμου
949 5797 1198 5864 γνώσεως.
1236 5797 1532 5868 Dionysius
1561 5814 1716 5856 more
1749 5793 1852 5856 suo
1880 5800 2069 5858 Graeca

2169 4029 2395 4086 omittit.

2239 4103 2264 4137 τι
2291 4105 2370 4156 lta
2401 4115 2465 4155 ex
2497 4101 2686 4157 Graeca
2714 4099 3066 4156 translatione
3091 4117 3106 4154 :
3137 4098 3366 4171 Vulgata
3392 4105 3578 4153 autem
3606 4115 3620 4151 :
3654 4099 3776 4153 Cir-

2169 4173 2319 4251 culus
2339 4188 2536 4227 aureus
2556 4175 2614 4251 in
2634 4173 2858 4251 naribus
2881 4173 3016 4234 suis,
3041 4171 3494 4251 mulierpulchra
3513 4175 3564 4224 et
3588 4171 3772 4236 fatua.

2174 4243 2660 4322 Hujussententiar
2688 4250 2800 4298 tres
2828 4257 3018 4322 sensus
3034 4239 3209 4322 affert.
3227 4239 3344 4322 div.
3370 4241 3772 4322 Hieronymus;

2173 4310 2598 4370 secundus‘huic
2622 4313 2743 4368 loco
2760 4312 2994 4368 maxime
3031 4313 3280 4438 prqprius
3301 4319 3354 4366 et
3385 4310 3774 4367 accommoda-

2173 4391 2261 4439 tus
2281 4391 2371 4464 est
2403 4383 2489 4464 hic
2523 4403 2535 4438 :
2569 4386 2676 4451 Qui
2700 4390 3071 4464 ornamentum
3133 4386 3416 4464 icium-um
3444 4384 3774 4464 eloquiorum

2173 4454 2484 4530 meditando
2519 4457 2878 4530 consequitur,
2898 4457 3001 4530 sed
3037 4455 3175 4530 male
3195 4455 3422 4530 vivendo
3447 4455 3772 4530 insequitur.

2173 4526 2432 4580 circulum
2452 4540 2675 4580 aureum
2704 4526 2862 4581 habet
2882 4529 2938 4580 in
2953 4526 3214 4592 naribus,-
3240 4526 3335 4579 sed
3356 4541 3506 4579 more
3529 4527 3646 4578 suis
3671 4530 3776 4576 ter-

2174 4613 2292 4651 ram
2325 4596 2567 4664 subigere
2607 4611 2712 4650 non
2748 4597 2979 4664 desistit,
3010 4599 3138 4667 quia
3175 4597 3318 4666 quod
3357 4597 3522 4650 odore
3533 4594 3770 4667 justitng

2168 4670 2425 4738 percepit,
2449 4663 2749 4738 immunda
2786 4663 2988 4723 actione
3013 4663 3339 4723 sordidavit.
3385 4663 3608 4734 Ideoque
3635 4663 3771 4738 talis

2174 4733 2358 4792 anima
2373 4733 2604 4809 pulchra
2632 4744 2682 4794 et
2703 4740 2864 4805 fatua
2887 4755 2995 4795 esse
3016 4742 3275 4804 censetur,
3317 4740 3452 4806 quia
3477 4733 3778 4809 oarmlibus

2175 4805 2667 4864 dedita—illecebris
2706 4810 2936 4879 pulchra
2973 4815 3049 4864 est
3077 4825 3180 4880 per
3216 4805 3519 4874 scientiam,
3550 4805 3641 4861 sed
3672 4819 3782 4875 per

2175 4881 2433 4936 actionem
2465 4882 2646 4947 fatua.

2177 5025 2224 5077 ἰ.
2249 4952 2272 4982 ε
2303 4951 2527 5024 Vulgata
2555 4950 2722 5008 editio
2756 4967 2770 5005 :
2809 4953 2985 5007 Timor
3014 4951 3233 5008 Domini
3250 4949 3546 5020 disciplina
3571 4950 3782 5018 sapam-

2202 5038 2285 5076 we.

2202 5038 2285 5076 ιω.

2250 5085 2269 5124 ¹
2289 5093 2538 5178 Vulgata,
2566 5093 2710 5162 Quid
2722 5093 2944 5164 prodest
2971 5094 3136 5178 stulto
3163 5094 3359 5149 habere
3385 5090 3622 5154 divitias,
3649 5101 3775 5142 cum

2176 5168 2496 5234 sapientiam
2523 5180 2692 5220 emere
2711 5180 2815 5220 non
2836 5168 3044 5234 possit?

2178 5237 2275 5316 ωε
2303 5235 2630 5316 De_tal_ilius_
2647 5235 2768 5291 vide
2813 5235 3221 5316 annotationem
3251 5233 3384 5316 satis
3431 5231 3676 5316 amplam
3706 5225 3784 5284 ad

2248 5249 2273 5276 ι’
2303 5249 2385 5292 De
2413 5249 2615 5291 talibus
2647 5249 2768 5291 Viae
2813 5249 3221 5291 annotauonem
3251 5249 3384 5291 satis
3431 5249 3522 5288 am
3563 5249 3667 5287 iam
3706 5249 3784 5284 au

2177 5305 2271 5361 lib.
2321 5305 2945 5378 vlnstitutionumcap.
2976 5311 3042 5360 34
3071 5315 3126 5361 et
3150 5305 3470 5378 Cassianum
3500 5249 3631 5359 igid.
3655 5315 3787 5371 cap.

2180 5382 2246 5432 33
2286 5377 2618 5452 :Yidimus,
2669 5377 2874 5452 inquit,
2896 5376 3149 5452 abbatem
3199 5376 3528 5452 Theodorum
3566 5386 3788 5452 summ}:

2177 5448 2462 5523 sanctitate
2485 5451 2536 5502 et
2558 5445 2800 5523 perfecta
2829 5450 3052 5523 scientia
3075 5449 3374 5523 praeditum
3395 5462 3500 5501 non
3524 5445 3696 5498 solum
3725 5445 3800 5523 irr

2177 5519 2382 5574 actuali
2405 5520 2537 5581 vita,
2568 5519 2660 5574 sed
2687 5522 2847 5574 etiam
2874 5522 3067 5575 notitia
3085 5522 3484 5590 Scripturarum
3498 5533 3514 5578 ;
3530 5519 3808 5590 quamet

2177 5606 2283 5665 non
2303 5594 2416 5645 tam
2433 5591 2673 5665 studium
2695 5591 2930 5665 lectionis
2953 5591 3036 5646 vel
3047 5586 3373 5665 litteratura
3387 5586 3579 5665 mundi
3593 5587 3794 5665 contu-

2181 5661 2319 5716 lerat
2349 5677 2511 5731 quam
2539 5660 2652 5717 sola
2684 5664 2905 5731 paritas
2935 5663 3141 5726 cordis,
3171 5661 3439 5730 siquidem
3475 5660 3572 5714 via:

2181 5727 2387 5802 quoque
2413 5734 2609 5789 θ’νωοω
2637 5727 2837 5806 lingua:
2856 5749 3128 5806 perpauca
3155 5727 3318 5788 verba
3344 5735 3444 5785 aut
3479 5727 3806 5794 intelligere

2176 5807 2374 5874 posset,
2408 5808 2505 5858 aut
2524 5805 2798 5873 proloqui.

2173 4312 2444 4384 secundus
2459 4320 2462 4324 ’
2475 4313 2598 4369 huic
2622 4313 2743 4368 loco
2760 4312 2994 4368 maxime
3031 4328 3128 4384 pro
