4000 6206
252 257 349 312 985

1147 244 1486 302 COLLATIO
1523 245 1661 302 XIV.
1699 274 1772 287 —
1809 246 1897 301 DE
1935 245 2269 301 SPIRITALI
2307 245 2638 301 SCIENTIA.

3441 255 3550 310 986

245 378 527 437 vabantur.
555 378 638 432 De
656 374 852 445 quibus
875 379 929 429 et
949 373 1003 427 in
1030 371 1261 428 Actibus
1282 370 1676 443 Apostolorum
1705 371 1838 427 scri-
1863 376 1916 437 Α
1945 369 2107 428 fuerit
2147 370 2484 426 audientium
2531 369 2784 426 cordibus
2831 372 3278 428 commendatum
3299 416 3314 441 ,
3351 376 3544 433 subse-

241 479 396 543 ptum
420 477 503 526 est
534 487 546 523 :
583 468 834 523 Videntes
854 470 1034 521 autem
1064 466 1212 519 Petri
1230 465 1583 518 constantiam
1603 467 1656 517 et
1679 465 1841 518 Joan-

1947 477 2117 534 quens
2141 463 2372 534 Spiritus
2399 462 2569 518 sancti
2607 463 2789 518 imber
2820 463 3158 536 largissimus
3202 464 3540 537 fecundabit,

240 568 345 629 nis,
375 568 426 620 et
460 566 721 633 comperto
765 561 909 630 quod
937 561 1173 616 homines
1208 562 1377 614 essent
1406 560 1521 613 sine
1561 558 1758 613 litteris
1788 563 1840 613 et
1941 572 2006 612 ac
2026 556 2323 613 secundum
2348 556 2406 612 id
2429 556 2577 628 quod
2603 556 2877 630 pollicitus
2900 567 2980 615 est
3006 559 3296 632 prOpheta,
3322 562 3548 617 dabitur

241 659 437 720 idiota,
480 654 896 711 admirabantur
945 656 1148 725 (Actor.
1185 654 1302 722 iv).
1342 654 1415 708 Et
1437 650 1643 708 idcirco
1664 649 1709 706 si
1734 649 1832 706 tibi

238 766 380 808 cura:
409 757 494 806 est
517 747 583 805 ad
611 747 728 820 ejus
765 745 1279 802 immarcescibilem
1323 744 1675 816 fragrantiam
1705 757 1832 815 per-

233 844 419 900 venire
436 885 455 913 ,
482 843 694 899 cunctis
713 841 951 914 primum
975 839 1262 897 conatibus
1285 838 1534 908 elabora,
1565 847 1628 894 ut
1654 853 1684 893 a
1710 840 1833 893 Do-

233 935 384 992 mino
412 936 700 1008 puritatem
743 934 1004 992 castitatis
1037 933 1305 989 obtineas.
1355 931 1554 989 Nullus
1588 929 1732 986 enim
1777 930 1833 986 in

232 1045 341 1101 quo
370 1029 550 1086 adhuc
577 1028 879 1086 carnalium
930 1029 1248 1100 passionum
1290 1033 1346 1083 et
1374 1026 1614 1083 maxime
1662 1023 1832 1080 forni-

233 1121 468 1179 cationis
486 1121 808 1179 dominatur
825 1120 1078 1190 affectus,
1105 1120 1410 1192 spiritalem
1430 1119 1635 1192 poterit
1659 1119 1834 1174 scien-

231 1215 364 1271 tiam
417 1215 715 1288 possidere.
757 1218 818 1272 In
848 1215 1007 1270 corde
1045 1214 1192 1270 enim
1242 1215 1372 1268 bono
1417 1215 1708 1283 requiescet
1750 1227 1837 1267 sa-

225 1312 466 1380 pientia;
499 1317 550 1366 et
595 1313 695 1381 qui
722 1311 872 1365 timet
908 1314 1106 1372 Deum,
1147 1309 1376 1364 inveniet
1414 1308 1688 1362 scientiam
1716 1322 1832 1361 cum

217 1403 444 1473 justitia
469 1403 642 1474 (Prov.
676 1402 827 1473 xxv).
859 1404 978 1457 Hoc
1005 1409 1189 1457 autem
1225 1417 1333 1472 quo
1359 1399 1714 1471 praediximus
1737 1415 1831 1455 or-

225 1495 354 1552 dine
381 1497 452 1553 ad
479 1497 776 1568 spiritalem
808 1495 1093 1552 scientiam
1125 1493 1414 1566 perveniri,
1445 1493 1610 1549 etiam
1640 1492 1829 1548 beatus

1936 652 2128 721 pluvia
2151 653 2348 706 semini
2374 656 2483 715 tuo,
2509 653 2824 723 ubicumque
2838 657 3181 710 seminaveris
3202 657 3261 710 in
3290 660 3456 724 terra,
3496 660 3548 711 et

1933 747 2095 816 panis
2140 748 2369 815 frugum
2407 751 2561 802 terra
2601 751 2709 802 ture
2747 750 2851 803 erit
2883 748 3189 806 uberrimus
3235 754 3286 805 et
3326 750 3548 820 pingusi

1939 843 2115 908 (Isaiae
2139 842 2306 908 xxx).

2519 935 2762 992 CAPUT
2791 939 2974 993 XVII.

2143 1029 2344 1096 Quibus
2372 1029 2517 1084 ratio
2541 1030 2882 1099 perfectionis
2906 1031 3094 1085 debeat
3119 1033 3342 1101 aperiri.

2012 1121 2154 1176 Cave
2181 1114 2208 1152 δ
2227 1120 2395 1176 etiam
2433 1136 2500 1176 ne
2531 1120 2650 1176 haec
2676 1135 2798 1191 quae
2827 1129 2942 1176 tam
2988 1122 3216 1178 lectione
3254 1137 3416 1193 quam
3446 1137 3546 1179 ex-

1941 1211 2221 1284 perientia:
2263 1213 2465 1268 sudore
2513 1211 2790 1278 didiceris,
2834 1228 2965 1268 cum
3003 1221 3056 1267 te
3103 1223 3236 1268 actas
3271 1215 3551 1270 maturior

1939 1306 2242 1378 provexerit
2299 1305 2368 1362 ad
2424 1304 2766 1370 docendum,
2828 1318 2982 1360 vanae
3033 1304 3222 1376 gloriae
3290 1305 3548 1362 seductus

1939 1400 2146 1472 amore,
2176 1402 2474 1458 immundis
2516 1401 2827 1458 hominibus
2857 1402 3060 1472 passim
3097 1401 3338 1474 ingeras,
3374 1401 3541 1457 illud-

1937 1511 2043 1568 que
2071 1495 2219 1567 quod
2261 1495 2694 1566 sapientissimus
2722 1495 2980 1551 Salomon
3017 1494 3313 1561 interdixit,
3353 1495 3539 1551 incur-

228 1589 526 1662 Apostolus
559 1588 738 1645 docet.
785 1591 926 1644 Nam
975 1603 1104 1643 cum
1146 1586 1520 1643 universarum
1567 1585 1831 1656 virtutum
1937 1605 2026 1645 ras
2057 1609 2070 1644 :
2097 1590 2262 1647 cNoli
2287 1590 2558 1660 applicare
2601 1591 2829 1658 impium
2856 1589 2929 1643 ad
2947 1604 3149 1658 pascua
3181 1589 3343 1657 justi,
3370 1605 3540 1658 neque

226 1697 448 1738 suarum
471 1697 581 1739 non
610 1683 787 1738 solum
814 1682 1129 1753 catalogum
1167 1689 1350 1737 texere
1369 1721 1386 1748 ,
1425 1695 1617 1735 verum
1665 1679 1828 1734 etiam
1937 1684 2213 1739 seducaris
2249 1686 2537 1738 saturitate
2570 1684 2799 1749 ventris;
2823 1671 2852 1714 ά
2885 1699 2989 1737 non
3041 1684 3182 1737 enim
3242 1683 3539 1751 expediunt

227 1773 477 1831 ordinem
522 1789 713 1831 earum
756 1775 912 1831 vellet
947 1789 1252 1847 exponere,
1299 1782 1362 1830 ut
1386 1789 1510 1846 quae
1551 1787 1720 1846 quam
1748 1787 1831 1829 se—
1861 1773 1910 1834 B
1938 1778 2102 1832 stulto
2131 1777 2356 1839 delicia,
2381 1777 2404 1800 ’
2430 1792 2522 1830 nec
2560 1791 2689 1846 opus
2734 1781 2810 1831 est
2832 1779 3104 1846 sapientia
3137 1776 3234 1829 ubi
3260 1775 3404 1830 deest
3429 1790 3523 1831 sen

229 1877 486 1939 queretur
507 1869 587 1924 vel
631 1884 754 1940 quae
780 1884 944 1940 quam
989 1868 1283 1940 parturiret
1319 1868 1664 1940 exprimeret,
1708 1874 1833 1938 post
1940 1886 2029 1926 sus
2044 1873 2220 1938 (Prov.
2251 1871 2408 1940 xxx).
2428 1870 2602 1942 Magis
2622 1870 2764 1925 enim
2795 1869 3013 1926 ducitur
3036 1869 3369 1940 insipientia;
3392 1870 3542 1940 quia,

233 1962 510 2032 aliquanta
534 1963 738 2032 intulit,
758 1963 941 2019 dicens
973 1973 1035 2017 τι
1055 1966 1118 2018 In
1143 1964 1368 2032 vigiliis,
1397 1966 1456 2017 in
1484 1965 1750 2027 castitate,
1773 1965 1833 2016 in
1942 1955 2161 2018 ‘servus
2191 1963 2360 2016 durus
2383 1979 2489 2017 non
2530 1963 2901 2017 emendabitur
2923 1963 3117 2018 verbis.
3141 1964 3203 2018 Si
3235 1966 3374 2017 enim
3391 1965 3538 2017 intel-

230 2055 485 2117 scientia,
516 2058 572 2109 in
618 2056 1054 2124 longanimitate,
1105 2058 1164 2110 in
1192 2059 1477 2120 suavitate,
1519 2058 1579 2110 in
1623 2057 1835 2126 Spiritu
1945 2055 2159 2119 lemerit,
2183 2071 2286 2110 non
2309 2055 2518 2110 obediet
2557 2057 2732 2123 (Ρνου.
2768 2059 2966 2122 xxxx).
2991 2058 3085 2123 Et,
3114 2056 3140 2095 8
3164 2059 3226 2112 In
3264 2071 3426 2111 aures
3453 2059 3546 2110 im-

230 2151 437 2210 sancto,
464 2151 521 2202 in
543 2149 815 2204 charitate
839 2165 947 2204 non
973 2151 1098 2218 ﬁcta
1125 2151 1169 2215 (Ι
1201 2150 1323 2208 Cor.
1349 2148 1450 2218 γι).
1482 2149 1548 2202 In
1573 2163 1680 2220 qua
1707 2162 1839 2202 con-

229 2238 512 2310 iugatione
547 2241 816 2298 virtutum
839 2241 1252 2298 evidentissime
1271 2255 1376 2297 nos
1403 2240 1578 2297 voluit
1598 2239 1833 2309 erudire,

230 2329 298 2387 de
326 2330 520 2404 vigiliis
547 2341 712 2406 atque
740 2334 962 2408 jejuniis
991 2335 1060 2391 ad
1099 2334 1400 2390 castitatem
1420 2375 1436 2400 ,
1487 2334 1555 2390 de
1589 2335 1837 2391 castitate

232 2423 302 2481 ad
339 2425 644 2496 scientiam,
694 2427 762 2484 de
805 2428 1032 2485 scientia
1083 2427 1154 2484 ad
1209 2426 1717 2500 longanimitatem,
1769 2427 1838 2484 de

235 2517 652 2590 longanimitate
680 2518 747 2576 ad
771 2521 1113 2588 suavitatem,
1155 2518 1223 2576 de
1246 2520 1508 2576 suavitate
1545 2519 1615 2576 ad
1660 2520 1837 2591 Spiri-

232 2617 350 2666 tum
376 2620 659 2676 sanctum,
712 2613 781 2669 de
829 2613 1028 2685 Spiritu
1058 2621 1244 2669 sancto
1295 2611 1364 2669 ad
1406 2611 1687 2668 charitatis
1727 2627 1839 2668 non

233 2703 375 2761 ﬁctae
403 2707 628 2777 praemia
665 2707 963 2778 pervenire.
1017 2708 1154 2763 Cum
1186 2706 1353 2779 igitur
1403 2705 1506 2762 hac
1555 2705 1840 2778 disciplina

231 2805 393 2870 atque
426 2799 532 2856 hoc
558 2800 748 2857 ordine
787 2809 845 2857 tu
872 2815 1092 2873 quoque
1121 2800 1431 2872 perveneris
1461 2798 1532 2856 ad
1550 2800 1838 2856 scientiam

232 2892 557 2962 spiritalem,
598 2892 824 2949 habebis
852 2893 1233 2965 proculdubio,
1284 2892 1423 2949 sicut
1450 2891 1704 2960 diximus,
1738 2906 1839 2947 nec

236 2983 480 3039 sterilem
504 3025 520 3052 ,
548 2999 651 3038 nec
670 2984 928 3052 inertem,
952 2987 1048 3041 sed
1069 2987 1246 3041 vivam
1277 2985 1718 3057 fructuosamque
1738 2984 1832 3042 do-

233 3073 494 3145 ctrinam,
530 3089 826 3146 semenque
866 3076 1120 3132 salutaris
1162 3077 1331 3145 verbi,
1364 3077 1509 3149 quod
1555 3093 1683 3133 cum
1722 3085 1837 3134 ate

1939 2150 2227 2224 prudentis
2255 2149 2368 2203 noli
2397 2149 2694 2217 quidquam
2718 2149 2922 2211 dicere,
2947 2165 3014 2202 ne
3036 2151 3180 2216 forte
3200 2150 3431 2203 irrideat
3457 2165 3548 2204 sa-

1936 2245 2143 2313 pientes
2167 2256 2428 2297 sermones
2453 2246 2567 2296 tuos
2604 2244 2779 2308 (Prov.
2808 2245 3015 2308 χχιιι).
3053 2244 3144 2308 Et,
3174 2235 3202 2272 ¹¹
3229 2244 3307 2298 Ne
3334 2242 3546 2296 dederi-

1948 2338 2016 2389 tis
2030 2341 2272 2390 sanctum
2294 2336 2536 2396 canibus,
2555 2350 2725 2404 neque
2738 2336 2991 2390 miseritis
3006 2336 3337 2402 margaritas
3346 2337 3553 2388 vestras

1945 2433 2071 2482 ante
2092 2444 2299 2500 porcos,
2338 2445 2404 2484 ne
2429 2431 2570 2496 forte
2600 2429 2899 2483 conculcent
2936 2443 3022 2482 eas
3058 2427 3290 2498 pedibus
3323 2430 3456 2494 suis,
3500 2432 3552 2481 et

1947 2525 2183 2578 conversi
2205 2524 2549 2592 disrumpunt
2576 2538 2666 2577 vos
2700 2523 2916 2586 (Matth.
2937 2521 3082 2593 vn).
3111 2525 3344 2593 Oportet
3371 2520 3550 2592 itaque

1948 2622 2012 2669 ut
2052 2613 2373 2686 hujusmodi
2406 2613 2723 2669 hominibus
2760 2613 3370 2684 spiritaliumseusuum
3412 2630 3549 2669 con-

1949 2715 2134 2779 tegens
2182 2714 2521 2762 sacramenta
2563 2706 2852 2763 efficaciter
2896 2723 3101 2763 canas:
3146 2713 3208 2764 In
3259 2709 3412 2762 corde
3437 2722 3555 2761 meo

1949 2801 2205 2855 abscondi
2227 2801 2437 2870 eloquia
2453 2805 2550 2855 tua
2578 2805 2638 2856 ut
2657 2817 2763 2856 non
2771 2816 2977 2872 peccem
3004 2802 3102 2855 tibi
3123 2802 3289 2869 (Psal.
3308 2803 3546 2869 cxvm).

1948 2891 2052 2947 Sed
2077 2891 2212 2948 dicis
2223 2892 2483 2948 forsitan:
2517 2895 2585 2947 Et
2599 2893 2797 2964 quibus
2815 2893 3124 2950 divinarum
3146 2893 3547 2965 Scripturarum

1944 2985 2306 3057 dispensanda
2347 2995 2474 3042 sunt
2505 2989 2890 3043 sacramenta?
2920 2991 3094 3044 Docet
3132 2997 3184 3044 te
3213 2989 3546 3060 sapientissi-

1947 3096 2069 3138 mus
2099 3082 2358 3137 Salomon
2400 3081 2632 3151 :‘Date,
2674 3082 2872 3154 inquit,
2904 3085 3212 3139 ebrietatem
3248 3085 3332 3138 his
3359 3087 3458 3154 qui
3492 3087 3549 3138 in

1340 3192 1593 3246 ALARDI
1633 3192 1855 3248 GAZzEl
1891 3194 2452 3252 COMMENTARIUS.

304 3304 329 3378 ξ
358 3297 611 3378 Quatuor
655 3296 1088 3378 cprnbinationes
1125 3298 1251 3378 sive
1289 3297 1704 3378 conjugationes
1729 3299 1841 3378 vir-
1873 3307 1917 3370 C
1949 3306 2007 3358 in
2037 3306 2436 3378 tabernaculum
2453 3305 2887 3378 justorum.ASed
2917 3321 3020 3378 vox
3047 3306 3277 3362 Hebraea
3298 3306 3553 3378 ambigua

233 3365 416 3450 tutum
455 3365 564 3448 his_
586 3366 769 3450 verbis
812 3368 1131 3450 complexus
1177 3375 1261 3450 est
1288 3365 1604 3450 Apostolus,
1627 3369 1841 3450 jejunia
1883 3365 1916 3370 ⁷
1951 3383 2035 3450 est
2064 3374 2156 3450 _ad
2207 3365 2543 3450 utrumqu'ea
2567 3377 2710 3450 _Hmc
2746 3376 3054 3431 Ciaconius.
3099 3380 3270 3450 Porro
3318 3365 3550 3448 Vulgata

231 3437 454 3512 vigiliis,
487 3436 779 3512 scientiam
797 3436 1056 3512 castitati,
1070 3436 1401 3512 (suavitate—tn
1421 3436 1840 3512 longanimitati,

226 3507 568 3582 charitatem
639 3509 862 3582 Spiritui
923 3510 1183 3582 copulans
1244 3518 1412 3582 atque
1471 3507 1841 3582 conjungens,

1951 3444 2112 3516 lectio
2154 3455 2239 3516 est
2280 3463 2294 3497 :
2335 3446 2412 3502 Ne
2435 3445 2742 3508 insidieris,
2791 3450 2846 3500 et
2883 3461 3093 3515 quaeras
3128 3444 3456 3516 impietatem
3491 3451 3550 3504 in

1951 3515 2106 3570 domo
2138 3515 2301 3585 justi,
2337 3531 2504 3585 neque
2550 3521 2725 3572 vastes
2753 3519 2989 3586 requiem
3032 3518 3148 3586 ejus
3173 3515 3351 3586 (Prov.
3385 3521 3544 3586 XIX);

221 3579 349 3650 quia
368 3579 647 3658 nimirum
669 3579 917 3637 Charitas
935 3579 1271 3658 difunditur
1287 3579 1347 3637 in
1365 3579 1615 3658 cordibus
1640 3579 1844 3658 nostris
1950 3587 2036 3641 cui
2062 3579 2314 3642 Chaldzea
2349 3579 2480 3642 satis
2502 3586 2746 3643 accedit:
2775 3579 2851 3643 N'e
2883 3579 3158 3643 insidieris
3181 3579 3357 3658 impie
3402 3579 3554 3645 habi-

215 3665 314 3726 per
349 3653 639 3723 Spiritum
679 3657 923 3726 sanctum
965 3655 1136 3726 (Rom.
1171 3653 1256 3724 v),
1291 3654 1452 3726 cujus
1491 3661 1576 3711 est
1609 3653 1841 3725 speciale

218 3721 450 3796 dopufm
478 3730 533 3778 et
559 3722 796 3779 maxime
817 3723 1115 3796 proprium.

286 3787 314 3866 ε’
339 3798 534 3851 Docet
593 3809 794 3866 arcana
817 3787 833 3796 ’
861 3787 1031 3866 sacrae
1083 3792 1346 3866 doctrinm
1372 3800 1464 3866 __et
1508 3793 1839 3866 qspiritualis

218 3864 474 3922 scientiae
500 3879 613 3920 non
637 3879 755 3919 esse
782 3863 1120 3933 hominibus
1143 3863 1442 3919 immundis
1459 3903 1476 3929 ,
1506 3863 1691 3933 id'est,
1723 3881 1841 3920 car-

226 3935 478 4002 nalibus,
510 3942 602 3990 aut
628 3933 917 3988 luxuriosis
940 3932 1303 4002 propalanda;
1334 3933 1429 3987 sed
1465 3932 1839 4001 spiritualibus

229 4013 286 4063 et
315 4006 509 4080 castis.
529 4003 811 4080 Αζιέτηαιίε⁸
825 4003 967 4080 enim
992 4003 1182 4080 _homo‘
1205 4016 1312 4080 ngn
1349 4003 1582 4080 percipit
1625 4018 1838 4080 ea__quce

233 4079 336 4132 Dei
381 4076 532 4130 sunt.
589 4072 733 4126 Hinc
783 4070 1076 4141 Apostolus
1118 4069 1186 4125 ad
1237 4069 1551 4125 Corinthios
1600 4069 1840 4129 scribens

230 4147 278 4212 (Ι
299 4146 424 4202 Cor.
447 4147 506 4209 ιι)
537 4160 550 4196 :
587 4142 1024 4210 Nonpotuivobis
1052 4141 1218 4211 loqui,
1260 4142 1422 4210 quasi
1439 4143 1838 4210 spiritualibus,

231 4215 331 4272 sed
346 4215 515 4284 quasi
524 4213 853 4284 carnalibus.
878 4215 1172 4281 Tamquam
1181 4212 1429 4282 parvulis
1449 4213 1507 4265 in
1529 4212 1741 4269 Christo
1761 4215 1842 4269 lac

232 4286 389 4340 vobis
399 4288 592 4353 potum
611 4283 758 4346 dedi,
783 4299 889 4338 non
909 4298 1096 4346 escam,
1112 4284 1350 4338 nondum
1377 4285 1519 4339 enim
1539 4285 1839 4353 poteratis;

234 4356 332 4410 sed
358 4370 454 4410 nec
489 4371 630 4409 nunc
670 4354 885 4423 quidem
909 4356 1154 4424 potestis,
1187 4355 1366 4409 adhuc
1409 4357 1551 4409 enim
1592 4356 1838 4410 carnales

232 4428 387 4482 estis.
421 4427 491 4480 Et
518 4425 587 4482 ad
617 4425 872 4481 Hebraeos
910 4440 950 4480 v
979 4445 990 4480 :
1019 4427 1201 4483 Omnis
1226 4429 1327 4496 qui
1366 4427 1522 4481 lactis
1551 4431 1629 4482 est
1650 4429 1836 4497 parti-

233 4511 378 4567 ceps,
411 4512 598 4567 empers
617 4502 696 4553 est
719 4497 977 4552 sermonis
983 4498 1219 4566 justitiw
1237 4517 1254 4564 ;
1272 4499 1636 4567 perfectorum
1655 4502 1837 4553 autem

232 4573 313 4624 est
338 4568 546 4624 sol-idus
592 4569 767 4634 cibus;
815 4583 998 4622 eorum
1027 4571 1126 4636 qui
1158 4584 1261 4637 pro
1291 4571 1412 4638 ipsa
1454 4568 1836 4624 consuetudine

231 4642 551 4695 exercitatos
575 4639 771 4694 habent
786 4652 971 4693 sensus
991 4639 1064 4693 ad
1086 4639 1454 4693 discretionem
1472 4640 1594 4694 boni
1611 4645 1660 4694 et
1677 4641 1830 4694 mali.

1951 3659 2127 3730 tacula
2141 3659 2304 3727 justi,
2326 3673 2495 3728 neque
2509 3659 2770 3728 projicias
2797 3659 3013 3714 domum
3030 3659 3382 3715 habitationis
3407 3661 3544 3730 ejus.

2020 3728 2043 3763 ἀ
2070 3730 2238 3800 γωδ.
2270 3748 2283 3782 :
2311 3731 2428 3786 Non
2448 3730 2629 3784 decent
2645 3731 2873 3785 stultum
2894 3731 3118 3784 deliciae.

2020 3802 2043 3831 °
2068 3797 2307 3869 Ἀγέται,
2335 3800 2583 3867 ducitur;
2623 3814 2760 3867 non,
2808 3801 3034 3862 dicitur,
3079 3807 3139 3854 ut
3178 3800 3367 3856 vitiose
3390 3809 3548 3856 antea

1947 3870 2242 3954 legebatur.
2275 3870 2542 3954 Vulg-atus.
2557 3877 2738 3953 textus
2767 3888 2780 3923 :
2802 3873 2918 3927 Non
2940 3872 3130 3954 recipit
3154 3871 3369 3954 stultus.
3386 3873 3552 3951 verba

1956 3943 2284 4010 prudentia,
2307 3940 2420 3996 nisi
2429 3957 2491 3995 ea
2503 3941 2710 3996 dixeris
2729 3956 2848 4010 qua:
2864 3946 3151 3994 versantur
3168 3943 3226 3994 in
3245 3940 3397 3995 corde
3411 3942 3544 4010 ejus.

2021 4004 2039 4040 ¹
2071 4012 2296 4080 Vulgata
2329 4013 2555 4066 :Servus
2597 4011 2773 4066 verbis
2803 4027 2912 4066 non
2930 4015 3104 4080 potest
3143 4011 3384 4076 erudiri;
3415 4015 3547 4080 quia

1949 4080 2093 4148 quod
2116 4081 2251 4151 dicis
2284 4082 2563 4151 intelligit,
2587 4085 2637 4134 et
2676 4082 2992 4151 respondere
3035 4084 3321 4135 contemnit
3360 4083 3540 4151 (Prov.

1946 4154 2144 4214 xxnx).
2173 4149 2300 4220 Div.
2317 4149 2687 4219 Hieronymus
2709 4167 2723 4204 :
2743 4149 2938 4206 Servus
2951 4154 3026 4204 est
3045 4152 3270 4218 quilibet
3278 4149 3548 4220 peccator,

1947 4224 2084 4274 recte
2096 4218 2321 4292 quidem
2347 4218 2672 4292 intelligens,
2702 4220 2796 4292 sed
2821 4222 2880 4273 in
2903 4234 3056 4290 opere
3080 4218 3324 4276 veritatis
3347 4223 3548 4292 absque

1947 4291 2150 4358 ﬂagelli
2174 4289 2464 4361 disciplina
2503 4291 2821 4359 respondere
2850 4295 3204 4346 contemnens.
3231 4295 3308 4348 De
3345 4289 3544 4349 talibus

1947 4364 2028 4416 ait
2062 4362 2280 4416 Veritas
2314 4379 2330 4414 :
2359 4362 2552 4417 Servus
2582 4364 2751 4418 sciens
2781 4362 3108 4418 voluntatem
3136 4363 3344 4418 domini
3364 4366 3472 4432 sui,
3495 4369 3545 4420 et

1947 4448 2053 4506 non
2076 4434 2302 4506 faciens,
2321 4433 2483 4502 digne
2492 4433 2676 4502 plagis
2704 4435 2984 4504 vapulabit
3011 4435 3195 4489 multis
3218 4434 3540 4506 (Luctexn).

2014 4504 2041 4586 εξ
2069 4503 2330 4590 vulgata:
2367 4505 2682 4590 ln‘au‘ribus
2711 4503 3078 4590 insipientium
3105 4503 3245 4561 nihil
3282 4503 3548 4576 loquaris,

1942 4576 2073 4644 quia
2095 4574 2388 4646 deSpicient
2413 4575 2711 4632 doctrinam
2739 4574 2940 4646 elaquii
2963 4579 3068 4632 tui.
3339 4574 3360 4576 “

2018 4638 2045 4676 ¹¹
2064 4647 2310 4703 Matthzei
2326 4661 2414 4702 vn
2434 4667 2447 4702 ε
2469 4648 2640 4704 Nolite
2651 4649 3038 4703 daresanctum
3049 4648 3290 4702 canibus.
3304 4645 3546 4703 Isidorus

231 4676 345 4694 υυιιυι
361 4676 551 4695 υιῠαιυῡ
575 4676 768 4694 "ru/vv".
786 4676 970 4693 νυννυυυυ
991 4676 1064 4693 υυυυ
1086 4676 1216 4693 υσκυι
1233 4676 1454 4693 υνννηνιη
1472 4676 1593 4694 VU".
1611 4676 1659 4694 ον
1679 4676 1830 4694 "0th
2064 4676 2310 4703 maturas!
2332 4676 2354 4702 ν
2370 4676 2412 4702 ιι
2434 4676 2447 4702 ἱ
2469 4676 2640 4704 Πυιιιυ
2651 4676 3038 4703 uu'l'cauumuvu
3049 4676 3290 4702 υαηιυιω.
3304 4676 3544 4703 ιδιυυιυδ

231 4709 413 4789 Quam
444 4711 751 4789 doginam
781 4710 846 4763 B.
871 4708 1178 4789 pionysins
1205 4709 1834 4789 AyeopagitaPanlirdi-
1863 4676 1914 4738 D
1945 4716 2246 4773 Pelusiotes
2268 4719 2407 4785 (Lib.
2433 4720 2470 4787 1)
2509 4718 2664 4789 epist.
2701 4723 2802 4773 143
2835 4738 2846 4772 :
2879 4720 3232 4789 Margaritas,
3257 4715 3450 4789 inquit,
3480 4733 3544 4772 ne

231 4777 482 4851 scipulus
528 4779 820 4851 Timotheo
869 4777 1310 4851 item’discipulo
1351 4777 1493 4851 serio
1546 4781 1836 4836 inculcavit

233 4849 394 4905 initio
418 4849 809 4906 Ecclesiasticai
837 4849 1198 4918 Hierarcbiaa,
1238 4849 1321 4905 his
1348 4849 1523 4904 verbis
1554 4869 1570 4904 :
1605 4851 1837 4906 Observa

229 4921 554 4990 diligentius
575 4935 641 4974 ne
669 4926 852 4975 sancta
881 4927 1189 4977 sanctorum
1208 4920 1419 4990 efferas,
1446 4936 1574 4976 neve
1586 4924 1836 4991 profanis

232 4992 538 5048 luminibus
559 4991 808 5046 violanda
832 4995 1150 5061 permittas;
1178 5007 1360 5046 verum
1383 4993 1700 5048 revereberis
1713 5009 1834 5048 ma-

231 5066 334 5132 gis,
356 5078 700 5132 nequaqu
725 5078 786 5117 ea
810 5066 1020 5133 passim
1042 5064 1265 5118 rudibus
1278 5063 1519 5126 tradens,
1535 5063 1630 5119 sed
1638 5066 1836 5120 sanctis

231 5135 361 5204 solis
376 5138 692 5204 sanctarum
700 5149 879 5204 rerum
894 5135 1303 5202 intelligentiam
1318 5135 1566 5189 secretius
1569 5135 1830 5204 pandens.

315 5202 332 5224 '
470 5204 787 5276 προσαγᾴγῃς
807 5203 960 5276 ᾆσξϐῆ
987 5207 1118 5275 νομῇ
1136 5204 1325 5256 δικαίου
1347 5204 1520 5276 (Prov.
1548 5202 1833 5273 ixrv,sec.

231 5275 557 5348 LXX).‘lta
576 5274 796 5348 quidem
813 5274 1015 5348 habent
1030 5274 1226 5348 vulgati
1249 5283 1446 5348 etmss.
1465 5275 1602 5348 _libri
1619 5279 1798 5336 Grmci
1818 5294 1832 5330 :

233 5353 288 5401 et
325 5343 562 5401 totidem
592 5343 782 5402 'verbis
829 5345 934 5402 hoc
980 5343 1358 5402 testimonium
1393 5345 1560 5403 refert
1618 5349 1838 5406 Lucifer

233 5416 584 5474 Calaritanus
610 5414 746 5472 libro
772 5419 853 5473 De
873 5433 984 5472 non
1000 5417 1366 5475 conveniendo
1390 5433 1515 5475 cum
1542 5419 1832 5478 haereticis.

233 5489 321 5563 A_t_
337 5490 396 5545 S.
433 5485 733 5563 Cyprianus
760 5487 957 5563 Iib._m
980 5498 1049 5563 _ut
1073 5489 1142 5545 ad
1166 5488 1454 5558 Quirinum
1480 5499 1700 5563 cap._55
1725 5507 1837 5548 non

235 5557 454 5634 videtur
497 5557 707 5634 legisse,
750 5558 930 5634 νρμήν,
968 5559 1087 5634 _hoc
1127 5557 1230 5634 est,
1263 5575 1498 5634 pascua,
1528 5557 1623 5634 sed
1653 5563 1835 5634 μόνην,

236 5625 345 5685 hoc
374 5637 480 5694 est,
515 5625 890 5685 habitaculum
917 5625 1050 5686 'sive
1085 5625 1514 5688 tabernaculum.
1551 5625 1664 5688 Sic'
1685 5625 1834 5689 enim

236 5698 371 5773 (_titat
393 5721 406 5756 ε
434 5701 510 5773 Ne
532 5700 829 5773 adduxeris
846 5703 1075 5773 impium
1086 5705 1143 5755 in
1165 5704 1530 5759 habitaculum
1541 5703 1831 5773 justorum.

237 5769 312 5824 Et
329 5771 392 5828 S.
417 5770 790 5843 Hieronymus
807 5769 864 5826 in
895 5769 1183 5828 Michaeam
1211 5793 1223 5829 :
1247 5776 1324 5832 Ne
1349 5769 1577 5831 inducas
1611 5777 1838 5846 impium

1943 4793 2069 4842 ante
2091 4803 2278 4857 porcos
2295 4786 2668 4858 projiciamus,
2685 4789 2871 4842 divino
2879 4787 3169 4858 interdicto
3176 4786 3542 4858 prohibemur,

1945 4859 2039 4912 hoc
2053 4855 2150 4921 est,
2168 4855 2507 4927 ante'eos'qui
2525 4861 2585 4911 in
2598 4859 2806 4910 vitiosis
2823 4855 3193 4923 affectionibus
3211 4856 3546 4922 volutantur,

1944 4943 2006 4981 ac
2024 4931 2307 4997 porcinum
2325 4931 2451 4982 vita
2471 4942 2635 4994 genus
2652 4931 2980 4996 sequuntur;
2997 4942 3063 4982 ne
3084 4929 3229 4994 forte
3246 4929 3544 4984 conculcent

1945 5015 2032 5053 eas
2050 4999 2300 5068 pedibus,
2330 5000 2590 5052 nimirum
2615 5000 2674 5052 in
2698 4998 2964 5054 sceleratis
2981 5001 3094 5053 suis
3127 4999 3328 5054 studiis
3357 4999 3540 5056 divino

1943 5071 2158 5123 numini
2175 5069 2548 5124 contumeliam
2575 5071 2884 5136 inferentes.

2016 5138 2032 5174 ί
2059 5140 2288 5212 Vulgata
2317 5158 2330 5194 :
2364 5143 2500 5196 Date
2530 5142 2747 5196 siceram
2774 5141 3132 5206 merentibus,
3160 5144 3210 5194 et
3244 5142 3427 5194 vinum
3459 5139 3542 5196 his

1943 5213 2042 5281 qui
2067 5225 2253 5266 amaro
2271 5215 2399 5266 sunt
2416 5212 2591 5266 corde.
2615 5213 2828 5279 Bibant,
2867 5216 2918 5266 et
2943 5212 3321 5266 obliviscantur
3345 5213 3548 5281 egesta-

1945 5279 2014 5336 tis
2033 5297 2164 5346 suae,
2194 5287 2244 5337 et
2263 5283 2459 5338 doloris
2481 5283 2570 5338 sui
2587 5297 2694 5352 non
2720 5282 3066 5352 recordentur
3092 5282 3345 5352 amplius.
3375 5279 3542 5352 Cujus

1943 5353 2224 5409 sententia:
2265 5351 2744 5419 commentarium,
2775 5367 2940 5423 quem
2979 5351 3064 5406 hic
3087 5348 3281 5423 affért,_
3303 5348 3539 5423 pene'ad

1945 5423 2174 5480 verbum
2225 5440 2257 5480 a
2294 5427 2362 5480 D.
2390 5424 2726 5494 Hieronymo
2769 5420 3052 5494 mutuatus
3084 5429 3179 5494 _est
3219 5420 3317 5494 _hic
3373 5422 3547 5494 abbas

1942 5496 2222 5559 Nesteros,
2263 5494 2346 5549 vel
2386 5491 2832 5565 ipseCa‘ssﬁanus.
2877 5493 2965 5548 Sic
3009 5491 3157 5548 enim
3199 5491 3308 5565 div.
3342 5492 3540 5550 Hiero-

1943 5579 2143 5636 nymus
2170 5584 2182 5618 :
2213 5563 2462 5632 Siceram,
2502 5563 2702 5634 inquit,
2741 5568 2791 5636 et
2815 5565 3162 5636 vinum,_hoc
3200 5564 3308 5619 loco
3357 5579 3545 5636 super-

1942 5651 2070 5688 nam
2093 5635 2292 5689 divina:
2307 5637 2584 5706 sapientia:
2595 5635 3004 5689 consolationem
3018 5634 3169 5702 dicit,
3187 5652 3306 5706 qua
3328 5634 3440 5691 illis
3466 5640 3542 5691 est

1945 5706 2244 5761 exhibenda
2263 5706 2507 5762 cordibus
2527 5721 2645 5776 qua:
2666 5709 2723 5760 in
2751 5708 2951 5776 inﬁmis
2970 5708 3234 5762 consolari
3244 5709 3543 5775 refugiunt,

1946 5781 1996 5831 et
2014 5777 2284 5848 quidquid
2310 5780 2535 5833 occurrit
2552 5779 2609 5832 in
2621 5780 2882 5848 prasenti
2900 5794 3081 5835 amaro
3101 5781 3398 5848 suscipiunt
3417 5776 3542 5829 ani-
