4040 6206
431 176 533 232 987
1513 168 1795 227 JOANNIS
1832 170 2137 230 CASSIANI
2172 169 2661 230 COLLATIONES.
3641 174 3749 232 988

435 301 662 357 tristitia
678 302 826 361 sunt,
845 301 894 353 et
909 298 1094 352 vinum
1107 296 1282 351 bibere
1304 296 1387 350 his
1401 297 1503 366 qui
1518 297 1579 350 in
1591 296 1866 353 doloribus
1883 300 2031 366 sunt,
2062 301 2114 364 A
2147 311 2329 354 rerum
2364 303 2581 353 constat
2637 308 2756 352 esse
2801 292 3126 351 doctrinam.
3174 293 3318 349 Nam
3360 301 3456 349 aut
3510 294 3598 353 ille
3652 301 3751 371 qui

432 397 494 447 ut
521 392 904 447 obliviscantur
924 390 1292 461 paupertatis,
1328 392 1381 444 et
1408 387 1654 444 dolorum
1679 403 1898 446 suorum
1926 405 2036 446 non
2142 389 2302 448 docet
2340 389 2617 463 inexperta
2654 385 3070 449 commendans,
3094 400 3231 442 vano
3278 385 3581 444 verborum
3612 404 3753 451 sono

435 486 774 541 meminerint
791 484 1023 554 amplius
1052 485 1226 549 (Prov.
1248 483 1449 551 xxxx),
1477 480 1534 537 id
1555 488 1658 549 est,
1687 480 1775 539 his
1812 482 1906 555 qui
1936 498 2036 555 pro
2141 480 2409 540 instruere
2450 482 2641 539 nititur
2683 479 3034 548 auditorem;
3066 488 3163 536 aut
3202 487 3351 537 certe
3395 495 3638 553 nequam
3688 500 3755 543 ac

436 577 771 651 paenitudine
817 584 1041 633 actuum
1074 576 1430 648 pristinorum
1472 590 1714 633 maerore
1738 584 1903 649 atque
1934 577 2035 633 tri-
2146 575 2289 633 vitiis
2325 575 2558 633 refertus
2589 574 2809 632 auditor
2848 573 3141 630 salutarem
3181 571 3445 646 spiritalis
3482 574 3588 632 viri
3633 593 3757 637 san-

437 673 583 729 stitia
610 670 1013 743 deprimuntur,
1055 658 1310 744 spiritalis
1336 670 1577 728 scientia
1598 671 1997 744 jucunditatem
2019 713 2036 741 ,
2145 677 2400 743 cumque
2443 669 2754 727 doctrinam
2798 667 3058 726 obturato
3083 665 3249 724 corde
3276 682 3391 723 non
3425 668 3640 742 recipit.
3669 674 3756 731 De

436 764 584 821 velut
604 766 793 819 vinum
829 763 978 834 quod
1015 764 1254 835 lcetiﬁcat
1280 779 1369 820 cor
1401 765 1633 820 hominis
1664 766 1839 832 (Psal.
1876 769 2037 835 cm),
2146 765 2343 839 quibus
2380 763 2582 822 dicitur
2621 778 2719 837 per
2747 762 3096 836 prophetam,
3125 769 3148 797 ⁸
3175 764 3519 818 meatum
3551 771 3630 821 est
3664 781 3753 822 cor

438 855 729 915 afﬂuenter
768 855 1069 928 infundite,
1105 872 1305 930 eosque
1343 857 1592 916 salutaris
1632 858 1780 915 verbi
1816 860 2040 931 crapula
2142 860 2336 931 populi
2358 859 2543 929 huius,
2565 863 2617 916 et
2637 859 2866 917 auribus
2888 859 3132 929 graviter
3152 856 3465 923 audior-emt,
3494 863 3549 914 et
3574 862 3757 920 acritas

437 949 703 1016 refovete,
728 966 798 1008 ne
824 948 1208 1024 fortejugitate
1230 952 1489 1011 maeroris
1526 968 1591 1010 ac
1627 952 1814 1009 lethali
1847 952 2045 1024 despe-

440 1044 653 1101 ratione
676 1044 934 1113 demersi,
970 1046 1363 1103 abundantiore
1400 1048 1785 1103 absorbeantur
1814 1049 2042 1103 tristitia

440 1146 542 1212 qui
561 1141 827 1212 ejusmodi
848 1147 976 1198 sunt
997 1142 1069 1213 (ll
1092 1144 1211 1200 Cor.
1245 1146 1339 1215 ιι).
1371 1143 1587 1200 Deillis
1609 1159 1736 1201 vero
1756 1146 1847 1217 qui
1878 1144 1935 1201 in
1961 1153 2047 1201 te-

438 1250 571 1306 pore
595 1249 658 1290 ac
682 1234 1008 1306 negligentia
1027 1236 1331 1307 constituti,
1352 1236 1502 1293 nullo
1531 1237 1711 1295 cordis
1734 1238 1817 1296 sui
1846 1238 2038 1294 dolore

441 1327 779 1396 mordentur,
806 1328 879 1385 ita
898 1328 1097 1386 dicitur
1121 1347 1135 1386 :
1165 1334 1324 1400 Nam,
1345 1340 1371 1368 α
1393 1335 1494 1403 qui
1520 1335 1703 1389 suavis
1728 1337 1780 1388 et
1806 1335 1919 1388 sine
1945 1333 2039 1388 do-

434 1421 547 1478 lore
587 1425 685 1486 est,
727 1424 785 1476 in
812 1427 1043 1492 egestate
1071 1426 1182 1480 erit
1224 1425 1397 1495 (Prov.
1444 1425 1595 1497 xxx).
1640 1427 1855 1497 Quanta
1883 1434 2040 1498 potes

441 1514 603 1589 igitur
638 1517 888 1572 cautione
928 1515 1107 1574 devita
1145 1526 1206 1575 ut
1235 1534 1305 1575 ne
1342 1510 1499 1577 vanai
1528 1519 1713 1593 gloria:
1740 1534 1926 1575 amore
1952 1518 2044 1575 de-

448 1616 664 1672 tentus,
707 1609 849 1665 illius
891 1626 1057 1683 quem
1109 1612 1377 1685 propheta
1426 1612 1727 1682 collaudat,
1774 1612 2046 1684 particeps

2149 970 2272 1011 suos
2311 955 2676 1011 concluserunt
2691 992 2711 1022 ,
2741 952 3024 1024 nequando
3059 952 3281 1007 videant
3309 953 3469 1008 oculis
3494 956 3642 1020 suis,
3702 961 3758 1013 et

2152 1050 2376 1106 auribus
2397 1052 2510 1106 suis
2537 1049 2789 1113 audiant,
2811 1047 3032 1119 etgcorde
3049 1048 3375 1116 intelligant,
3388 1052 3753 1107 sicarium-

2155 1146 2269 1209 tur,
2302 1146 2354 1198 et
2380 1156 2566 1199 senem
2592 1142 2710 1197 illos
2734 1139 2906 1213 (Isaias
2930 1143 3038 1207 γι).

2720 1308 2955 1366 CAPUT
2990 1306 3173 1363 XIX.‘

2215 1469 2365 1539 Quod
2386 1470 2701 1541 plerumque
2730 1467 2896 1550 etiam
3155 1464 3391 1550 gratiam
3412 1465 3689 1531 salutiferi

2657 1541 2911 1595 sermonis
2947 1540 3240 1607 accipiunt.

441 1717 562 1759 esse
593 1718 710 1759 non
762 1704 958 1775 possis,
994 1709 1095 1776 qui
1121 1710 1410 1777 pecuniam
1445 1721 1601 1763 suam
1639 1723 1745 1763 non
1785 1707 1936 1762 dedit
1974 1706 2047 1760 ad
2073 1704 2121 1767 Β
2222 1690 2251 1734 ἀ
2280 1703 2703 1771 Nonnumquam
2744 1704 2931 1754 tamen
2971 1691 3364 1767 dispensatoris
3412 1693 3586 1749 nostri
3626 1694 3752 1762 Dei,
3780 1726 3803 1733 κ

453 1810 674 1851 usuram
700 1796 864 1868 (Psal.
891 1804 1029 1864 x1v).
1060 1800 1259 1856 Omnis
1286 1800 1434 1856 enim
1467 1800 1557 1872 qui
1579 1800 1792 1871 eloquia
1827 1799 1933 1855 Dei
1961 1797 2052 1867 (de

457 1888 652 1962 quibus
687 1888 888 1947 dicitur
937 1893 1098 1963 (Psal.
1145 1893 1255 1964 χι),
1293 1896 1528 1964 Eloquia
1574 1896 1793 1951 Domini
1843 1894 2052 1962 eloquia

442 1988 619 2047 casta,
657 1989 945 2053 argentum
980 1988 1102 2055 igne
1129 1990 1530 2055 examinatum,
1554 1987 1843 2058 probatum
1871 1989 2048 2047 terrae,

448 2083 744 2149 purgatum
781 2079 1104 2151 septuplum)
1135 2079 1392 2137 humana:
1420 2079 1597 2136 laudis
1618 2094 1804 2135 amore
1826 2077 2047 2150 dispen-

447 2178 551 2239 sat,
592 2172 875 2243 pecuniam
916 2187 1071 2228 suam
1108 2181 1297 2245 erogat
1332 2172 1402 2229 ad
1441 2187 1691 2242 usuram,
1721 2187 1836 2228 non
1864 2170 2046 2227 solum

447 2264 594 2323 nulla
633 2282 734 2339 pro
770 2265 872 2321 hac
917 2266 1074 2322 laude
1124 2266 1381 2338 prmmia,
1432 2265 1528 2322 sed
1569 2266 1737 2321 etiam
1778 2264 2046 2337 supplicia

446 2361 761 2418 meriturus.
791 2360 878 2418 Ob
914 2361 1019 2417 hoc
1058 2360 1205 2417 enim
1248 2360 1534 2432 pecuniam
1579 2359 1806 2415 Domini
1852 2357 2045 2414 maluit

448 2454 768 2527 proﬂigare,
798 2460 862 2511 ut
885 2469 952 2509 ex
989 2469 1051 2512 ea
1082 2454 1444 2526 temporalem
1474 2459 1899 2524 consequeretur
1933 2450 2048 2523 ipse

325 2593 340 2604 .
451 2546 781 2626 mercedem,
811 2564 927 2604 non
953 2556 1015 2605 ut
1049 2548 1343 2617 Dominus,
1371 2548 1516 2605 sicut
1539 2548 1806 2619 scriptum
1833 2552 1937 2613 est,
1960 2561 2047 2601 ve-

448 2643 619 2706 niens,
648 2644 901 2713 reciperet
929 2643 1074 2714 quod
1099 2647 1351 2699 suumest
1375 2658 1494 2698 cum
1520 2657 1689 2699 usura
1705 2643 1879 2709 (Lucae
1903 2642 2048 2704 XIX).

975 2737 1219 2794 CAPUT
1253 2738 1464 2793 XVIII.

452 2829 656 2897 Quibus
677 2829 743 2884 de
768 2832 942 2885 causis
970 2832 1277 2900 spiritualis
1303 2831 1549 2886 doctrina
1578 2830 1921 2895 infructuosa
1952 2830 2044 2884 sit.

518 2920 747 2977 Duabus
771 2913 797 2951 δ
836 2928 1020 2975 autem
1048 2936 1110 2976 ex
1155 2922 1336 2977 causis
1355 2920 1684 2987 inefﬁcacem
1723 2920 2048 2987 spiritalium

2158 1800 2257 1868 qui
2273 1811 2451 1852 omnes
2474 1796 2710 1852 homines
2737 1793 2856 1848 vult
2876 1792 3047 1847 salvos
3081 1792 3220 1862 ﬁeri,
3249 1794 3302 1846 et
3323 1789 3400 1844 ad
3430 1790 3755 1858 agnitionem

2159 1892 2406 1947 veritatis
2433 1891 2630 1945 venire.
2655 1889 2703 1953 (Ι
2739 1888 2876 1943 Tim.
2900 1885 2996 1958 ιι),
3018 1882 3277 1941 muniﬁca
3298 1881 3612 1939 liberalitate
3631 1897 3756 1940 cono

2159 1984 2369 2043 ceditur
2386 1990 2448 2039 ut
2469 1981 2515 2038 is
2541 1980 2634 2054 qui
2657 1978 2941 2053 indignum
2959 1993 3018 2034 se
3035 1975 3415 2051 praedicationi
3439 1975 3758 2048 evangelica

2157 2073 2565 2150 reprehensihili
2620 2072 3037 2131 conversatione
3086 2069 3321 2143 praebuit
3339 2112 3356 2140 ,
3436 2085 3539 2141 pro
3591 2068 3763 2128 salute

2158 2168 2461 2225 multorum
2495 2165 2755 2240 spiritalis
2788 2163 3052 2221 doctrinm
3089 2162 3319 2236 gratiam
3370 2169 3756 2235 consequatur.

2155 2262 2361 2334 Quibus
2388 2268 2572 2316 autem
2614 2258 2796 2317 modis
2827 2258 2990 2315 etiam
3021 2255 3360 2313 charismata
3413 2255 3759 2313 wrationum

2152 2355 2221 2413 ad
2241 2353 2589 2427 expellendos
2605 2352 2888 2410 damones
2907 2367 2938 2406 a
2967 2349 3209 2407 Domino
3227 2348 3619 2417 concedantur,
3630 2364 3760 2406 con-

2153 2462 2384 2519 sequens
2410 2453 2492 2502 est
2516 2453 2577 2501 ut
2603 2443 2767 2502 simili
2804 2443 3177 2516 disputatione
3223 2441 3527 2514 pendamus
3545 2484 3563 2512 ,
3591 2458 3759 2515 quam

2156 2546 2544 2612 consurgentes
2589 2537 2660 2595 ad
2693 2534 3049 2594 refectionem
3089 2536 3149 2593 in
3189 2550 3476 2608 vesperam
3524 2551 3763 2595 reserve-

2158 2648 2305 2703 mus,
2352 2632 2480 2706 quia
2526 2632 2799 2689 efﬁcacius
2824 2646 3042 2704 semper
3068 2629 3235 2687 corde
3259 2629 3573 2703 concipitur
3609 2630 3759 2703 quid-

2152 2729 2289 2802 quid
2315 2730 2519 2786 sensim
2542 2736 2599 2786 et
2618 2728 2824 2800 absque
2855 2727 3027 2784 nimio
3067 2726 3254 2784 labore
3279 2728 3535 2800 corporis
3556 2727 3759 2785 intima-

2153 2829 2263 2878 tur.

1535 3069 1793 3125 ALARDI
1832 3070 2061 3127 GAZEI
2097 3068 2655 3126 COMMENTARIUS.

452 3206 555 3254 mo,
578 3192 724 3257 solis,
748 3206 868 3259 qua:
903 3191 1143 3246 nondum
1160 3191 1362 3255 vident,
1389 3192 1605 3261 gaudiis
1621 3194 1914 3249 calestibus
1936 3200 2048 3250 tota

451 3266 624 3317 metite
648 3262 982 3325 inhterentes,
1001 3264 1174 3332 jua'ta
1194 3278 1312 3318 eum
1338 3266 1437 3333 qui
1460 3264 1609 3319 dixit
1632 3282 1651 3318 .·
1675 3267 1906 3334 Negavit
1932 3282 2051 3320 con-

448 3335 619 3390 solari
641 3336 825 3388 anima
849 3349 995 3402 mea;
1032 3350 1232 3389 memor
1258 3337 1351 3402 fui
1386 3336 1505 3403 Dei,
1548 3340 1600 3390 et
1621 3336 1910 3391 delectatus
1932 3351 2051 3391 sum

452 3406 616 3471 (Psal.
652 3404 878 3476 uxvn).
906 3408 1055 3469 Item,
1085 3410 1219 3462 Date
1240 3408 1465 3461 siceram
1498 3408 1840 3462 merentibus
1870 3411 2049 3473 (Prov.

452 3480 611 3539 xxx).
637 3484 742 3529 etc.
773 3478 872 3530 His
891 3478 1455 3600 quiquodparnitudine
1472 3483 1685 3532 actuum
1696 3481 2053 3561 pristinorum

452 3560 671 3598 marore
681 3550 842 3600 atque
854 3550 1082 3600 tristitia
1137 3553 1493 3600 enremuntur.
1506 3550 1810 3600 sm'ritualis
1819 3551 2053 3600 scientue

451 3550 842 3617 maroreatque
854 3548 1082 3617 tristitia
1097 3548 1493 3617 deprimuntur,
1506 3548 1810 3617 spiritualis
1819 3551 2055 3604 scientiae

447 3615 867 3686 jucunditatem,
882 3616 1026 3669 velut
1036 3615 1242 3679 vinum,
1266 3618 1410 3685 quod
1429 3615 1667 3686 lcetiﬁcat
1688 3632 1776 3672 cor
1801 3621 2050 3683 hominis,

453 3685 748 3759 afﬂuenter
783 3686 1105 3759 infundite;
1136 3701 1321 3755 eosque
1347 3685 1607 3759 salutaris
1633 3690 1785 3742 verbi
1834 3689 2053 3759 crapula

450 3755 708 3829 refovete;
727 3770 795 3809 ne
818 3757 960 3822 forte
976 3756 1221 3826 jugitate
1240 3760 1478 3812 maeroris
1488 3758 1553 3812 de
1569 3759 1670 3812 tali
1688 3755 2054 3829 desperatione

451 3825 700 3893 demersi,
729 3828 1121 3883 abundantiore
1144 3830 1375 3883 tristitia
1397 3825 1799 3883 absorbeantur?

520 3905 547 3970 ξ
566 3898 725 3969 Vulg.
753 3920 765 3953 :
794 3900 979 3955 Omnis
994 3902 1153 3969 piger
1178 3914 1384 3970 semper
1399 3902 1458 3954 in
1477 3904 1726 3969 egestate.

523 3962 550 4001 δ
572 3962 842 4042 Doctrina
878 3962 1528 4042 praedicationis-duabus
1554 3986 1627 4027 ex
1667 3971 1844 4027 causis
1871 3970 2049 4027 reddi-

455 4049 546 4096 tur
569 4040 742 4114 inanis
777 4049 831 4097 et
858 4040 1109 4114 inefﬁcax
1139 4046 1243 4114 :_1°
1289 4056 1353 4098 ex
1384 4049 1536 4114 parte
1562 4056 1658 4114 seu
1694 4042 1826 4098 vitio
1855 4042 2054 4114 praedi-

451 4111 684 4186 catoris;
710 4121 863 4186 2°gex
894 4113 1048 4184 culpa
1072 4111 1406 4186 auditorum}
1435 4113 1557 4169 Vid.
1579 4113 1687 4170 div.
1718 4111 2051 4186 Gregorium

455 4181 646 4238 homil.
682 4187 745 4238 l7
775 4184 831 4239 in
862 4181 1172 4255 Evangelia.

525 4256 548 4286 °
576 4255 737 4326 Apud
767 4255 961 4310 Isaiam
995 4254 1193 4325 legitur
1230 4259 1495 4311 :Eatcceca
1531 4271 1616 4310 cor
1650 4257 1842 4326 populi
1866 4256 2046 4326 hujus.

455 4325 803 4394 Septuaginta
819 4333 1007 4380 autem
1015 4326 1410 4381 transtulerunt
1430 4345 1442 4380 :
1473 4325 1813 4382 Emcwcatum
1831 4325 1943 4383 sive
1965 4330 2050 4381 in-

455 4398 755 4465 crassatum
780 4399 986 4465 esticor
1006 4397 1199 4463 populi
1237 4397 1420 4464 huius.
1462 4398 1614 4463 Quod
1637 4412 1694 4451 eo
1730 4401 1902 4465 fecere
1939 4413 2053 4453 con-

451 4463 596 4524 silio,
624 4478 693 4517 ne
712 4464 955 4530 gentiles,
982 4466 1096 4537 hac
1117 4466 1266 4535 apud
1291 4463 1490 4519 Isaiam
1516 4463 1771 4537 legentes,
1796 4472 2052 4537 putarent

451 4536 621 4589 Deum
664 4539 930 4588 auctorem
974 4534 1138 4603 hujus
1199 4538 1583 4591 emcwcationis.
1641 4534 1853 4593 Dicitur
1902 4538 2048 4593 enim

453 4604 615 4677 Deus
632 4618 901 4661 excaecare
919 4613 1011 4660 aut
1028 4594 1305 4674 indurare,
1336 4622 1444 4677 non
1473 4606 1620 4677 quod
1639 4608 1935 4663 caecitatem
1957 4617 2049 4665 aut
2079 4594 2128 4657 Ι)

453 4674 712 4732 duritiam
743 4676 1031 4750 immittat,
1061 4677 1156 4750 sed
1185 4678 1313 4750 quia
1348 4674 1552 4750 deserit
1593 4678 1741 4750 prius
1781 4678 2046 4750 desertus,

454 4754 509 4805 et
535 4761 646 4803 non
668 4748 979 4831 suppeditat
1001 4748 1255 4831 gratiam,
1276 4764 1379 4831 qua
1399 4748 1692 4831 destitutus
1719 4748 1888 4831 homo
1912 4748 2051 4823 prae;

452 4832 579 4889 cepe
604 4819 713 4874 ruit
732 4819 786 4873 in
813 4821 983 4876 multa
1004 4819 1221 4895 peccata
1237 4862 1251 4890 ,
1274 4819 1459 4895 sicque
1478 4820 1733 4894 paulatim
1761 4819 2048 4879 induratur

453 4896 509 4944 et
527 4897 840 4964 escaecatur
859 4906 961 4946 suo
979 4892 1114 4964 vitio
1133 4901 1189 4947 et
1211 4892 1383 4964 culpa:

523 4944 550 4989 δ
572 4944 976 5028 Opportunese
1008 4944 1435 5019 offert'a'dhunc
1460 4964 1642 5021 locum
1662 4964 2042 5021 illustrandum

452 5030 520 5086 D.
555 5028 848 5102 Gregorius
872 5045 1029 5087 χχχι
1061 5032 1355 5091 Moralium
1383 5050 1502 5107 cap.
1526 5041 1628 5093 35:
1661 5038 1827 5108 Saepe,
1845 5036 2039 5109 inquit,

2083 3202 2127 3266 ρ
2157 3195 2361 3251 doctori
2389 3166 2605 3249 verbum
2619 3208 2723 3264 pro
2745 3194 2928 3266 gratia
2956 3192 3218 3266 tribuitur
3240 3191 3533 3266 auditoris,
3559 3198 3756 3266 etsgepe

2152 3270 2379 3336 propter
2390 3263 2657 3320 auditoris
2673 3265 2887 3347 culpam
2898 3263 3241 3347 subtrahitur
3260 3277 3433 3317 sermo
3455 3264 3674 3346 doctori.
3692 3265 3755 3318 In

2158 3339 2241 3391 his
2266 3352 2392 3406 ergo
2418 3351 2539 3407 qua:
2574 3336 2803 3390 ubertim
2826 3335 3095 3404 prcedecat
3121 3334 3322 3407 doctor,
3349 3334 3504 3388 nulla
3535 3336 3756 3407 elatione

2157 3423 2212 3463 se
2234 3405 2444 3477 efferat;
2470 3422 2537 3462 ne
2562 3408 2793 3474 fortasse
2818 3420 2924 3460 non
2942 3420 3043 3475 pro
3066 3419 3185 3467 sua,
3217 3405 3318 3477 sed
3342 3420 3450 3476 pro
3487 3405 3755 3460 auditoris

2157 3476 2360 3548 gratia,
2384 3478 2500 3546 eius
2533 3478 2806 3547 repleatur
2830 3477 3045 3545 lingua;
3071 3480 3120 3531 et
3142 3478 3201 3528 in
3224 3476 3308 3531 his
3326 3477 3644 3548 qucedoctor
3661 3480 3758 3531 ste-

2159 3547 2337 3603 riliter
2355 3549 2505 3611 dicit,
2528 3549 2749 3602 auditor
2768 3562 2870 3601 non
2883 3551 3205 3610 succenseat,
3234 3562 3302 3600 ne
3319 3549 3559 3613 fortasse
3584 3547 3759 3602 docto-

2158 3622 2236 3674 ris
2258 3620 2468 3687 lingua,
2490 3632 2595 3672 non
2614 3633 2718 3687 pro
2729 3632 2848 3684 sua,
2868 3618 2963 3672 sed
2979 3633 3079 3687 pro
3098 3618 3358 3672 auditoris
3378 3618 3757 3685 reprobatione

2160 3693 2441 3759 torpescat.
2473 3691 2577 3743 Pro
2613 3689 2882 3743 auditoris
2906 3703 3135 3759 namque
3170 3689 3344 3756 gratia
3379 3687 3750 3759 datm-ibertas

2160 3758 2319 3815 etiam
2352 3760 2511 3813 malis
2535 3773 2704 3814 sermo
2726 3759 3052 3821 doctoribus,
3084 3760 3213 3814 sicut
3232 3761 3517 3827 potuerunt
3540 3758 3749 3811 Phari-

2158 3833 2279 3886 swis
2289 3834 2565 3900 suppetere
2584 3831 2747 3885 verba
2760 3830 3182 3900 praedicationis,
3199 3829 3261 3882 de
3276 3828 3467 3898 quibus
3484 3830 3753 3897 scriptum

2160 3906 2245 3985 est
2264 3901 2742 3985 (Matthzxx‘tptg
2770 3904 2963 3958 Omnia
2988 3917 3115 3985 ergo
3142 3915 3480 3971 quacumque
3507 3900 3759 3955 dixerint

2158 3973 2303 4029 vobis
2325 3975 2527 4028 servate
2546 3976 2593 4027 et
2606 3974 2792 4039 facite,
2814 3973 3101 4028 secundum
3124 3987 3245 4027 vero
3264 3986 3423 4041 opera
3451 3986 3636 4026 eorum
3662 3987 3759 4027 no-

2160 4044 2254 4098 lite
2273 4046 2485 4112 facere;
2502 4050 2725 4114 propter
2750 4045 3058 4098 auditorum
3084 4058 3204 4098 vero
3229 4042 3661 4112 reprobatione-nt
3679 4043 3757 4097 bo-

2159 4116 2247 4171 nis
2269 4117 2428 4170 etiam
2458 4115 2759 4170 doctoribus
2782 4130 2953 4169 sermo
2987 4115 3347 4175 subtrahitur,
3373 4115 3513 4167 sicut
3534 4114 3612 4167 ad
3632 4117 3761 4169 Ειεε

2158 4187 2375 4240 chielem
2417 4191 2606 4241 contra
2649 4187 2899 4241 Israelem
2930 4204 2946 4240 :
2976 4189 3241 4254 Linguam
3283 4190 3437 4239 tuam
3486 4185 3757 4240 adita-rere

2155 4258 2357 4323 faciam
2378 4258 2568 4327 palato
2594 4262 2701 4321 tuo,
2728 4262 2781 4312 et
2800 4259 2907 4311 eris
2930 4262 3129 4319 mutus,
3157 4271 3250 4311 nec
3276 4258 3442 4327 quasi
3466 4258 3555 4309 vir
3575 4255 3757 4324 objur-

2158 4342 2312 4399 gans,
2352 4326 2483 4397 quia
2508 4328 2692 4382 domus
2731 4343 3053 4399 exasperatis
3081 4328 3291 4398 (Ezech:
3335 4326 3460 4394 ιιι).
3491 4328 3756 4397 Aliquan-

2158 4398 2229 4452 do
2250 4402 2430 4452 autem
2445 4412 2613 4452 sermo
2618 4399 3026 4468 praedicationis
3040 4403 3265 4468 propter
3284 4402 3549 4466 utrosque
3571 4399 3751 4459 datur,

2156 4469 2452 4539 aliquando
2458 4473 2679 4538 propter
2696 4475 2947 4539 utrosque
2963 4469 3318 4524 subtrahitur.
3340 4471 3573 4539 Propter
3588 4472 3754 4522 utrm-

2159 4555 2260 4609 que
2285 4542 2427 4612 enim
2444 4611 2447 4612 ν
2463 4540 2647 4605 datur,
2675 4542 2816 4595 sicut
2838 4539 3175 4612 divinaﬁ‘oce
3210 4540 3377 4594 Paulo
3400 4539 3556 4612 apud
3577 4539 3751 4612 Corin-

2160 4607 2298 4666 thios
2341 4611 2539 4665 dicitur
2566 4627 2586 4665 :
2617 4612 2795 4669 Nolite
2822 4607 3049 4679 timere;
3070 4611 3166 4667 sed
3207 4607 3448 4680 loquere;
3485 4611 3553 4664 Et
3584 4607 3751 4678 paulo

2150 4686 2271 4752 post
2304 4683 2481 4749 :Quia
2503 4683 2737 4753 populus
2777 4681 2981 4738 multus
3019 4686 3097 4737 est
3129 4681 3274 4736 mihi
3296 4684 3355 4734 in
3382 4682 3485 4734 hac
3517 4681 3748 4753 ammte.

2154 4750 2377 4823 Propter
2394 4750 2648 4823 utrosque
2674 4769 2798 4808 vero
2819 4754 3173 4817 subtrahitur,
3202 4755 3346 4807 sicut
3368 4752 3493 4807 Heli
3516 4750 3755 4806 sacerdos

2155 4829 2207 4879 et
2216 4839 2447 4895 pravam
2464 4825 2698 4894 ﬁliorum
2712 4827 2955 4894 cognovit
2982 4827 3266 4886 actionem,
3284 4827 3336 4877 et
3349 4823 3573 4895 dignam
3590 4825 3758 4877 inere-

2144 4893 2387 4965 pa'tionis
2414 4893 2519 4951 nan
2540 4893 2784 4952 exercuit
2821 4910 3014 4951 vocem.
3050 4898 3185 4951 Haec
3206 4893 3535 4967 _Gregorius
3562 4901 3617 4950 et
3635 4904 3753 4965 qua

2149 4972 2468 5038 sequuntur.
