4040 6206
331 294 426 347 993

1179 284 1509 341 COLLATIO
1547 285 1662 341 XV.
1707 315 1771 324 -
1812 287 1901 340 DE
1939 285 2487 344 CHARISMATIBUS
2524 289 2794 346 DlVlNlS.

3532 299 3636 352 994

327 420 384 472 in
415 431 648 472 errorem
684 414 1036 478 inducantur,
1086 414 1138 468 si
1170 414 1294 482 fieri
1323 415 1520 484 potest,
1569 414 1729 467 etiam
1777 413 1928 469 electi
1954 417 2007 478 Α
2032 411 2381 480 facultatum,
2455 413 2660 485 ipsique
2731 423 3010 486 postremo
3065 415 3338 487 glorioso.
3374 419 3636 489 martyrio

330 509 544 581 (Matth.
574 507 764 580 sxw).

949 623 1191 680 CAPUT
1242 623 1317 678 ΙΙ.

470 753 534 806 In
562 765 667 820 quo
699 749 822 818 quis
855 753 1062 802 sanctos
1090 749 1234 802 viros
1263 746 1453 802 debeat
1495 745 1781 799 admirari.

404 887 746 958 Quapmpter
771 897 1071 953 numquam
1104 880 1370 938 debemus
1398 895 1493 937 eos
1520 879 1612 952 qui
1647 879 1752 936 hoc
1789 877 1929 935 affe-

329 984 509 1045 ctant,
540 977 596 1032 in
634 975 717 1032 his
770 975 1060 1030 virtutibus
1111 971 1394 1042 admirari,
1445 972 1542 1028 sed
1611 973 1794 1044 potius
1845 972 1932 1028 in-

334 1070 493 1138 tueri,
535 1077 722 1125 utrum
772 1068 1033 1124 vitiorum
1075 1067 1326 1124 omnium
1356 1065 1670 1137 expulsione
1713 1074 1768 1122 et
1811 1080 1933 1121 mo-

333 1177 460 1218 rum
496 1161 875 1218 emendatione
920 1159 1149 1233 perfecti
1200 1161 1332 1216 sint.
1381 1159 1544 1230 Quod
1587 1159 1774 1231 utique
1819 1174 1933 1214 non

337 1271 440 1328 pro
479 1256 703 1312 alterius
731 1254 870 1323 ﬁde,
899 1261 995 1310 aut
1031 1252 1344 1310 diversitate
1373 1266 1682 1320 causarum,
1714 1250 1809 1307 sed
1837 1265 1934 1322 pro

334 1347 763 1419 uniuscujusque
795 1345 1000 1415 studio,
1031 1344 1131 1401 Dei
1157 1344 1330 1416 gratia
1363 1343 1711 1415 dispensante
1734 1357 1936 1398 conce-

335 1440 502 1498 ditur.
541 1451 567 1478 ι
605 1442 740 1496 Haec
777 1454 1014 1512 namque
1078 1438 1306 1496 actualis
1349 1437 1612 1505 scientia,
1661 1449 1786 1509 quae
1831 1435 1936 1492 alio

339 1533 603 1590 vocabulo
642 1533 878 1589 charitas
920 1532 988 1588 ab
1032 1530 1672 1603 Apostolonuncupatur
1706 1531 1783 1597 (ll
1811 1531 1930 1586 Cor.

335 1626 500 1698 xm),
527 1635 582 1683 et
620 1626 885 1682 universis
924 1624 1124 1696 linguis
1175 1621 1466 1678 hominum
1495 1630 1550 1677 et
1593 1621 1936 1694 angelorum,

2044 507 2340 577 apostolica
2363 506 2689 564 auctoritate
2727 507 3035 580 praefertur.
3070 511 3209 564 Nam
3233 524 3359 564 cum
3383 509 3637 566 dinume-

2043 608 2220 655 rasset
2263 599 2514 656 universa
2555 600 2946 657 charismatum
3001 617 3216 675 genera,
3261 611 3424 674 atque
3467 603 3637 660 dixis-

2037 700 2161 747 set:
2196 694 2318 748 Alii
2354 693 2524 748 datur
2541 710 2644 764 per
2680 696 2948 766 Spiritum
2982 711 3151 751 sermo
3192 698 3502 767 sapientice,
3539 701 3644 754 alii

2037 799 2206 839 sermo
2234 788 2488 854 scientiae,
2512 787 2616 841 alii
2639 787 2798 856 ﬁdes,
2837 789 2938 842 alii
2975 791 3156 858 gratia
3181 792 3514 859 sanitatum,
3542 793 3645 846 alii

2040 881 2279 949 operatio
2306 882 2572 935 virtutum
2608 884 2658 947 (Ι
2675 881 2789 938 Cor.
2819 882 3000 951 xxn),
3041 891 3095 937 et
3131 880 3372 953 reliqua;
3416 882 3482 938 de
3506 883 3638 940 cha-

2038 971 2198 1027 ritate
2225 971 2488 1039 dicturus,
2522 972 2986 1043 quemadmodum
3011 989 3130 1029 eam
3173 975 3384 1030 cunctis
3435 985 3639 1047 praetu-

2041 1064 2165 1120 lerit
2190 1064 2636 1132 charismatibus,
2665 1066 2854 1138 paucis
2891 1066 3153 1123 advertite
3184 1088 3196 1122 :
3229 1073 3301 1124 Et
3330 1070 3524 1136 adhuc,
3556 1073 3639 1126 in-

2040 1158 2176 1228 quit,
2207 1174 2377 1228 supra
2404 1159 2621 1214 modum
2647 1161 3074 1216 ea'cellentiorem
3093 1163 3242 1216 vobis
3264 1165 3412 1217 viam
3431 1165 3645 1220 demon-

2040 1255 2152 1306 stro
2185 1251 2327 1323 (1b.).
2353 1253 2456 1307 Per
2483 1251 2630 1323 quod
2655 1252 2935 1310 evidenter
2961 1255 3268 1310 ostenditur
3291 1257 3643 1325 perfectionis

2042 1359 2105 1400 ac
2129 1344 2484 1401 beatitudinis
2511 1360 2813 1416 summam,
2851 1362 2964 1402 non
2987 1347 3042 1402 in
3065 1346 3283 1402 illorum
3305 1349 3643 1410 mirabilium

2045 1439 2382 1510 operatione,
2406 1438 2502 1495 sed
2522 1440 2577 1494 in
2596 1439 2880 1495 charitatis
2909 1440 3145 1510 puritate
3171 1441 3484 1498 consistere.
3528 1447 3641 1502 Nec

2046 1531 2362 1598 immerito_:
2390 1530 2578 1586 omnia
2605 1531 2750 1586 enim
2773 1531 2862 1586 illa
2891 1532 3198 1588 evacuanda
3231 1549 3296 1589 ac
3319 1534 3645 1595 destruenda

2047 1630 2214 1678 sunt:
2261 1622 2496 1679 charitas
2537 1639 2670 1679 vero
2700 1631 2963 1696 perpetuo
3013 1640 3384 1696 permansura.
3406 1622 3432 1659 ¹³
3479 1629 3644 1687 Ideo-

337 1727 395 1776 et
422 1719 739 1792 plenitudini
769 1719 893 1777 lidei
927 1733 1051 1791 qua:
1092 1717 1261 1774 etiam
1291 1725 1512 1773 montes
1541 1715 1857 1786 transferat,
1887 1724 1943 1771 et
2046 1731 2154 1786 que
2185 1731 2215 1770 a
2243 1716 2498 1772 Patribus
2549 1716 2750 1772 nostris
2782 1731 2948 1788 opera
2997 1717 3100 1772 ista
3139 1717 3420 1789 signorum
3447 1736 3650 1793 nequa-

339 1814 499 1872 omni
540 1816 777 1872 scientia
813 1830 876 1870 ac
919 1812 1224 1886 prophetiae
1251 1820 1307 1868 et
1354 1811 1654 1884 erogationi
1695 1810 1943 1867 omnium
1972 1799 2020 1860 Β
2053 1825 2216 1880 quam
2251 1810 2500 1866 videmus
2533 1809 2819 1878 affectata;
2847 1811 3147 1882 quinimmo
3176 1827 3300 1868 cum
3338 1827 3398 1868 ea
3427 1815 3651 1886 Spiritus

1439 1958 1694 2012 ALARDI
1731 1957 1958 2013 GAZEI
1998 1955 2556 2012 COMMENTARIUS.

346 2083 569 2152 quando
604 2087 841 2148 tantam,
874 2086 1134 2151 quantam
1161 2097 1456 2153 numquam
1480 2082 1698 2151 habuit,
1727 2084 1952 2153 accipiet

341 2158 684 2224 potestatem.
715 2156 833 2210 Non
851 2156 992 2206 enim
1041 2152 1256 2221 quando
1294 2152 1360 2205 de
1395 2153 1517 2224 calo
1560 2155 1703 2220 ignis
1739 2154 1947 2217 cecidit,

342 2222 398 2279 et
413 2229 629 2278 tantam
641 2225 917 2290 familiam
926 2239 1047 2277 cum
1068 2224 1234 2277 tantis
1245 2222 1498 2290 gregibus
1513 2238 1765 2292 pecorum
1779 2227 1954 2280 sancti

345 2295 466 2357 Job,
499 2311 604 2349 uno
632 2297 837 2364 impetu
866 2295 1199 2364 absumpsit;
1231 2297 1282 2347 et
1297 2292 1467 2364 turbo
1495 2295 1741 2360 irruens,
1774 2299 1824 2348 et
1850 2295 1950 2349 do-

343 2381 482 2420 num
511 2363 766 2434 dejiciens
780 2405 800 2433 ,
839 2367 978 2434 ﬁlios
1015 2363 1131 2433 ejus
1163 2363 1386 2427 occidit,
1413 2364 1800 2432 phantasmata
1825 2366 1951 2428 fue-

342 2441 510 2504 runt,-
555 2451 679 2505 qua:
723 2441 903 2490 tamen
919 2438 1146 2503 fuerunt
1186 2449 1349 2504 opera
1390 2435 1640 2505 Satanae,
1675 2437 1767 2488 cui
1811 2439 1952 2490 Deus

344 2504 582 2563 dederat
619 2508 757 2562 hanc
791 2511 1128 2576 potestatem.
1162 2507 1388 2576 Propter
1428 2505 1564 2572 quid
1601 2504 1792 2560 horum
1833 2521 1952 2574 ergo

343 2579 503 2634 dicta
525 2583 650 2633 sunt
663 2575 928 2647 prodigia
953 2582 1003 2632 et
1027 2579 1183 2645 signa
1201 2575 1488 2647 mendacii,
1512 2580 1640 2629 tunc
1656 2579 1838 2644 potius
1855 2593 1955 2646 ap-

338 2649 584 2720 parebit.
615 2645 720 2704 Séd
735 2645 958 2718 propter
983 2645 1476 2720 quodlibethorum
1493 2647 1709 2720 dictum
1738 2649 1836 2715 sit,
1868 2645 1954 2702 se—

344 2716 610 2776 ducentia
640 2735 724 2774 eos
736 2716 924 2788 signis
955 2725 1117 2788 atque
1137 2716 1428 2786 prodigiis,
1454 2719 1553 2786 qui
1579 2717 1763 2772 seduci
1789 2733 1957 2772 mere-

347 2793 558 2847 buntur
597 2811 614 2845 :
656 2806 758 2861 pro
803 2806 860 2844 eo
895 2791 1042 2858 quod
1078 2789 1417 2861 dilectionem
1447 2789 1752 2861 veritatis,
1770 2791 1957 2861 inquit

344 2858 678 2943 Apostolus;
709 2876 817 2916 non
844 2863 1181 2930 receperunt,
1222 2862 1285 2912 ut
1311 2859 1455 2912 salvi
1475 2860 1684 2926 ﬁerent.
1725 2858 1815 2914 Sic
1838 2864 1954 2913 Au-

385 2943 624 2988 υδῐιῐιυε.

344 2950 867 3067 ευξῑιῧΐέ.⁶ώ“οεῑ’
909 2999 978 3055 de
1023 3015 1132 3069 qua
1183 2999 1240 3054 in
1307 2997 1589 3069 superiore
1640 2997 1954 3065 collatione,

352 3088 486 3145 quae
525 3073 581 3127 in
612 3068 1124 3145 eXpel|e_ndis_vitiis
1170 3077 1226 3122 et
1277 3068 1566 3124 virtutibus
1611 3069 1955 3139 acquirendis

353 3139 699 3214 6ccupatur,:
723 3149 786 3214 ut
812 3140 885 3214 ibi
911 3139 1118 3214 dictum
1142 3145 1243 3193 est.

430 3216 460 3250 ³³
501 3205 700 3270 ’8300ῐί
736 3210 833 3266 viri
879 3209 1167 3278 miracula,
1203 3221 1329 3277 quae
1379 3206 1468 3262 hic
1487 3205 1754 3278 dicuntur
1791 3223 1958 3278 opera

354 3287 672 3356 signorum,
705 3295 1049 3356 nequaquam
1091 3276 1372 3356 affectant,
1405 3276 1502 3356 sed
1535 3277 1781 3356 maxime
1806 3276 1960 3356 refu-

2060 2086 2236 2144 tuum,
2269 2082 2326 2135 id
2365 2087 2470 2144 est,
2506 2084 2558 2136 si
2579 2083 2674 2136 hoc
2707 2083 2913 2148 fecero,
2960 2085 3170 2138 tentabo
3211 2088 3396 2140 Deum.
3421 2089 3527 2143 Hoc
3562 2091 3651 2145 di-

2057 2156 2176 2228 a-it,
2214 2152 2366 2228 quod
2393 2157 2452 2228 te
2475 2154 2645 2228 voluit
2673 2153 2864 2228 dicere,
2904 2155 3254 2228 quandortibi
3291 2158 3385 2212 hoc
3412 2165 3654 2228 suggerit

2057 2225 2310 2278 inimicus
2334 2241 2351 2277 :
2379 2223 2562 2289 Qualis
2589 2223 2746 2278 homo
2772 2227 2866 2278 es?
2896 2226 3075 2292 qualis
3099 2225 3435 2283 Christianus
3445 2223 3654 2288 P'modo

2059 2295 2142 2349 vel
2179 2310 2349 2348 unum
2389 2293 2718 2348 miraculum
2757 2295 2977 2360 fecisti?
3019 2299 3117 2348 aut
3162 2300 3493 2354 orationibus
3545 2305 3653 2358 tuis

2060 2367 2266 2418 mortui
2278 2369 2650 2427 surrexerunt,
2677 2369 2777 2419 aut
2803 2366 3444 2432 febricitantessanasti?
3462 2371 3524 2427 Si
3537 2388 3656 2428 vere

2061 2450 2194 2490 esses
2220 2436 2449 2504 alicujus
2468 2437 2680 2498 meriti,
2711 2438 2913 2502 faceres
2941 2437 3163 2505 aliquod
3189 2440 3531 2496 miraculum.
3559 2446 3658 2499 Re-

2060 2506 2282 2575 sponde,
2311 2512 2362 2560 et
2379 2507 2501 2560 dic:
2530 2508 2802 2575 Scriptum
2828 2511 2945 2561 est:
2973 2509 3091 2563 Non
3119 2510 3348 2564 tentabis
3373 2514 3658 2569 Dominum

2061 2581 2230 2654 Deum
2254 2581 2449 2654 tuum‘:
2479 2593 2585 2630 non
2609 2591 2732 2654 ergo
2762 2577 2970 2654 tentabo
3002 2581 3166 2654 Deum
3202 2583 3362 2648 quasi
3386 2587 3512 2638 tunc
3525 2601 3653 2654 per.

2065 2649 2268 2700 tineam
2287 2648 2361 2724 a_d
2397 2650 2579 2724 Deum,
2608 2649 2659 2699 si
2680 2647 2853 2724 fecero
2877 2647 3236 2724 miraculum}
3269 2657 3328 2724 et
3349 2668 3458 2707 non
3484 2647 3660 2724 perti-

2063 2732 2243 2783 neam,
2265 2719 2322 2788 si
2357 2731 2462 2788 non
2512 2719 2705 2783 fecero.
2752 2719 2830 2772 Ita
2859 2719 3213 2788 Augustinus.
3249 2723 3420 2777 Porro
3459 2719 3656 2781 Christi

2064 2786 2317 2856 exemplo
2357 2787 2530 2842 edocti
2575 2788 2666 2842 SS.
2717 2788 2907 2842 Patres
2944 2786 3144 2857 quanta
3187 2804 3312 2844 cum
3345 2791 3660 2852 difficultate

2065 2865 2121 2912 et
2168 2856 2654 2928 circumspectione
2718 2857 2788 2914 ad
2833 2856 3073 2913 facienda
3113 2858 3373 2916 miracula
3416 2879 3659 2923 accesse-

2065 2928 2197 2996 rint,
2231 2935 2286 2981 et
2313 2926 2440 3002 post
2466 2926 2610 3002 facta
2639 2943 2800 3002 quam
2839 2928 3120 3002 humiliter
3148 2945 3206 3002 se
3237 2934 3524 3002 gesserint,
3555 2936 3656 2993 do-

2065 3006 2202 3071 cent
2229 2998 2873 3071 exemplaSSLAntonii
2902 3000 3046 3070 apud
3076 2998 3460 3071 Athanasium,
3505 2998 3660 3064 Hila-

2065 3067 2233 3124 rionis
2279 3067 2426 3138 apud
2464 3070 2536 3122 D.
2587 3067 3009 3196 Hieronimum,
3055 3072 3278 3127 Macarii
3321 3081 3378 3128 et
3422 3067 3661 3134 aliorum

2065 3138 2213 3196 anud
2257 3138 2582 3196 Palladium.
2640 3141 2786 3194 Bene
2831 3141 2920 3196 icti
2971 3141 3112 3196 anud
3167 3142 3511 3196 Gregorium.
3580 3151 3661 3196 De

2065 3138 2213 3219 apud
2245 3138 2582 3220 .Palladium,
2627 3138 2940 3222 .Benedicti.
2971 3141 3112 3211 apud
3167 3142 3511 3215 Gregorium.
3580 3151 3663 3205 De

2067 3210 2366 3288 Balatrone
2418 3218 2491 3264 ita
2535 3212 2726 3265 scribit
2763 3213 2818 3267 S.
2873 3214 3275 3288 Hieronymus:
3325 3217 3661 3288 Sexagesimo

2069 3283 2228 3334 tertio
2259 3283 2385 3334 vita:
2416 3295 2528 3335 suae
2552 3297 2693 3336 anno
2717 3296 2931 3336 cernens
2961 3283 3172 3350 grande
3202 3283 3586 3344 monasterium
3613 3295 3664 3345 et

355 3347 543 3430 giuntg
570 3347 676 3430 nisi
703 3347 1182 3430 ὐεόθβδῖίδῐθβυὲ
1208 3347 1472 3430 οὶιθτῖιδιρ
1519 3347 1782 3430 οοῐῐιρυιξὶ
1803 3366 1835 3430 με,
1872 3347 1958 3430 id-
1993 3365 2036 3429 ο
2068 3351 2477 3430 multitudinem
2501 3353 2746 3430 fratrum
2771 3367 2946 3430 secum
2965 3347 3338 3430 habitantium
3373 3362 3664 3430 turbasque

357 3417 478 3504 que
512 3417 730 3504 duplici.
759 3423 1000 3504 ratione:
1051 3425 1104 3504 If
1133 3418 1205 3474 ob
1232 3417 1557 3504 periculum
1575 3418 1962 3504 ostentatignis

360 3487 420 3550 et
465 3487 641 3550 inanis
682 3493 889 3566 gloria,
920 3495 996 3566 2°_
1024 3487 1435 3566 obpegiculum
1479 3487 1809 3566 tentationis_
1840 3489 1960 3566 Dei,

363 3581 612 3637 quorum
641 3559 936 3637 utrumque
963 3559 1150 3618 docuit
1186 3559 1434 3637 Christus
1469 3574 1568 3614 suo
1592 3560 1850 3637 exemplo
1882 3559 1962 3637 vi_-

360 3627 617 3692 tandum.
659 3627 933 3700 Primu'm,
977 3647 1106 3688 cum
1135 3630 1394 3686 miracula
1438 3645 1468 3684 a
1497 3645 1554 3685 se
1593 3627 1776 3697 facta,‘
1794 3630 1966 3686 vetuit

357 3707 654 3778 aliquoties
702 3699 966 3778 publicari
999 3721 1012 3758 :
1062 3717 1190 3778 cum
1217 3699 1528 3778 discipulos
1573 3700 1861 3778 gestientes
1898 3710 1966 3778 _et

355 3770 686 3850 gloriantes,
702 3770 858 3850 quod
889 3774 1055 3850 etiam
1085 3770 1785 3850 daemonia'subjice'rentur
1810 3772 1961 3850 ipsis,

355 3843 556 3905 statim
605 3843 862 3919 repressit
904 3845 1128 3919 dicens:
1187 3843 1470 3919 Videbam
1492 3845 1774 3919 Satanam,
1828 3846 1966 3899 sicut

357 3921 560 3988 fulgur
587 3912 820 3973 de'ccelo
858 3918 1150 3988 cadentem,
1182 3929 1380 3988 nempe
1421 3912 1494 3988 o_b
1525 3915 1837 3988 superbiam
1856 3955 1876 3988 ,
1904 3923 1967 3988 et

359 3984 580 4047 addidit
609 3991 703 4043 :In
732 3989 827 4054 hqc
853 3987 1018 4040 nolite
1059 3984 1328 4052 gaudere,
1361 3985 1494 4054 quia
1529 3986 1758 4051 spiritus
1790 3985 1966 4054 subji-

362 4063 592 4116 ciuntur
625 4048 820 4112 vobis':
861 4048 1091 4124 gaudete
1133 4057 1314 4124 autem
1335 4048 1496 4124 quod
1531 4048 1752 4107 nomina
1795 4048 1971 4124 vestra

362 4133 581 4200 scripta
607 4130 813 4200 suntin
839 4121 978 4181 caelis
1011 4128 1157 4200 (Luc.
1181 4123 1265 4200 ξ.)
1295 4121 1554 4200 Similiter
1578 4139 1750 4200 quum
1779 4123 1973 4200 scriba:

361 4211 428 4258 et
460 4193 724 4256 Pharisaei
749 4198 996 4254 dicerent
1025 4215 1037 4250 :
1065 4196 1345 4263 Magister,
1372 4193 1614 4263 volumus
1632 4199 1737 4248 ate
1758 4197 1972 4263 signum

361 4273 577 4336 mttere,
618 4268 902 4341 respondit
938 4287 955 4323 :
1004 4262 1310 4341 Generatia
1332 4262 1477 4341 mala
1505 4269 1566 4341 et_
1598 4262 1853 4341 adultera
1898 4268 1973 4341 si-

363 4335 821 4416 gnum’queeriti
831 4346 882 4395 et
906 4341 1120 4416 signum
1137 4336 1585 4416 nondabiturei,
1617 4344 1719 4391 etc.
1743 4335 1972 4416 (Mutth.

362 4405 468 4474 in
510 4405 656 4470 et‘xx
674 4419 738 4479 1).
783 4405 852 4466 Et
872 4405 1000 4466 cum
1020 4410 1178 4480 jussu
1206 4406 1364 4480 Pilati
1391 4405 1854 4480 ductusessetad
1883 4423 1970 4480 re-

365 4501 516 4562 gent
541 4476 1362 4562 H_erodem__c_upientemfidere
1383 4476 1609 4562 aliquod
1639 4477 1863 4562 signum
1905 4477 1974 4535 ab

366 4549 442 4616 ἕο
483 4556 624 4622 ﬁeri,
651 4554 786 4610 nihil
823 4549 932 4619 illi,
969 4552 1136 4622 multa
1167 4549 1294 4605 licet
1320 4549 1974 4622 interroganti,’_respon-

364 4629 461 4687 dit
493 4617 640 4694 (Luc.
669 4622 862 4696 χχιιι).
895 4617 1054 4696 Quod
1078 4620 1200 4676 ideo
1229 4620 1416 4696 procul
1440 4617 1607 4696 dubio
1633 4617 1976 4696 fecisse'cre-

363 4699 598 4758 dendus
626 4702 731 4762 est,
769 4694 916 4765 quod

2069 3435 2249 3474 eorum
2259 3423 2357 3497 qui
2373 3421 2599 3497 diversis
2615 3421 2966 3497 languoribus
2981 3427 3031 3475 et
3063 3425 3356 3497 immundis
3381 3421 3665 3497 spiritibus

2069 3494 2348 3564 occupatos
2375 3491 2449 3564 ad
2473 3505 2527 3544 se
2545 3491 2895 3555 deducebant,
2927 3493 3005 3546 ita
3022 3497 3085 3547 ut
3111 3496 3261 3548 omni
3276 3491 3464 3564 genere
3491 3501 3664 3556 homi-

2069 3577 2201 3641 num
2231 3561 2898 3641 solitudo_per_circuitttm
2930 3565 3259 3641 repleretur;
3281 3561 3455 3635 'ﬂebat
3481 3575 3664 3641 quoti-

2073 3633 2189 3694 die,
2229 3635 2279 3712 e_t
2305 3632 2610 3712 incredibili
2653 3633 2912 3712 desiderio
2961 3632 3375 3712 conuersationis
3424 3632 3666 3712 antiquae

2072 3703 2474 3779 recordabatur.
2503 3706 2877 3779 Interrogatus
2896 3721 2930 3758 a
2955 3707 3227 3779 fratribus
3255 3713 3392 3779 quid
3414 3703 3664 3778 haberet,

2072 3790 2168 3829 cur
2201 3790 2256 3828 se
2283 3776 2575 3847 conﬁceret,
2615 3777 2696 3828 ait
2721 3794 2737 3828 :
2767 3779 3002 3831 Rursum
3040 3778 3115 3830 ad
3149 3776 3402 3835 sceculum
3427 3786 3591 3847 redii,
3618 3776 3669 3839 et

2072 3848 2250 3914 recepi
2275 3845 2566 3899 mercedem
2592 3861 2765 3899 meam
2791 3849 2850 3898 in
2875 3849 2992 3900 vita
3019 3862 3154 3900 mea.
3189 3851 3272 3902 En
3301 3852 3537 3910 homines
3559 3845 3668 3909 Pa-

2076 3917 2299 3971 lcestinte
2336 3921 2386 3970 et
2427 3918 2616 3970 vicina:
2638 3917 2932 3986 provincia:
2969 3919 3281 3973 existimat
3309 3937 3391 3975 me
3435 3924 3668 3986 alicujus

2076 3941 2299 3971 ιωδιυιω
2336 3941 2384 3970 et
2427 3941 2616 3970 manu:
2638 3941 2932 3986 pruvmvtw
2969 3941 3280 3973 σέσιδιιπιαηε
3309 3941 3391 3975 me
3435 3941 3664 3994 alicujus

2075 4002 2183 4042 esse
2215 3989 2487 4058 momenti.
2523 3989 2594 4041 D.
2625 3987 2962 4058 Augustinus
2989 3987 3338 4058 cupiditatem
3378 3992 3664 4050 miraculo-

2074 4071 2200 4131 rum
2229 4065 2328 4111 aut
2361 4057 2670 4131 signorum,
2694 4057 3080 4131 quaesubinde
3119 4059 3244 4131 viris
3271 4061 3521 4131 perfectis
3555 4080 3671 4121 mo-

2079 4126 2292 4196 lestiam
2351 4125 2590 4190 exhibet,
2643 4125 2728 4179 in“
2759 4127 2938 4196 seipso
2991 4125 3293 4185 coercuisse
3332 4147 3391 4186 se
3429 4134 3560 4190 dicit
3587 4134 3669 4192 his

2079 4194 2290 4272 verbis:
2313 4197 2365 4251 A
2395 4200 2462 4272 te,
2485 4197 2704 4272 Domine
2715 4194 2862 4272 Deus
2891 4211 3058 4263 meus,
3085 4200 3177 4272 cui
3201 4201 3456 4257 humilem
3478 4208 3671 4272 famu-

2083 4267 2253 4320 latum
2280 4282 2342 4321 ac
2353 4267 2656 4345 simplicem
2683 4267 2848 4345 debeo
2858 4309 2884 4345 ,Δ
2902 4269 3120 4345 quantis
3145 4285 3347 4326 mecum
3381 4267 3673 4345 suggestio-

2081 4353 2211 4417 num
2227 4337 2841 4417 machinationibusagit
2860 4339 3128 4402 inimicus,
3145 4345 3423 4411 utsignum
3444 4337 3674 4417 aliquod

2075 4413 2268 4486 petant
2285 4412 2304 4463 !
2319 4411 2435 4486 Sed
2462 4409 2674 4486 obsecro
2703 4414 2752 4465 te
2767 4425 2869 4480 per
2891 4425 3065 4478 regem
3092 4409 3333 4469 nostrum
3370 4422 3421 4471 et
3433 4409 3673 4486 patinam

2083 4481 2436 4554 Hierusalem,
2485 4481 2797 4550 simplicem,
2846 4486 3072 4550 castam,
3116 4487 3177 4537 ut
3224 4481 3672 4554 quemadmodum

2084 4552 2238 4630 longe
2256 4557 2334 4606 est
2348 4567 2394 4630 _a
2416 4567 2499 4630 me
2518 4554 2629 4630 ista
2655 4555 2938 4630 consensio,
2970 4555 3051 4607 ita
3078 4556 3150 4609 sit
3177 4552 3381 4630 semper
3409 4561 3558 4630 longe
3581 4567 3669 4617 at-

2083 4637 2187 4696 ςιαε
2213 4623 2423 4696 longius
2445 4625 2585 4691 (Lib.
2621 4639 2658 4679 x
2700 4626 2935 4696 Confess.
2982 4641 3098 4693 cap.
3142 4627 3250 4696 35).
3279 4623 3378 4682 "De
3422 4623 3670 4687 sanctiss,

965 4709 1029 4747 ex
1062 4689 1569 4765 mera’cpriositate
1624 4700 1716 4747 aut
1747 4692 1978 4765 vanitate
2007 4752 2052 4765 ﬁ
2086 4689 2390 4758 legislature
2431 4689 2619 4750 nostro
2660 4689 2962 4751 Benedicto
3011 4689 3078 4749 15.
3139 4689 3478 4765 Gregorius:
3545 4702 3673 4757 Cum

369 4752 552 4842 Eia}:
575 4769 664 4842 illa
706 4752 863 4822 ab'iis
891 4770 1222 4842 peterentgr.
1276 4761 1550 4841 P08“?rius
1575 4776 1738 4842 Ῡθτον
1761 4762 1980 4842 Quando
2007 4752 2058 4814 Β
2086 4752 2328 4842 νάξίέστξε,
2345 4767 2464 4842 ﬁlio
2489 4766 2711 4820 στ’θατῑιε
2734 4767 3030 4842 βῖὲηηᾳνθίῖ
3060 4765 3242 4842 Redde
3252 4752 3450 4842 ﬁlium

376 4831 578 4897 ddcuit
618 4839 722 4893 hoc
747 4853 864 4892 esse
889 4831 1096 4890 tentare
1126 4835 1327 4897 Deum,
1358 4831 1688 4886 miraculum
1728 4831 1847 4888 sine
1873 4849 1972 4888 ne-

373 4909 639 4984 cessitate
674 4915 768 4962 aut
801 4908 946 4976 justa
974 4905 1210 4984 ratione
1229 4901 1362 4984 velle
1377 4900 1602 4984 facere.
1630 4904 1713 4984 De
1755 4919 1866 4984 quo
1901 4907 1970 4959 D.

372 4976 730 5050 Augustinus
753 4974 982 5032 tractatu
1022 4976 1139 5050 _2_in_
1171 4974 1339 5050 Epist.
1370 4974 1600 5050 Joannis
1627 4989 1642 5026 :
1669 4974 1721 5029 A
1747 4975 1973 5050 Satana,

374 5044 568 5122 inquit
585 5089 601 5113 ,
644 5051 876 5102 tentatus
905 5053 982 5102 est
1011 5047 1254 5103 Christus
1280 5044 1346 5098 de
1367 5044 1654 5108 miraculo,
1689 5047 1904 5113 quando
1931 5048 1983 5100 ei

372 5124 538 5180 dixit
566 5136 579 5175 :
606 5121 764 5175 Mitte
792 5123 841 5173 te
863 5117 1109 5172 deorsum
1133 5135 1148 5169 :
1179 5117 1310 5185 quia
1336 5116 1598 5184 scriptum
1626 5119 1735 5170 est:
1760 5116 1980 5185 Angelis

374 5196 502 5250 suis
544 5191 828 5247 mandavit
862 5189 930 5244 de
961 5194 1011 5244 te
1038 5192 1098 5241 ut
1137 5188 1439 5255 suscipiant
1456 5190 1534 5247 te,
1577 5187 1859 5254 nequando
1896 5188 1980 5252 of.

373 5265 586 5334 fendas
606 5263 680 5317 ad
695 5262 928 5332 lapidem
943 5258 1133 5334 pedem
1151 5263 1324 5312 tuum.
1366 5255 1461 5334 Ille
1482 5257 1679 5334 restitit
1702 5260 1977 5334 tentatori.

373 5327 446 5394 Si
480 5336 618 5390 enim
645 5327 849 5402 faceret
877 5327 1229 5396 miraculum,
1254 5344 1372 5402 non
1404 5327 1700 5402 videretur,
1744 5330 1856 5382 nisi
1885 5333 1983 5402 aut

374 5399 653 5468 cessisse,
670 5409 766 5459 aut
802 5405 1117 5459 curiositate
1149 5401 1358 5468 fecisse.
1399 5401 1543 5456 Fecit
1577 5401 1719 5455 enim
1765 5399 1984 5469 quando

374 5477 559 5535 voluit
586 5481 862 5543 tamquam
885 5479 1052 5542 Deus,
1069 5473 1164 5528 sed
1191 5478 1453 5541 tanquam
1481 5473 1718 5543 inﬁrmos
1745 5485 1944 5543 curans
1966 5488 1982 5523 :

372 5563 516 5605 nam
541 5549 593 5603 si
627 5541 754 5602 tunc
787 5548 989 5613 faceret
1006 5541 1225 5616 {quasi
1252 5542 1622 5616 tantummodo
1664 5541 1986 5616 miraculum

375 5622 570 5688 facere
599 5618 729 5673 velle
751 5614 1198 5688 putareturJSed
1223 5630 1290 5670 ne
1324 5615 1396 5688 id_
1419 5614 1674 5688 homines
1688 5614 1957 5688 sentirent
1966 5652 1983 5680 ,

377 5684 607 5747 attende
634 5684 769 5759 quid
797 5688 1104 5759 respondit,-
1135 5693 1186 5742 et
1210 5684 1429 5759 quando
1467 5684 1566 5738 tibi
1597 5684 1736 5759 talis
1761 5684 1983 5739 tentatio

255 5765 270 5777 ’
377 5755 662 5824 evenerit,—
698 5759 785 5814 dic
823 5755 964 5813 illud
990 5763 1040 5813 et
1080 5763 1181 5812 tu:
1211 5755 1348 5813 Redi
1379 5760 1504 5825 post
1544 5770 1654 5816 me,
1698 5755 1932 5811 Satanas
1963 5772 1981 5808 :

379 5832 654 5901 scriptum
699 5834 778 5887 est
823 5832 963 5887 enim
980 5845 1001 5884 .·
1043 5829 1162 5886 Non
1207 5828 1439 5883 tentabis
1486 5828 1770 5883 Dominum
1815 5830 1984 5884 Deum

2078 4836 2244 4912 redde
2269 4836 2444 4912 ﬁlium
2467 4852 2666 4912 meum,
2692 4840 2744 4888 et
2769 4838 2975 4912 fratres
2999 4835 3284 4912 instarent,
3311 4843 3375 4891 ut
3397 4839 3512 4909 ejus
3533 4835 3677 4912 peti.

2083 4906 2221 4959 tioni
2236 4907 2604 4972 acquiesceret,
2623 4919 2748 4958 mox
2774 4905 2876 4959 Dei
2886 4904 3129 4969 famulus
3149 4907 3309 4962 valde
3329 4904 3676 4970 contristatus

2083 4978 2182 5042 est,
2224 4975 2403 5027 dicens
2436 4993 2451 5028 :
2482 4974 2745 5041 Recedite,
2792 4976 3018 5042 fratres,
3049 4977 3315 5034 recedite:
3345 4981 3455 5037 hcec
3492 4990 3677 5040 nostra

2083 5059 2188 5099 non
2231 5045 2514 5120 suntgrsed
2554 5049 2858 5100 sanctorum
2897 5048 3258 5115 apostolorum
3280 5069 3298 5104 :
3345 5055 3480 5120 quid
3524 5057 3677 5112 nobis

2085 5130 2248 5192 onera
2290 5115 2455 5168 vultis
2480 5119 2767 5192 imponere,
2813 5133 2936 5192 quae
2966 5134 3072 5192 non
3107 5115 3389 5190 possumus
3413 5130 3678 5192 portare?

2086 5187 2164 5243 At
2182 5187 2280 5264 ille
2315 5202 2471 5264 quem
2511 5189 2708 5243 nimius
2744 5187 2956 5264 cogebat
2985 5187 3154 5252 dolor,
3196 5194 3259 5264 in
3298 5207 3398 5246 sua
3413 5187 3678 5264 petitione

2082 5259 2396 5338 persistens,
2427 5258 2729 5338 juransque
2766 5260 2910 5338 quod
3087 5262 3379 5338 recederet,
3401 5258 3525 5338 nisi
3564 5269 3678 5338 ejus

2087 5330 2264 5407 ﬁlium
2313 5331 2684 5407 resuscitaret,
2711 5331 2972 5407 obtinuit
3020 5332 3237 5407 tandem
3273 5335 3415 5402 quod
3455 5330 3680 5407 optabat

2092 5401 2317 5477 (Lib._u
2354 5401 2498 5477 Dial.
2535 5416 2672 5477 cap._
2703 5400 2811 5471 32).
2847 5401 3030 5477 tiabes
3075 5401 3177 5456 alia
3195 5400 3576 5477 ducerem-pla
3600 5411 3680 5466 Pi-

2090 5470 2258 5525 menii
2294 5479 2349 5524 et
2370 5471 2703 5526 Bessarionis
2719 5470 3169 5527 anachoretarum
3193 5473 3246 5528 in
3271 5475 3404 5532 Vitis
3432 5470 3674 5538 Patrum.

2091 5540 2197 5622 sed
2225 5541 2271 5595 si
2302 5543 2516 5622 pateris,
2562 5541 2754 5604 lector,
2800 5541 3018 5622 audisse
3037 5543 3274 5622 juvabit.
3311 5555 3366 5602 et
3393 5549 3539 5606 aliud
3568 5567 3681 5608 non

2094 5611 2274 5666 minus
2309 5611 2615 5683 jucundum
2643 5628 2808 5683 quam
2848 5611 3086 5681 serium,
3115 5625 3172 5672 et
3209 5616 3278 5674 ad
3325 5623 3680 5679 monasticam

2091 5691 2341 5758 spectans
2369 5682 2726 5758 disciplinam,
2765 5682 2834 5740 de
2881 5683 3098 5758 duobus
3149 5690 3327 5758 pueris
3373 5693 3444 5747 ab
3486 5692 3680 5748 abbate

2090 5753 2353 5837 cbrreptis
2383 5761 2439 5837 et
2468 5755 2757 5837 castigatis,
2788 5754 2939 5837 quod
2975 5773 3042 5837 εξ
3069 5753 3332 5837 miraculo
3362 5777 3460 5837 per
3484 5777 3679 5817 eorum

2090 5825 2497 5898 simplicitatem
2526 5833 2584 5883 et
2613 5825 2992 5886 innocentiam
3017 5826 3160 5886 facto
3209 5825 3490 5901 cujusdam
3529 5846 3681 5888 vana:
