  <div class='ocr_page' id='page_1' title='image "/cluster/home/n/w/nwhite01/storage/ocr_20150623/49/hvd.32044096580709/509.png"; bbox 0 0 4040 6206; ppageno 0'>
   <div class='ocr_carea' id='block_1_1' title="bbox 406 175 2003 238">
    <p class='ocr_par' dir='ltr' id='par_1_1' title="bbox 406 176 2003 238">
     <span class='ocr_line' id='line_1_1' title="bbox 406 176 2003 238; baseline -0.004 0"><span class='ocrx_word' id='word_1_1' title='bbox 406 182 548 238; x_wconf 79' lang='grc'>1003</span> <span class='ocrx_word' id='word_1_2' title='bbox 1492 176 1773 233; x_wconf 81' lang='lat' dir='ltr'><strong>JOANNIS</strong></span> <span class='ocrx_word' id='word_1_3' title='bbox 1806 176 2003 233; x_wconf 71' lang='lat' dir='ltr'><strong>CASSI.</strong></span> 
     </span>
    </p>
   </div>
   <div class='ocr_carea' id='block_1_2' title="bbox 2112 175 3716 238">
    <p class='ocr_par' dir='ltr' id='par_1_2' title="bbox 2146 175 3716 234">
     <span class='ocr_line' id='line_1_2' title="bbox 2146 175 3716 234; baseline -0.002 -1"><span class='ocrx_word' id='word_1_4' title='bbox 2146 175 2631 234; x_wconf 85' lang='lat' dir='ltr'><strong>COLLATIONES.</strong></span> <span class='ocrx_word' id='word_1_5' title='bbox 3579 175 3716 230; x_wconf 73' lang='grc'><strong>1004</strong></span> 
     </span>
    </p>
   </div>
   <div class='ocr_carea' id='block_1_3' title="bbox 400 300 3111 377">
    <p class='ocr_par' dir='ltr' id='par_1_3' title="bbox 400 300 3111 377">
     <span class='ocr_line' id='line_1_3' title="bbox 400 300 3111 377; baseline -0.004 -13"><span class='ocrx_word' id='word_1_6' title='bbox 400 304 578 364; x_wconf 83' lang='lat' dir='ltr'><strong>mines</strong></span> <span class='ocrx_word' id='word_1_7' title='bbox 624 311 807 363; x_wconf 81' lang='lat' dir='ltr'><strong>mente</strong></span> <span class='ocrx_word' id='word_1_8' title='bbox 855 303 1099 377; x_wconf 83' lang='lat' dir='ltr'><strong>corrupti</strong></span> <span class='ocrx_word' id='word_1_9' title='bbox 1142 318 1208 361; x_wconf 89' lang='lat' dir='ltr'><strong>ac</strong></span> <span class='ocrx_word' id='word_1_10' title='bbox 1255 301 1474 376; x_wconf 84' lang='lat' dir='ltr'><strong>reprobi</strong></span> <span class='ocrx_word' id='word_1_11' title='bbox 1519 303 1665 359; x_wconf 88' lang='lat' dir='ltr'><strong>circa</strong></span> <span class='ocrx_word' id='word_1_12' title='bbox 1708 301 1901 373; x_wconf 85' lang='lat' dir='ltr'><strong>ﬁdem,</strong></span> <span class='ocrx_word' id='word_1_13' title='bbox 1945 302 2003 359; x_wconf 90' lang='lat' dir='ltr'><strong>in</strong></span> <span class='ocrx_word' id='word_1_14' title='bbox 2031 307 2085 369; x_wconf 84' lang='grc' dir='ltr'><strong>Α</strong></span> <span class='ocrx_word' id='word_1_15' title='bbox 2710 300 2953 359; x_wconf 80' lang='lat' dir='ltr'><strong>CAPUT</strong></span> <span class='ocrx_word' id='word_1_16' title='bbox 2990 300 3111 356; x_wconf 85' lang='lat' dir='ltr'><strong>VII.</strong></span> 
     </span>
    </p>
   </div>
   <div class='ocr_carea' id='block_1_4' title="bbox 399 394 3711 474">
    <p class='ocr_par' dir='ltr' id='par_1_4' title="bbox 399 394 3711 474">
     <span class='ocr_line' id='line_1_4' title="bbox 399 394 3711 474; baseline -0.001 -19"><span class='ocrx_word' id='word_1_17' title='bbox 399 398 619 455; x_wconf 85' lang='lat' dir='ltr'><strong>nomine</strong></span> <span class='ocrx_word' id='word_1_18' title='bbox 659 398 887 455; x_wconf 88' lang='lat' dir='ltr'><strong>Domini</strong></span> <span class='ocrx_word' id='word_1_19' title='bbox 929 404 985 455; x_wconf 89' lang='lat' dir='ltr'><strong>et</strong></span> <span class='ocrx_word' id='word_1_20' title='bbox 1019 396 1294 454; x_wconf 70' lang='lat' dir='ltr'><strong>daemonia</strong></span> <span class='ocrx_word' id='word_1_21' title='bbox 1332 395 1641 468; x_wconf 86' lang='lat' dir='ltr'><strong>expellunt,</strong></span> <span class='ocrx_word' id='word_1_22' title='bbox 1683 404 1740 452; x_wconf 89' lang='lat' dir='ltr'><strong>et</strong></span> <span class='ocrx_word' id='word_1_23' title='bbox 1779 394 2004 453; x_wconf 82' lang='lat' dir='ltr'><strong>virtutes</strong></span> <span class='ocrx_word' id='word_1_24' title='bbox 2114 406 2266 474; x_wconf 75' lang='lat' dir='ltr'><strong>Quod</strong></span> <span class='ocrx_word' id='word_1_25' title='bbox 2296 406 2685 463; x_wconf 69' lang='grc' dir='ltr'><strong>οιιωιίετηαιωη</strong></span> <span class='ocrx_word' id='word_1_26' title='bbox 2709 407 2881 459; x_wconf 69' lang='lat' dir='ltr'><strong>virtus</strong></span> <span class='ocrx_word' id='word_1_27' title='bbox 2913 418 3019 457; x_wconf 86' lang='lat' dir='ltr'><strong>non</strong></span> <span class='ocrx_word' id='word_1_28' title='bbox 3054 404 3111 455; x_wconf 86' lang='lat' dir='ltr'><strong>in</strong></span> <span class='ocrx_word' id='word_1_29' title='bbox 3138 400 3504 463; x_wconf 71' lang='lat' dir='ltr'><strong>mirabilibus,</strong></span> <span class='ocrx_word' id='word_1_30' title='bbox 3534 402 3624 457; x_wconf 85' lang='lat' dir='ltr'><strong>sed</strong></span> <span class='ocrx_word' id='word_1_31' title='bbox 3657 405 3711 456; x_wconf 85' lang='lat' dir='ltr'><strong>in</strong></span> 
     </span>
    </p>
   </div>
   <div class='ocr_carea' id='block_1_5' title="bbox 396 489 1999 565">
    <p class='ocr_par' dir='ltr' id='par_1_5' title="bbox 396 489 1999 565">
     <span class='ocr_line' id='line_1_5' title="bbox 396 489 1999 565; baseline -0.002 -16"><span class='ocrx_word' id='word_1_32' title='bbox 396 493 671 549; x_wconf 83' lang='lat' dir='ltr'><strong>maximas</strong></span> <span class='ocrx_word' id='word_1_33' title='bbox 699 500 1015 565; x_wconf 81' lang='lat' dir='ltr'><strong>operantur.</strong></span> <span class='ocrx_word' id='word_1_34' title='bbox 1050 493 1135 547; x_wconf 91' lang='lat' dir='ltr'><strong>De</strong></span> <span class='ocrx_word' id='word_1_35' title='bbox 1162 489 1362 562; x_wconf 86' lang='lat' dir='ltr'><strong>quibus</strong></span> <span class='ocrx_word' id='word_1_36' title='bbox 1388 506 1518 546; x_wconf 90' lang='lat' dir='ltr'><strong>cum</strong></span> <span class='ocrx_word' id='word_1_37' title='bbox 1547 490 1779 562; x_wconf 85' lang='lat' dir='ltr'><strong>apostoli</strong></span> <span class='ocrx_word' id='word_1_38' title='bbox 1807 505 1999 546; x_wconf 87' lang='lat' dir='ltr'><strong>causa-</strong></span> 
     </span>
    </p>
   </div>
   <div class='ocr_carea' id='block_1_6' title="bbox 396 585 2000 656">
    <p class='ocr_par' dir='ltr' id='par_1_6' title="bbox 396 585 2000 656">
     <span class='ocr_line' id='line_1_6' title="bbox 396 585 2000 656; baseline -0.002 -14"><span class='ocrx_word' id='word_1_39' title='bbox 396 593 590 643; x_wconf 86' lang='lat' dir='ltr'><strong>rentur</strong></span> <span class='ocrx_word' id='word_1_40' title='bbox 618 594 674 642; x_wconf 90' lang='lat' dir='ltr'><strong>et</strong></span> <span class='ocrx_word' id='word_1_41' title='bbox 705 586 970 653; x_wconf 85' lang='lat' dir='ltr'><strong>dicerent,</strong></span> <span class='ocrx_word' id='word_1_42' title='bbox 1002 588 1324 656; x_wconf 73' lang='lat' dir='ltr'><strong>Prceceptor,</strong></span> <span class='ocrx_word' id='word_1_43' title='bbox 1350 586 1590 642; x_wconf 73' lang='lat' dir='ltr'><strong>vidimus</strong></span> <span class='ocrx_word' id='word_1_44' title='bbox 1617 585 1902 655; x_wconf 82' lang='lat' dir='ltr'><strong>quemdam</strong></span> <span class='ocrx_word' id='word_1_45' title='bbox 1939 586 2000 639; x_wconf 87' lang='lat' dir='ltr'><strong>in</strong></span> 
     </span>
    </p>
   </div>
   <div class='ocr_carea' id='block_1_7' title="bbox 397 677 1997 748">
    <p class='ocr_par' dir='ltr' id='par_1_7' title="bbox 397 677 1997 748">
     <span class='ocr_line' id='line_1_7' title="bbox 397 677 1997 748; baseline -0.002 -15"><span class='ocrx_word' id='word_1_46' title='bbox 397 680 613 733; x_wconf 91' lang='lat' dir='ltr'><strong>nomine</strong></span> <span class='ocrx_word' id='word_1_47' title='bbox 640 682 729 733; x_wconf 86' lang='lat' dir='ltr'><strong>tuo</strong></span> <span class='ocrx_word' id='word_1_48' title='bbox 756 678 1051 748; x_wconf 83' lang='lat' dir='ltr'><strong>ejicientem</strong></span> <span class='ocrx_word' id='word_1_49' title='bbox 1075 678 1358 741; x_wconf 69' lang='lat' dir='ltr'><strong>damonia,</strong></span> <span class='ocrx_word' id='word_1_50' title='bbox 1387 681 1434 732; x_wconf 90' lang='lat' dir='ltr'><strong>et</strong></span> <span class='ocrx_word' id='word_1_51' title='bbox 1452 677 1827 748; x_wconf 72' lang='lat' dir='ltr'><strong>prohibuimus</strong></span> <span class='ocrx_word' id='word_1_52' title='bbox 1855 691 1997 739; x_wconf 86' lang='lat' dir='ltr'><strong>eum,</strong></span> 
     </span>
    </p>
   </div>
   <div class='ocr_carea' id='block_1_8' title="bbox 398 767 2006 840">
    <p class='ocr_par' dir='ltr' id='par_1_8' title="bbox 398 767 2006 840">
     <span class='ocr_line' id='line_1_8' title="bbox 398 767 2006 840; baseline 0.001 -16"><span class='ocrx_word' id='word_1_53' title='bbox 398 772 530 840; x_wconf 91' lang='lat' dir='ltr'><strong>quia</strong></span> <span class='ocrx_word' id='word_1_54' title='bbox 553 785 660 824; x_wconf 90' lang='lat' dir='ltr'><strong>non</strong></span> <span class='ocrx_word' id='word_1_55' title='bbox 684 772 928 838; x_wconf 79' lang='lat' dir='ltr'><strong>sequitur</strong></span> <span class='ocrx_word' id='word_1_56' title='bbox 954 770 1245 833; x_wconf 87' lang='lat' dir='ltr'><strong>nobiscum,</strong></span> <span class='ocrx_word' id='word_1_57' title='bbox 1279 768 1407 824; x_wconf 89' lang='lat' dir='ltr'><strong>licet</strong></span> <span class='ocrx_word' id='word_1_58' title='bbox 1441 768 1647 825; x_wconf 87' lang='lat' dir='ltr'><strong>eisdem</strong></span> <span class='ocrx_word' id='word_1_59' title='bbox 1674 767 1742 824; x_wconf 90' lang='lat' dir='ltr'><strong>ad</strong></span> <span class='ocrx_word' id='word_1_60' title='bbox 1766 783 2006 840; x_wconf 63' lang='lat' dir='ltr'><strong>praesens</strong></span> 
     </span>
    </p>
   </div>
   <div class='ocr_carea' id='block_1_9' title="bbox 402 863 2008 937">
    <p class='ocr_par' dir='ltr' id='par_1_9' title="bbox 402 863 2008 937">
     <span class='ocr_line' id='line_1_9' title="bbox 402 863 2008 937; baseline -0.001 -17"><span class='ocrx_word' id='word_1_61' title='bbox 402 863 747 937; x_wconf 88' lang='lat' dir='ltr'><strong>responderit</strong></span> <span class='ocrx_word' id='word_1_62' title='bbox 768 863 1017 921; x_wconf 87' lang='lat' dir='ltr'><strong>Christus</strong></span> <span class='ocrx_word' id='word_1_63' title='bbox 1050 883 1062 919; x_wconf 90' lang='lat'>:</span> <span class='ocrx_word' id='word_1_64' title='bbox 1085 866 1264 923; x_wconf 87' lang='lat' dir='ltr'><strong>Nolite</strong></span> <span class='ocrx_word' id='word_1_65' title='bbox 1280 864 1587 934; x_wconf 86' lang='lat' dir='ltr'><strong>prohibere,</strong></span> <span class='ocrx_word' id='word_1_66' title='bbox 1615 866 1716 933; x_wconf 89' lang='lat' dir='ltr'><strong>qui</strong></span> <span class='ocrx_word' id='word_1_67' title='bbox 1739 865 1877 918; x_wconf 87' lang='lat' dir='ltr'><strong>enim</strong></span> <span class='ocrx_word' id='word_1_68' title='bbox 1904 878 2008 918; x_wconf 90' lang='lat' dir='ltr'><strong>non</strong></span> 
     </span>
    </p>
   </div>
   <div class='ocr_carea' id='block_1_10' title="bbox 401 956 2006 1030">
    <p class='ocr_par' dir='ltr' id='par_1_10' title="bbox 401 956 2006 1030">
     <span class='ocr_line' id='line_1_10' title="bbox 401 956 2006 1030; baseline -0.001 -16"><span class='ocrx_word' id='word_1_69' title='bbox 401 963 482 1015; x_wconf 89' lang='lat' dir='ltr'><strong>est</strong></span> <span class='ocrx_word' id='word_1_70' title='bbox 508 960 794 1015; x_wconf 81' lang='lat' dir='ltr'><strong>adversum</strong></span> <span class='ocrx_word' id='word_1_71' title='bbox 819 975 929 1023; x_wconf 82' lang='lat' dir='ltr'><strong>vos,</strong></span> <span class='ocrx_word' id='word_1_72' title='bbox 954 976 1057 1030; x_wconf 89' lang='lat' dir='ltr'><strong>pro</strong></span> <span class='ocrx_word' id='word_1_73' title='bbox 1083 960 1229 1014; x_wconf 82' lang='lat' dir='ltr'><strong>vobis</strong></span> <span class='ocrx_word' id='word_1_74' title='bbox 1263 963 1341 1013; x_wconf 89' lang='lat' dir='ltr'><strong>est</strong></span> <span class='ocrx_word' id='word_1_75' title='bbox 1362 960 1508 1023; x_wconf 89' lang='lat' dir='ltr'><strong>(Luc.</strong></span> <span class='ocrx_word' id='word_1_76' title='bbox 1543 956 1657 1029; x_wconf 85' lang='lat' dir='ltr'><strong>1x).</strong></span> <span class='ocrx_word' id='word_1_77' title='bbox 1688 959 1899 1013; x_wconf 87' lang='lat' dir='ltr'><strong>Tamen</strong></span> <span class='ocrx_word' id='word_1_78' title='bbox 1927 957 2006 1013; x_wconf 89' lang='lat' dir='ltr'><strong>eis</strong></span> 
     </span>
    </p>
   </div>
   <div class='ocr_carea' id='block_1_11' title="bbox 400 1050 2007 1120">
    <p class='ocr_par' dir='ltr' id='par_1_11' title="bbox 400 1050 2007 1120">
     <span class='ocr_line' id='line_1_11' title="bbox 400 1050 2007 1120; baseline -0.002 -13"><span class='ocrx_word' id='word_1_79' title='bbox 400 1050 457 1107; x_wconf 87' lang='lat' dir='ltr'><strong>iu</strong></span> <span class='ocrx_word' id='word_1_80' title='bbox 484 1051 593 1108; x_wconf 83' lang='lat' dir='ltr'><strong>ﬁne</strong></span> <span class='ocrx_word' id='word_1_81' title='bbox 614 1051 944 1120; x_wconf 86' lang='lat' dir='ltr'><strong>dicentibus,</strong></span> <span class='ocrx_word' id='word_1_82' title='bbox 974 1054 1218 1114; x_wconf 83' lang='lat' dir='ltr'><strong>Domine,</strong></span> <span class='ocrx_word' id='word_1_83' title='bbox 1246 1053 1487 1114; x_wconf 81' lang='lat' dir='ltr'><strong>Domine,</strong></span> <span class='ocrx_word' id='word_1_84' title='bbox 1514 1066 1681 1105; x_wconf 89' lang='lat' dir='ltr'><strong>nonne</strong></span> <span class='ocrx_word' id='word_1_85' title='bbox 1706 1052 1767 1104; x_wconf 88' lang='lat' dir='ltr'><strong>in</strong></span> <span class='ocrx_word' id='word_1_86' title='bbox 1795 1052 2007 1105; x_wconf 79' lang='lat' dir='ltr'><strong>nomine</strong></span> 
     </span>
    </p>
   </div>
   <div class='ocr_carea' id='block_1_12' title="bbox 402 1143 2004 1214">
    <p class='ocr_par' dir='ltr' id='par_1_12' title="bbox 402 1143 2004 1214">
     <span class='ocr_line' id='line_1_12' title="bbox 402 1143 2004 1214; baseline -0.001 -15"><span class='ocrx_word' id='word_1_87' title='bbox 402 1148 493 1199; x_wconf 88' lang='lat' dir='ltr'><strong>tuo</strong></span> <span class='ocrx_word' id='word_1_88' title='bbox 514 1146 970 1214; x_wconf 79' lang='lat' dir='ltr'><strong>prophetavimus,</strong></span> <span class='ocrx_word' id='word_1_89' title='bbox 1006 1148 1058 1197; x_wconf 88' lang='lat' dir='ltr'><strong>et</strong></span> <span class='ocrx_word' id='word_1_90' title='bbox 1092 1146 1151 1197; x_wconf 88' lang='lat' dir='ltr'><strong>in</strong></span> <span class='ocrx_word' id='word_1_91' title='bbox 1186 1147 1277 1197; x_wconf 90' lang='lat' dir='ltr'><strong>tuo</strong></span> <span class='ocrx_word' id='word_1_92' title='bbox 1304 1144 1518 1197; x_wconf 87' lang='lat' dir='ltr'><strong>nomine</strong></span> <span class='ocrx_word' id='word_1_93' title='bbox 1547 1144 1779 1197; x_wconf 80' lang='lat' dir='ltr'><strong>virtutes</strong></span> <span class='ocrx_word' id='word_1_94' title='bbox 1805 1143 2004 1197; x_wconf 87' lang='lat' dir='ltr'><strong>multas</strong></span> 
     </span>
    </p>
   </div>
   <div class='ocr_carea' id='block_1_13' title="bbox 398 1236 2005 1308">
    <p class='ocr_par' dir='ltr' id='par_1_13' title="bbox 398 1236 2005 1308">
     <span class='ocr_line' id='line_1_13' title="bbox 398 1236 2005 1308; baseline -0.001 -16"><span class='ocrx_word' id='word_1_95' title='bbox 398 1238 662 1305; x_wconf 81' lang='lat' dir='ltr'><strong>fecimus?</strong></span> <span class='ocrx_word' id='word_1_96' title='bbox 675 1251 1065 1306; x_wconf 87' lang='lat' dir='ltr'><strong>responsurum</strong></span> <span class='ocrx_word' id='word_1_97' title='bbox 1084 1250 1142 1291; x_wconf 93' lang='lat' dir='ltr'><strong>se</strong></span> <span class='ocrx_word' id='word_1_98' title='bbox 1162 1250 1276 1291; x_wconf 89' lang='lat' dir='ltr'><strong>esse</strong></span> <span class='ocrx_word' id='word_1_99' title='bbox 1291 1243 1540 1305; x_wconf 83' lang='lat' dir='ltr'><strong>testatur,</strong></span> <span class='ocrx_word' id='word_1_100' title='bbox 1562 1236 1691 1308; x_wconf 85' lang='lat' dir='ltr'><strong>quia</strong></span> <span class='ocrx_word' id='word_1_101' title='bbox 1705 1252 2005 1306; x_wconf 85' lang='lat' dir='ltr'><strong>numquam</strong></span> 
     </span>
    </p>
   </div>
   <div class='ocr_carea' id='block_1_14' title="bbox 398 1330 1999 1401">
    <p class='ocr_par' dir='ltr' id='par_1_14' title="bbox 398 1330 1999 1401">
     <span class='ocr_line' id='line_1_14' title="bbox 398 1330 1999 1401; baseline -0.002 -15"><span class='ocrx_word' id='word_1_102' title='bbox 398 1332 638 1393; x_wconf 78' lang='lat' dir='ltr'><strong>nouivos,</strong></span> <span class='ocrx_word' id='word_1_103' title='bbox 653 1330 945 1385; x_wconf 86' lang='lat' dir='ltr'><strong>disceditea</strong></span> <span class='ocrx_word' id='word_1_104' title='bbox 955 1345 1057 1394; x_wconf 91' lang='lat' dir='ltr'><strong>me,</strong></span> <span class='ocrx_word' id='word_1_105' title='bbox 1070 1332 1310 1400; x_wconf 87' lang='lat' dir='ltr'><strong>operarii</strong></span> <span class='ocrx_word' id='word_1_106' title='bbox 1316 1332 1629 1399; x_wconf 85' lang='lat' dir='ltr'><strong>iniquitatis</strong></span> <span class='ocrx_word' id='word_1_107' title='bbox 1641 1332 1857 1399; x_wconf 80' lang='lat' dir='ltr'><strong>(Matth.</strong></span> <span class='ocrx_word' id='word_1_108' title='bbox 1868 1330 1977 1401; x_wconf 78' lang='lat' dir='ltr'><strong>v11)</strong></span> <span class='ocrx_word' id='word_1_109' title='bbox 1987 1370 1999 1383; x_wconf 91' lang='lat'><strong>.</strong></span> 
     </span>
    </p>
   </div>
   <div class='ocr_carea' id='block_1_15' title="bbox 400 1422 2003 1497">
    <p class='ocr_par' dir='ltr' id='par_1_15' title="bbox 400 1422 2003 1497">
     <span class='ocr_line' id='line_1_15' title="bbox 400 1422 2003 1497; baseline 0.001 -17"><span class='ocrx_word' id='word_1_110' title='bbox 400 1425 472 1480; x_wconf 88' lang='lat' dir='ltr'><strong>Et</strong></span> <span class='ocrx_word' id='word_1_111' title='bbox 498 1423 704 1481; x_wconf 90' lang='lat' dir='ltr'><strong>idcirco</strong></span> <span class='ocrx_word' id='word_1_112' title='bbox 733 1424 899 1480; x_wconf 88' lang='lat' dir='ltr'><strong>etiam</strong></span> <span class='ocrx_word' id='word_1_113' title='bbox 919 1423 1056 1480; x_wconf 89' lang='lat' dir='ltr'><strong>istos</strong></span> <span class='ocrx_word' id='word_1_114' title='bbox 1082 1423 1280 1495; x_wconf 88' lang='lat' dir='ltr'><strong>quibus</strong></span> <span class='ocrx_word' id='word_1_115' title='bbox 1304 1422 1445 1478; x_wconf 88' lang='lat' dir='ltr'><strong>hanc</strong></span> <span class='ocrx_word' id='word_1_116' title='bbox 1468 1422 1697 1495; x_wconf 85' lang='lat' dir='ltr'><strong>gloriam</strong></span> <span class='ocrx_word' id='word_1_117' title='bbox 1721 1424 2003 1497; x_wconf 91' lang='lat' dir='ltr'><strong>signorum</strong></span> 
     </span>
    </p>
   </div>
   <div class='ocr_carea' id='block_1_16' title="bbox 399 1516 2006 1591">
    <p class='ocr_par' dir='ltr' id='par_1_16' title="bbox 399 1516 2006 1591">
     <span class='ocr_line' id='line_1_16' title="bbox 399 1516 2006 1591; baseline -0.001 -17"><span class='ocrx_word' id='word_1_118' title='bbox 399 1525 564 1591; x_wconf 88' lang='lat' dir='ltr'><strong>atque</strong></span> <span class='ocrx_word' id='word_1_119' title='bbox 602 1517 867 1573; x_wconf 89' lang='lat' dir='ltr'><strong>virtutum</strong></span> <span class='ocrx_word' id='word_1_120' title='bbox 908 1533 1006 1588; x_wconf 91' lang='lat' dir='ltr'><strong>pro</strong></span> <span class='ocrx_word' id='word_1_121' title='bbox 1050 1517 1250 1573; x_wconf 89' lang='lat' dir='ltr'><strong>merito</strong></span> <span class='ocrx_word' id='word_1_122' title='bbox 1293 1516 1591 1572; x_wconf 88' lang='lat' dir='ltr'><strong>sanctitatis</strong></span> <span class='ocrx_word' id='word_1_123' title='bbox 1633 1517 1746 1588; x_wconf 90' lang='lat' dir='ltr'><strong>ipse</strong></span> <span class='ocrx_word' id='word_1_124' title='bbox 1787 1532 2006 1574; x_wconf 90' lang='lat' dir='ltr'><strong>conces-</strong></span> 
     </span>
    </p>
   </div>
   <div class='ocr_carea' id='block_1_17' title="bbox 400 1609 2009 1680">
    <p class='ocr_par' dir='ltr' id='par_1_17' title="bbox 400 1609 2009 1680">
     <span class='ocr_line' id='line_1_17' title="bbox 400 1609 2009 1680; baseline -0.001 -12"><span class='ocrx_word' id='word_1_125' title='bbox 400 1610 495 1680; x_wconf 87' lang='lat' dir='ltr'><strong>sit,</strong></span> <span class='ocrx_word' id='word_1_126' title='bbox 536 1624 606 1666; x_wconf 85' lang='lat' dir='ltr'><strong>ne</strong></span> <span class='ocrx_word' id='word_1_127' title='bbox 648 1610 706 1666; x_wconf 91' lang='lat' dir='ltr'><strong>in</strong></span> <span class='ocrx_word' id='word_1_128' title='bbox 737 1609 820 1667; x_wconf 90' lang='lat' dir='ltr'><strong>his</strong></span> <span class='ocrx_word' id='word_1_129' title='bbox 856 1610 1207 1680; x_wconf 83' lang='lat' dir='ltr'><strong>extollantur,</strong></span> <span class='ocrx_word' id='word_1_130' title='bbox 1249 1609 1518 1667; x_wconf 89' lang='lat' dir='ltr'><strong>admonet</strong></span> <span class='ocrx_word' id='word_1_131' title='bbox 1553 1610 1737 1667; x_wconf 88' lang='lat' dir='ltr'><strong>dicens</strong></span> <span class='ocrx_word' id='word_1_132' title='bbox 1781 1629 1794 1666; x_wconf 90' lang='lat'><strong>:</strong></span> <span class='ocrx_word' id='word_1_133' title='bbox 1834 1612 2009 1669; x_wconf 83' lang='lat' dir='ltr'><strong>Nolite</strong></span> 
     </span>
    </p>
   </div>
   <div class='ocr_carea' id='block_1_18' title="bbox 401 1704 2009 1775">
    <p class='ocr_par' dir='ltr' id='par_1_18' title="bbox 401 1704 2009 1775">
     <span class='ocr_line' id='line_1_18' title="bbox 401 1704 2009 1775; baseline 0.001 -17"><span class='ocrx_word' id='word_1_134' title='bbox 401 1704 642 1774; x_wconf 88' lang='lat' dir='ltr'><strong>gaudere</strong></span> <span class='ocrx_word' id='word_1_135' title='bbox 679 1707 810 1774; x_wconf 83' lang='lat' dir='ltr'><strong>quia</strong></span> <span class='ocrx_word' id='word_1_136' title='bbox 856 1705 1122 1761; x_wconf 69' lang='lat' dir='ltr'><strong>daemonia</strong></span> <span class='ocrx_word' id='word_1_137' title='bbox 1158 1705 1307 1761; x_wconf 78' lang='lat' dir='ltr'><strong>vobis</strong></span> <span class='ocrx_word' id='word_1_138' title='bbox 1346 1705 1733 1775; x_wconf 85' lang='lat' dir='ltr'><strong>subjiciuntur,</strong></span> <span class='ocrx_word' id='word_1_139' title='bbox 1783 1705 2009 1775; x_wconf 86' lang='lat' dir='ltr'><strong>gaudete</strong></span> 
     </span>
    </p>
   </div>
   <div class='ocr_carea' id='block_1_19' title="bbox 402 1800 2009 1870">
    <p class='ocr_par' dir='ltr' id='par_1_19' title="bbox 402 1800 2009 1870">
     <span class='ocr_line' id='line_1_19' title="bbox 402 1800 2009 1870; baseline 0 -16"><span class='ocrx_word' id='word_1_140' title='bbox 402 1804 583 1855; x_wconf 89' lang='lat' dir='ltr'><strong>autem</strong></span> <span class='ocrx_word' id='word_1_141' title='bbox 644 1803 777 1870; x_wconf 83' lang='lat' dir='ltr'><strong>quia</strong></span> <span class='ocrx_word' id='word_1_142' title='bbox 833 1804 1051 1856; x_wconf 88' lang='lat' dir='ltr'><strong>nomina</strong></span> <span class='ocrx_word' id='word_1_143' title='bbox 1104 1806 1285 1857; x_wconf 82' lang='lat' dir='ltr'><strong>uestra</strong></span> <span class='ocrx_word' id='word_1_144' title='bbox 1337 1802 1539 1870; x_wconf 85' lang='lat' dir='ltr'><strong>scripta</strong></span> <span class='ocrx_word' id='word_1_145' title='bbox 1594 1804 1723 1855; x_wconf 88' lang='lat' dir='ltr'><strong>sunt</strong></span> <span class='ocrx_word' id='word_1_146' title='bbox 1763 1803 1822 1854; x_wconf 87' lang='lat' dir='ltr'><strong>in</strong></span> <span class='ocrx_word' id='word_1_147' title='bbox 1867 1800 2009 1854; x_wconf 65' lang='lat' dir='ltr'><strong>culis</strong></span> 
     </span>
    </p>
   </div>
   <div class='ocr_carea' id='block_1_20' title="bbox 400 1897 668 1962">
    <p class='ocr_par' dir='ltr' id='par_1_20' title="bbox 400 1897 668 1962">
     <span class='ocr_line' id='line_1_20' title="bbox 400 1897 668 1962; baseline -0.004 -12"><span class='ocrx_word' id='word_1_148' title='bbox 400 1897 549 1957; x_wconf 90' lang='lat' dir='ltr'><strong>(Luc.</strong></span> <span class='ocrx_word' id='word_1_149' title='bbox 580 1900 668 1962; x_wconf 75' lang='grc' dir='ltr'><strong>Χ).</strong></span> 
     </span>
    </p>
   </div>
   <div class='ocr_carea' id='block_1_21' title="bbox 2611 475 3207 543">
    <p class='ocr_par' dir='ltr' id='par_1_21' title="bbox 2611 475 3207 543">
     <span class='ocr_line' id='line_1_21' title="bbox 2611 475 3207 543; baseline -0.01 -11"><span class='ocrx_word' id='word_1_150' title='bbox 2611 477 2918 543; x_wconf 82' lang='lat' dir='ltr'><strong>humilitate</strong></span> <span class='ocrx_word' id='word_1_151' title='bbox 2936 475 3207 529; x_wconf 83' lang='lat' dir='ltr'><strong>consistat.</strong></span> 
     </span>
    </p>
   </div>
   <div class='ocr_carea' id='block_1_22' title="bbox 2183 577 3723 656">
    <p class='ocr_par' dir='ltr' id='par_1_22' title="bbox 2183 577 3723 656">
     <span class='ocr_line' id='line_1_22' title="bbox 2183 577 3723 656; baseline -0.003 -17"><span class='ocrx_word' id='word_1_152' title='bbox 2183 582 2435 656; x_wconf 87' lang='lat' dir='ltr'><strong>Denique</strong></span> <span class='ocrx_word' id='word_1_153' title='bbox 2462 582 2576 655; x_wconf 86' lang='lat' dir='ltr'><strong>ipse</strong></span> <span class='ocrx_word' id='word_1_154' title='bbox 2606 591 2798 639; x_wconf 88' lang='lat' dir='ltr'><strong>auctor</strong></span> <span class='ocrx_word' id='word_1_155' title='bbox 2824 580 3107 654; x_wconf 89' lang='lat' dir='ltr'><strong>signorum</strong></span> <span class='ocrx_word' id='word_1_156' title='bbox 3133 577 3385 634; x_wconf 88' lang='lat' dir='ltr'><strong>omnium</strong></span> <span class='ocrx_word' id='word_1_157' title='bbox 3413 586 3585 650; x_wconf 85' lang='lat' dir='ltr'><strong>atque</strong></span> <span class='ocrx_word' id='word_1_158' title='bbox 3613 578 3723 634; x_wconf 84' lang='lat' dir='ltr'><strong>vir-</strong></span> 
     </span>
    </p>
   </div>
   <div class='ocr_carea' id='block_1_23' title="bbox 2109 670 3720 746">
    <p class='ocr_par' dir='ltr' id='par_1_23' title="bbox 2109 670 3720 746">
     <span class='ocr_line' id='line_1_23' title="bbox 2109 670 3720 746; baseline -0.001 -14"><span class='ocrx_word' id='word_1_159' title='bbox 2109 684 2320 745; x_wconf 85' lang='lat' dir='ltr'><strong>tutum,</strong></span> <span class='ocrx_word' id='word_1_160' title='bbox 2348 692 2479 733; x_wconf 92' lang='lat' dir='ltr'><strong>cum</strong></span> <span class='ocrx_word' id='word_1_161' title='bbox 2501 676 2571 733; x_wconf 90' lang='lat' dir='ltr'><strong>ad</strong></span> <span class='ocrx_word' id='word_1_162' title='bbox 2595 676 2861 732; x_wconf 74' lang='lat' dir='ltr'><strong>doctrinae</strong></span> <span class='ocrx_word' id='word_1_163' title='bbox 2884 689 2998 731; x_wconf 66' lang='lat' dir='ltr'><strong>suae</strong></span> <span class='ocrx_word' id='word_1_164' title='bbox 3016 672 3396 746; x_wconf 85' lang='lat' dir='ltr'><strong>magisterium</strong></span> <span class='ocrx_word' id='word_1_165' title='bbox 3419 670 3720 744; x_wconf 87' lang='lat' dir='ltr'><strong>discipulos</strong></span> 
     </span>
    </p>
   </div>
   <div class='ocr_carea' id='block_1_24' title="bbox 2114 763 3719 842">
    <p class='ocr_par' dir='ltr' id='par_1_24' title="bbox 2114 763 3719 842">
     <span class='ocr_line' id='line_1_24' title="bbox 2114 763 3719 842; baseline -0.001 -17"><span class='ocrx_word' id='word_1_166' title='bbox 2114 768 2426 838; x_wconf 86' lang='lat' dir='ltr'><strong>advocaret,</strong></span> <span class='ocrx_word' id='word_1_167' title='bbox 2463 768 2595 842; x_wconf 91' lang='lat' dir='ltr'><strong>quid</strong></span> <span class='ocrx_word' id='word_1_168' title='bbox 2633 768 2701 825; x_wconf 88' lang='lat' dir='ltr'><strong>ab</strong></span> <span class='ocrx_word' id='word_1_169' title='bbox 2743 783 2808 825; x_wconf 91' lang='lat' dir='ltr'><strong>eo</strong></span> <span class='ocrx_word' id='word_1_170' title='bbox 2835 768 2947 824; x_wconf 87' lang='lat' dir='ltr'><strong>veri</strong></span> <span class='ocrx_word' id='word_1_171' title='bbox 2985 775 3149 839; x_wconf 89' lang='lat' dir='ltr'><strong>atque</strong></span> <span class='ocrx_word' id='word_1_172' title='bbox 3190 763 3507 821; x_wconf 85' lang='lat' dir='ltr'><strong>electissimi</strong></span> <span class='ocrx_word' id='word_1_173' title='bbox 3542 773 3719 823; x_wconf 84' lang='lat' dir='ltr'><strong>secta-</strong></span> 
     </span>
    </p>
   </div>
   <div class='ocr_carea' id='block_1_25' title="bbox 2114 855 3720 935">
    <p class='ocr_par' dir='ltr' id='par_1_25' title="bbox 2114 855 3720 935">
     <span class='ocr_line' id='line_1_25' title="bbox 2114 855 3720 935; baseline -0.001 -18"><span class='ocrx_word' id='word_1_174' title='bbox 2114 870 2262 919; x_wconf 87' lang='lat' dir='ltr'><strong>tores</strong></span> <span class='ocrx_word' id='word_1_175' title='bbox 2288 863 2629 935; x_wconf 85' lang='lat' dir='ltr'><strong>peculiariter</strong></span> <span class='ocrx_word' id='word_1_176' title='bbox 2666 862 2872 920; x_wconf 87' lang='lat' dir='ltr'><strong>discere</strong></span> <span class='ocrx_word' id='word_1_177' title='bbox 2899 861 3191 928; x_wconf 79' lang='lat' dir='ltr'><strong>deberent,</strong></span> <span class='ocrx_word' id='word_1_178' title='bbox 3224 855 3507 913; x_wconf 83' lang='lat' dir='ltr'><strong>evidenter</strong></span> <span class='ocrx_word' id='word_1_179' title='bbox 3532 866 3720 915; x_wconf 88' lang='lat' dir='ltr'><strong>osten-</strong></span> 
     </span>
    </p>
   </div>
   <div class='ocr_carea' id='block_1_26' title="bbox 2113 950 3721 1030">
    <p class='ocr_par' dir='ltr' id='par_1_26' title="bbox 2113 950 3721 1030">
     <span class='ocr_line' id='line_1_26' title="bbox 2113 950 3721 1030; baseline -0.002 -19"><span class='ocrx_word' id='word_1_180' title='bbox 2113 954 2198 1013; x_wconf 86' lang='lat' dir='ltr'><strong>dit</strong></span> <span class='ocrx_word' id='word_1_181' title='bbox 2218 978 2230 1014; x_wconf 91' lang='lat'><strong>:</strong></span> <span class='ocrx_word' id='word_1_182' title='bbox 2254 960 2461 1022; x_wconf 81' lang='lat' dir='ltr'><strong>Venite,</strong></span> <span class='ocrx_word' id='word_1_183' title='bbox 2483 957 2683 1030; x_wconf 90' lang='lat' dir='ltr'><strong>inquit,</strong></span> <span class='ocrx_word' id='word_1_184' title='bbox 2698 961 2723 989; x_wconf 78' lang='grc'>³</span> <span class='ocrx_word' id='word_1_185' title='bbox 2746 961 2796 1012; x_wconf 92' lang='lat' dir='ltr'><strong>et</strong></span> <span class='ocrx_word' id='word_1_186' title='bbox 2815 957 3004 1012; x_wconf 86' lang='lat' dir='ltr'><strong>discite</strong></span> <span class='ocrx_word' id='word_1_187' title='bbox 3021 971 3055 1009; x_wconf 91' lang='lat' dir='ltr'><strong>a</strong></span> <span class='ocrx_word' id='word_1_188' title='bbox 3073 969 3178 1017; x_wconf 89' lang='lat' dir='ltr'><strong>me,</strong></span> <span class='ocrx_word' id='word_1_189' title='bbox 3199 966 3313 1008; x_wconf 89' lang='lat' dir='ltr'><strong>non</strong></span> <span class='ocrx_word' id='word_1_190' title='bbox 3328 952 3514 1024; x_wconf 89' lang='lat' dir='ltr'><strong>utique</strong></span> <span class='ocrx_word' id='word_1_191' title='bbox 3534 959 3597 1007; x_wconf 90' lang='lat' dir='ltr'><strong>ut</strong></span> <span class='ocrx_word' id='word_1_192' title='bbox 3614 950 3721 1008; x_wconf 76' lang='lat' dir='ltr'><strong>dae-</strong></span> 
     </span>
    </p>
   </div>
   <div class='ocr_carea' id='block_1_27' title="bbox 2115 1044 3717 1124">
    <p class='ocr_par' dir='ltr' id='par_1_27' title="bbox 2115 1044 3717 1124">
     <span class='ocr_line' id='line_1_27' title="bbox 2115 1044 3717 1124; baseline -0.003 -16"><span class='ocrx_word' id='word_1_193' title='bbox 2115 1068 2309 1109; x_wconf 90' lang='lat' dir='ltr'><strong>mones</strong></span> <span class='ocrx_word' id='word_1_194' title='bbox 2354 1052 2560 1109; x_wconf 80' lang='lat' dir='ltr'><strong>cmlesti</strong></span> <span class='ocrx_word' id='word_1_195' title='bbox 2607 1050 2869 1124; x_wconf 82' lang='lat' dir='ltr'><strong>potestate</strong></span> <span class='ocrx_word' id='word_1_196' title='bbox 2912 1048 3148 1122; x_wconf 87' lang='lat' dir='ltr'><strong>pellatis,</strong></span> <span class='ocrx_word' id='word_1_197' title='bbox 3198 1061 3309 1102; x_wconf 90' lang='lat' dir='ltr'><strong>non</strong></span> <span class='ocrx_word' id='word_1_198' title='bbox 3356 1052 3419 1101; x_wconf 92' lang='lat' dir='ltr'><strong>ut</strong></span> <span class='ocrx_word' id='word_1_199' title='bbox 3464 1044 3717 1118; x_wconf 86' lang='lat' dir='ltr'><strong>leprosos</strong></span> 
     </span>
    </p>
   </div>
   <div class='ocr_carea' id='block_1_28' title="bbox 2112 1141 3721 1215">
    <p class='ocr_par' dir='ltr' id='par_1_28' title="bbox 2112 1141 3721 1215">
     <span class='ocr_line' id='line_1_28' title="bbox 2112 1141 3721 1215; baseline -0.003 -14"><span class='ocrx_word' id='word_1_200' title='bbox 2112 1144 2442 1215; x_wconf 89' lang='lat' dir='ltr'><strong>emundetis,</strong></span> <span class='ocrx_word' id='word_1_201' title='bbox 2467 1161 2580 1202; x_wconf 88' lang='lat' dir='ltr'><strong>non</strong></span> <span class='ocrx_word' id='word_1_202' title='bbox 2599 1154 2665 1202; x_wconf 92' lang='lat' dir='ltr'><strong>ut</strong></span> <span class='ocrx_word' id='word_1_203' title='bbox 2682 1159 2856 1201; x_wconf 72' lang='lat' dir='ltr'><strong>caecos</strong></span> <span class='ocrx_word' id='word_1_204' title='bbox 2875 1141 3218 1208; x_wconf 89' lang='lat' dir='ltr'><strong>illuminetis,</strong></span> <span class='ocrx_word' id='word_1_205' title='bbox 3243 1155 3355 1196; x_wconf 90' lang='lat' dir='ltr'><strong>non</strong></span> <span class='ocrx_word' id='word_1_206' title='bbox 3378 1147 3443 1195; x_wconf 90' lang='lat' dir='ltr'><strong>ut</strong></span> <span class='ocrx_word' id='word_1_207' title='bbox 3461 1147 3721 1196; x_wconf 85' lang='lat' dir='ltr'><strong>mortuos</strong></span> 
     </span>
    </p>
   </div>
   <div class='ocr_carea' id='block_1_29' title="bbox 2114 1231 3727 1308">
    <p class='ocr_par' dir='ltr' id='par_1_29' title="bbox 2114 1231 3727 1308">
     <span class='ocr_line' id='line_1_29' title="bbox 2114 1231 3727 1308; baseline -0.004 -12"><span class='ocrx_word' id='word_1_208' title='bbox 2114 1240 2385 1296; x_wconf 87' lang='lat' dir='ltr'><strong>suscitetis</strong></span> <span class='ocrx_word' id='word_1_209' title='bbox 2431 1259 2444 1293; x_wconf 93' lang='lat'>:</span> <span class='ocrx_word' id='word_1_210' title='bbox 2490 1239 2609 1297; x_wconf 77' lang='lat' dir='ltr'><strong>haec</strong></span> <span class='ocrx_word' id='word_1_211' title='bbox 2649 1238 2797 1296; x_wconf 89' lang='lat' dir='ltr'><strong>enim</strong></span> <span class='ocrx_word' id='word_1_212' title='bbox 2833 1236 3043 1294; x_wconf 89' lang='lat' dir='ltr'><strong>etiamsi</strong></span> <span class='ocrx_word' id='word_1_213' title='bbox 3088 1251 3184 1308; x_wconf 89' lang='lat' dir='ltr'><strong>per</strong></span> <span class='ocrx_word' id='word_1_214' title='bbox 3215 1231 3494 1306; x_wconf 89' lang='lat' dir='ltr'><strong>quosdam</strong></span> <span class='ocrx_word' id='word_1_215' title='bbox 3533 1246 3727 1289; x_wconf 82' lang='lat' dir='ltr'><strong>servos</strong></span> 
     </span>
    </p>
   </div>
   <div class='ocr_carea' id='block_1_30' title="bbox 2117 1325 3722 1404">
    <p class='ocr_par' dir='ltr' id='par_1_30' title="bbox 2117 1325 3722 1404">
     <span class='ocr_line' id='line_1_30' title="bbox 2117 1325 3722 1404; baseline -0.004 -16"><span class='ocrx_word' id='word_1_216' title='bbox 2117 1346 2270 1388; x_wconf 89' lang='lat' dir='ltr'><strong>meos</strong></span> <span class='ocrx_word' id='word_1_217' title='bbox 2313 1346 2529 1403; x_wconf 88' lang='lat' dir='ltr'><strong>operor,</strong></span> <span class='ocrx_word' id='word_1_218' title='bbox 2571 1348 2688 1388; x_wconf 90' lang='lat' dir='ltr'><strong>non</strong></span> <span class='ocrx_word' id='word_1_219' title='bbox 2725 1338 2906 1404; x_wconf 90' lang='lat' dir='ltr'><strong>potest</strong></span> <span class='ocrx_word' id='word_1_220' title='bbox 2945 1345 3005 1387; x_wconf 90' lang='lat' dir='ltr'><strong>se</strong></span> <span class='ocrx_word' id='word_1_221' title='bbox 3053 1329 3293 1384; x_wconf 87' lang='lat' dir='ltr'><strong>inserere</strong></span> <span class='ocrx_word' id='word_1_222' title='bbox 3330 1325 3591 1383; x_wconf 88' lang='lat' dir='ltr'><strong>laudibus</strong></span> <span class='ocrx_word' id='word_1_223' title='bbox 3617 1325 3722 1382; x_wconf 83' lang='lat' dir='ltr'><strong>Dei</strong></span> 
     </span>
    </p>
   </div>
   <div class='ocr_carea' id='block_1_31' title="bbox 2115 1420 3719 1491">
    <p class='ocr_par' dir='ltr' id='par_1_31' title="bbox 2115 1420 3719 1491">
     <span class='ocr_line' id='line_1_31' title="bbox 2115 1420 3719 1491; baseline -0.003 -12"><span class='ocrx_word' id='word_1_224' title='bbox 2115 1423 2353 1480; x_wconf 89' lang='lat' dir='ltr'><strong>humana</strong></span> <span class='ocrx_word' id='word_1_225' title='bbox 2383 1424 2647 1491; x_wconf 88' lang='lat' dir='ltr'><strong>conditio,</strong></span> <span class='ocrx_word' id='word_1_226' title='bbox 2690 1439 2793 1481; x_wconf 90' lang='lat' dir='ltr'><strong>nec</strong></span> <span class='ocrx_word' id='word_1_227' title='bbox 2822 1423 2994 1480; x_wconf 88' lang='lat' dir='ltr'><strong>ullam</strong></span> <span class='ocrx_word' id='word_1_228' title='bbox 3020 1421 3123 1478; x_wconf 86' lang='lat' dir='ltr'><strong>sibi</strong></span> <span class='ocrx_word' id='word_1_229' title='bbox 3153 1421 3211 1477; x_wconf 91' lang='lat' dir='ltr'><strong>in</strong></span> <span class='ocrx_word' id='word_1_230' title='bbox 3246 1421 3354 1477; x_wconf 73' lang='lat' dir='ltr'><strong>Hoc</strong></span> <span class='ocrx_word' id='word_1_231' title='bbox 3381 1420 3638 1476; x_wconf 85' lang='lat' dir='ltr'><strong>minister</strong></span> <span class='ocrx_word' id='word_1_232' title='bbox 3664 1428 3719 1475; x_wconf 86' lang='lat' dir='ltr'><strong>et</strong></span> 
     </span>
    </p>
   </div>
   <div class='ocr_carea' id='block_1_32' title="bbox 2114 1512 3719 1592">
    <p class='ocr_par' dir='ltr' id='par_1_32' title="bbox 2114 1512 3719 1592">
     <span class='ocr_line' id='line_1_32' title="bbox 2114 1512 3719 1592; baseline -0.003 -19"><span class='ocrx_word' id='word_1_233' title='bbox 2114 1516 2355 1575; x_wconf 86' lang='lat' dir='ltr'><strong>famulus</strong></span> <span class='ocrx_word' id='word_1_234' title='bbox 2394 1518 2683 1592; x_wconf 86' lang='lat' dir='ltr'><strong>decerpere</strong></span> <span class='ocrx_word' id='word_1_235' title='bbox 2723 1518 3054 1590; x_wconf 87' lang='lat' dir='ltr'><strong>portionem,</strong></span> <span class='ocrx_word' id='word_1_236' title='bbox 3102 1514 3199 1572; x_wconf 88' lang='lat' dir='ltr'><strong>ubi</strong></span> <span class='ocrx_word' id='word_1_237' title='bbox 3225 1514 3397 1571; x_wconf 90' lang='lat' dir='ltr'><strong>solius</strong></span> <span class='ocrx_word' id='word_1_238' title='bbox 3428 1512 3719 1570; x_wconf 83' lang='lat' dir='ltr'><strong>divinitatis</strong></span> 
     </span>
    </p>
   </div>
   <div class='ocr_carea' id='block_1_33' title="bbox 2116 1608 3715 1685">
    <p class='ocr_par' dir='ltr' id='par_1_33' title="bbox 2116 1608 3715 1685">
     <span class='ocr_line' id='line_1_33' title="bbox 2116 1608 3715 1685; baseline -0.003 -17"><span class='ocrx_word' id='word_1_239' title='bbox 2116 1621 2199 1668; x_wconf 86' lang='lat' dir='ltr'><strong>est</strong></span> <span class='ocrx_word' id='word_1_240' title='bbox 2219 1612 2391 1685; x_wconf 83' lang='lat' dir='ltr'><strong>gloria</strong></span> <span class='ocrx_word' id='word_1_241' title='bbox 2418 1631 2430 1667; x_wconf 93' lang='lat'><strong>:</strong></span> <span class='ocrx_word' id='word_1_242' title='bbox 2463 1614 2575 1668; x_wconf 82' lang='lat' dir='ltr'><strong>Vos</strong></span> <span class='ocrx_word' id='word_1_243' title='bbox 2601 1619 2806 1680; x_wconf 90' lang='lat' dir='ltr'><strong>autem,</strong></span> <span class='ocrx_word' id='word_1_244' title='bbox 2832 1610 3031 1682; x_wconf 88' lang='lat' dir='ltr'><strong>inquit,</strong></span> <span class='ocrx_word' id='word_1_245' title='bbox 3056 1608 3163 1666; x_wconf 89' lang='lat' dir='ltr'><strong>hoc</strong></span> <span class='ocrx_word' id='word_1_246' title='bbox 3189 1609 3378 1664; x_wconf 85' lang='lat' dir='ltr'><strong>discite</strong></span> <span class='ocrx_word' id='word_1_247' title='bbox 3401 1624 3436 1663; x_wconf 93' lang='lat' dir='ltr'><strong>a</strong></span> <span class='ocrx_word' id='word_1_248' title='bbox 3463 1624 3564 1670; x_wconf 89' lang='lat' dir='ltr'><strong>me,</strong></span> <span class='ocrx_word' id='word_1_249' title='bbox 3588 1608 3715 1678; x_wconf 83' lang='lat' dir='ltr'><strong>quia</strong></span> 
     </span>
    </p>
   </div>
   <div class='ocr_carea' id='block_1_34' title="bbox 2115 1701 3719 1773">
    <p class='ocr_par' dir='ltr' id='par_1_34' title="bbox 2115 1701 3719 1773">
     <span class='ocr_line' id='line_1_34' title="bbox 2115 1701 3719 1773; baseline -0.002 -14"><span class='ocrx_word' id='word_1_250' title='bbox 2115 1707 2262 1761; x_wconf 86' lang='lat' dir='ltr'><strong>mitis</strong></span> <span class='ocrx_word' id='word_1_251' title='bbox 2284 1721 2402 1761; x_wconf 90' lang='lat' dir='ltr'><strong>sum</strong></span> <span class='ocrx_word' id='word_1_252' title='bbox 2428 1710 2481 1760; x_wconf 89' lang='lat' dir='ltr'><strong>et</strong></span> <span class='ocrx_word' id='word_1_253' title='bbox 2504 1706 2724 1759; x_wconf 79' lang='lat' dir='ltr'><strong>humilis</strong></span> <span class='ocrx_word' id='word_1_254' title='bbox 2747 1705 2903 1760; x_wconf 89' lang='lat' dir='ltr'><strong>corde</strong></span> <span class='ocrx_word' id='word_1_255' title='bbox 2924 1704 3141 1770; x_wconf 82' lang='lat' dir='ltr'><strong>(Matth.</strong></span> <span class='ocrx_word' id='word_1_256' title='bbox 3169 1702 3281 1773; x_wconf 75' lang='lat' dir='ltr'><strong>xx).</strong></span> <span class='ocrx_word' id='word_1_257' title='bbox 3311 1703 3437 1757; x_wconf 85' lang='lat' dir='ltr'><strong>Hoc</strong></span> <span class='ocrx_word' id='word_1_258' title='bbox 3463 1701 3612 1757; x_wconf 91' lang='lat' dir='ltr'><strong>enim</strong></span> <span class='ocrx_word' id='word_1_259' title='bbox 3637 1707 3719 1756; x_wconf 87' lang='lat' dir='ltr'><strong>est</strong></span> 
     </span>
    </p>
   </div>
   <div class='ocr_carea' id='block_1_35' title="bbox 2116 1792 3713 1871">
    <p class='ocr_par' dir='ltr' id='par_1_35' title="bbox 2116 1792 3713 1871">
     <span class='ocr_line' id='line_1_35' title="bbox 2116 1792 3713 1871; baseline -0.005 -16"><span class='ocrx_word' id='word_1_260' title='bbox 2116 1797 2267 1869; x_wconf 90' lang='lat' dir='ltr'><strong>quod</strong></span> <span class='ocrx_word' id='word_1_261' title='bbox 2305 1798 2520 1854; x_wconf 89' lang='lat' dir='ltr'><strong>cunctis</strong></span> <span class='ocrx_word' id='word_1_262' title='bbox 2546 1797 2868 1871; x_wconf 86' lang='lat' dir='ltr'><strong>generaliter</strong></span> <span class='ocrx_word' id='word_1_263' title='bbox 2904 1796 3116 1853; x_wconf 90' lang='lat' dir='ltr'><strong>discere</strong></span> <span class='ocrx_word' id='word_1_264' title='bbox 3158 1804 3215 1852; x_wconf 88' lang='lat' dir='ltr'><strong>et</strong></span> <span class='ocrx_word' id='word_1_265' title='bbox 3254 1809 3499 1851; x_wconf 78' lang='lat' dir='ltr'><strong>exercere</strong></span> <span class='ocrx_word' id='word_1_266' title='bbox 3533 1792 3713 1865; x_wconf 87' lang='lat' dir='ltr'><strong>possi-</strong></span> 
     </span>
    </p>
   </div>
   <div class='ocr_carea' id='block_1_36' title="bbox 2117 1888 3707 1964">
    <p class='ocr_par' dir='ltr' id='par_1_36' title="bbox 2117 1888 3707 1964">
     <span class='ocr_line' id='line_1_36' title="bbox 2117 1888 3707 1964; baseline -0.004 -15"><span class='ocrx_word' id='word_1_267' title='bbox 2117 1892 2225 1949; x_wconf 86' lang='lat' dir='ltr'><strong>bile</strong></span> <span class='ocrx_word' id='word_1_268' title='bbox 2270 1901 2371 1961; x_wconf 85' lang='lat' dir='ltr'><strong>est,</strong></span> <span class='ocrx_word' id='word_1_269' title='bbox 2412 1894 2439 1929; x_wconf 69' lang='grc' dir='ltr'><strong>ι)</strong></span> <span class='ocrx_word' id='word_1_270' title='bbox 2482 1908 2648 1964; x_wconf 87' lang='lat' dir='ltr'><strong>opera</strong></span> <span class='ocrx_word' id='word_1_271' title='bbox 2684 1900 2869 1949; x_wconf 91' lang='lat' dir='ltr'><strong>autem</strong></span> <span class='ocrx_word' id='word_1_272' title='bbox 2909 1892 3194 1964; x_wconf 89' lang='lat' dir='ltr'><strong>signorum</strong></span> <span class='ocrx_word' id='word_1_273' title='bbox 3227 1896 3377 1963; x_wconf 90' lang='lat' dir='ltr'><strong>atque</strong></span> <span class='ocrx_word' id='word_1_274' title='bbox 3415 1888 3707 1954; x_wconf 88' lang='lat' dir='ltr'><strong>virtutum,</strong></span> 
     </span>
    </p>
   </div>
   <div class='ocr_carea' id='block_1_37' title="bbox 1505 2012 2622 2070">
    <p class='ocr_par' dir='ltr' id='par_1_37' title="bbox 1505 2012 2622 2070">
     <span class='ocr_line' id='line_1_37' title="bbox 1505 2012 2622 2070; baseline 0.003 -4"><span class='ocrx_word' id='word_1_275' title='bbox 1505 2012 1761 2067; x_wconf 83' lang='lat' dir='ltr'><strong>ALARDI</strong></span> <span class='ocrx_word' id='word_1_276' title='bbox 1797 2012 2024 2070; x_wconf 73' lang='grc' dir='ltr'><strong>ΟΑΖᾸΞΙ</strong></span> <span class='ocrx_word' id='word_1_277' title='bbox 2061 2013 2622 2070; x_wconf 81' lang='lat' dir='ltr'><strong>COMMENTARIUS.</strong></span> 
     </span>
    </p>
   </div>
   <div class='ocr_carea' id='block_1_38' title="bbox 399 2078 2011 2188">
    <p class='ocr_par' dir='ltr' id='par_1_38' title="bbox 399 2078 2011 2188">
     <span class='ocr_line' id='line_1_38' title="bbox 399 2078 2011 2188; baseline 0.001 -15"><span class='ocrx_word' id='word_1_278' title='bbox 399 2135 543 2187; x_wconf 87' lang='lat' dir='ltr'><strong>aqua</strong></span> <span class='ocrx_word' id='word_1_279' title='bbox 581 2120 798 2188; x_wconf 79' lang='lat' dir='ltr'><strong>impleri</strong></span> <span class='ocrx_word' id='word_1_280' title='bbox 829 2078 1100 2188; x_wconf 84' lang='lat' dir='ltr'><strong>jussisset,</strong></span> <span class='ocrx_word' id='word_1_281' title='bbox 1139 2120 1387 2174; x_wconf 73' lang='lat' dir='ltr'><strong>Judaeum</strong></span> <span class='ocrx_word' id='word_1_282' title='bbox 1429 2133 1485 2173; x_wconf 91' lang='lat' dir='ltr'><strong>eo</strong></span> <span class='ocrx_word' id='word_1_283' title='bbox 1527 2118 1779 2181; x_wconf 71' lang='lat' dir='ltr'><strong>deduxit,</strong></span> <span class='ocrx_word' id='word_1_284' title='bbox 1826 2122 1888 2172; x_wconf 90' lang='lat' dir='ltr'><strong>ut</strong></span> <span class='ocrx_word' id='word_1_285' title='bbox 1922 2120 2011 2174; x_wconf 83' lang='lat' dir='ltr'><strong>illi</strong></span> 
     </span>
    </p>
   </div>
   <div class='ocr_carea' id='block_1_39' title="bbox 403 2189 2008 2258">
    <p class='ocr_par' dir='ltr' id='par_1_39' title="bbox 403 2189 2008 2258">
     <span class='ocr_line' id='line_1_39' title="bbox 403 2189 2008 2258; baseline 0.001 -15"><span class='ocrx_word' id='word_1_286' title='bbox 403 2190 711 2257; x_wconf 87' lang='lat' dir='ltr'><strong>baptismun</strong></span> <span class='ocrx_word' id='word_1_287' title='bbox 748 2191 1068 2257; x_wconf 80' lang='lat' dir='ltr'><strong>impertiret.</strong></span> <span class='ocrx_word' id='word_1_288' title='bbox 1107 2191 1307 2245; x_wconf 87' lang='lat' dir='ltr'><strong>Verum</strong></span> <span class='ocrx_word' id='word_1_289' title='bbox 1333 2204 1479 2258; x_wconf 91' lang='lat' dir='ltr'><strong>aqua</strong></span> <span class='ocrx_word' id='word_1_290' title='bbox 1508 2191 1778 2253; x_wconf 84' lang='lat' dir='ltr'><strong>universa,</strong></span> <span class='ocrx_word' id='word_1_291' title='bbox 1815 2189 2008 2244; x_wconf 82' lang='lat' dir='ltr'><strong>divina</strong></span> 
     </span>
    </p>
   </div>
   <div class='ocr_carea' id='block_1_40' title="bbox 580 2260 2008 2330">
    <p class='ocr_par' dir='ltr' id='par_1_40' title="bbox 580 2260 2008 2330">
     <span class='ocr_line' id='line_1_40' title="bbox 580 2260 2008 2330; baseline 0.004 -19"><span class='ocrx_word' id='word_1_292' title='bbox 580 2273 635 2330; x_wconf 86' lang='lat' dir='ltr'><strong>m</strong></span> <span class='ocrx_word' id='word_1_293' title='bbox 660 2261 880 2330; x_wconf 79' lang='lat' dir='ltr'><strong>uirtute,</strong></span> <span class='ocrx_word' id='word_1_294' title='bbox 912 2275 1034 2327; x_wconf 75' lang='lat' dir='ltr'><strong>qua:</strong></span> <span class='ocrx_word' id='word_1_295' title='bbox 1077 2260 1238 2314; x_wconf 86' lang='lat' dir='ltr'><strong>oculis</strong></span> <span class='ocrx_word' id='word_1_296' title='bbox 1271 2261 1415 2313; x_wconf 86' lang='lat' dir='ltr'><strong>cerni</strong></span> <span class='ocrx_word' id='word_1_297' title='bbox 1436 2261 1703 2329; x_wconf 69' lang='lat' dir='ltr'><strong>percvpive</strong></span> <span class='ocrx_word' id='word_1_298' title='bbox 1728 2276 1834 2315; x_wconf 89' lang='lat' dir='ltr'><strong>non</strong></span> <span class='ocrx_word' id='word_1_299' title='bbox 1857 2265 2008 2330; x_wconf 88' lang='lat' dir='ltr'><strong>pote-</strong></span> 
     </span>
    </p>
   </div>
   <div class='ocr_carea' id='block_1_41' title="bbox 401 2329 2007 2400">
    <p class='ocr_par' dir='ltr' id='par_1_41' title="bbox 401 2329 2007 2400">
     <span class='ocr_line' id='line_1_41' title="bbox 401 2329 2007 2400; baseline 0.002 -18"><span class='ocrx_word' id='word_1_300' title='bbox 401 2332 512 2390; x_wconf 90' lang='lat' dir='ltr'><strong>rat,</strong></span> <span class='ocrx_word' id='word_1_301' title='bbox 542 2329 715 2383; x_wconf 87' lang='lat' dir='ltr'><strong>subito</strong></span> <span class='ocrx_word' id='word_1_302' title='bbox 738 2329 1004 2384; x_wconf 69' lang='lat' dir='ltr'><strong>exhausta</strong></span> <span class='ocrx_word' id='word_1_303' title='bbox 1027 2333 1124 2384; x_wconf 87' lang='lat' dir='ltr'><strong>est.</strong></span> <span class='ocrx_word' id='word_1_304' title='bbox 1151 2330 1229 2385; x_wconf 86' lang='lat' dir='ltr'><strong>At</strong></span> <span class='ocrx_word' id='word_1_305' title='bbox 1251 2345 1370 2383; x_wconf 88' lang='lat' dir='ltr'><strong>cum</strong></span> <span class='ocrx_word' id='word_1_306' title='bbox 1394 2345 1564 2398; x_wconf 89' lang='lat' dir='ltr'><strong>neque</strong></span> <span class='ocrx_word' id='word_1_307' title='bbox 1585 2329 1881 2400; x_wconf 66' lang='lat' dir='ltr'><strong>episcopus,</strong></span> <span class='ocrx_word' id='word_1_308' title='bbox 1908 2347 2007 2386; x_wconf 89' lang='lat' dir='ltr'><strong>ne-</strong></span> 
     </span>
    </p>
   </div>
   <div class='ocr_carea' id='block_1_42' title="bbox 403 2400 2006 2472">
    <p class='ocr_par' dir='ltr' id='par_1_42' title="bbox 403 2400 2006 2472">
     <span class='ocr_line' id='line_1_42' title="bbox 403 2400 2006 2472; baseline 0.002 -19"><span class='ocrx_word' id='word_1_309' title='bbox 403 2414 506 2469; x_wconf 92' lang='lat' dir='ltr'><strong>que</strong></span> <span class='ocrx_word' id='word_1_310' title='bbox 529 2400 650 2472; x_wconf 85' lang='lat' dir='ltr'><strong>alii,</strong></span> <span class='ocrx_word' id='word_1_311' title='bbox 675 2402 774 2471; x_wconf 85' lang='lat' dir='ltr'><strong>qui</strong></span> <span class='ocrx_word' id='word_1_312' title='bbox 798 2400 1048 2464; x_wconf 85' lang='lat' dir='ltr'><strong>aderant,</strong></span> <span class='ocrx_word' id='word_1_313' title='bbox 1077 2406 1322 2455; x_wconf 87' lang='lat' dir='ltr'><strong>accurate</strong></span> <span class='ocrx_word' id='word_1_314' title='bbox 1349 2401 1744 2456; x_wconf 85' lang='lat' dir='ltr'><strong>considerarent</strong></span> <span class='ocrx_word' id='word_1_315' title='bbox 1772 2418 1884 2472; x_wconf 85' lang='lat' dir='ltr'><strong>qua</strong></span> <span class='ocrx_word' id='word_1_316' title='bbox 1911 2418 2006 2456; x_wconf 89' lang='lat' dir='ltr'><strong>ra-</strong></span> 
     </span>
    </p>
   </div>
   <div class='ocr_carea' id='block_1_43' title="bbox 401 2471 2003 2542">
    <p class='ocr_par' dir='ltr' id='par_1_43' title="bbox 401 2471 2003 2542">
     <span class='ocr_line' id='line_1_43' title="bbox 401 2471 2003 2542; baseline 0.001 -17"><span class='ocrx_word' id='word_1_317' title='bbox 401 2472 546 2525; x_wconf 84' lang='lat' dir='ltr'><strong>tione</strong></span> <span class='ocrx_word' id='word_1_318' title='bbox 581 2471 642 2525; x_wconf 86' lang='lat' dir='ltr'><strong>id</strong></span> <span class='ocrx_word' id='word_1_319' title='bbox 674 2472 977 2535; x_wconf 86' lang='lat' dir='ltr'><strong>accidisset,</strong></span> <span class='ocrx_word' id='word_1_320' title='bbox 1011 2472 1104 2526; x_wconf 88' lang='lat' dir='ltr'><strong>sed</strong></span> <span class='ocrx_word' id='word_1_321' title='bbox 1131 2488 1333 2542; x_wconf 90' lang='lat' dir='ltr'><strong>aquam</strong></span> <span class='ocrx_word' id='word_1_322' title='bbox 1364 2487 1465 2542; x_wconf 89' lang='lat' dir='ltr'><strong>per</strong></span> <span class='ocrx_word' id='word_1_323' title='bbox 1493 2473 1739 2539; x_wconf 82' lang='lat' dir='ltr'><strong>foramen</strong></span> <span class='ocrx_word' id='word_1_324' title='bbox 1774 2473 1919 2542; x_wconf 90' lang='lat' dir='ltr'><strong>quod</strong></span> <span class='ocrx_word' id='word_1_325' title='bbox 1944 2475 2003 2527; x_wconf 88' lang='lat' dir='ltr'><strong>in</strong></span> 
     </span>
    </p>
   </div>
   <div class='ocr_carea' id='block_1_44' title="bbox 399 2542 2005 2613">
    <p class='ocr_par' dir='ltr' id='par_1_44' title="bbox 399 2542 2005 2613">
     <span class='ocr_line' id='line_1_44' title="bbox 399 2542 2005 2613; baseline 0.001 -17"><span class='ocrx_word' id='word_1_326' title='bbox 399 2542 506 2596; x_wconf 79' lang='lat' dir='ltr'><strong>imo</strong></span> <span class='ocrx_word' id='word_1_327' title='bbox 533 2543 681 2597; x_wconf 82' lang='lat' dir='ltr'><strong>alveo</strong></span> <span class='ocrx_word' id='word_1_328' title='bbox 717 2543 850 2609; x_wconf 88' lang='lat' dir='ltr'><strong>fuit,</strong></span> <span class='ocrx_word' id='word_1_329' title='bbox 876 2558 980 2612; x_wconf 90' lang='lat' dir='ltr'><strong>per</strong></span> <span class='ocrx_word' id='word_1_330' title='bbox 1006 2543 1149 2612; x_wconf 90' lang='lat' dir='ltr'><strong>quod</strong></span> <span class='ocrx_word' id='word_1_331' title='bbox 1176 2546 1341 2598; x_wconf 88' lang='lat' dir='ltr'><strong>etiam</strong></span> <span class='ocrx_word' id='word_1_332' title='bbox 1369 2543 1508 2597; x_wconf 87' lang='lat' dir='ltr'><strong>alias</strong></span> <span class='ocrx_word' id='word_1_333' title='bbox 1534 2559 1736 2613; x_wconf 87' lang='lat' dir='ltr'><strong>aquam</strong></span> <span class='ocrx_word' id='word_1_334' title='bbox 1763 2544 2005 2598; x_wconf 86' lang='lat' dir='ltr'><strong>solebant</strong></span> 
     </span>
    </p>
   </div>
   <div class='ocr_carea' id='block_1_45' title="bbox 400 2613 2005 2684">
    <p class='ocr_par' dir='ltr' id='par_1_45' title="bbox 400 2613 2005 2684">
     <span class='ocr_line' id='line_1_45' title="bbox 400 2613 2005 2684; baseline 0.001 -16"><span class='ocrx_word' id='word_1_335' title='bbox 400 2613 636 2678; x_wconf 82' lang='lat' dir='ltr'><strong>educere,</strong></span> <span class='ocrx_word' id='word_1_336' title='bbox 670 2614 943 2681; x_wconf 69' lang='lat' dir='ltr'><strong>efﬂurcisse</strong></span> <span class='ocrx_word' id='word_1_337' title='bbox 975 2616 1370 2677; x_wconf 69' lang='lat' dir='ltr'><strong>existimarent,</strong></span> <span class='ocrx_word' id='word_1_338' title='bbox 1401 2615 1610 2668; x_wconf 83' lang='lat' dir='ltr'><strong>alveum</strong></span> <span class='ocrx_word' id='word_1_339' title='bbox 1648 2614 1907 2684; x_wconf 84' lang='lat' dir='ltr'><strong>baptismi</strong></span> <span class='ocrx_word' id='word_1_340' title='bbox 1939 2614 2005 2669; x_wconf 87' lang='lat' dir='ltr'><strong>de</strong></span> 
     </span>
    </p>
   </div>
   <div class='ocr_carea' id='block_1_46' title="bbox 399 2685 2006 2755">
    <p class='ocr_par' dir='ltr' id='par_1_46' title="bbox 399 2685 2006 2755">
     <span class='ocr_line' id='line_1_46' title="bbox 399 2685 2006 2755; baseline 0.001 -17"><span class='ocrx_word' id='word_1_341' title='bbox 399 2685 636 2754; x_wconf 86' lang='lat' dir='ltr'><strong>integro,</strong></span> <span class='ocrx_word' id='word_1_342' title='bbox 658 2686 1023 2753; x_wconf 84' lang='lat' dir='ltr'><strong>foraminibus</strong></span> <span class='ocrx_word' id='word_1_343' title='bbox 1043 2686 1282 2755; x_wconf 88' lang='lat' dir='ltr'><strong>undique</strong></span> <span class='ocrx_word' id='word_1_344' title='bbox 1298 2688 1357 2739; x_wconf 88' lang='lat' dir='ltr'><strong>in</strong></span> <span class='ocrx_word' id='word_1_345' title='bbox 1377 2700 1435 2740; x_wconf 93' lang='lat' dir='ltr'><strong>eo</strong></span> <span class='ocrx_word' id='word_1_346' title='bbox 1450 2687 1601 2754; x_wconf 80' lang='lat' dir='ltr'><strong>ﬁrme</strong></span> <span class='ocrx_word' id='word_1_347' title='bbox 1619 2686 1904 2748; x_wconf 89' lang='lat' dir='ltr'><strong>obturatis,</strong></span> <span class='ocrx_word' id='word_1_348' title='bbox 1928 2685 2006 2740; x_wconf 87' lang='lat' dir='ltr'><strong>di-</strong></span> 
     </span>
    </p>
   </div>
   <div class='ocr_carea' id='block_1_47' title="bbox 402 2754 2010 2827">
    <p class='ocr_par' dir='ltr' id='par_1_47' title="bbox 402 2754 2010 2827">
     <span class='ocr_line' id='line_1_47' title="bbox 402 2754 2010 2827; baseline -0.001 -16"><span class='ocrx_word' id='word_1_349' title='bbox 402 2754 628 2824; x_wconf 85' lang='lat' dir='ltr'><strong>ligenter</strong></span> <span class='ocrx_word' id='word_1_350' title='bbox 656 2758 902 2827; x_wconf 87' lang='lat' dir='ltr'><strong>implent.</strong></span> <span class='ocrx_word' id='word_1_351' title='bbox 935 2758 1014 2813; x_wconf 87' lang='lat' dir='ltr'><strong>At</strong></span> <span class='ocrx_word' id='word_1_352' title='bbox 1036 2773 1156 2812; x_wconf 89' lang='lat' dir='ltr'><strong>cum</strong></span> <span class='ocrx_word' id='word_1_353' title='bbox 1183 2754 1401 2813; x_wconf 66' lang='lat' dir='ltr'><strong>Iudaeus</strong></span> <span class='ocrx_word' id='word_1_354' title='bbox 1430 2762 1561 2811; x_wconf 86' lang='lat' dir='ltr'><strong>esset</strong></span> <span class='ocrx_word' id='word_1_355' title='bbox 1587 2758 1814 2811; x_wconf 86' lang='lat' dir='ltr'><strong>secundo</strong></span> <span class='ocrx_word' id='word_1_356' title='bbox 1838 2760 1897 2811; x_wconf 86' lang='lat' dir='ltr'><strong>in</strong></span> <span class='ocrx_word' id='word_1_357' title='bbox 1921 2758 2010 2810; x_wconf 90' lang='lat' dir='ltr'><strong>al-</strong></span> 
     </span>
    </p>
   </div>
   <div class='ocr_carea' id='block_1_48' title="bbox 398 2828 2004 2897">
    <p class='ocr_par' dir='ltr' id='par_1_48' title="bbox 398 2828 2004 2897">
     <span class='ocr_line' id='line_1_48' title="bbox 398 2828 2004 2897; baseline 0 -16"><span class='ocrx_word' id='word_1_358' title='bbox 398 2840 554 2882; x_wconf 79' lang='lat' dir='ltr'><strong>veum</strong></span> <span class='ocrx_word' id='word_1_359' title='bbox 567 2828 878 2897; x_wconf 86' lang='lat' dir='ltr'><strong>baptisterii</strong></span> <span class='ocrx_word' id='word_1_360' title='bbox 885 2828 1165 2891; x_wconf 87' lang='lat' dir='ltr'><strong>deductus,</strong></span> <span class='ocrx_word' id='word_1_361' title='bbox 1182 2844 1323 2897; x_wconf 87' lang='lat' dir='ltr'><strong>aqua</strong></span> <span class='ocrx_word' id='word_1_362' title='bbox 1340 2842 1530 2881; x_wconf 89' lang='lat' dir='ltr'><strong>rursus</strong></span> <span class='ocrx_word' id='word_1_363' title='bbox 1539 2829 1756 2896; x_wconf 83' lang='lat' dir='ltr'><strong>penitus</strong></span> <span class='ocrx_word' id='word_1_364' title='bbox 1766 2829 2004 2881; x_wconf 83' lang='lat' dir='ltr'><strong>evanuit.</strong></span> 
     </span>
    </p>
   </div>
   <div class='ocr_carea' id='block_1_49' title="bbox 399 2897 2007 2966">
    <p class='ocr_par' dir='ltr' id='par_1_49' title="bbox 399 2897 2007 2966">
     <span class='ocr_line' id='line_1_49' title="bbox 399 2897 2007 2966; baseline 0.001 -15"><span class='ocrx_word' id='word_1_365' title='bbox 399 2897 592 2966; x_wconf 90' lang='lat' dir='ltr'><strong>Itaque</strong></span> <span class='ocrx_word' id='word_1_366' title='bbox 609 2900 812 2952; x_wconf 87' lang='lat' dir='ltr'><strong>Paulus</strong></span> <span class='ocrx_word' id='word_1_367' title='bbox 837 2917 853 2952; x_wconf 85' lang='lat'><strong><em>:</em></strong></span> <span class='ocrx_word' id='word_1_368' title='bbox 880 2900 923 2953; x_wconf 93' lang='grc' dir='ltr'>Ο</span> <span class='ocrx_word' id='word_1_369' title='bbox 943 2900 1115 2959; x_wconf 89' lang='lat' dir='ltr'><strong>homo,</strong></span> <span class='ocrx_word' id='word_1_370' title='bbox 1137 2900 1336 2966; x_wconf 84' lang='lat' dir='ltr'><strong>inquit,</strong></span> <span class='ocrx_word' id='word_1_371' title='bbox 1362 2902 1459 2951; x_wconf 90' lang='lat' dir='ltr'><strong>aut</strong></span> <span class='ocrx_word' id='word_1_372' title='bbox 1479 2897 1799 2950; x_wconf 81' lang='lat' dir='ltr'><strong>veteratoris</strong></span> <span class='ocrx_word' id='word_1_373' title='bbox 1815 2901 2007 2965; x_wconf 86' lang='lat' dir='ltr'><strong>partes</strong></span> 
     </span>
    </p>
   </div>
   <div class='ocr_carea' id='block_1_50' title="bbox 401 2966 2006 3037">
    <p class='ocr_par' dir='ltr' id='par_1_50' title="bbox 401 2966 2006 3037">
     <span class='ocr_line' id='line_1_50' title="bbox 401 2966 2006 3037; baseline 0.001 -17"><span class='ocrx_word' id='word_1_374' title='bbox 401 2969 538 3033; x_wconf 83' lang='lat' dir='ltr'><strong>agis,</strong></span> <span class='ocrx_word' id='word_1_375' title='bbox 569 2971 665 3021; x_wconf 88' lang='lat' dir='ltr'><strong>aut</strong></span> <span class='ocrx_word' id='word_1_376' title='bbox 688 2968 1013 3037; x_wconf 84' lang='lat' dir='ltr'><strong>baptismum</strong></span> <span class='ocrx_word' id='word_1_377' title='bbox 1034 2970 1289 3034; x_wconf 86' lang='lat' dir='ltr'><strong>ignorans</strong></span> <span class='ocrx_word' id='word_1_378' title='bbox 1313 2968 1578 3034; x_wconf 84' lang='lat' dir='ltr'><strong>recepisti.</strong></span> <span class='ocrx_word' id='word_1_379' title='bbox 1610 2966 1786 3030; x_wconf 86' lang='lat' dir='ltr'><strong>Quare</strong></span> <span class='ocrx_word' id='word_1_380' title='bbox 1806 2966 1915 3037; x_wconf 86' lang='lat' dir='ltr'><strong>ubi</strong></span> <span class='ocrx_word' id='word_1_381' title='bbox 1941 2968 2006 3022; x_wconf 91' lang='lat' dir='ltr'><strong>ob</strong></span> 
     </span>
    </p>
   </div>
   <div class='ocr_carea' id='block_1_51' title="bbox 400 3036 2009 3104">
    <p class='ocr_par' dir='ltr' id='par_1_51' title="bbox 400 3036 2009 3104">
     <span class='ocr_line' id='line_1_51' title="bbox 400 3036 2009 3104; baseline 0.002 -16"><span class='ocrx_word' id='word_1_382' title='bbox 400 3038 723 3089; x_wconf 81' lang='lat' dir='ltr'><strong>miraculum</strong></span> <span class='ocrx_word' id='word_1_383' title='bbox 738 3054 773 3089; x_wconf 91' lang='lat' dir='ltr'><strong>a</strong></span> <span class='ocrx_word' id='word_1_384' title='bbox 785 3038 972 3090; x_wconf 86' lang='lat' dir='ltr'><strong>multis</strong></span> <span class='ocrx_word' id='word_1_385' title='bbox 982 3052 1038 3091; x_wconf 91' lang='lat' dir='ltr'><strong>eo</strong></span> <span class='ocrx_word' id='word_1_386' title='bbox 1054 3051 1363 3090; x_wconf 87' lang='lat' dir='ltr'><strong>concursum</strong></span> <span class='ocrx_word' id='word_1_387' title='bbox 1373 3040 1514 3096; x_wconf 90' lang='lat' dir='ltr'><strong>erat,</strong></span> <span class='ocrx_word' id='word_1_388' title='bbox 1530 3037 1672 3102; x_wconf 86' lang='lat' dir='ltr'><strong>forte</strong></span> <span class='ocrx_word' id='word_1_389' title='bbox 1684 3036 1906 3104; x_wconf 86' lang='lat' dir='ltr'><strong>quidam</strong></span> <span class='ocrx_word' id='word_1_390' title='bbox 1922 3040 2009 3092; x_wconf 86' lang='lat' dir='ltr'><strong>Ju-</strong></span> 
     </span>
    </p>
   </div>
   <div class='ocr_carea' id='block_1_52' title="bbox 402 3104 2067 3177">
    <p class='ocr_par' dir='ltr' id='par_1_52' title="bbox 402 3104 2067 3177">
     <span class='ocr_line' id='line_1_52' title="bbox 402 3104 2067 3177; baseline 0.004 -20"><span class='ocrx_word' id='word_1_391' title='bbox 402 3104 581 3158; x_wconf 66' lang='lat' dir='ltr'><strong>daeum</strong></span> <span class='ocrx_word' id='word_1_392' title='bbox 606 3105 672 3158; x_wconf 87' lang='lat' dir='ltr'><strong>de</strong></span> <span class='ocrx_word' id='word_1_393' title='bbox 697 3106 841 3177; x_wconf 81' lang='lat' dir='ltr'><strong>facie</strong></span> <span class='ocrx_word' id='word_1_394' title='bbox 868 3108 1034 3167; x_wconf 80' lang='lat' dir='ltr'><strong>nouit,</strong></span> <span class='ocrx_word' id='word_1_395' title='bbox 1061 3121 1285 3174; x_wconf 89' lang='lat' dir='ltr'><strong>eumque</strong></span> <span class='ocrx_word' id='word_1_396' title='bbox 1309 3107 1379 3159; x_wconf 91' lang='lat' dir='ltr'><strong>ab</strong></span> <span class='ocrx_word' id='word_1_397' title='bbox 1401 3107 1583 3161; x_wconf 82' lang='lat' dir='ltr'><strong>Attico</strong></span> <span class='ocrx_word' id='word_1_398' title='bbox 1607 3108 1846 3177; x_wconf 89' lang='lat' dir='ltr'><strong>episcopo</strong></span> <span class='ocrx_word' id='word_1_399' title='bbox 1874 3109 2006 3165; x_wconf 86' lang='lat' dir='ltr'><strong>Con-</strong></span> <span class='ocrx_word' id='word_1_400' title='bbox 2046 3140 2067 3151; x_wconf 65' lang='grc' dir='ltr'><em>ι</em></span> 
     </span>
    </p>
   </div>
   <div class='ocr_carea' id='block_1_53' title="bbox 400 3176 2004 3245">
    <p class='ocr_par' dir='ltr' id='par_1_53' title="bbox 400 3176 2004 3245">
     <span class='ocr_line' id='line_1_53' title="bbox 400 3176 2004 3245; baseline 0.004 -16"><span class='ocrx_word' id='word_1_401' title='bbox 400 3176 876 3245; x_wconf 84' lang='lat' dir='ltr'><strong>stantinopolitano</strong></span> <span class='ocrx_word' id='word_1_402' title='bbox 906 3176 1239 3245; x_wconf 83' lang='lat' dir='ltr'><strong>baptizatum</strong></span> <span class='ocrx_word' id='word_1_403' title='bbox 1273 3177 1509 3231; x_wconf 78' lang='lat' dir='ltr'><strong>uiderat.</strong></span> <span class='ocrx_word' id='word_1_404' title='bbox 1540 3179 1647 3232; x_wconf 88' lang='lat' dir='ltr'><strong>Hoc</strong></span> <span class='ocrx_word' id='word_1_405' title='bbox 1680 3176 2004 3235; x_wconf 76' lang='lat' dir='ltr'><strong>miraculum</strong></span> 
     </span>
    </p>
   </div>
   <div class='ocr_carea' id='block_1_54' title="bbox 393 3247 1996 3319">
    <p class='ocr_par' dir='ltr' id='par_1_54' title="bbox 393 3247 1996 3319">
     <span class='ocr_line' id='line_1_54' title="bbox 393 3247 1996 3319; baseline 0.002 -17"><span class='ocrx_word' id='word_1_406' title='bbox 393 3260 499 3319; x_wconf 75' lang='lat' dir='ltr'><strong>per</strong></span> <span class='ocrx_word' id='word_1_407' title='bbox 550 3247 779 3303; x_wconf 84' lang='lat' dir='ltr'><strong>Paulum</strong></span> <span class='ocrx_word' id='word_1_408' title='bbox 830 3249 1186 3319; x_wconf 84' lang='lat' dir='ltr'><strong>Novationum</strong></span> <span class='ocrx_word' id='word_1_409' title='bbox 1244 3250 1548 3319; x_wconf 88' lang='lat' dir='ltr'><strong>episcopum</strong></span> <span class='ocrx_word' id='word_1_410' title='bbox 1604 3248 1809 3303; x_wconf 86' lang='lat' dir='ltr'><strong>editum</strong></span> <span class='ocrx_word' id='word_1_411' title='bbox 1861 3251 1996 3316; x_wconf 87' lang='lat' dir='ltr'><strong>fuit.</strong></span> 
     </span>
    </p>
   </div>
   <div class='ocr_carea' id='block_1_55' title="bbox 402 3318 1999 3391">
    <p class='ocr_par' dir='ltr' id='par_1_55' title="bbox 402 3318 1999 3391">
     <span class='ocr_line' id='line_1_55' title="bbox 402 3318 1999 3391; baseline 0.003 -19"><span class='ocrx_word' id='word_1_412' title='bbox 402 3318 679 3391; x_wconf 82' lang='lat' dir='ltr'><strong>Hactenus</strong></span> <span class='ocrx_word' id='word_1_413' title='bbox 709 3320 981 3391; x_wconf 73' lang='lat' dir='ltr'><strong>Socrates,</strong></span> <span class='ocrx_word' id='word_1_414' title='bbox 1020 3327 1075 3374; x_wconf 92' lang='lat' dir='ltr'><strong>et</strong></span> <span class='ocrx_word' id='word_1_415' title='bbox 1103 3318 1218 3391; x_wconf 88' lang='lat' dir='ltr'><strong>ipse</strong></span> <span class='ocrx_word' id='word_1_416' title='bbox 1250 3318 1624 3391; x_wconf 59' lang='lat' dir='ltr'><strong>Novatiaaus.</strong></span> <span class='ocrx_word' id='word_1_417' title='bbox 1644 3319 1733 3391; x_wconf 82' lang='lat' dir='ltr'><strong>Ad</strong></span> <span class='ocrx_word' id='word_1_418' title='bbox 1761 3320 1865 3375; x_wconf 90' lang='lat' dir='ltr'><strong>hoc</strong></span> <span class='ocrx_word' id='word_1_419' title='bbox 1893 3321 1999 3376; x_wconf 89' lang='lat' dir='ltr'><strong>mi-</strong></span> 
     </span>
    </p>
   </div>
   <div class='ocr_carea' id='block_1_56' title="bbox 401 3389 2007 3461">
    <p class='ocr_par' dir='ltr' id='par_1_56' title="bbox 401 3389 2007 3461">
     <span class='ocr_line' id='line_1_56' title="bbox 401 3389 2007 3461; baseline 0.003 -17"><span class='ocrx_word' id='word_1_420' title='bbox 401 3389 780 3461; x_wconf 86' lang='lat' dir='ltr'><strong>raculum_sibi</strong></span> <span class='ocrx_word' id='word_1_421' title='bbox 808 3390 1084 3461; x_wconf 84' lang='lat' dir='ltr'><strong>objectum</strong></span> <span class='ocrx_word' id='word_1_422' title='bbox 1109 3389 1445 3461; x_wconf 80' lang='lat' dir='ltr'><strong>respondens</strong></span> <span class='ocrx_word' id='word_1_423' title='bbox 1480 3390 1767 3447; x_wconf 88' lang='lat' dir='ltr'><strong>cardinalis</strong></span> <span class='ocrx_word' id='word_1_424' title='bbox 1794 3391 2007 3448; x_wconf 87' lang='lat' dir='ltr'><strong>Bellar-</strong></span> 
     </span>
    </p>
   </div>
   <div class='ocr_carea' id='block_1_57' title="bbox 401 3459 2005 3526">
    <p class='ocr_par' dir='ltr' id='par_1_57' title="bbox 401 3459 2005 3526">
     <span class='ocr_line' id='line_1_57' title="bbox 401 3459 2005 3526; baseline 0.004 -13"><span class='ocrx_word' id='word_1_425' title='bbox 401 3460 612 3526; x_wconf 88' lang='lat' dir='ltr'><strong>minus,</strong></span> <span class='ocrx_word' id='word_1_426' title='bbox 646 3459 807 3515; x_wconf 89' lang='lat' dir='ltr'><strong>docet</strong></span> <span class='ocrx_word' id='word_1_427' title='bbox 835 3459 947 3514; x_wconf 81' lang='lat' dir='ltr'><strong>non</strong></span> <span class='ocrx_word' id='word_1_428' title='bbox 985 3459 1152 3517; x_wconf 88' lang='lat' dir='ltr'><strong>fuisse</strong></span> <span class='ocrx_word' id='word_1_429' title='bbox 1181 3459 1507 3519; x_wconf 83' lang='lat' dir='ltr'><strong>miraculum</strong></span> <span class='ocrx_word' id='word_1_430' title='bbox 1538 3462 1825 3518; x_wconf 89' lang='lat' dir='ltr'><strong>Novatiani</strong></span> <span class='ocrx_word' id='word_1_431' title='bbox 1855 3477 2005 3519; x_wconf 85' lang='lat' dir='ltr'><strong>erro-</strong></span> 
     </span>
    </p>
   </div>
   <div class='ocr_carea' id='block_1_58' title="bbox 400 3528 2006 3604">
    <p class='ocr_par' dir='ltr' id='par_1_58' title="bbox 400 3528 2006 3604">
     <span class='ocr_line' id='line_1_58' title="bbox 400 3528 2006 3604; baseline 0.004 -21"><span class='ocrx_word' id='word_1_432' title='bbox 400 3528 498 3595; x_wconf 87' lang='lat' dir='ltr'><strong>ris,</strong></span> <span class='ocrx_word' id='word_1_433' title='bbox 535 3528 632 3583; x_wconf 92' lang='lat' dir='ltr'><strong>scd</strong></span> <span class='ocrx_word' id='word_1_434' title='bbox 663 3529 772 3582; x_wconf 88' lang='lat' dir='ltr'><strong>veri</strong></span> <span class='ocrx_word' id='word_1_435' title='bbox 799 3530 1086 3604; x_wconf 73' lang='lat' dir='ltr'><strong>baptismi,</strong></span> <span class='ocrx_word' id='word_1_436' title='bbox 1115 3531 1261 3601; x_wconf 90' lang='lat' dir='ltr'><strong>quod</strong></span> <span class='ocrx_word' id='word_1_437' title='bbox 1289 3532 1655 3604; x_wconf 82' lang='lat' dir='ltr'><strong>perspicuum,</strong></span> <span class='ocrx_word' id='word_1_438' title='bbox 1694 3533 1892 3604; x_wconf 90' lang='lat' dir='ltr'><strong>inquit,</strong></span> <span class='ocrx_word' id='word_1_439' title='bbox 1923 3539 2006 3589; x_wconf 89' lang='lat' dir='ltr'><strong>est</strong></span> 
     </span>
    </p>
   </div>
   <div class='ocr_carea' id='block_1_59' title="bbox 403 3598 2001 3673">
    <p class='ocr_par' dir='ltr' id='par_1_59' title="bbox 403 3598 2001 3673">
     <span class='ocr_line' id='line_1_59' title="bbox 403 3598 2001 3673; baseline 0.004 -21"><span class='ocrx_word' id='word_1_440' title='bbox 403 3612 466 3653; x_wconf 88' lang='lat' dir='ltr'><strong>ex</strong></span> <span class='ocrx_word' id='word_1_441' title='bbox 514 3612 613 3673; x_wconf 81' lang='lat' dir='ltr'><strong>eo,</strong></span> <span class='ocrx_word' id='word_1_442' title='bbox 668 3598 1008 3673; x_wconf 72' lang='lat' dir='ltr'><strong>quodidem</strong></span> <span class='ocrx_word' id='word_1_443' title='bbox 1051 3598 1308 3673; x_wconf 64' lang='lat' dir='ltr'><strong>Socrates</strong></span> <span class='ocrx_word' id='word_1_444' title='bbox 1358 3598 1669 3673; x_wconf 82' lang='lat' dir='ltr'><strong>subjungit,</strong></span> <span class='ocrx_word' id='word_1_445' title='bbox 1719 3598 2001 3672; x_wconf 78' lang='lat' dir='ltr'><strong>cdgnitum</strong></span> 
     </span>
    </p>
   </div>
   <div class='ocr_carea' id='block_1_60' title="bbox 403 3667 2003 3743">
    <p class='ocr_par' dir='ltr' id='par_1_60' title="bbox 403 3667 2003 3743">
     <span class='ocr_line' id='line_1_60' title="bbox 403 3667 2003 3743; baseline 0.003 -20"><span class='ocrx_word' id='word_1_446' title='bbox 403 3667 733 3743; x_wconf 81' lang='lat' dir='ltr'><strong>paulo_post</strong></span> <span class='ocrx_word' id='word_1_447' title='bbox 769 3667 931 3743; x_wconf 58' lang='lat' dir='ltr'><strong>fuisse</strong></span> <span class='ocrx_word' id='word_1_448' title='bbox 977 3685 1101 3743; x_wconf 81' lang='lat' dir='ltr'><strong>eum</strong></span> <span class='ocrx_word' id='word_1_449' title='bbox 1130 3667 1522 3743; x_wconf 10' lang='lat' dir='ltr'><strong>Judaeumgja&#39;m</strong></span> <span class='ocrx_word' id='word_1_450' title='bbox 1556 3667 1714 3727; x_wconf 74' lang='lat' dir='ltr'><strong>antea</strong></span> <span class='ocrx_word' id='word_1_451' title='bbox 1760 3667 2003 3743; x_wconf 72' lang='lat' dir='ltr'><strong>baptiza-</strong></span> 
     </span>
    </p>
   </div>
   <div class='ocr_carea' id='block_1_61' title="bbox 399 3738 2001 3824">
    <p class='ocr_par' dir='ltr' id='par_1_61' title="bbox 399 3738 2001 3824">
     <span class='ocr_line' id='line_1_61' title="bbox 399 3738 2001 3824; baseline 0.002 -29"><span class='ocrx_word' id='word_1_452' title='bbox 399 3738 528 3824; x_wconf 63' lang='lat' dir='ltr'><strong>tum</strong></span> <span class='ocrx_word' id='word_1_453' title='bbox 549 3738 657 3795; x_wconf 88' lang='lat' dir='ltr'><strong>ritu</strong></span> <span class='ocrx_word' id='word_1_454' title='bbox 689 3740 970 3824; x_wconf 62' lang='lat' dir='ltr'><strong>catholico</strong></span> <span class='ocrx_word' id='word_1_455' title='bbox 1000 3741 1069 3795; x_wconf 91' lang='lat' dir='ltr'><strong>ab</strong></span> <span class='ocrx_word' id='word_1_456' title='bbox 1095 3738 1573 3824; x_wconf 40' lang='lat' dir='ltr'><strong>Attico_epis.cop9</strong></span> <span class='ocrx_word' id='word_1_457' title='bbox 1617 3738 2001 3824; x_wconf 58' lang='lat' dir='ltr'><strong>{Deustantino-</strong></span> 
     </span>
    </p>
   </div>
   <div class='ocr_carea' id='block_1_62' title="bbox 401 3810 2001 3893">
    <p class='ocr_par' dir='ltr' id='par_1_62' title="bbox 401 3810 2001 3893">
     <span class='ocr_line' id='line_1_62' title="bbox 401 3810 2001 3893; baseline 0.003 -28"><span class='ocrx_word' id='word_1_458' title='bbox 401 3810 876 3893; x_wconf 42' lang='lat' dir='ltr'><strong>politano..ltaque</strong></span> <span class='ocrx_word' id='word_1_459' title='bbox 901 3813 1050 3867; x_wconf 87' lang='lat' dir='ltr'><strong>Deus</strong></span> <span class='ocrx_word' id='word_1_460' title='bbox 1073 3813 1201 3893; x_wconf 90' lang='lat' dir='ltr'><strong>quia</strong></span> <span class='ocrx_word' id='word_1_461' title='bbox 1223 3810 1397 3868; x_wconf 88' lang='lat' dir='ltr'><strong>noluit</strong></span> <span class='ocrx_word' id='word_1_462' title='bbox 1425 3810 2001 3893; x_wconf 78' lang='lat' dir='ltr'><strong>irrideri_baptismum</strong></span> 
     </span>
    </p>
   </div>
   <div class='ocr_carea' id='block_1_63' title="bbox 400 3882 2001 3965">
    <p class='ocr_par' dir='ltr' id='par_1_63' title="bbox 400 3882 2001 3965">
     <span class='ocr_line' id='line_1_63' title="bbox 400 3882 2001 3965; baseline 0.002 -27"><span class='ocrx_word' id='word_1_463' title='bbox 400 3882 458 3965; x_wconf 72' lang='lat' dir='ltr'><strong>in</strong></span> <span class='ocrx_word' id='word_1_464' title='bbox 485 3882 848 3965; x_wconf 56' lang='lat' dir='ltr'><strong>Ecclesiarite</strong></span> <span class='ocrx_word' id='word_1_465' title='bbox 876 3882 1213 3965; x_wconf 67' lang='lat' dir='ltr'><strong>susceptum,</strong></span> <span class='ocrx_word' id='word_1_466' title='bbox 1234 3899 1347 3939; x_wconf 90' lang='lat' dir='ltr'><strong>non</strong></span> <span class='ocrx_word' id='word_1_467' title='bbox 1370 3883 1624 3965; x_wconf 77' lang='lat' dir='ltr'><strong>permisit</strong></span> <span class='ocrx_word' id='word_1_468' title='bbox 1642 3882 2001 3965; x_wconf 69' lang='lat' dir='ltr'><strong>impostorem</strong></span> 
     </span>
    </p>
   </div>
   <div class='ocr_carea' id='block_1_64' title="bbox 399 3953 2000 4025">
    <p class='ocr_par' dir='ltr' id='par_1_64' title="bbox 399 3953 2000 4025">
     <span class='ocr_line' id='line_1_64' title="bbox 399 3953 2000 4025; baseline 0.004 -17"><span class='ocrx_word' id='word_1_469' title='bbox 399 3953 659 4025; x_wconf 65' lang='lat' dir='ltr'><strong>Judaeum</strong></span> <span class='ocrx_word' id='word_1_470' title='bbox 685 3953 753 4009; x_wconf 89' lang='lat' dir='ltr'><strong>ab</strong></span> <span class='ocrx_word' id='word_1_471' title='bbox 790 3953 1050 4010; x_wconf 76' lang='lat' dir='ltr'><strong>haeretica</strong></span> <span class='ocrx_word' id='word_1_472' title='bbox 1078 3954 1330 4025; x_wconf 91' lang='lat' dir='ltr'><strong>episcopo</strong></span> <span class='ocrx_word' id='word_1_473' title='bbox 1368 3953 1565 4010; x_wconf 80' lang='lat' dir='ltr'><strong>iterum</strong></span> <span class='ocrx_word' id='word_1_474' title='bbox 1606 3953 1887 4025; x_wconf 85' lang='lat' dir='ltr'><strong>baptizari.</strong></span> <span class='ocrx_word' id='word_1_475' title='bbox 1919 3958 2000 4014; x_wconf 85' lang='lat' dir='ltr'><strong>Ita</strong></span> 
     </span>
    </p>
   </div>
   <div class='ocr_carea' id='block_1_65' title="bbox 400 4024 1998 4098">
    <p class='ocr_par' dir='ltr' id='par_1_65' title="bbox 400 4024 1998 4098">
     <span class='ocr_line' id='line_1_65' title="bbox 400 4024 1998 4098; baseline 0.003 -18"><span class='ocrx_word' id='word_1_476' title='bbox 400 4024 771 4098; x_wconf 75' lang='lat' dir='ltr'><strong>Bellarminus</strong></span> <span class='ocrx_word' id='word_1_477' title='bbox 792 4027 929 4098; x_wconf 88' lang='lat' dir='ltr'><strong>(Lib.</strong></span> <span class='ocrx_word' id='word_1_478' title='bbox 959 4026 1026 4081; x_wconf 86' lang='lat' dir='ltr'><strong>de</strong></span> <span class='ocrx_word' id='word_1_479' title='bbox 1051 4028 1204 4084; x_wconf 88' lang='lat' dir='ltr'><strong>Notis</strong></span> <span class='ocrx_word' id='word_1_480' title='bbox 1229 4028 1424 4083; x_wconf 87' lang='lat' dir='ltr'><strong>Eccles.</strong></span> <span class='ocrx_word' id='word_1_481' title='bbox 1448 4042 1492 4080; x_wconf 89' lang='lat' dir='ltr'><strong>c.</strong></span> <span class='ocrx_word' id='word_1_482' title='bbox 1524 4030 1634 4092; x_wconf 79' lang='lat'><strong>14).</strong></span> <span class='ocrx_word' id='word_1_483' title='bbox 1662 4024 1797 4083; x_wconf 85' lang='lat' dir='ltr'><strong>Vide</strong></span> <span class='ocrx_word' id='word_1_484' title='bbox 1823 4027 1998 4098; x_wconf 88' lang='lat' dir='ltr'><strong>plura,</strong></span> 
     </span>
    </p>
   </div>
   <div class='ocr_carea' id='block_1_66' title="bbox 400 4095 1998 4169">
    <p class='ocr_par' dir='ltr' id='par_1_66' title="bbox 400 4095 1998 4169">
     <span class='ocr_line' id='line_1_66' title="bbox 400 4095 1998 4169; baseline 0.002 -17"><span class='ocrx_word' id='word_1_485' title='bbox 400 4096 447 4169; x_wconf 81' lang='lat' dir='ltr'><strong>si</strong></span> <span class='ocrx_word' id='word_1_486' title='bbox 492 4095 662 4160; x_wconf 87' lang='lat' dir='ltr'><strong>lubet,</strong></span> <span class='ocrx_word' id='word_1_487' title='bbox 711 4097 853 4167; x_wconf 89' lang='lat' dir='ltr'><strong>apud</strong></span> <span class='ocrx_word' id='word_1_488' title='bbox 896 4098 1193 4153; x_wconf 86' lang='lat' dir='ltr'><strong>Baronium</strong></span> <span class='ocrx_word' id='word_1_489' title='bbox 1228 4106 1405 4169; x_wconf 83' lang='lat' dir='ltr'><strong>torno</strong></span> <span class='ocrx_word' id='word_1_490' title='bbox 1450 4103 1648 4169; x_wconf 88' lang='lat' dir='ltr'><strong>quarto</strong></span> <span class='ocrx_word' id='word_1_491' title='bbox 1700 4095 1998 4155; x_wconf 70' lang='lat' dir='ltr'><strong>Annalium</strong></span> 
     </span>
    </p>
   </div>
   <div class='ocr_carea' id='block_1_67' title="bbox 405 4167 2001 4239">
    <p class='ocr_par' dir='ltr' id='par_1_67' title="bbox 405 4167 2001 4239">
     <span class='ocr_line' id='line_1_67' title="bbox 405 4167 2001 4239; baseline 0.001 -16"><span class='ocrx_word' id='word_1_492' title='bbox 405 4167 583 4238; x_wconf 85' lang='lat' dir='ltr'><strong>(Anno</strong></span> <span class='ocrx_word' id='word_1_493' title='bbox 621 4170 823 4239; x_wconf 85' lang='lat' dir='ltr'><strong>Christi</strong></span> <span class='ocrx_word' id='word_1_494' title='bbox 849 4171 978 4232; x_wconf 77' lang='grc'><strong>419,</strong></span> <span class='ocrx_word' id='word_1_495' title='bbox 1003 4171 1064 4223; x_wconf 88' lang='lat' dir='ltr'><strong>in</strong></span> <span class='ocrx_word' id='word_1_496' title='bbox 1086 4169 1232 4239; x_wconf 84' lang='lat' dir='ltr'><strong>ﬁne),</strong></span> <span class='ocrx_word' id='word_1_497' title='bbox 1261 4169 1354 4224; x_wconf 90' lang='lat' dir='ltr'><strong>ubi</strong></span> <span class='ocrx_word' id='word_1_498' title='bbox 1377 4167 1538 4225; x_wconf 81' lang='lat' dir='ltr'><strong>docet</strong></span> <span class='ocrx_word' id='word_1_499' title='bbox 1565 4169 1703 4224; x_wconf 89' lang='lat' dir='ltr'><strong>hanc</strong></span> <span class='ocrx_word' id='word_1_500' title='bbox 1728 4170 2001 4226; x_wconf 86' lang='lat' dir='ltr'><strong>narratio-</strong></span> 
     </span>
    </p>
   </div>
   <div class='ocr_carea' id='block_1_68' title="bbox 400 4238 2001 4311">
    <p class='ocr_par' dir='ltr' id='par_1_68' title="bbox 400 4238 2001 4311">
     <span class='ocr_line' id='line_1_68' title="bbox 400 4238 2001 4311; baseline 0.002 -19"><span class='ocrx_word' id='word_1_501' title='bbox 400 4253 531 4311; x_wconf 81' lang='lat' dir='ltr'><strong>nem</strong></span> <span class='ocrx_word' id='word_1_502' title='bbox 555 4238 823 4311; x_wconf 75' lang='lat' dir='ltr'><strong>socratis,</strong></span> <span class='ocrx_word' id='word_1_503' title='bbox 863 4239 1103 4311; x_wconf 80' lang='lat' dir='ltr'><strong>hominis</strong></span> <span class='ocrx_word' id='word_1_504' title='bbox 1138 4238 1449 4311; x_wconf 80' lang='lat' dir='ltr'><strong>Nevatiani,</strong></span> <span class='ocrx_word' id='word_1_505' title='bbox 1468 4256 1590 4311; x_wconf 88' lang='lat' dir='ltr'><strong>non</strong></span> <span class='ocrx_word' id='word_1_506' title='bbox 1617 4255 1802 4297; x_wconf 86' lang='lat' dir='ltr'><strong>carere</strong></span> <span class='ocrx_word' id='word_1_507' title='bbox 1826 4241 2001 4311; x_wconf 83' lang='lat' dir='ltr'><strong>suspi-</strong></span> 
     </span>
    </p>
   </div>
   <div class='ocr_carea' id='block_1_69' title="bbox 402 4307 2002 4368">
    <p class='ocr_par' dir='ltr' id='par_1_69' title="bbox 402 4307 2002 4368">
     <span class='ocr_line' id='line_1_69' title="bbox 402 4307 2002 4368; baseline 0.002 -5"><span class='ocrx_word' id='word_1_508' title='bbox 402 4307 559 4363; x_wconf 90' lang='lat' dir='ltr'><strong>cione</strong></span> <span class='ocrx_word' id='word_1_509' title='bbox 582 4307 833 4363; x_wconf 85' lang='lat' dir='ltr'><strong>falsitatis</strong></span> <span class='ocrx_word' id='word_1_510' title='bbox 861 4329 873 4363; x_wconf 90' lang='lat'>:</span> <span class='ocrx_word' id='word_1_511' title='bbox 901 4325 965 4363; x_wconf 93' lang='lat' dir='ltr'><strong>ac</strong></span> <span class='ocrx_word' id='word_1_512' title='bbox 983 4309 1206 4365; x_wconf 89' lang='lat' dir='ltr'><strong>demum</strong></span> <span class='ocrx_word' id='word_1_513' title='bbox 1229 4310 1506 4366; x_wconf 90' lang='lat' dir='ltr'><strong>concludit</strong></span> <span class='ocrx_word' id='word_1_514' title='bbox 1525 4311 1848 4366; x_wconf 87' lang='lat' dir='ltr'><strong>miraculum</strong></span> <span class='ocrx_word' id='word_1_515' title='bbox 1869 4307 2002 4368; x_wconf 79' lang='lat' dir='ltr'><strong>illud</strong></span> 
     </span>
    </p>
   </div>
   <div class='ocr_carea' id='block_1_70' title="bbox 404 4376 2003 4450">
    <p class='ocr_par' dir='ltr' id='par_1_70' title="bbox 404 4376 2003 4450">
     <span class='ocr_line' id='line_1_70' title="bbox 404 4376 2003 4450; baseline 0.004 -20"><span class='ocrx_word' id='word_1_516' title='bbox 404 4384 488 4443; x_wconf 88' lang='lat' dir='ltr'><strong>(ut</strong></span> <span class='ocrx_word' id='word_1_517' title='bbox 528 4391 716 4450; x_wconf 85' lang='lat' dir='ltr'><strong>verum</strong></span> <span class='ocrx_word' id='word_1_518' title='bbox 760 4376 1235 4450; x_wconf 26' lang='lat' dir='ltr'><strong>fuisseucredatur)</strong></span> <span class='ocrx_word' id='word_1_519' title='bbox 1267 4381 1496 4436; x_wconf 87' lang='lat' dir='ltr'><strong>cessisse</strong></span> <span class='ocrx_word' id='word_1_520' title='bbox 1536 4382 1591 4437; x_wconf 89' lang='lat' dir='ltr'><strong>in</strong></span> <span class='ocrx_word' id='word_1_521' title='bbox 1622 4382 2003 4438; x_wconf 77' lang='lat' dir='ltr'><strong>confirmatio-</strong></span> 
     </span>
    </p>
   </div>
   <div class='ocr_carea' id='block_1_71' title="bbox 402 4447 2002 4520">
    <p class='ocr_par' dir='ltr' id='par_1_71' title="bbox 402 4447 2002 4520">
     <span class='ocr_line' id='line_1_71' title="bbox 402 4447 2002 4520; baseline 0.006 -21"><span class='ocrx_word' id='word_1_522' title='bbox 402 4461 535 4520; x_wconf 73' lang='lat' dir='ltr'><strong>nem</strong></span> <span class='ocrx_word' id='word_1_523' title='bbox 558 4447 743 4520; x_wconf 79' lang='lat' dir='ltr'><strong>potius</strong></span> <span class='ocrx_word' id='word_1_524' title='bbox 761 4447 1043 4503; x_wconf 65' lang='lat' dir='ltr'><strong>catholica;</strong></span> <span class='ocrx_word' id='word_1_525' title='bbox 1067 4447 1328 4515; x_wconf 81' lang='lat' dir='ltr'><strong>veritatis,</strong></span> <span class='ocrx_word' id='word_1_526' title='bbox 1349 4466 1514 4520; x_wconf 84' lang='lat' dir='ltr'><strong>quam</strong></span> <span class='ocrx_word' id='word_1_527' title='bbox 1542 4454 1608 4506; x_wconf 91' lang='lat' dir='ltr'><strong>ad</strong></span> <span class='ocrx_word' id='word_1_528' title='bbox 1635 4452 1786 4507; x_wconf 89' lang='lat' dir='ltr'><strong>Pauli</strong></span> <span class='ocrx_word' id='word_1_529' title='bbox 1808 4453 2002 4509; x_wconf 87' lang='lat' dir='ltr'><strong>merita</strong></span> 
     </span>
    </p>
   </div>
   <div class='ocr_carea' id='block_1_72' title="bbox 401 4516 1997 4588">
    <p class='ocr_par' dir='ltr' id='par_1_72' title="bbox 401 4516 1997 4588">
     <span class='ocr_line' id='line_1_72' title="bbox 401 4516 1997 4588; baseline 0.004 -16"><span class='ocrx_word' id='word_1_530' title='bbox 401 4516 743 4584; x_wconf 89' lang='lat' dir='ltr'><strong>illustranda,</strong></span> <span class='ocrx_word' id='word_1_531' title='bbox 775 4532 936 4588; x_wconf 87' lang='lat' dir='ltr'><strong>quem</strong></span> <span class='ocrx_word' id='word_1_532' title='bbox 966 4520 1218 4575; x_wconf 82' lang='lat' dir='ltr'><strong>Socrates</strong></span> <span class='ocrx_word' id='word_1_533' title='bbox 1256 4516 1507 4575; x_wconf 85' lang='lat' dir='ltr'><strong>laudibus</strong></span> <span class='ocrx_word' id='word_1_534' title='bbox 1535 4530 1711 4577; x_wconf 91' lang='lat' dir='ltr'><strong>ornat.</strong></span> <span class='ocrx_word' id='word_1_535' title='bbox 1744 4524 1877 4578; x_wconf 59' lang='lat' dir='ltr'><strong>Hac</strong></span> <span class='ocrx_word' id='word_1_536' title='bbox 1900 4523 1997 4579; x_wconf 91' lang='lat' dir='ltr'><strong>illi.</strong></span> 
     </span>
    </p>
   </div>
   <div class='ocr_carea' id='block_1_73' title="bbox 402 4588 1999 4663">
    <p class='ocr_par' dir='ltr' id='par_1_73' title="bbox 402 4588 1999 4663">
     <span class='ocr_line' id='line_1_73' title="bbox 402 4588 1999 4663; baseline 0.003 -16"><span class='ocrx_word' id='word_1_537' title='bbox 402 4588 512 4663; x_wconf 78' lang='lat' dir='ltr'><strong>sed</strong></span> <span class='ocrx_word' id='word_1_538' title='bbox 551 4589 700 4663; x_wconf 78' lang='lat' dir='ltr'><strong>quod</strong></span> <span class='ocrx_word' id='word_1_539' title='bbox 736 4589 805 4645; x_wconf 91' lang='lat' dir='ltr'><strong>ab</strong></span> <span class='ocrx_word' id='word_1_540' title='bbox 837 4588 948 4663; x_wconf 79' lang='lat' dir='ltr'><strong>illis</strong></span> <span class='ocrx_word' id='word_1_541' title='bbox 977 4589 1430 4663; x_wconf 73' lang='lat' dir='ltr'><strong>praetermissum,</strong></span> <span class='ocrx_word' id='word_1_542' title='bbox 1461 4590 1548 4647; x_wconf 87' lang='lat' dir='ltr'><strong>hic</strong></span> <span class='ocrx_word' id='word_1_543' title='bbox 1587 4606 1654 4647; x_wconf 84' lang='lat' dir='ltr'><strong>ex</strong></span> <span class='ocrx_word' id='word_1_544' title='bbox 1689 4593 1999 4663; x_wconf 85' lang='lat' dir='ltr'><strong>Nicephoro</strong></span> 
     </span>
    </p>
   </div>
   <div class='ocr_carea' id='block_1_74' title="bbox 401 4660 2002 4744">
    <p class='ocr_par' dir='ltr' id='par_1_74' title="bbox 401 4660 2002 4744">
     <span class='ocr_line' id='line_1_74' title="bbox 401 4660 2002 4744; baseline 0.004 -28"><span class='ocrx_word' id='word_1_545' title='bbox 401 4660 772 4744; x_wconf 74' lang='lat' dir='ltr'><strong>adjiciendum</strong></span> <span class='ocrx_word' id='word_1_546' title='bbox 798 4660 1100 4744; x_wconf 61' lang='lat' dir='ltr'><strong>cristimavi</strong></span> <span class='ocrx_word' id='word_1_547' title='bbox 1135 4661 1261 4744; x_wconf 75' lang='lat' dir='ltr'><strong>huic</strong></span> <span class='ocrx_word' id='word_1_548' title='bbox 1288 4660 1408 4744; x_wconf 74' lang='lat' dir='ltr'><strong>loco</strong></span> <span class='ocrx_word' id='word_1_549' title='bbox 1427 4660 2002 4744; x_wconf 80' lang='lat' dir='ltr'><strong>_conseutaneum._Sic</strong></span> 
     </span>
    </p>
   </div>
   <div class='ocr_carea' id='block_1_75' title="bbox 401 4732 1996 4805">
    <p class='ocr_par' dir='ltr' id='par_1_75' title="bbox 401 4732 1996 4805">
     <span class='ocr_line' id='line_1_75' title="bbox 401 4732 1996 4805; baseline 0.003 -17"><span class='ocrx_word' id='word_1_550' title='bbox 401 4732 549 4789; x_wconf 87' lang='lat' dir='ltr'><strong>enim</strong></span> <span class='ocrx_word' id='word_1_551' title='bbox 592 4733 685 4789; x_wconf 92' lang='lat' dir='ltr'><strong>ille</strong></span> <span class='ocrx_word' id='word_1_552' title='bbox 726 4741 1017 4805; x_wconf 89' lang='lat' dir='ltr'><strong>postquam</strong></span> <span class='ocrx_word' id='word_1_553' title='bbox 1053 4732 1304 4789; x_wconf 89' lang='lat' dir='ltr'><strong>eamdem</strong></span> <span class='ocrx_word' id='word_1_554' title='bbox 1338 4733 1620 4789; x_wconf 89' lang='lat' dir='ltr'><strong>historiam</strong></span> <span class='ocrx_word' id='word_1_555' title='bbox 1663 4735 1934 4791; x_wconf 87' lang='lat' dir='ltr'><strong>enarravit</strong></span> <span class='ocrx_word' id='word_1_556' title='bbox 1983 4756 1996 4793; x_wconf 91' lang='lat'><strong>:</strong></span> 
     </span>
    </p>
   </div>
   <div class='ocr_carea' id='block_1_76' title="bbox 2114 2115 3718 2191">
    <p class='ocr_par' dir='ltr' id='par_1_76' title="bbox 2114 2115 3718 2191">
     <span class='ocr_line' id='line_1_76' title="bbox 2114 2115 3718 2191; baseline -0.004 -15"><span class='ocrx_word' id='word_1_557' title='bbox 2114 2122 2296 2176; x_wconf 87' lang='lat' dir='ltr'><strong>sibilia</strong></span> <span class='ocrx_word' id='word_1_558' title='bbox 2309 2125 2360 2177; x_wconf 92' lang='lat' dir='ltr'><strong>et</strong></span> <span class='ocrx_word' id='word_1_559' title='bbox 2372 2121 2673 2176; x_wconf 80' lang='lat' dir='ltr'><strong>invisibilia</strong></span> <span class='ocrx_word' id='word_1_560' title='bbox 2689 2136 2882 2183; x_wconf 87' lang='lat' dir='ltr'><strong>creare,</strong></span> <span class='ocrx_word' id='word_1_561' title='bbox 2898 2136 3003 2175; x_wconf 90' lang='lat' dir='ltr'><strong>non</strong></span> <span class='ocrx_word' id='word_1_562' title='bbox 3024 2122 3082 2174; x_wconf 91' lang='lat' dir='ltr'><strong>in</strong></span> <span class='ocrx_word' id='word_1_563' title='bbox 3096 2120 3213 2191; x_wconf 86' lang='lat' dir='ltr'><strong>ipso</strong></span> <span class='ocrx_word' id='word_1_564' title='bbox 3225 2117 3423 2174; x_wconf 85' lang='lat' dir='ltr'><strong>mundo</strong></span> <span class='ocrx_word' id='word_1_565' title='bbox 3437 2115 3718 2191; x_wconf 77' lang='lat' dir='ltr'><strong>mirabilia</strong></span> 
     </span>
    </p>
   </div>
   <div class='ocr_carea' id='block_1_77' title="bbox 2114 2190 3718 2259">
    <p class='ocr_par' dir='ltr' id='par_1_77' title="bbox 2114 2190 3718 2259">
     <span class='ocr_line' id='line_1_77' title="bbox 2114 2190 3718 2259; baseline -0.002 -13"><span class='ocrx_word' id='word_1_566' title='bbox 2114 2195 2296 2259; x_wconf 85' lang='lat' dir='ltr'><strong>facere</strong></span> <span class='ocrx_word' id='word_1_567' title='bbox 2323 2197 2375 2248; x_wconf 90' lang='lat' dir='ltr'><strong>et</strong></span> <span class='ocrx_word' id='word_1_568' title='bbox 2394 2197 2630 2247; x_wconf 90' lang='lat' dir='ltr'><strong>mortuos</strong></span> <span class='ocrx_word' id='word_1_569' title='bbox 2657 2195 2936 2254; x_wconf 82' lang='lat' dir='ltr'><strong>suscitare,</strong></span> <span class='ocrx_word' id='word_1_570' title='bbox 2956 2191 3052 2246; x_wconf 88' lang='lat' dir='ltr'><strong>sed</strong></span> <span class='ocrx_word' id='word_1_571' title='bbox 3079 2210 3095 2245; x_wconf 90' lang='lat'><strong><em>:</em></strong></span> <span class='ocrx_word' id='word_1_572' title='bbox 3135 2192 3398 2257; x_wconf 85' lang='lat' dir='ltr'><strong>Quoniam</strong></span> <span class='ocrx_word' id='word_1_573' title='bbox 3425 2190 3579 2244; x_wconf 82' lang='lat' dir='ltr'><strong>mitis</strong></span> <span class='ocrx_word' id='word_1_574' title='bbox 3603 2202 3718 2242; x_wconf 87' lang='lat' dir='ltr'><strong>sum</strong></span> 
     </span>
    </p>
   </div>
   <div class='ocr_carea' id='block_1_78' title="bbox 2115 2261 3711 2333">
    <p class='ocr_par' dir='ltr' id='par_1_78' title="bbox 2115 2261 3711 2333">
     <span class='ocr_line' id='line_1_78' title="bbox 2115 2261 3711 2333; baseline -0.003 -16"><span class='ocrx_word' id='word_1_575' title='bbox 2115 2267 2167 2317; x_wconf 90' lang='lat' dir='ltr'><strong>et</strong></span> <span class='ocrx_word' id='word_1_576' title='bbox 2201 2264 2422 2333; x_wconf 78' lang='lat' dir='ltr'><strong>humilis</strong></span> <span class='ocrx_word' id='word_1_577' title='bbox 2450 2264 2605 2318; x_wconf 89' lang='lat' dir='ltr'><strong>corde</strong></span> <span class='ocrx_word' id='word_1_578' title='bbox 2634 2262 2771 2333; x_wconf 86' lang='lat' dir='ltr'><strong>(Lib.</strong></span> <span class='ocrx_word' id='word_1_579' title='bbox 2811 2263 2876 2318; x_wconf 88' lang='lat' dir='ltr'><strong>de</strong></span> <span class='ocrx_word' id='word_1_580' title='bbox 2902 2264 3097 2319; x_wconf 87' lang='lat' dir='ltr'><strong>Sancta</strong></span> <span class='ocrx_word' id='word_1_581' title='bbox 3142 2263 3407 2333; x_wconf 83' lang='lat' dir='ltr'><strong>Virginit.</strong></span> <span class='ocrx_word' id='word_1_582' title='bbox 3449 2275 3568 2329; x_wconf 87' lang='lat' dir='ltr'><strong>cap.</strong></span> <span class='ocrx_word' id='word_1_583' title='bbox 3596 2261 3711 2333; x_wconf 84' lang='lat'><strong>_35).</strong></span> 
     </span>
    </p>
   </div>
   <div class='ocr_carea' id='block_1_79' title="bbox 2112 2329 3717 2402">
    <p class='ocr_par' dir='ltr' id='par_1_79' title="bbox 2112 2329 3717 2402">
     <span class='ocr_line' id='line_1_79' title="bbox 2112 2329 3717 2402; baseline -0.002 -15"><span class='ocrx_word' id='word_1_584' title='bbox 2112 2333 2257 2387; x_wconf 84' lang='lat' dir='ltr'><strong>Alibi</strong></span> <span class='ocrx_word' id='word_1_585' title='bbox 2285 2332 2425 2388; x_wconf 91' lang='lat' dir='ltr'><strong>idem</strong></span> <span class='ocrx_word' id='word_1_586' title='bbox 2450 2329 2785 2402; x_wconf 82' lang='lat' dir='ltr'><strong>Augustinus</strong></span> <span class='ocrx_word' id='word_1_587' title='bbox 2798 2333 3045 2388; x_wconf 82' lang='lat' dir='ltr'><strong>eamdem</strong></span> <span class='ocrx_word' id='word_1_588' title='bbox 3062 2329 3388 2388; x_wconf 85' lang='lat' dir='ltr'><strong>sententiam</strong></span> <span class='ocrx_word' id='word_1_589' title='bbox 3410 2329 3717 2402; x_wconf 81' lang='lat' dir='ltr'><strong>expendens</strong></span> 
     </span>
    </p>
   </div>
   <div class='ocr_carea' id='block_1_80' title="bbox 2112 2403 3716 2460">
    <p class='ocr_par' dir='ltr' id='par_1_80' title="bbox 2112 2403 3716 2460">
     <span class='ocr_line' id='line_1_80' title="bbox 2112 2403 3716 2460; baseline -0.002 -2"><span class='ocrx_word' id='word_1_590' title='bbox 2112 2404 2191 2458; x_wconf 87' lang='lat' dir='ltr'><strong>sic</strong></span> <span class='ocrx_word' id='word_1_591' title='bbox 2210 2403 2639 2459; x_wconf 89' lang='lat' dir='ltr'><strong>admirabundus</strong></span> <span class='ocrx_word' id='word_1_592' title='bbox 2658 2404 2924 2460; x_wconf 81' lang='lat' dir='ltr'><strong>exclamat</strong></span> <span class='ocrx_word' id='word_1_593' title='bbox 2948 2422 2960 2459; x_wconf 88' lang='lat'><strong>:</strong></span> <span class='ocrx_word' id='word_1_594' title='bbox 2985 2407 3216 2460; x_wconf 88' lang='lat' dir='ltr'><strong>Huccine</strong></span> <span class='ocrx_word' id='word_1_595' title='bbox 3239 2403 3452 2458; x_wconf 86' lang='lat' dir='ltr'><strong>redacti</strong></span> <span class='ocrx_word' id='word_1_596' title='bbox 3470 2405 3592 2456; x_wconf 88' lang='lat' dir='ltr'><strong>sunt</strong></span> <span class='ocrx_word' id='word_1_597' title='bbox 3613 2416 3716 2455; x_wconf 87' lang='lat' dir='ltr'><strong>om-</strong></span> 
     </span>
    </p>
   </div>
   <div class='ocr_carea' id='block_1_81' title="bbox 2111 2474 3719 2545">
    <p class='ocr_par' dir='ltr' id='par_1_81' title="bbox 2111 2474 3719 2545">
     <span class='ocr_line' id='line_1_81' title="bbox 2111 2474 3719 2545; baseline -0.002 -17"><span class='ocrx_word' id='word_1_598' title='bbox 2111 2489 2202 2529; x_wconf 90' lang='lat' dir='ltr'><strong>nes</strong></span> <span class='ocrx_word' id='word_1_599' title='bbox 2233 2476 2478 2529; x_wconf 85' lang='lat' dir='ltr'><strong>thesauri</strong></span> <span class='ocrx_word' id='word_1_600' title='bbox 2502 2477 2785 2545; x_wconf 75' lang='lat' dir='ltr'><strong>sapientia:</strong></span> <span class='ocrx_word' id='word_1_601' title='bbox 2816 2480 2868 2529; x_wconf 91' lang='lat' dir='ltr'><strong>et</strong></span> <span class='ocrx_word' id='word_1_602' title='bbox 2894 2476 3126 2530; x_wconf 62' lang='lat' dir='ltr'><strong>scientiae</strong></span> <span class='ocrx_word' id='word_1_603' title='bbox 3147 2474 3457 2529; x_wconf 81' lang='lat' dir='ltr'><strong>absconditi</strong></span> <span class='ocrx_word' id='word_1_604' title='bbox 3476 2476 3537 2527; x_wconf 82' lang='lat' dir='ltr'><strong>in</strong></span> <span class='ocrx_word' id='word_1_605' title='bbox 3559 2477 3635 2545; x_wconf 85' lang='lat' dir='ltr'><strong>te,</strong></span> <span class='ocrx_word' id='word_1_606' title='bbox 3656 2475 3719 2526; x_wconf 85' lang='lat' dir='ltr'><strong>ut</strong></span> 
     </span>
    </p>
   </div>
   <div class='ocr_carea' id='block_1_82' title="bbox 2114 2544 3719 2616">
    <p class='ocr_par' dir='ltr' id='par_1_82' title="bbox 2114 2544 3719 2616">
     <span class='ocr_line' id='line_1_82' title="bbox 2114 2544 3719 2616; baseline 0 -18"><span class='ocrx_word' id='word_1_607' title='bbox 2114 2545 2209 2599; x_wconf 90' lang='lat' dir='ltr'><strong>hoc</strong></span> <span class='ocrx_word' id='word_1_608' title='bbox 2233 2561 2332 2615; x_wconf 88' lang='lat' dir='ltr'><strong>pro</strong></span> <span class='ocrx_word' id='word_1_609' title='bbox 2354 2562 2546 2614; x_wconf 88' lang='lat' dir='ltr'><strong>magno</strong></span> <span class='ocrx_word' id='word_1_610' title='bbox 2560 2544 2833 2601; x_wconf 66' lang='lat' dir='ltr'><strong>discamus</strong></span> <span class='ocrx_word' id='word_1_611' title='bbox 2853 2562 2889 2600; x_wconf 90' lang='lat' dir='ltr'><strong>a</strong></span> <span class='ocrx_word' id='word_1_612' title='bbox 2916 2550 2987 2610; x_wconf 91' lang='lat' dir='ltr'><strong>te,</strong></span> <span class='ocrx_word' id='word_1_613' title='bbox 3016 2548 3269 2616; x_wconf 84' lang='lat' dir='ltr'><strong>quoniam</strong></span> <span class='ocrx_word' id='word_1_614' title='bbox 3287 2547 3441 2600; x_wconf 87' lang='lat' dir='ltr'><strong>mitis</strong></span> <span class='ocrx_word' id='word_1_615' title='bbox 3466 2560 3519 2599; x_wconf 87' lang='lat' dir='ltr'><strong>es</strong></span> <span class='ocrx_word' id='word_1_616' title='bbox 3544 2549 3593 2598; x_wconf 89' lang='lat' dir='ltr'><strong>et</strong></span> <span class='ocrx_word' id='word_1_617' title='bbox 3621 2544 3719 2599; x_wconf 82' lang='lat' dir='ltr'><strong>hu-</strong></span> 
     </span>
    </p>
   </div>
   <div class='ocr_carea' id='block_1_83' title="bbox 2114 2617 3719 2757">
    <p class='ocr_par' dir='ltr' id='par_1_83' title="bbox 2114 2617 3719 2757">
     <span class='ocr_line' id='line_1_83' title="bbox 2114 2617 3719 2697; baseline 0 -28"><span class='ocrx_word' id='word_1_618' title='bbox 2114 2617 2260 2697; x_wconf 60' lang='lat' dir='ltr'><strong>milis</strong></span> <span class='ocrx_word' id='word_1_619' title='bbox 2295 2617 2486 2672; x_wconf 84' lang='lat' dir='ltr'><strong>corde?</strong></span> <span class='ocrx_word' id='word_1_620' title='bbox 2509 2620 2655 2673; x_wconf 86' lang='lat' dir='ltr'><strong>Itane</strong></span> <span class='ocrx_word' id='word_1_621' title='bbox 2678 2633 2932 2686; x_wconf 82' lang='lat' dir='ltr'><strong>magnum</strong></span> <span class='ocrx_word' id='word_1_622' title='bbox 2959 2623 3037 2673; x_wconf 91' lang='lat' dir='ltr'><strong>est</strong></span> <span class='ocrx_word' id='word_1_623' title='bbox 3056 2632 3163 2672; x_wconf 86' lang='lat' dir='ltr'><strong>esse</strong></span> <span class='ocrx_word' id='word_1_624' title='bbox 3182 2632 3442 2688; x_wconf 81' lang='lat' dir='ltr'><strong>parvum,</strong></span> <span class='ocrx_word' id='word_1_625' title='bbox 3467 2620 3531 2669; x_wconf 88' lang='lat' dir='ltr'><strong>ut</strong></span> <span class='ocrx_word' id='word_1_626' title='bbox 3559 2617 3668 2669; x_wconf 85' lang='lat' dir='ltr'><strong>nisi</strong></span> <span class='ocrx_word' id='word_1_627' title='bbox 3686 2631 3719 2670; x_wconf 83' lang='grc' dir='ltr'>α</span> 
     </span>
     <span class='ocr_line' id='line_1_84' title="bbox 2116 2689 3719 2757; baseline 0 -17"><span class='ocrx_word' id='word_1_628' title='bbox 2116 2690 2184 2749; x_wconf 90' lang='lat' dir='ltr'><strong>te,</strong></span> <span class='ocrx_word' id='word_1_629' title='bbox 2210 2689 2310 2756; x_wconf 88' lang='lat' dir='ltr'><strong>qui</strong></span> <span class='ocrx_word' id='word_1_630' title='bbox 2326 2693 2437 2742; x_wconf 88' lang='lat' dir='ltr'><strong>tam</strong></span> <span class='ocrx_word' id='word_1_631' title='bbox 2456 2702 2680 2757; x_wconf 83' lang='lat' dir='ltr'><strong>magnus</strong></span> <span class='ocrx_word' id='word_1_632' title='bbox 2698 2703 2770 2751; x_wconf 92' lang='lat' dir='ltr'><strong>es,</strong></span> <span class='ocrx_word' id='word_1_633' title='bbox 2796 2691 2962 2757; x_wconf 82' lang='lat' dir='ltr'><strong>ﬁeret,</strong></span> <span class='ocrx_word' id='word_1_634' title='bbox 2990 2689 3128 2743; x_wconf 88' lang='lat' dir='ltr'><strong>disci</strong></span> <span class='ocrx_word' id='word_1_635' title='bbox 3143 2691 3358 2743; x_wconf 91' lang='lat' dir='ltr'><strong>omnino</strong></span> <span class='ocrx_word' id='word_1_636' title='bbox 3379 2702 3485 2741; x_wconf 86' lang='lat' dir='ltr'><strong>non</strong></span> <span class='ocrx_word' id='word_1_637' title='bbox 3504 2689 3719 2757; x_wconf 84' lang='lat' dir='ltr'><strong>posset?</strong></span> 
     </span>
    </p>
   </div>
   <div class='ocr_carea' id='block_1_84' title="bbox 2114 2730 3719 2829">
    <p class='ocr_par' dir='ltr' id='par_1_84' title="bbox 2114 2730 3719 2829">
     <span class='ocr_line' id='line_1_85' title="bbox 2114 2730 3719 2829; baseline -0.001 -18"><span class='ocrx_word' id='word_1_638' title='bbox 2114 2730 2388 2829; x_wconf 41' lang='lat' dir='ltr'><strong>Itaxplane</strong></span> <span class='ocrx_word' id='word_1_639' title='bbox 2419 2778 2436 2812; x_wconf 90' lang='lat'><strong><em>:</em></strong></span> <span class='ocrx_word' id='word_1_640' title='bbox 2464 2730 2572 2814; x_wconf 53' lang='grc' dir='ltr'><strong>η’ὸῖ</strong></span> <span class='ocrx_word' id='word_1_641' title='bbox 2594 2761 2733 2814; x_wconf 83' lang='lat' dir='ltr'><strong>enim</strong></span> <span class='ocrx_word' id='word_1_642' title='bbox 2752 2730 2923 2813; x_wconf 60' lang='lat' dir='ltr'><strong>bliter</strong></span> <span class='ocrx_word' id='word_1_643' title='bbox 2945 2730 3232 2814; x_wconf 56' lang='lat' dir='ltr'><strong>invenitur</strong></span> <span class='ocrx_word' id='word_1_644' title='bbox 3252 2761 3469 2828; x_wconf 85' lang='lat' dir='ltr'><strong>requies</strong></span> <span class='ocrx_word' id='word_1_645' title='bbox 3492 2730 3719 2823; x_wconf 58' lang='lat' dir='ltr'><strong>dum;</strong></span> 
     </span>
    </p>
   </div>
   <div class='ocr_carea' id='block_1_85' title="bbox 2113 2829 3714 2899">
    <p class='ocr_par' dir='ltr' id='par_1_85' title="bbox 2113 2829 3714 2899">
     <span class='ocr_line' id='line_1_86' title="bbox 2113 2829 3714 2899; baseline 0.001 -18"><span class='ocrx_word' id='word_1_646' title='bbox 2113 2830 2227 2881; x_wconf 87' lang='lat' dir='ltr'><strong>nisi</strong></span> <span class='ocrx_word' id='word_1_647' title='bbox 2262 2830 2502 2897; x_wconf 88' lang='lat' dir='ltr'><strong>inquieto</strong></span> <span class='ocrx_word' id='word_1_648' title='bbox 2545 2835 2747 2884; x_wconf 87' lang='lat' dir='ltr'><strong>tumore</strong></span> <span class='ocrx_word' id='word_1_649' title='bbox 2783 2830 3013 2898; x_wconf 86' lang='lat' dir='ltr'><strong>digesto,</strong></span> <span class='ocrx_word' id='word_1_650' title='bbox 3055 2846 3161 2899; x_wconf 90' lang='lat' dir='ltr'><strong>quo</strong></span> <span class='ocrx_word' id='word_1_651' title='bbox 3196 2846 3401 2899; x_wconf 84' lang='lat' dir='ltr'><strong>magna</strong></span> <span class='ocrx_word' id='word_1_652' title='bbox 3434 2829 3542 2884; x_wconf 85' lang='lat' dir='ltr'><strong>sibi</strong></span> <span class='ocrx_word' id='word_1_653' title='bbox 3582 2832 3714 2891; x_wconf 82' lang='lat' dir='ltr'><strong>erat,</strong></span> 
     </span>
    </p>
   </div>
   <div class='ocr_carea' id='block_1_86' title="bbox 2114 2899 3719 2972">
    <p class='ocr_par' dir='ltr' id='par_1_86' title="bbox 2114 2899 3719 2972">
     <span class='ocr_line' id='line_1_87' title="bbox 2114 2899 3719 2972; baseline 0.001 -20"><span class='ocrx_word' id='word_1_654' title='bbox 2114 2899 2333 2972; x_wconf 81' lang='lat' dir='ltr'><strong>quando</strong></span> <span class='ocrx_word' id='word_1_655' title='bbox 2348 2899 2446 2972; x_wconf 76' lang='lat' dir='ltr'><strong>tibi</strong></span> <span class='ocrx_word' id='word_1_656' title='bbox 2462 2914 2597 2972; x_wconf 87' lang='lat' dir='ltr'><strong>sana</strong></span> <span class='ocrx_word' id='word_1_657' title='bbox 2615 2916 2720 2955; x_wconf 89' lang='lat' dir='ltr'><strong>non</strong></span> <span class='ocrx_word' id='word_1_658' title='bbox 2741 2906 2878 2963; x_wconf 89' lang='lat' dir='ltr'><strong>erat,</strong></span> <span class='ocrx_word' id='word_1_659' title='bbox 2894 2908 2997 2956; x_wconf 91' lang='lat' dir='ltr'><strong>etc.</strong></span> <span class='ocrx_word' id='word_1_660' title='bbox 3015 2902 3200 2958; x_wconf 89' lang='lat' dir='ltr'><strong>Locus</strong></span> <span class='ocrx_word' id='word_1_661' title='bbox 3214 2909 3297 2957; x_wconf 89' lang='lat' dir='ltr'><strong>est</strong></span> <span class='ocrx_word' id='word_1_662' title='bbox 3314 2899 3719 2972; x_wconf 82' lang='lat' dir='ltr'><strong>pulcherrimus</strong></span> 
     </span>
    </p>
   </div>
   <div class='ocr_carea' id='block_1_87' title="bbox 2113 2968 2732 3039">
    <p class='ocr_par' dir='ltr' id='par_1_87' title="bbox 2113 2968 2732 3039">
     <span class='ocr_line' id='line_1_88' title="bbox 2113 2968 2732 3039; baseline 0.006 -16"><span class='ocrx_word' id='word_1_663' title='bbox 2113 2976 2168 3023; x_wconf 90' lang='lat' dir='ltr'><strong>et</strong></span> <span class='ocrx_word' id='word_1_664' title='bbox 2187 2968 2331 3039; x_wconf 78' lang='lat' dir='ltr'><strong>lectu</strong></span> <span class='ocrx_word' id='word_1_665' title='bbox 2356 2970 2732 3039; x_wconf 89' lang='lat' dir='ltr'><strong>dignissimus.</strong></span> 
     </span>
    </p>
   </div>
   <div class='ocr_carea' id='block_1_88' title="bbox 2184 3031 3715 3114">
    <p class='ocr_par' dir='ltr' id='par_1_88' title="bbox 2184 3031 3715 3114">
     <span class='ocr_line' id='line_1_89' title="bbox 2184 3031 3715 3114; baseline 0.001 -20"><span class='ocrx_word' id='word_1_666' title='bbox 2184 3031 2326 3114; x_wconf 68' lang='lat' dir='ltr'><strong>b__D.</strong></span> <span class='ocrx_word' id='word_1_667' title='bbox 2372 3031 2707 3114; x_wconf 69' lang='lat' dir='ltr'><strong>Aiigustinus</strong></span> <span class='ocrx_word' id='word_1_668' title='bbox 2751 3040 2892 3098; x_wconf 87' lang='lat' dir='ltr'><strong>hanc</strong></span> <span class='ocrx_word' id='word_1_669' title='bbox 2919 3041 3288 3113; x_wconf 90' lang='lat' dir='ltr'><strong>objectionem</strong></span> <span class='ocrx_word' id='word_1_670' title='bbox 3317 3041 3605 3110; x_wconf 77' lang='lat' dir='ltr'><strong>gentilium</strong></span> <span class='ocrx_word' id='word_1_671' title='bbox 3642 3040 3715 3096; x_wconf 90' lang='lat' dir='ltr'><strong>ita</strong></span> 
     </span>
    </p>
   </div>
   <div class='ocr_carea' id='block_1_89' title="bbox 2112 3109 3715 3183">
    <p class='ocr_par' dir='ltr' id='par_1_89' title="bbox 2112 3109 3715 3183">
     <span class='ocr_line' id='line_1_90' title="bbox 2112 3109 3715 3183; baseline 0.002 -20"><span class='ocrx_word' id='word_1_672' title='bbox 2112 3109 2284 3183; x_wconf 79' lang='lat' dir='ltr'><strong>eludit</strong></span> <span class='ocrx_word' id='word_1_673' title='bbox 2325 3131 2336 3167; x_wconf 91' lang='lat'>:</span> <span class='ocrx_word' id='word_1_674' title='bbox 2372 3109 2494 3175; x_wconf 59' lang='lat' dir='ltr'><strong>Cur&#39;,</strong></span> <span class='ocrx_word' id='word_1_675' title='bbox 2522 3114 2800 3183; x_wconf 85' lang='lat' dir='ltr'><strong>inquiunt,</strong></span> <span class='ocrx_word' id='word_1_676' title='bbox 2827 3130 2970 3168; x_wconf 89' lang='lat' dir='ltr'><strong>nunc</strong></span> <span class='ocrx_word' id='word_1_677' title='bbox 2991 3109 3094 3169; x_wconf 79' lang='lat' dir='ltr'><strong>illa</strong></span> <span class='ocrx_word' id='word_1_678' title='bbox 3126 3109 3395 3168; x_wconf 84' lang='lat' dir='ltr'><strong>miracula</strong></span> <span class='ocrx_word' id='word_1_679' title='bbox 3427 3129 3550 3183; x_wconf 77' lang='lat' dir='ltr'><strong>qua:</strong></span> <span class='ocrx_word' id='word_1_680' title='bbox 3569 3128 3715 3183; x_wconf 73' lang='lat' dir='ltr'><strong>prce-</strong></span> 
     </span>
    </p>
   </div>
   <div class='ocr_carea' id='block_1_90' title="bbox 2110 3181 3719 3254">
    <p class='ocr_par' dir='ltr' id='par_1_90' title="bbox 2110 3181 3719 3254">
     <span class='ocr_line' id='line_1_91' title="bbox 2110 3181 3719 3254; baseline 0.002 -20"><span class='ocrx_word' id='word_1_681' title='bbox 2110 3181 2305 3237; x_wconf 85' lang='lat' dir='ltr'><strong>dicatis</strong></span> <span class='ocrx_word' id='word_1_682' title='bbox 2345 3184 2495 3249; x_wconf 85' lang='lat' dir='ltr'><strong>facta</strong></span> <span class='ocrx_word' id='word_1_683' title='bbox 2531 3181 2658 3245; x_wconf 76' lang='lat' dir='ltr'><strong>esse,</strong></span> <span class='ocrx_word' id='word_1_684' title='bbox 2701 3200 2808 3238; x_wconf 90' lang='lat' dir='ltr'><strong>non</strong></span> <span class='ocrx_word' id='word_1_685' title='bbox 2834 3188 3010 3253; x_wconf 82' lang='lat' dir='ltr'><strong>ﬁunt?</strong></span> <span class='ocrx_word' id='word_1_686' title='bbox 3047 3188 3261 3240; x_wconf 89' lang='lat' dir='ltr'><strong>Possem</strong></span> <span class='ocrx_word' id='word_1_687' title='bbox 3292 3181 3510 3254; x_wconf 77' lang='lat' dir='ltr'><strong>quidem</strong></span> <span class='ocrx_word' id='word_1_688' title='bbox 3546 3181 3719 3238; x_wconf 85' lang='lat' dir='ltr'><strong>dicere</strong></span> 
     </span>
    </p>
   </div>
   <div class='ocr_carea' id='block_1_91' title="bbox 2107 3254 3715 3325">
    <p class='ocr_par' dir='ltr' id='par_1_91' title="bbox 2107 3254 3715 3325">
     <span class='ocr_line' id='line_1_92' title="bbox 2107 3254 3715 3325; baseline 0.001 -20"><span class='ocrx_word' id='word_1_689' title='bbox 2107 3256 2404 3308; x_wconf 85' lang='lat' dir='ltr'><strong>necessaria</strong></span> <span class='ocrx_word' id='word_1_690' title='bbox 2427 3256 2616 3321; x_wconf 86' lang='lat' dir='ltr'><strong>fuisse,</strong></span> <span class='ocrx_word' id='word_1_691' title='bbox 2632 3258 2956 3325; x_wconf 86' lang='lat' dir='ltr'><strong>priusquam</strong></span> <span class='ocrx_word' id='word_1_692' title='bbox 2980 3256 3218 3311; x_wconf 83' lang='lat' dir='ltr'><strong>crederet</strong></span> <span class='ocrx_word' id='word_1_693' title='bbox 3239 3257 3494 3318; x_wconf 88' lang='lat' dir='ltr'><strong>mundus,</strong></span> <span class='ocrx_word' id='word_1_694' title='bbox 3519 3254 3593 3308; x_wconf 89' lang='lat' dir='ltr'><strong>ad</strong></span> <span class='ocrx_word' id='word_1_695' title='bbox 3614 3254 3715 3325; x_wconf 78' lang='lat' dir='ltr'><strong>hoc</strong></span> 
     </span>
    </p>
   </div>
   <div class='ocr_carea' id='block_1_92' title="bbox 2107 3324 3713 3397">
    <p class='ocr_par' dir='ltr' id='par_1_92' title="bbox 2107 3324 3713 3397">
     <span class='ocr_line' id='line_1_93' title="bbox 2107 3324 3713 3397; baseline 0.001 -21"><span class='ocrx_word' id='word_1_696' title='bbox 2107 3327 2171 3397; x_wconf 82' lang='lat' dir='ltr'><strong>ut</strong></span> <span class='ocrx_word' id='word_1_697' title='bbox 2182 3325 2416 3379; x_wconf 85' lang='lat' dir='ltr'><strong>crederet</strong></span> <span class='ocrx_word' id='word_1_698' title='bbox 2424 3327 2674 3381; x_wconf 86' lang='lat' dir='ltr'><strong>mundus.</strong></span> <span class='ocrx_word' id='word_1_699' title='bbox 2691 3327 2947 3395; x_wconf 88' lang='lat' dir='ltr'><strong>Quisquis</strong></span> <span class='ocrx_word' id='word_1_700' title='bbox 2959 3327 3138 3381; x_wconf 87' lang='lat' dir='ltr'><strong>adhuc</strong></span> <span class='ocrx_word' id='word_1_701' title='bbox 3144 3327 3425 3397; x_wconf 88' lang='lat' dir='ltr'><strong>prodigia,</strong></span> <span class='ocrx_word' id='word_1_702' title='bbox 3436 3332 3495 3381; x_wconf 84' lang='lat' dir='ltr'><strong>ut</strong></span> <span class='ocrx_word' id='word_1_703' title='bbox 3506 3324 3713 3388; x_wconf 78' lang='lat' dir='ltr'><strong>credat,</strong></span> 
     </span>
    </p>
   </div>
   <div class='ocr_carea' id='block_1_93' title="bbox 2118 3395 3713 3468">
    <p class='ocr_par' dir='ltr' id='par_1_93' title="bbox 2118 3395 3713 3468">
     <span class='ocr_line' id='line_1_94' title="bbox 2118 3395 3713 3468; baseline 0.004 -21"><span class='ocrx_word' id='word_1_704' title='bbox 2118 3395 2370 3468; x_wconf 73' lang='lat' dir='ltr'><strong>inquirit,</strong></span> <span class='ocrx_word' id='word_1_705' title='bbox 2396 3412 2653 3464; x_wconf 88' lang='lat' dir='ltr'><strong>magnum</strong></span> <span class='ocrx_word' id='word_1_706' title='bbox 2672 3402 2750 3468; x_wconf 89' lang='lat' dir='ltr'><strong>est</strong></span> <span class='ocrx_word' id='word_1_707' title='bbox 2777 3399 2891 3466; x_wconf 85' lang='lat' dir='ltr'><strong>ipse</strong></span> <span class='ocrx_word' id='word_1_708' title='bbox 2902 3395 3239 3466; x_wconf 74' lang='lat' dir='ltr'><strong>prodigium,</strong></span> <span class='ocrx_word' id='word_1_709' title='bbox 3266 3401 3367 3468; x_wconf 84' lang='lat' dir='ltr'><strong>qui</strong></span> <span class='ocrx_word' id='word_1_710' title='bbox 3382 3397 3575 3451; x_wconf 80' lang='lat' dir='ltr'><strong>mundo</strong></span> <span class='ocrx_word' id='word_1_711' title='bbox 3594 3410 3713 3468; x_wconf 68' lang='lat' dir='ltr'><strong>cre-</strong></span> 
     </span>
    </p>
   </div>
   <div class='ocr_carea' id='block_1_94' title="bbox 2118 3464 3717 3538">
    <p class='ocr_par' dir='ltr' id='par_1_94' title="bbox 2118 3464 3717 3538">
     <span class='ocr_line' id='line_1_95' title="bbox 2118 3464 3717 3538; baseline 0.001 -19"><span class='ocrx_word' id='word_1_712' title='bbox 2118 3464 2295 3529; x_wconf 85' lang='lat' dir='ltr'><strong>dente,</strong></span> <span class='ocrx_word' id='word_1_713' title='bbox 2336 3481 2441 3521; x_wconf 90' lang='lat' dir='ltr'><strong>non</strong></span> <span class='ocrx_word' id='word_1_714' title='bbox 2466 3468 2636 3522; x_wconf 87' lang='lat' dir='ltr'><strong>credit</strong></span> <span class='ocrx_word' id='word_1_715' title='bbox 2673 3464 2813 3538; x_wconf 57' lang='lat' dir='ltr'><strong>(Lib:</strong></span> <span class='ocrx_word' id='word_1_716' title='bbox 2856 3464 2942 3523; x_wconf 64' lang='lat' dir='ltr'><strong>xi</strong></span> <span class='ocrx_word' id='word_1_717' title='bbox 2981 3469 3049 3523; x_wconf 90' lang='lat' dir='ltr'><strong>de</strong></span> <span class='ocrx_word' id='word_1_718' title='bbox 3074 3464 3238 3525; x_wconf 74' lang='lat' dir='ltr'><strong>Ciuit.</strong></span> <span class='ocrx_word' id='word_1_719' title='bbox 3274 3464 3324 3523; x_wconf 70' lang='grc' dir='ltr'><strong>ἒ.</strong></span> <span class='ocrx_word' id='word_1_720' title='bbox 3368 3470 3472 3538; x_wconf 81' lang='lat'><strong>19}.</strong></span> <span class='ocrx_word' id='word_1_721' title='bbox 3515 3466 3717 3525; x_wconf 86' lang='lat' dir='ltr'><strong>Subdit</strong></span> 
     </span>
    </p>
   </div>
   <div class='ocr_carea' id='block_1_95' title="bbox 2113 3538 3715 3609">
    <p class='ocr_par' dir='ltr' id='par_1_95' title="bbox 2113 3538 3715 3609">
     <span class='ocr_line' id='line_1_96' title="bbox 2113 3538 3715 3609; baseline 0.002 -20"><span class='ocrx_word' id='word_1_722' title='bbox 2113 3542 2316 3604; x_wconf 86' lang='lat' dir='ltr'><strong>tamen,</strong></span> <span class='ocrx_word' id='word_1_723' title='bbox 2342 3545 2397 3609; x_wconf 85' lang='lat' dir='ltr'><strong>et</strong></span> <span class='ocrx_word' id='word_1_724' title='bbox 2422 3546 2606 3592; x_wconf 89' lang='lat' dir='ltr'><strong>narrat</strong></span> <span class='ocrx_word' id='word_1_725' title='bbox 2632 3545 2750 3592; x_wconf 90' lang='lat' dir='ltr'><strong>toto</strong></span> <span class='ocrx_word' id='word_1_726' title='bbox 2780 3538 2958 3609; x_wconf 89' lang='lat' dir='ltr'><strong>capite</strong></span> <span class='ocrx_word' id='word_1_727' title='bbox 2986 3539 3156 3595; x_wconf 92' lang='lat' dir='ltr'><strong>multa</strong></span> <span class='ocrx_word' id='word_1_728' title='bbox 3185 3538 3445 3595; x_wconf 88' lang='lat' dir='ltr'><strong>miracula</strong></span> <span class='ocrx_word' id='word_1_729' title='bbox 3468 3538 3715 3594; x_wconf 86' lang='lat' dir='ltr'><strong>curatio-</strong></span> 
     </span>
    </p>
   </div>
   <div class='ocr_carea' id='block_1_96' title="bbox 2111 3606 3716 3679">
    <p class='ocr_par' dir='ltr' id='par_1_96' title="bbox 2111 3606 3716 3679">
     <span class='ocr_line' id='line_1_97' title="bbox 2111 3606 3716 3679; baseline 0.004 -20"><span class='ocrx_word' id='word_1_730' title='bbox 2111 3621 2244 3661; x_wconf 91' lang='lat' dir='ltr'><strong>num</strong></span> <span class='ocrx_word' id='word_1_731' title='bbox 2288 3606 2451 3663; x_wconf 90' lang='lat' dir='ltr'><strong>etiam</strong></span> <span class='ocrx_word' id='word_1_732' title='bbox 2492 3623 2593 3663; x_wconf 90' lang='lat' dir='ltr'><strong>suo</strong></span> <span class='ocrx_word' id='word_1_733' title='bbox 2635 3606 2883 3679; x_wconf 79' lang='lat' dir='ltr'><strong>tempore</strong></span> <span class='ocrx_word' id='word_1_734' title='bbox 2927 3609 3092 3678; x_wconf 81' lang='lat' dir='ltr'><strong>facta,</strong></span> <span class='ocrx_word' id='word_1_735' title='bbox 3128 3610 3258 3666; x_wconf 92' lang='lat' dir='ltr'><strong>licet</strong></span> <span class='ocrx_word' id='word_1_736' title='bbox 3302 3625 3413 3665; x_wconf 89' lang='lat' dir='ltr'><strong>non</strong></span> <span class='ocrx_word' id='word_1_737' title='bbox 3453 3610 3716 3679; x_wconf 83' lang='lat' dir='ltr'><strong>omnibus</strong></span> 
     </span>
    </p>
   </div>
   <div class='ocr_carea' id='block_1_97' title="bbox 2110 3677 3712 3747">
    <p class='ocr_par' dir='ltr' id='par_1_97' title="bbox 2110 3677 3712 3747">
     <span class='ocr_line' id='line_1_98' title="bbox 2110 3677 3712 3747; baseline 0.002 -18"><span class='ocrx_word' id='word_1_738' title='bbox 2110 3685 2273 3742; x_wconf 90' lang='lat' dir='ltr'><strong>nota,</strong></span> <span class='ocrx_word' id='word_1_739' title='bbox 2326 3693 2423 3747; x_wconf 88' lang='lat' dir='ltr'><strong>per</strong></span> <span class='ocrx_word' id='word_1_740' title='bbox 2463 3679 2656 3733; x_wconf 89' lang='lat' dir='ltr'><strong>merita</strong></span> <span class='ocrx_word' id='word_1_741' title='bbox 2705 3677 2766 3734; x_wconf 81' lang='lat' dir='ltr'><strong>et</strong></span> <span class='ocrx_word' id='word_1_742' title='bbox 2808 3681 3081 3737; x_wconf 87' lang='lat' dir='ltr'><strong>orationes</strong></span> <span class='ocrx_word' id='word_1_743' title='bbox 3122 3680 3449 3736; x_wconf 81' lang='lat' dir='ltr'><strong>sanctorum.</strong></span> <span class='ocrx_word' id='word_1_744' title='bbox 3504 3684 3577 3734; x_wconf 85' lang='lat' dir='ltr'><strong>Et</strong></span> <span class='ocrx_word' id='word_1_745' title='bbox 3610 3677 3712 3734; x_wconf 86' lang='lat' dir='ltr'><strong>lib.</strong></span> 
     </span>
    </p>
   </div>
   <div class='ocr_carea' id='block_1_98' title="bbox 2112 3748 3715 3822">
    <p class='ocr_par' dir='ltr' id='par_1_98' title="bbox 2112 3748 3715 3822">
     <span class='ocr_line' id='line_1_99' title="bbox 2112 3748 3715 3822; baseline 0.002 -21"><span class='ocrx_word' id='word_1_746' title='bbox 2112 3760 2351 3822; x_wconf 76' lang='lat' dir='ltr'><strong>Lxxxm</strong></span> <span class='ocrx_word' id='word_1_747' title='bbox 2372 3748 2754 3822; x_wconf 76' lang='lat' dir='ltr'><strong>Quaestionum</strong></span> <span class='ocrx_word' id='word_1_748' title='bbox 2771 3767 2825 3822; x_wconf 94' lang='lat' dir='ltr'><strong>q.</strong></span> <span class='ocrx_word' id='word_1_749' title='bbox 2851 3757 2946 3806; x_wconf 88' lang='lat'><strong>79:</strong></span> <span class='ocrx_word' id='word_1_750' title='bbox 2967 3752 3104 3814; x_wconf 86' lang='lat' dir='ltr'><strong>Ideo,</strong></span> <span class='ocrx_word' id='word_1_751' title='bbox 3124 3749 3312 3820; x_wconf 86' lang='lat' dir='ltr'><strong>inquit,</strong></span> <span class='ocrx_word' id='word_1_752' title='bbox 3326 3765 3430 3803; x_wconf 84' lang='lat' dir='ltr'><strong>non</strong></span> <span class='ocrx_word' id='word_1_753' title='bbox 3450 3750 3715 3822; x_wconf 71' lang='lat' dir='ltr'><strong>omnibus</strong></span> 
     </span>
    </p>
   </div>
   <div class='ocr_carea' id='block_1_99' title="bbox 2109 3820 3717 3893">
    <p class='ocr_par' dir='ltr' id='par_1_99' title="bbox 2109 3820 3717 3893">
     <span class='ocr_line' id='line_1_100' title="bbox 2109 3820 3717 3893; baseline 0.003 -21"><span class='ocrx_word' id='word_1_754' title='bbox 2109 3820 2309 3893; x_wconf 84' lang='lat' dir='ltr'><strong>sanctis</strong></span> <span class='ocrx_word' id='word_1_755' title='bbox 2330 3821 2437 3874; x_wconf 90' lang='lat' dir='ltr'><strong>ista</strong></span> <span class='ocrx_word' id='word_1_756' title='bbox 2461 3820 2800 3885; x_wconf 71' lang='lat' dir='ltr'><strong>tribuuntur,</strong></span> <span class='ocrx_word' id='word_1_757' title='bbox 2820 3838 2888 3877; x_wconf 89' lang='lat' dir='ltr'><strong>ne</strong></span> <span class='ocrx_word' id='word_1_758' title='bbox 2898 3823 3334 3893; x_wconf 71' lang='lat' dir='ltr'><strong>pernimbsissimo</strong></span> <span class='ocrx_word' id='word_1_759' title='bbox 3357 3835 3535 3875; x_wconf 89' lang='lat' dir='ltr'><strong>errore</strong></span> <span class='ocrx_word' id='word_1_760' title='bbox 3555 3821 3717 3877; x_wconf 85' lang='lat' dir='ltr'><strong>deci-</strong></span> 
     </span>
    </p>
   </div>
   <div class='ocr_carea' id='block_1_100' title="bbox 2103 3890 3714 3961">
    <p class='ocr_par' dir='ltr' id='par_1_100' title="bbox 2103 3890 3714 3961">
     <span class='ocr_line' id='line_1_101' title="bbox 2103 3890 3714 3961; baseline 0.002 -18"><span class='ocrx_word' id='word_1_761' title='bbox 2103 3890 2338 3961; x_wconf 77' lang='lat' dir='ltr'><strong>piantur</strong></span> <span class='ocrx_word' id='word_1_762' title='bbox 2361 3893 2583 3960; x_wconf 83' lang='lat' dir='ltr'><strong>inﬁrmi,</strong></span> <span class='ocrx_word' id='word_1_763' title='bbox 2608 3890 2979 3949; x_wconf 66' lang='lat' dir='ltr'><strong>existimantes</strong></span> <span class='ocrx_word' id='word_1_764' title='bbox 2998 3897 3056 3949; x_wconf 85' lang='lat' dir='ltr'><strong>in</strong></span> <span class='ocrx_word' id='word_1_765' title='bbox 3080 3893 3273 3949; x_wconf 84' lang='lat' dir='ltr'><strong>talibus</strong></span> <span class='ocrx_word' id='word_1_766' title='bbox 3296 3892 3462 3959; x_wconf 77' lang='lat' dir='ltr'><strong>factis</strong></span> <span class='ocrx_word' id='word_1_767' title='bbox 3485 3892 3714 3961; x_wconf 84' lang='lat' dir='ltr'><strong>majora</strong></span> 
     </span>
    </p>
   </div>
   <div class='ocr_carea' id='block_1_101' title="bbox 2109 3960 3714 4034">
    <p class='ocr_par' dir='ltr' id='par_1_101' title="bbox 2109 3960 3714 4034">
     <span class='ocr_line' id='line_1_102' title="bbox 2109 3960 3714 4034; baseline 0.002 -19"><span class='ocrx_word' id='word_1_768' title='bbox 2109 3960 2253 4034; x_wconf 78' lang='lat' dir='ltr'><strong>dona</strong></span> <span class='ocrx_word' id='word_1_769' title='bbox 2282 3976 2409 4026; x_wconf 87' lang='lat' dir='ltr'><strong>esse,</strong></span> <span class='ocrx_word' id='word_1_770' title='bbox 2441 3978 2606 4032; x_wconf 90' lang='lat' dir='ltr'><strong>quam</strong></span> <span class='ocrx_word' id='word_1_771' title='bbox 2642 3965 2703 4017; x_wconf 87' lang='lat' dir='ltr'><strong>in</strong></span> <span class='ocrx_word' id='word_1_772' title='bbox 2733 3966 2981 4034; x_wconf 88' lang='lat' dir='ltr'><strong>operibus</strong></span> <span class='ocrx_word' id='word_1_773' title='bbox 2998 3964 3253 4033; x_wconf 70' lang='lat' dir='ltr'><strong>justitia,</strong></span> <span class='ocrx_word' id='word_1_774' title='bbox 3281 3963 3477 4032; x_wconf 85' lang='lat' dir='ltr'><strong>quibus</strong></span> <span class='ocrx_word' id='word_1_775' title='bbox 3505 3960 3714 4018; x_wconf 69' lang='lat' dir='ltr'><strong>(eterna</strong></span> 
     </span>
    </p>
   </div>
   <div class='ocr_carea' id='block_1_102' title="bbox 2106 4032 3709 4107">
    <p class='ocr_par' dir='ltr' id='par_1_102' title="bbox 2106 4032 3709 4107">
     <span class='ocr_line' id='line_1_103' title="bbox 2106 4032 3709 4107; baseline 0.004 -24"><span class='ocrx_word' id='word_1_776' title='bbox 2106 4032 2221 4085; x_wconf 86' lang='lat' dir='ltr'><strong>vita</strong></span> <span class='ocrx_word' id='word_1_777' title='bbox 2239 4038 2604 4107; x_wconf 79' lang='lat' dir='ltr'><strong>comparatur.</strong></span> <span class='ocrx_word' id='word_1_778' title='bbox 2625 4036 2694 4107; x_wconf 87' lang='lat' dir='ltr'><strong>D_.</strong></span> <span class='ocrx_word' id='word_1_779' title='bbox 2718 4032 3016 4107; x_wconf 63' lang='lat' dir='ltr'><strong>Gregorius</strong></span> <span class='ocrx_word' id='word_1_780' title='bbox 3031 4035 3222 4091; x_wconf 90' lang='lat' dir='ltr'><strong>homil.</strong></span> <span class='ocrx_word' id='word_1_781' title='bbox 3240 4041 3312 4091; x_wconf 85' lang='lat'><strong>29</strong></span> <span class='ocrx_word' id='word_1_782' title='bbox 3330 4035 3384 4089; x_wconf 90' lang='lat' dir='ltr'><strong>in</strong></span> <span class='ocrx_word' id='word_1_783' title='bbox 3398 4034 3709 4107; x_wconf 84' lang='lat' dir='ltr'><strong>Evangelia,</strong></span> 
     </span>
    </p>
   </div>
   <div class='ocr_carea' id='block_1_103' title="bbox 2106 4104 3711 4176">
    <p class='ocr_par' dir='ltr' id='par_1_103' title="bbox 2106 4104 3711 4176">
     <span class='ocr_line' id='line_1_104' title="bbox 2106 4104 3711 4176; baseline 0.003 -21"><span class='ocrx_word' id='word_1_784' title='bbox 2106 4115 2383 4176; x_wconf 77' lang='lat' dir='ltr'><strong>exponens</strong></span> <span class='ocrx_word' id='word_1_785' title='bbox 2423 4104 2516 4160; x_wconf 91' lang='lat' dir='ltr'><strong>illa</strong></span> <span class='ocrx_word' id='word_1_786' title='bbox 2558 4104 2721 4160; x_wconf 87' lang='lat' dir='ltr'><strong>verba</strong></span> <span class='ocrx_word' id='word_1_787' title='bbox 2765 4104 2967 4162; x_wconf 68' lang='lat' dir='ltr'><strong>Christi</strong></span> <span class='ocrx_word' id='word_1_788' title='bbox 3012 4126 3025 4162; x_wconf 90' lang='lat'>:</span> <span class='ocrx_word' id='word_1_789' title='bbox 3071 4107 3238 4174; x_wconf 85' lang='lat' dir='ltr'><strong>Signa</strong></span> <span class='ocrx_word' id='word_1_790' title='bbox 3277 4110 3459 4160; x_wconf 89' lang='lat' dir='ltr'><strong>autem</strong></span> <span class='ocrx_word' id='word_1_791' title='bbox 3497 4104 3585 4161; x_wconf 75' lang='lat' dir='ltr'><strong>eo§</strong></span> <span class='ocrx_word' id='word_1_792' title='bbox 3616 4107 3711 4176; x_wconf 85' lang='lat' dir='ltr'><strong>qui</strong></span> 
     </span>
    </p>
   </div>
   <div class='ocr_carea' id='block_1_104' title="bbox 2109 4174 3713 4247">
    <p class='ocr_par' dir='ltr' id='par_1_104' title="bbox 2109 4174 3713 4247">
     <span class='ocr_line' id='line_1_105' title="bbox 2109 4174 3713 4247; baseline 0.002 -21"><span class='ocrx_word' id='word_1_793' title='bbox 2109 4174 2443 4231; x_wconf 85' lang='lat' dir='ltr'><strong>crediderint</strong></span> <span class='ocrx_word' id='word_1_794' title='bbox 2464 4176 2574 4231; x_wconf 73' lang='lat' dir='ltr'><strong>hazc</strong></span> <span class='ocrx_word' id='word_1_795' title='bbox 2598 4181 2907 4246; x_wconf 83' lang='lat' dir='ltr'><strong>sequentur,</strong></span> <span class='ocrx_word' id='word_1_796' title='bbox 2931 4186 3035 4233; x_wconf 89' lang='lat' dir='ltr'><strong>etc.</strong></span> <span class='ocrx_word' id='word_1_797' title='bbox 3058 4178 3357 4247; x_wconf 83' lang='lat' dir='ltr'><strong>Numquid,</strong></span> <span class='ocrx_word' id='word_1_798' title='bbox 3384 4176 3482 4241; x_wconf 88' lang='lat' dir='ltr'><strong>ait,</strong></span> <span class='ocrx_word' id='word_1_799' title='bbox 3512 4174 3713 4243; x_wconf 72' lang='lat' dir='ltr'><strong>fratres</strong></span> 
     </span>
    </p>
   </div>
   <div class='ocr_carea' id='block_1_105' title="bbox 2108 4247 3711 4315">
    <p class='ocr_par' dir='ltr' id='par_1_105' title="bbox 2108 4247 3711 4315">
     <span class='ocr_line' id='line_1_106' title="bbox 2108 4247 3711 4315; baseline 0.003 -18"><span class='ocrx_word' id='word_1_800' title='bbox 2108 4247 2231 4307; x_wconf 87' lang='lat' dir='ltr'><strong>mei,</strong></span> <span class='ocrx_word' id='word_1_801' title='bbox 2262 4249 2395 4314; x_wconf 90' lang='lat' dir='ltr'><strong>quia</strong></span> <span class='ocrx_word' id='word_1_802' title='bbox 2417 4249 2527 4301; x_wconf 89' lang='lat' dir='ltr'><strong>ista</strong></span> <span class='ocrx_word' id='word_1_803' title='bbox 2550 4262 2656 4302; x_wconf 90' lang='lat' dir='ltr'><strong>non</strong></span> <span class='ocrx_word' id='word_1_804' title='bbox 2684 4249 2892 4315; x_wconf 88' lang='lat' dir='ltr'><strong>facitis,</strong></span> <span class='ocrx_word' id='word_1_805' title='bbox 2926 4250 3150 4303; x_wconf 87' lang='lat' dir='ltr'><strong>minime</strong></span> <span class='ocrx_word' id='word_1_806' title='bbox 3171 4249 3429 4303; x_wconf 83' lang='lat' dir='ltr'><strong>creditis?</strong></span> <span class='ocrx_word' id='word_1_807' title='bbox 3471 4248 3578 4305; x_wconf 84' lang='lat' dir='ltr'><strong>Sed</strong></span> <span class='ocrx_word' id='word_1_808' title='bbox 3604 4249 3711 4302; x_wconf 73' lang='lat' dir='ltr'><strong>hlec</strong></span> 
     </span>
    </p>
   </div>
   <div class='ocr_carea' id='block_1_106' title="bbox 2108 4317 3712 4387">
    <p class='ocr_par' dir='ltr' id='par_1_106' title="bbox 2108 4317 3712 4387">
     <span class='ocr_line' id='line_1_107' title="bbox 2108 4317 3712 4387; baseline 0.003 -20"><span class='ocrx_word' id='word_1_809' title='bbox 2108 4318 2407 4387; x_wconf 73' lang='lat' dir='ltr'><strong>necessaria</strong></span> <span class='ocrx_word' id='word_1_810' title='bbox 2436 4320 2494 4371; x_wconf 89' lang='lat' dir='ltr'><strong>in</strong></span> <span class='ocrx_word' id='word_1_811' title='bbox 2519 4318 2740 4372; x_wconf 67' lang='lat' dir='ltr'><strong>exordio</strong></span> <span class='ocrx_word' id='word_1_812' title='bbox 2771 4320 3019 4375; x_wconf 72' lang='lat' dir='ltr'><strong>Ecclesiae</strong></span> <span class='ocrx_word' id='word_1_813' title='bbox 3054 4322 3301 4387; x_wconf 88' lang='lat' dir='ltr'><strong>fuerunt.</strong></span> <span class='ocrx_word' id='word_1_814' title='bbox 3341 4322 3410 4375; x_wconf 89' lang='lat' dir='ltr'><strong>Ut</strong></span> <span class='ocrx_word' id='word_1_815' title='bbox 3444 4322 3612 4373; x_wconf 83' lang='lat' dir='ltr'><strong>etiam</strong></span> <span class='ocrx_word' id='word_1_816' title='bbox 3638 4317 3712 4372; x_wconf 89' lang='lat' dir='ltr'><strong>ad</strong></span> 
     </span>
    </p>
   </div>
   <div class='ocr_carea' id='block_1_107' title="bbox 2107 4385 3712 4457">
    <p class='ocr_par' dir='ltr' id='par_1_107' title="bbox 2107 4385 3712 4457">
     <span class='ocr_line' id='line_1_108' title="bbox 2107 4385 3712 4457; baseline 0.003 -17"><span class='ocrx_word' id='word_1_817' title='bbox 2107 4385 2265 4455; x_wconf 81' lang='lat' dir='ltr'><strong>ﬁdem</strong></span> <span class='ocrx_word' id='word_1_818' title='bbox 2285 4393 2533 4442; x_wconf 86' lang='lat' dir='ltr'><strong>cresceret</strong></span> <span class='ocrx_word' id='word_1_819' title='bbox 2546 4390 2840 4444; x_wconf 86' lang='lat' dir='ltr'><strong>multitudo</strong></span> <span class='ocrx_word' id='word_1_820' title='bbox 2857 4385 3208 4455; x_wconf 81' lang='lat' dir='ltr'><strong>credentium,</strong></span> <span class='ocrx_word' id='word_1_821' title='bbox 3231 4390 3515 4444; x_wconf 87' lang='lat' dir='ltr'><strong>miraculis</strong></span> <span class='ocrx_word' id='word_1_822' title='bbox 3532 4392 3712 4457; x_wconf 80' lang='lat' dir='ltr'><strong>fuerat</strong></span> 
     </span>
    </p>
   </div>
   <div class='ocr_carea' id='block_1_108' title="bbox 2107 4457 3712 4532">
    <p class='ocr_par' dir='ltr' id='par_1_108' title="bbox 2107 4457 3712 4532">
     <span class='ocr_line' id='line_1_109' title="bbox 2107 4457 3712 4532; baseline 0.004 -23"><span class='ocrx_word' id='word_1_823' title='bbox 2107 4457 2437 4532; x_wconf 75' lang='lat' dir='ltr'><strong>nutrienda;</strong></span> <span class='ocrx_word' id='word_1_824' title='bbox 2462 4461 2595 4527; x_wconf 88' lang='lat' dir='ltr'><strong>quia</strong></span> <span class='ocrx_word' id='word_1_825' title='bbox 2623 4465 2674 4514; x_wconf 88' lang='lat' dir='ltr'><strong>et</strong></span> <span class='ocrx_word' id='word_1_826' title='bbox 2699 4476 2793 4515; x_wconf 90' lang='lat' dir='ltr'><strong>nos</strong></span> <span class='ocrx_word' id='word_1_827' title='bbox 2817 4478 2937 4516; x_wconf 89' lang='lat' dir='ltr'><strong>cum</strong></span> <span class='ocrx_word' id='word_1_828' title='bbox 2959 4463 3188 4516; x_wconf 87' lang='lat' dir='ltr'><strong>arbusta</strong></span> <span class='ocrx_word' id='word_1_829' title='bbox 3210 4463 3553 4532; x_wconf 87' lang='lat' dir='ltr'><strong>plantamus,</strong></span> <span class='ocrx_word' id='word_1_830' title='bbox 3575 4467 3712 4516; x_wconf 80' lang='lat' dir='ltr'><strong>tam-</strong></span> 
     </span>
    </p>
   </div>
   <div class='ocr_carea' id='block_1_109' title="bbox 2108 4526 3708 4602">
    <p class='ocr_par' dir='ltr' id='par_1_109' title="bbox 2108 4526 3708 4602">
     <span class='ocr_line' id='line_1_110' title="bbox 2108 4526 3708 4602; baseline 0.004 -23"><span class='ocrx_word' id='word_1_831' title='bbox 2108 4526 2223 4602; x_wconf 89' lang='lat' dir='ltr'><strong>diu_</strong></span> <span class='ocrx_word' id='word_1_832' title='bbox 2236 4528 2310 4602; x_wconf 83' lang='lat' dir='ltr'><strong>eis</strong></span> <span class='ocrx_word' id='word_1_833' title='bbox 2337 4526 2535 4602; x_wconf 83' lang='lat' dir='ltr'><strong>aquam</strong></span> <span class='ocrx_word' id='word_1_834' title='bbox 2561 4531 2923 4597; x_wconf 89' lang='lat' dir='ltr'><strong>infundimus,</strong></span> <span class='ocrx_word' id='word_1_835' title='bbox 2950 4526 3233 4602; x_wconf 72' lang='lat' dir='ltr'><strong>quousque</strong></span> <span class='ocrx_word' id='word_1_836' title='bbox 3252 4548 3314 4587; x_wconf 88' lang='lat' dir='ltr'><strong>ea</strong></span> <span class='ocrx_word' id='word_1_837' title='bbox 3336 4535 3399 4587; x_wconf 88' lang='lat' dir='ltr'><strong>in</strong></span> <span class='ocrx_word' id='word_1_838' title='bbox 3426 4526 3569 4587; x_wconf 70' lang='lat' dir='ltr'><strong>terra</strong></span> <span class='ocrx_word' id='word_1_839' title='bbox 3586 4532 3708 4600; x_wconf 79' lang='lat' dir='ltr'><strong>jam</strong></span> 
     </span>
    </p>
   </div>
   <div class='ocr_carea' id='block_1_110' title="bbox 2108 4598 3080 4660">
    <p class='ocr_par' dir='ltr' id='par_1_110' title="bbox 2108 4598 3080 4660">
     <span class='ocr_line' id='line_1_111' title="bbox 2108 4598 3080 4660; baseline 0.009 -10"><span class='ocrx_word' id='word_1_840' title='bbox 2108 4598 2364 4653; x_wconf 89' lang='lat' dir='ltr'><strong>coaluisse</strong></span> <span class='ocrx_word' id='word_1_841' title='bbox 2384 4600 2663 4656; x_wconf 83' lang='lat' dir='ltr'><strong>videamus</strong></span> <span class='ocrx_word' id='word_1_842' title='bbox 2692 4621 2709 4657; x_wconf 90' lang='lat'><strong><em>:</em></strong></span> <span class='ocrx_word' id='word_1_843' title='bbox 2730 4608 2781 4659; x_wconf 90' lang='lat' dir='ltr'><strong>et</strong></span> <span class='ocrx_word' id='word_1_844' title='bbox 2804 4607 2855 4658; x_wconf 87' lang='lat' dir='ltr'><strong>si</strong></span> <span class='ocrx_word' id='word_1_845' title='bbox 2869 4598 3030 4660; x_wconf 66' lang='lat' dir='ltr'><strong>seniel</strong></span> <span class='ocrx_word' id='word_1_846' title='bbox 3048 4620 3080 4659; x_wconf 68' lang='grc' dir='ltr'><strong><em>π</em></strong></span> 
     </span>
    </p>
   </div>
   <div class='ocr_carea' id='block_1_111' title="bbox 2109 4671 2945 4737">
    <p class='ocr_par' dir='ltr' id='par_1_111' title="bbox 2109 4671 2945 4737">
     <span class='ocr_line' id='line_1_112' title="bbox 2109 4671 2945 4737; baseline 0.012 -16"><span class='ocrx_word' id='word_1_847' title='bbox 2109 4671 2258 4737; x_wconf 89' lang='lat' dir='ltr'><strong>gatio</strong></span> <span class='ocrx_word' id='word_1_848' title='bbox 2279 4672 2518 4726; x_wconf 90' lang='lat' dir='ltr'><strong>cessabit.</strong></span> <span class='ocrx_word' id='word_1_849' title='bbox 2544 4675 2680 4728; x_wconf 85' lang='lat' dir='ltr'><strong>Hinc</strong></span> <span class='ocrx_word' id='word_1_850' title='bbox 2707 4679 2785 4729; x_wconf 90' lang='lat' dir='ltr'><strong>est</strong></span> <span class='ocrx_word' id='word_1_851' title='bbox 2806 4678 2945 4731; x_wconf 83' lang='lat' dir='ltr'><strong>enim</strong></span> 
     </span>
    </p>
   </div>
   <div class='ocr_carea' id='block_1_112' title="bbox 2110 4743 2914 4811">
    <p class='ocr_par' dir='ltr' id='par_1_112' title="bbox 2110 4743 2914 4811">
     <span class='ocr_line' id='line_1_113' title="bbox 2110 4743 2914 4811; baseline 0.011 -18"><span class='ocrx_word' id='word_1_852' title='bbox 2110 4755 2230 4808; x_wconf 77' lang='lat' dir='ltr'><strong>guce</strong></span> <span class='ocrx_word' id='word_1_853' title='bbox 2271 4743 2330 4795; x_wconf 89' lang='lat' dir='ltr'><strong>in</strong></span> <span class='ocrx_word' id='word_1_854' title='bbox 2367 4744 2581 4811; x_wconf 89' lang='lat' dir='ltr'><strong>signum</strong></span> <span class='ocrx_word' id='word_1_855' title='bbox 2617 4749 2763 4809; x_wconf 90' lang='lat' dir='ltr'><strong>sunt,</strong></span> <span class='ocrx_word' id='word_1_856' title='bbox 2807 4762 2914 4802; x_wconf 90' lang='lat' dir='ltr'><strong>non</strong></span> 
     </span>
    </p>
   </div>
   <div class='ocr_carea' id='block_1_113' title="bbox 2967 4619 3709 4746">
    <p class='ocr_par' dir='ltr' id='par_1_113' title="bbox 2967 4619 3709 4746">
     <span class='ocr_line' id='line_1_114' title="bbox 2967 4619 3709 4673; baseline -0.005 -15"><span class='ocrx_word' id='word_1_857' title='bbox 2967 4619 3027 4658; x_wconf 67' lang='lat' dir='ltr'><strong>iet</strong></span> <span class='ocrx_word' id='word_1_858' title='bbox 3048 4619 3286 4659; x_wconf 77' lang='lat' dir='ltr'><strong>radicem</strong></span> <span class='ocrx_word' id='word_1_859' title='bbox 3302 4619 3559 4673; x_wconf 67' lang='lat' dir='ltr'><strong>rimentur,</strong></span> <span class='ocrx_word' id='word_1_860' title='bbox 3581 4619 3709 4655; x_wconf 74' lang='lat' dir='ltr'><strong>irri-</strong></span> 
     </span>
     <span class='ocr_line' id='line_1_115' title="bbox 2967 4673 3709 4746; baseline -0.004 -16"><span class='ocrx_word' id='word_1_861' title='bbox 2967 4676 3110 4746; x_wconf 88' lang='lat' dir='ltr'><strong>quod</strong></span> <span class='ocrx_word' id='word_1_862' title='bbox 3136 4676 3339 4731; x_wconf 87' lang='lat' dir='ltr'><strong>Paulus</strong></span> <span class='ocrx_word' id='word_1_863' title='bbox 3366 4675 3534 4746; x_wconf 68' lang='lat' dir='ltr'><strong>dicit;</strong></span> <span class='ocrx_word' id='word_1_864' title='bbox 3563 4673 3709 4746; x_wconf 61' lang='lat' dir='ltr'><strong>Lin-</strong></span> 
     </span>
    </p>
   </div>
   <div class='ocr_carea' id='block_1_114' title="bbox 2952 4743 3709 4816">
    <p class='ocr_par' dir='ltr' id='par_1_114' title="bbox 2952 4743 3709 4816">
     <span class='ocr_line' id='line_1_116' title="bbox 2952 4743 3709 4816; baseline -0.009 -14"><span class='ocrx_word' id='word_1_865' title='bbox 2952 4743 3219 4816; x_wconf 76' lang='lat' dir='ltr'><strong>ﬁdelibus,</strong></span> <span class='ocrx_word' id='word_1_866' title='bbox 3264 4747 3359 4801; x_wconf 90' lang='lat' dir='ltr'><strong>sed</strong></span> <span class='ocrx_word' id='word_1_867' title='bbox 3396 4743 3709 4816; x_wconf 70' lang='lat' dir='ltr'><strong>inﬁdelibus</strong></span> 
     </span>
    </p>
   </div>
   <div class='ocr_carea' id='block_1_115' title="bbox 3302 4603 3709 4673">
    <p class='ocr_par' dir='ltr' id='par_1_115' title="bbox 3302 4603 3709 4673">
     <span class='ocr_line' id='line_1_117' title="bbox 3302 4603 3709 4673; baseline -0.015 -13"><span class='ocrx_word' id='word_1_868' title='bbox 3302 4606 3559 4673; x_wconf 59' lang='lat' dir='ltr'><strong>ﬁxerunt,</strong></span> <span class='ocrx_word' id='word_1_869' title='bbox 3581 4603 3709 4655; x_wconf 84' lang='lat' dir='ltr'><strong>irri—</strong></span> 
     </span>
    </p>
   </div>
   <div class='ocr_carea' id='block_1_116' title="bbox 400 4805 3709 4887">
    <p class='ocr_par' dir='ltr' id='par_1_116' title="bbox 400 4805 3709 4887">
     <span class='ocr_line' id='line_1_118' title="bbox 400 4805 3709 4887; baseline 0.005 -26"><span class='ocrx_word' id='word_1_870' title='bbox 400 4807 520 4886; x_wconf 78' lang='lat' dir='ltr'><strong>Non</strong></span> <span class='ocrx_word' id='word_1_871' title='bbox 556 4806 745 4887; x_wconf 74' lang='lat' dir='ltr'><strong>obiter,</strong></span> <span class='ocrx_word' id='word_1_872' title='bbox 784 4805 983 4887; x_wconf 61' lang='lat' dir='ltr'><strong>inquit,</strong></span> <span class='ocrx_word' id='word_1_873' title='bbox 1022 4807 1129 4887; x_wconf 86' lang='lat' dir='ltr'><strong>hoc_</strong></span> <span class='ocrx_word' id='word_1_874' title='bbox 1143 4806 1373 4887; x_wconf 80' lang='lat' dir='ltr'><strong>quidem</strong></span> <span class='ocrx_word' id='word_1_875' title='bbox 1396 4809 1690 4887; x_wconf 32' lang='lat' dir='ltr'><strong>recensuid:</strong></span> <span class='ocrx_word' id='word_1_876' title='bbox 1724 4823 1908 4863; x_wconf 73' lang='lat' dir='ltr'><strong>verum</strong></span> <span class='ocrx_word' id='word_1_877' title='bbox 1935 4813 1999 4887; x_wconf 71' lang='lat' dir='ltr'><strong>ut</strong></span> <span class='ocrx_word' id='word_1_878' title='bbox 2026 4816 2077 4878; x_wconf 79' lang='grc' dir='ltr'><strong>Ι)</strong></span> <span class='ocrx_word' id='word_1_879' title='bbox 2108 4805 2152 4876; x_wconf 87' lang='lat' dir='ltr'><strong>(l</strong></span> <span class='ocrx_word' id='word_1_880' title='bbox 2171 4805 2857 4887; x_wconf 15' lang='lat' dir='ltr'><strong>Corinth.i|v)i.Habeinus</strong></span> <span class='ocrx_word' id='word_1_881' title='bbox 2871 4805 3709 4887; x_wconf 69' lang='lat' dir='ltr'><strong>dehzssignisatqueuii&#39;mtibus,</strong></span> 
     </span>
    </p>
   </div>
   <div class='ocr_carea' id='block_1_117' title="bbox 402 4876 1999 4951">
    <p class='ocr_par' dir='ltr' id='par_1_117' title="bbox 402 4876 1999 4951">
     <span class='ocr_line' id='line_1_119' title="bbox 402 4876 1999 4951; baseline 0.005 -24"><span class='ocrx_word' id='word_1_882' title='bbox 402 4876 539 4951; x_wconf 72' lang='lat' dir='ltr'><strong>scire</strong></span> <span class='ocrx_word' id='word_1_883' title='bbox 553 4878 825 4951; x_wconf 80' lang='lat' dir='ltr'><strong>possimus</strong></span> <span class='ocrx_word' id='word_1_884' title='bbox 833 4879 1072 4951; x_wconf 78' lang='lat' dir='ltr'><strong>gratiam</strong></span> <span class='ocrx_word' id='word_1_885' title='bbox 1091 4876 1332 4951; x_wconf 72' lang='lat' dir='ltr'><strong>diuinam</strong></span> <span class='ocrx_word' id='word_1_886' title='bbox 1343 4894 1582 4950; x_wconf 73' lang='lat' dir='ltr'><strong>persaepe</strong></span> <span class='ocrx_word' id='word_1_887' title='bbox 1599 4880 1761 4934; x_wconf 82' lang='lat' dir='ltr'><strong>etiam</strong></span> <span class='ocrx_word' id='word_1_888' title='bbox 1777 4895 1832 4935; x_wconf 88' lang='lat' dir='ltr'><strong>se</strong></span> <span class='ocrx_word' id='word_1_889' title='bbox 1848 4880 1999 4951; x_wconf 88' lang='lat' dir='ltr'><strong>apud</strong></span> 
     </span>
    </p>
   </div>
   <div class='ocr_carea' id='block_1_118' title="bbox 403 4944 1995 5012">
    <p class='ocr_par' dir='ltr' id='par_1_118' title="bbox 403 4944 1995 5012">
     <span class='ocr_line' id='line_1_120' title="bbox 403 4944 1995 5012; baseline 0.005 -15"><span class='ocrx_word' id='word_1_890' title='bbox 403 4944 656 5012; x_wconf 87' lang='lat' dir='ltr'><strong>indignos</strong></span> <span class='ocrx_word' id='word_1_891' title='bbox 695 4946 966 5009; x_wconf 66' lang='lat' dir='ltr'><strong>exhibere,</strong></span> <span class='ocrx_word' id='word_1_892' title='bbox 1007 4950 1156 5002; x_wconf 89' lang='lat' dir='ltr'><strong>nullo</strong></span> <span class='ocrx_word' id='word_1_893' title='bbox 1196 4951 1323 5005; x_wconf 84' lang='lat' dir='ltr'><strong>inde</strong></span> <span class='ocrx_word' id='word_1_894' title='bbox 1343 4944 1625 5006; x_wconf 56' lang='lat' dir='ltr'><strong>eontracto</strong></span> <span class='ocrx_word' id='word_1_895' title='bbox 1660 4944 1995 5008; x_wconf 69' lang='lat' dir='ltr'><strong>detrimento.</strong></span> 
     </span>
    </p>
   </div>
   <div class='ocr_carea' id='block_1_119' title="bbox 401 5016 2000 5093">
    <p class='ocr_par' dir='ltr' id='par_1_119' title="bbox 401 5016 2000 5093">
     <span class='ocr_line' id='line_1_121' title="bbox 401 5016 2000 5093; baseline 0.006 -23"><span class='ocrx_word' id='word_1_896' title='bbox 401 5016 640 5093; x_wconf 67' lang='lat' dir='ltr'><strong>Maaime</strong></span> <span class='ocrx_word' id='word_1_897' title='bbox 656 5032 779 5093; x_wconf 86' lang='lat' dir='ltr'><strong>vero</strong></span> <span class='ocrx_word' id='word_1_898' title='bbox 802 5016 898 5071; x_wconf 86' lang='lat' dir='ltr'><strong>illa</strong></span> <span class='ocrx_word' id='word_1_899' title='bbox 921 5018 1279 5093; x_wconf 80' lang='lat' dir='ltr'><strong>admiratione</strong></span> <span class='ocrx_word' id='word_1_900' title='bbox 1302 5022 1469 5090; x_wconf 84' lang='lat' dir='ltr'><strong>digna</strong></span> <span class='ocrx_word' id='word_1_901' title='bbox 1492 5027 1589 5085; x_wconf 89' lang='lat' dir='ltr'><strong>est,</strong></span> <span class='ocrx_word' id='word_1_902' title='bbox 1618 5039 1739 5093; x_wconf 76' lang='lat' dir='ltr'><strong>qua:</strong></span> <span class='ocrx_word' id='word_1_903' title='bbox 1757 5025 1833 5078; x_wconf 88' lang='lat' dir='ltr'><strong>sic</strong></span> <span class='ocrx_word' id='word_1_904' title='bbox 1850 5025 2000 5078; x_wconf 82' lang='lat' dir='ltr'><strong>uarie</strong></span> 
     </span>
    </p>
   </div>
   <div class='ocr_carea' id='block_1_120' title="bbox 399 5088 2000 5164">
    <p class='ocr_par' dir='ltr' id='par_1_120' title="bbox 399 5088 2000 5164">
     <span class='ocr_line' id='line_1_122' title="bbox 399 5088 2000 5164; baseline 0.006 -22"><span class='ocrx_word' id='word_1_905' title='bbox 399 5088 558 5164; x_wconf 86' lang='lat' dir='ltr'><strong>rebus</strong></span> <span class='ocrx_word' id='word_1_906' title='bbox 585 5091 735 5164; x_wconf 81' lang='lat' dir='ltr'><strong>nouis</strong></span> <span class='ocrx_word' id='word_1_907' title='bbox 760 5104 815 5144; x_wconf 88' lang='lat' dir='ltr'><strong>se</strong></span> <span class='ocrx_word' id='word_1_908' title='bbox 838 5089 1067 5145; x_wconf 86' lang='lat' dir='ltr'><strong>ostendit</strong></span> <span class='ocrx_word' id='word_1_909' title='bbox 1089 5106 1190 5164; x_wconf 88' lang='lat' dir='ltr'><strong>per</strong></span> <span class='ocrx_word' id='word_1_910' title='bbox 1211 5088 1399 5161; x_wconf 81' lang='lat' dir='ltr'><strong>dignos</strong></span> <span class='ocrx_word' id='word_1_911' title='bbox 1427 5095 1605 5157; x_wconf 86' lang='lat' dir='ltr'><strong>simul,</strong></span> <span class='ocrx_word' id='word_1_912' title='bbox 1625 5088 1684 5150; x_wconf 61' lang='lat' dir='ltr'><strong>Et</strong></span> <span class='ocrx_word' id='word_1_913' title='bbox 1708 5095 2000 5164; x_wconf 86' lang='lat' dir='ltr'><strong>aliquando</strong></span> 
     </span>
    </p>
   </div>
   <div class='ocr_carea' id='block_1_121' title="bbox 399 5162 2000 5234">
    <p class='ocr_par' dir='ltr' id='par_1_121' title="bbox 399 5162 2000 5234">
     <span class='ocr_line' id='line_1_123' title="bbox 399 5162 2000 5234; baseline 0.003 -19"><span class='ocrx_word' id='word_1_914' title='bbox 399 5162 582 5234; x_wconf 79' lang='lat' dir='ltr'><strong>etiam,</strong></span> <span class='ocrx_word' id='word_1_915' title='bbox 609 5164 662 5217; x_wconf 91' lang='lat' dir='ltr'><strong>si</strong></span> <span class='ocrx_word' id='word_1_916' title='bbox 683 5163 777 5217; x_wconf 88' lang='lat' dir='ltr'><strong>hoc</strong></span> <span class='ocrx_word' id='word_1_917' title='bbox 809 5177 937 5218; x_wconf 87' lang='lat' dir='ltr'><strong>usus</strong></span> <span class='ocrx_word' id='word_1_918' title='bbox 966 5163 1220 5233; x_wconf 86' lang='lat' dir='ltr'><strong>postulet,</strong></span> <span class='ocrx_word' id='word_1_919' title='bbox 1243 5180 1343 5234; x_wconf 88' lang='lat' dir='ltr'><strong>per</strong></span> <span class='ocrx_word' id='word_1_920' title='bbox 1366 5165 1636 5233; x_wconf 85' lang='lat' dir='ltr'><strong>indignos.</strong></span> <span class='ocrx_word' id='word_1_921' title='bbox 1673 5162 1811 5221; x_wconf 75' lang='lat' dir='ltr'><strong>Haec</strong></span> <span class='ocrx_word' id='word_1_922' title='bbox 1836 5165 2000 5221; x_wconf 85' lang='lat' dir='ltr'><strong>Nice-</strong></span> 
     </span>
    </p>
   </div>
   <div class='ocr_carea' id='block_1_122' title="bbox 440 5230 2001 5316">
    <p class='ocr_par' dir='ltr' id='par_1_122' title="bbox 440 5230 2001 5316">
     <span class='ocr_line' id='line_1_124' title="bbox 440 5230 2001 5316; baseline 0.004 -29"><span class='ocrx_word' id='word_1_923' title='bbox 440 5230 607 5316; x_wconf 69' lang='lat' dir='ltr'><strong>horus</strong></span> <span class='ocrx_word' id='word_1_924' title='bbox 635 5249 804 5316; x_wconf 47' lang='lat' dir='ltr'><strong>ignee</strong></span> <span class='ocrx_word' id='word_1_925' title='bbox 837 5230 1264 5316; x_wconf 44' lang='lat' dir='ltr'><strong>quatenus‘vera</strong></span> <span class='ocrx_word' id='word_1_926' title='bbox 1283 5235 1414 5316; x_wconf 70' lang='lat' dir='ltr'><strong>siut,</strong></span> <span class='ocrx_word' id='word_1_927' title='bbox 1440 5230 1710 5316; x_wconf 57' lang='lat' dir='ltr'><strong>autfalsa,</strong></span> <span class='ocrx_word' id='word_1_928' title='bbox 1742 5250 1806 5289; x_wconf 86' lang='lat' dir='ltr'><strong>ex</strong></span> <span class='ocrx_word' id='word_1_929' title='bbox 1839 5235 2001 5316; x_wconf 76' lang='lat' dir='ltr'><strong>dictis</strong></span> 
     </span>
    </p>
   </div>
   <div class='ocr_carea' id='block_1_123' title="bbox 423 5304 1999 5378">
    <p class='ocr_par' dir='ltr' id='par_1_123' title="bbox 423 5304 1999 5378">
     <span class='ocr_line' id='line_1_125' title="bbox 423 5304 1999 5378; baseline 0.003 -19"><span class='ocrx_word' id='word_1_930' title='bbox 423 5304 557 5361; x_wconf 86' lang='lat' dir='ltr'><strong>&#39;acile</strong></span> <span class='ocrx_word' id='word_1_931' title='bbox 582 5304 764 5377; x_wconf 91' lang='lat' dir='ltr'><strong>colligi</strong></span> <span class='ocrx_word' id='word_1_932' title='bbox 801 5304 978 5378; x_wconf 82' lang='lat' dir='ltr'><strong>potest</strong></span> <span class='ocrx_word' id='word_1_933' title='bbox 1005 5306 1293 5378; x_wconf 24' lang='lat' dir='ltr'><strong>:Aindignos</strong></span> <span class='ocrx_word' id='word_1_934' title='bbox 1326 5306 1475 5378; x_wconf 85' lang='lat' dir='ltr'><strong>enim</strong></span> <span class='ocrx_word' id='word_1_935' title='bbox 1504 5304 1594 5378; x_wconf 77' lang='lat' dir='ltr'><strong>hic</strong></span> <span class='ocrx_word' id='word_1_936' title='bbox 1615 5321 1815 5378; x_wconf 79' lang='lat' dir='ltr'><strong>vocare</strong></span> <span class='ocrx_word' id='word_1_937' title='bbox 1844 5306 1999 5364; x_wconf 81' lang='lat' dir='ltr'><strong>vide-</strong></span> 
     </span>
    </p>
   </div>
   <div class='ocr_carea' id='block_1_124' title="bbox 397 5375 1993 5450">
    <p class='ocr_par' dir='ltr' id='par_1_124' title="bbox 397 5375 1993 5450">
     <span class='ocr_line' id='line_1_126' title="bbox 397 5375 1993 5450; baseline 0.002 -19"><span class='ocrx_word' id='word_1_938' title='bbox 397 5380 510 5450; x_wconf 67' lang='lat' dir='ltr'><strong>tpr,</strong></span> <span class='ocrx_word' id='word_1_939' title='bbox 539 5391 695 5450; x_wconf 77' lang='lat' dir='ltr'><strong>quos</strong></span> <span class='ocrx_word' id='word_1_940' title='bbox 717 5375 985 5450; x_wconf 70' lang='lat' dir='ltr'><strong>superius</strong></span> <span class='ocrx_word' id='word_1_941' title='bbox 1024 5375 1309 5450; x_wconf 75' lang='lat' dir='ltr'><strong>improbos</strong></span> <span class='ocrx_word' id='word_1_942' title='bbox 1354 5385 1408 5450; x_wconf 84' lang='lat' dir='ltr'><strong>et</strong></span> <span class='ocrx_word' id='word_1_943' title='bbox 1447 5375 1691 5450; x_wconf 82' lang='lat' dir='ltr'><strong>inﬁdeles</strong></span> <span class='ocrx_word' id='word_1_944' title='bbox 1729 5376 1993 5436; x_wconf 81' lang='lat' dir='ltr'><strong>diximus.</strong></span> 
     </span>
    </p>
   </div>
   <div class='ocr_carea' id='block_1_125' title="bbox 399 5443 1999 5522">
    <p class='ocr_par' dir='ltr' id='par_1_125' title="bbox 399 5443 1999 5522">
     <span class='ocr_line' id='line_1_127' title="bbox 399 5443 1999 5522; baseline 0.006 -22"><span class='ocrx_word' id='word_1_945' title='bbox 399 5443 642 5501; x_wconf 61' lang='lat' dir='ltr'><strong>Gratia‘m</strong></span> <span class='ocrx_word' id='word_1_946' title='bbox 682 5443 820 5505; x_wconf 79' lang='lat' dir='ltr'><strong>vero</strong></span> <span class='ocrx_word' id='word_1_947' title='bbox 854 5443 1119 5522; x_wconf 63' lang='lat' dir='ltr'><strong>divinam&#39;</strong></span> <span class='ocrx_word' id='word_1_948' title='bbox 1136 5447 1392 5522; x_wconf 84' lang='lat' dir='ltr'><strong>intelligit</strong></span> <span class='ocrx_word' id='word_1_949' title='bbox 1434 5448 1665 5522; x_wconf 84' lang='lat' dir='ltr'><strong>gratiam</strong></span> <span class='ocrx_word' id='word_1_950' title='bbox 1702 5450 1999 5509; x_wconf 88' lang='lat' dir='ltr'><strong>miraculo-</strong></span> 
     </span>
    </p>
   </div>
   <div class='ocr_carea' id='block_1_126' title="bbox 396 5519 1427 5593">
    <p class='ocr_par' dir='ltr' id='par_1_126' title="bbox 396 5519 1427 5593">
     <span class='ocr_line' id='line_1_128' title="bbox 396 5519 1427 5593; baseline 0.009 -25"><span class='ocrx_word' id='word_1_951' title='bbox 396 5525 640 5593; x_wconf 64' lang='lat' dir='ltr'><strong>rum,_ut</strong></span> <span class='ocrx_word' id='word_1_952' title='bbox 668 5533 738 5573; x_wconf 85' lang='lat' dir='ltr'><strong>ex</strong></span> <span class='ocrx_word' id='word_1_953' title='bbox 760 5519 1209 5593; x_wconf 87' lang='lat' dir='ltr'><strong>antecedentibus</strong></span> <span class='ocrx_word' id='word_1_954' title='bbox 1236 5519 1427 5593; x_wconf 79' lang='lat' dir='ltr'><strong>liquet.</strong></span> 
     </span>
    </p>
   </div>
   <div class='ocr_carea' id='block_1_127' title="bbox 469 5585 1995 5665">
    <p class='ocr_par' dir='ltr' id='par_1_127' title="bbox 469 5585 1995 5665">
     <span class='ocr_line' id='line_1_129' title="bbox 469 5585 1995 5665; baseline 0.009 -28"><span class='ocrx_word' id='word_1_955' title='bbox 469 5594 495 5619; x_wconf 71' lang='grc'><strong>⁸</strong></span> <span class='ocrx_word' id='word_1_956' title='bbox 517 5585 869 5665; x_wconf 79' lang='lat' dir='ltr'><strong>_Vulga_ta_est</strong></span> <span class='ocrx_word' id='word_1_957' title='bbox 903 5598 957 5643; x_wconf 89' lang='lat' dir='ltr'><strong>et</strong></span> <span class='ocrx_word' id='word_1_958' title='bbox 981 5585 1461 5665; x_wconf 74' lang='lat' dir='ltr'><strong>concionatdribus</strong></span> <span class='ocrx_word' id='word_1_959' title='bbox 1490 5592 1772 5651; x_wconf 89' lang='lat' dir='ltr'><strong>decantata</strong></span> <span class='ocrx_word' id='word_1_960' title='bbox 1802 5593 1995 5665; x_wconf 88' lang='lat' dir='ltr'><strong>similis</strong></span> 
     </span>
    </p>
   </div>
   <div class='ocr_carea' id='block_1_128' title="bbox 396 5654 1989 5723">
    <p class='ocr_par' dir='ltr' id='par_1_128' title="bbox 396 5654 1989 5723">
     <span class='ocr_line' id='line_1_130' title="bbox 396 5654 1989 5723; baseline 0.006 -16"><span class='ocrx_word' id='word_1_961' title='bbox 396 5654 468 5707; x_wconf 92' lang='lat' dir='ltr'><strong>D.</strong></span> <span class='ocrx_word' id='word_1_962' title='bbox 498 5656 787 5723; x_wconf 80' lang='lat' dir='ltr'><strong>Augustini</strong></span> <span class='ocrx_word' id='word_1_963' title='bbox 814 5660 1084 5713; x_wconf 86' lang='lat' dir='ltr'><strong>sententia</strong></span> <span class='ocrx_word' id='word_1_964' title='bbox 1114 5677 1278 5717; x_wconf 88' lang='lat' dir='ltr'><strong>serm.</strong></span> <span class='ocrx_word' id='word_1_965' title='bbox 1316 5670 1380 5717; x_wconf 83' lang='lat' dir='ltr'><strong>to</strong></span> <span class='ocrx_word' id='word_1_966' title='bbox 1408 5664 1474 5719; x_wconf 91' lang='lat' dir='ltr'><strong>de</strong></span> <span class='ocrx_word' id='word_1_967' title='bbox 1505 5665 1693 5719; x_wconf 85' lang='lat' dir='ltr'><strong>Verbis</strong></span> <span class='ocrx_word' id='word_1_968' title='bbox 1722 5664 1949 5719; x_wconf 89' lang='lat' dir='ltr'><strong>Domini</strong></span> <span class='ocrx_word' id='word_1_969' title='bbox 1977 5682 1989 5717; x_wconf 87' lang='lat'><strong>:</strong></span> 
     </span>
    </p>
   </div>
   <div class='ocr_carea' id='block_1_129' title="bbox 398 5726 1996 5796">
    <p class='ocr_par' dir='ltr' id='par_1_129' title="bbox 398 5726 1996 5796">
     <span class='ocr_line' id='line_1_131' title="bbox 398 5726 1996 5796; baseline 0.005 -15"><span class='ocrx_word' id='word_1_970' title='bbox 398 5726 600 5781; x_wconf 85' lang='lat' dir='ltr'><strong>Discite</strong></span> <span class='ocrx_word' id='word_1_971' title='bbox 630 5739 666 5778; x_wconf 91' lang='lat' dir='ltr'><strong>a</strong></span> <span class='ocrx_word' id='word_1_972' title='bbox 692 5739 775 5778; x_wconf 87' lang='lat' dir='ltr'><strong>me</strong></span> <span class='ocrx_word' id='word_1_973' title='bbox 806 5740 910 5780; x_wconf 90' lang='lat' dir='ltr'><strong>non</strong></span> <span class='ocrx_word' id='word_1_974' title='bbox 937 5729 1196 5783; x_wconf 86' lang='lat' dir='ltr'><strong>mundum</strong></span> <span class='ocrx_word' id='word_1_975' title='bbox 1225 5732 1525 5796; x_wconf 87' lang='lat' dir='ltr'><strong>fabricare,</strong></span> <span class='ocrx_word' id='word_1_976' title='bbox 1560 5748 1668 5788; x_wconf 91' lang='lat' dir='ltr'><strong>non</strong></span> <span class='ocrx_word' id='word_1_977' title='bbox 1696 5739 1883 5791; x_wconf 88' lang='lat' dir='ltr'><strong>cuncta</strong></span> <span class='ocrx_word' id='word_1_978' title='bbox 1908 5737 1996 5789; x_wconf 79' lang='lat' dir='ltr'><strong>vi-</strong></span> 
     </span>
    </p>
   </div>
   <div class='ocr_carea' id='block_1_130' title="bbox 2090 4884 3709 4951">
    <p class='ocr_par' dir='ltr' id='par_1_130' title="bbox 2090 4884 3709 4951">
     <span class='ocr_line' id='line_1_132' title="bbox 2090 4884 3709 4951; baseline 0.001 -14"><span class='ocrx_word' id='word_1_979' title='bbox 2090 4898 2229 4951; x_wconf 59' lang='lat' dir='ltr'><strong>‘quw</strong></span> <span class='ocrx_word' id='word_1_980' title='bbox 2267 4884 2443 4939; x_wconf 88' lang='lat' dir='ltr'><strong>adhuc</strong></span> <span class='ocrx_word' id='word_1_981' title='bbox 2486 4884 2737 4942; x_wconf 84' lang='lat' dir='ltr'><strong>subtilius</strong></span> <span class='ocrx_word' id='word_1_982' title='bbox 2776 4884 3114 4944; x_wconf 84' lang='lat' dir='ltr'><strong>considerare</strong></span> <span class='ocrx_word' id='word_1_983' title='bbox 3160 4884 3471 4943; x_wconf 77' lang='lat' dir='ltr'><strong>debeamus.</strong></span> <span class='ocrx_word' id='word_1_984' title='bbox 3516 4888 3709 4943; x_wconf 84' lang='lat' dir='ltr'><strong>Sancta</strong></span> 
     </span>
    </p>
   </div>
   <div class='ocr_carea' id='block_1_131' title="bbox 2106 4956 3709 5030">
    <p class='ocr_par' dir='ltr' id='par_1_131' title="bbox 2106 4956 3709 5030">
     <span class='ocr_line' id='line_1_133' title="bbox 2106 4956 3709 5030; baseline 0 -20"><span class='ocrx_word' id='word_1_985' title='bbox 2106 4956 2303 5024; x_wconf 88' lang='lat' dir='ltr'><strong>quippe</strong></span> <span class='ocrx_word' id='word_1_986' title='bbox 2334 4956 2572 5030; x_wconf 82' lang='lat' dir='ltr'><strong>Ecclesia</strong></span> <span class='ocrx_word' id='word_1_987' title='bbox 2599 4959 2835 5027; x_wconf 85' lang='lat' dir='ltr'><strong>quotidie</strong></span> <span class='ocrx_word' id='word_1_988' title='bbox 2861 4961 3190 5030; x_wconf 85' lang='lat' dir='ltr'><strong>spiritaliter</strong></span> <span class='ocrx_word' id='word_1_989' title='bbox 3212 4961 3375 5026; x_wconf 85' lang='lat' dir='ltr'><strong>facit,</strong></span> <span class='ocrx_word' id='word_1_990' title='bbox 3414 4958 3563 5029; x_wconf 86' lang='lat' dir='ltr'><strong>quod</strong></span> <span class='ocrx_word' id='word_1_991' title='bbox 3580 4963 3709 5030; x_wconf 72' lang='lat' dir='ltr'><strong>tunc</strong></span> 
     </span>
    </p>
   </div>
   <div class='ocr_carea' id='block_1_132' title="bbox 2100 5028 3712 5099">
    <p class='ocr_par' dir='ltr' id='par_1_132' title="bbox 2100 5028 3712 5099">
     <span class='ocr_line' id='line_1_134' title="bbox 2100 5028 3712 5099; baseline -0.001 -16"><span class='ocrx_word' id='word_1_992' title='bbox 2100 5040 2203 5099; x_wconf 80' lang='lat' dir='ltr'><strong>per</strong></span> <span class='ocrx_word' id='word_1_993' title='bbox 2244 5028 2505 5096; x_wconf 87' lang='lat' dir='ltr'><strong>apostolos</strong></span> <span class='ocrx_word' id='word_1_994' title='bbox 2546 5028 2901 5099; x_wconf 77' lang='lat' dir='ltr'><strong>corporaliter</strong></span> <span class='ocrx_word' id='word_1_995' title='bbox 2933 5032 3190 5098; x_wconf 86' lang='lat' dir='ltr'><strong>faciebat.</strong></span> <span class='ocrx_word' id='word_1_996' title='bbox 3232 5032 3374 5087; x_wconf 87' lang='lat' dir='ltr'><strong>Nam</strong></span> <span class='ocrx_word' id='word_1_997' title='bbox 3408 5028 3712 5084; x_wconf 83' lang='lat' dir='ltr'><strong>sacerdotes</strong></span> 
     </span>
    </p>
   </div>
   <div class='ocr_carea' id='block_1_133' title="bbox 2107 5095 3713 5172">
    <p class='ocr_par' dir='ltr' id='par_1_133' title="bbox 2107 5095 3713 5172">
     <span class='ocr_line' id='line_1_135' title="bbox 2107 5095 3713 5172; baseline 0.001 -22"><span class='ocrx_word' id='word_1_998' title='bbox 2107 5095 2243 5172; x_wconf 84' lang='lat' dir='ltr'><strong>ejus,</strong></span> <span class='ocrx_word' id='word_1_999' title='bbox 2270 5095 2391 5153; x_wconf 84' lang='lat' dir='ltr'><strong>cum</strong></span> <span class='ocrx_word' id='word_1_1000' title='bbox 2407 5116 2508 5170; x_wconf 90' lang='lat' dir='ltr'><strong>per</strong></span> <span class='ocrx_word' id='word_1_1001' title='bbox 2535 5095 2818 5156; x_wconf 65' lang='lat' dir='ltr'><strong>exorcismi</strong></span> <span class='ocrx_word' id='word_1_1002' title='bbox 2843 5095 3085 5172; x_wconf 83' lang='lat' dir='ltr'><strong>gratiam</strong></span> <span class='ocrx_word' id='word_1_1003' title='bbox 3119 5116 3349 5156; x_wconf 87' lang='lat' dir='ltr'><strong>manum</strong></span> <span class='ocrx_word' id='word_1_1004' title='bbox 3376 5098 3713 5157; x_wconf 81' lang='lat' dir='ltr'><strong>credentibus</strong></span> 
     </span>
    </p>
   </div>
   <div class='ocr_carea' id='block_1_134' title="bbox 2105 5168 3715 5243">
    <p class='ocr_par' dir='ltr' id='par_1_134' title="bbox 2105 5168 3715 5243">
     <span class='ocr_line' id='line_1_136' title="bbox 2105 5168 3715 5243; baseline 0.002 -22"><span class='ocrx_word' id='word_1_1005' title='bbox 2105 5168 2477 5243; x_wconf 47' lang='lat' dir='ltr'><strong>imponuntIet</strong></span> <span class='ocrx_word' id='word_1_1006' title='bbox 2491 5173 2737 5228; x_wconf 87' lang='lat' dir='ltr'><strong>habitare</strong></span> <span class='ocrx_word' id='word_1_1007' title='bbox 2750 5168 3014 5243; x_wconf 83' lang='lat' dir='ltr'><strong>malignos</strong></span> <span class='ocrx_word' id='word_1_1008' title='bbox 3027 5175 3253 5243; x_wconf 84' lang='lat' dir='ltr'><strong>spiritus</strong></span> <span class='ocrx_word' id='word_1_1009' title='bbox 3270 5175 3331 5228; x_wconf 85' lang='lat' dir='ltr'><strong>in</strong></span> <span class='ocrx_word' id='word_1_1010' title='bbox 3341 5188 3521 5228; x_wconf 87' lang='lat' dir='ltr'><strong>eorum</strong></span> <span class='ocrx_word' id='word_1_1011' title='bbox 3536 5175 3715 5225; x_wconf 68' lang='lat' dir='ltr'><strong>metite</strong></span> 
     </span>
    </p>
   </div>
   <div class='ocr_carea' id='block_1_135' title="bbox 2106 5242 3714 5313">
    <p class='ocr_par' dir='ltr' id='par_1_135' title="bbox 2106 5242 3714 5313">
     <span class='ocr_line' id='line_1_137' title="bbox 2106 5242 3714 5313; baseline 0.001 -20"><span class='ocrx_word' id='word_1_1012' title='bbox 2106 5242 2497 5313; x_wconf 81' lang='lat' dir='ltr'><strong>contradicunt,</strong></span> <span class='ocrx_word' id='word_1_1013' title='bbox 2510 5244 2644 5313; x_wconf 87' lang='lat' dir='ltr'><strong>quid</strong></span> <span class='ocrx_word' id='word_1_1014' title='bbox 2656 5245 2811 5299; x_wconf 89' lang='lat' dir='ltr'><strong>aliud</strong></span> <span class='ocrx_word' id='word_1_1015' title='bbox 2820 5242 3036 5312; x_wconf 86' lang='lat' dir='ltr'><strong>faciunt</strong></span> <span class='ocrx_word' id='word_1_1016' title='bbox 3044 5242 3154 5300; x_wconf 78' lang='lat' dir='ltr'><strong>nisi</strong></span> <span class='ocrx_word' id='word_1_1017' title='bbox 3163 5244 3437 5299; x_wconf 73' lang='lat' dir='ltr'><strong>diemonia</strong></span> <span class='ocrx_word' id='word_1_1018' title='bbox 3451 5244 3499 5313; x_wconf 86' lang='lat' dir='ltr'><strong>ej</strong></span> <span class='ocrx_word' id='word_1_1019' title='bbox 3508 5245 3677 5299; x_wconf 78' lang='lat' dir='ltr'><strong>ieiuni</strong></span> <span class='ocrx_word' id='word_1_1020' title='bbox 3686 5243 3714 5295; x_wconf 77' lang='lat'><strong><em>?</em></strong></span> 
     </span>
    </p>
   </div>
   <div class='ocr_carea' id='block_1_136' title="bbox 2106 5312 3713 5385">
    <p class='ocr_par' dir='ltr' id='par_1_136' title="bbox 2106 5312 3713 5385">
     <span class='ocr_line' id='line_1_138' title="bbox 2106 5312 3713 5385; baseline 0.003 -22"><span class='ocrx_word' id='word_1_1021' title='bbox 2106 5313 2178 5385; x_wconf 63' lang='lat' dir='ltr'><strong>Et</strong></span> <span class='ocrx_word' id='word_1_1022' title='bbox 2193 5312 2373 5385; x_wconf 78' lang='lat' dir='ltr'><strong>ﬁdeles</strong></span> <span class='ocrx_word' id='word_1_1023' title='bbox 2395 5316 2615 5383; x_wconf 89' lang='lat' dir='ltr'><strong>quique,</strong></span> <span class='ocrx_word' id='word_1_1024' title='bbox 2637 5318 2737 5384; x_wconf 90' lang='lat' dir='ltr'><strong>qui</strong></span> <span class='ocrx_word' id='word_1_1025' title='bbox 2742 5315 2863 5385; x_wconf 84' lang='lat' dir='ltr'><strong>jam</strong></span> <span class='ocrx_word' id='word_1_1026' title='bbox 2881 5318 3074 5371; x_wconf 81' lang='lat' dir='ltr'><strong>veteris</strong></span> <span class='ocrx_word' id='word_1_1027' title='bbox 3092 5318 3219 5370; x_wconf 73' lang='lat' dir='ltr'><strong>vitta</strong></span> <span class='ocrx_word' id='word_1_1028' title='bbox 3234 5312 3529 5370; x_wconf 76' lang='lat' dir='ltr'><strong>scecularia</strong></span> <span class='ocrx_word' id='word_1_1029' title='bbox 3552 5313 3713 5385; x_wconf 73' lang='lat' dir='ltr'><strong>verba</strong></span> 
     </span>
    </p>
   </div>
   <div class='ocr_carea' id='block_1_137' title="bbox 2105 5381 3719 5455">
    <p class='ocr_par' dir='ltr' id='par_1_137' title="bbox 2105 5381 3719 5455">
     <span class='ocr_line' id='line_1_139' title="bbox 2105 5381 3719 5455; baseline 0 -19"><span class='ocrx_word' id='word_1_1030' title='bbox 2105 5381 2709 5451; x_wconf 43' lang='lat' dir='ltr'><strong>derelinquunt—sancta</strong></span> <span class='ocrx_word' id='word_1_1031' title='bbox 2727 5381 2906 5442; x_wconf 82' lang='lat' dir='ltr'><strong>autem</strong></span> <span class='ocrx_word' id='word_1_1032' title='bbox 2930 5389 3197 5455; x_wconf 85' lang='lat' dir='ltr'><strong>mysteria</strong></span> <span class='ocrx_word' id='word_1_1033' title='bbox 3218 5390 3492 5446; x_wconf 84' lang='lat' dir='ltr'><strong>insonant.</strong></span> <span class='ocrx_word' id='word_1_1034' title='bbox 3519 5383 3719 5441; x_wconf 83' lang='lat' dir='ltr'><strong>Condi-</strong></span> 
     </span>
    </p>
   </div>
   <div class='ocr_carea' id='block_1_138' title="bbox 2106 5455 3717 5529">
    <p class='ocr_par' dir='ltr' id='par_1_138' title="bbox 2106 5455 3717 5529">
     <span class='ocr_line' id='line_1_140' title="bbox 2106 5455 3717 5529; baseline 0 -22"><span class='ocrx_word' id='word_1_1035' title='bbox 2106 5455 2240 5508; x_wconf 89' lang='lat' dir='ltr'><strong>toris</strong></span> <span class='ocrx_word' id='word_1_1036' title='bbox 2263 5456 2353 5508; x_wconf 87' lang='lat' dir='ltr'><strong>sui</strong></span> <span class='ocrx_word' id='word_1_1037' title='bbox 2364 5455 2635 5529; x_wconf 10' lang='lat' dir='ltr'><strong>Alaudesiet</strong></span> <span class='ocrx_word' id='word_1_1038' title='bbox 2658 5461 2954 5527; x_wconf 87' lang='lat' dir='ltr'><strong>potentiam</strong></span> <span class='ocrx_word' id='word_1_1039' title='bbox 2977 5464 3244 5529; x_wconf 88' lang='lat' dir='ltr'><strong>quantum</strong></span> <span class='ocrx_word' id='word_1_1040' title='bbox 3260 5456 3561 5529; x_wconf 62' lang='lat' dir='ltr'><strong>prmiulent</strong></span> <span class='ocrx_word' id='word_1_1041' title='bbox 3584 5469 3717 5529; x_wconf 44' lang='lat' dir='ltr'><strong>nar:</strong></span> 
     </span>
    </p>
   </div>
   <div class='ocr_carea' id='block_1_139' title="bbox 2106 5526 3733 5600">
    <p class='ocr_par' dir='ltr' id='par_1_139' title="bbox 2106 5526 3733 5600">
     <span class='ocr_line' id='line_1_141' title="bbox 2106 5526 3733 5600; baseline 0.001 -21"><span class='ocrx_word' id='word_1_1042' title='bbox 2106 5529 2264 5600; x_wconf 63' lang='lat' dir='ltr'><strong>rant,</strong></span> <span class='ocrx_word' id='word_1_1043' title='bbox 2274 5527 2412 5600; x_wconf 86' lang='lat' dir='ltr'><strong>quid</strong></span> <span class='ocrx_word' id='word_1_1044' title='bbox 2429 5527 2584 5583; x_wconf 85' lang='lat' dir='ltr'><strong>aliud</strong></span> <span class='ocrx_word' id='word_1_1045' title='bbox 2603 5526 2833 5595; x_wconf 81' lang='lat' dir='ltr'><strong>faeiunt,</strong></span> <span class='ocrx_word' id='word_1_1046' title='bbox 2853 5532 2968 5584; x_wconf 87' lang='lat' dir='ltr'><strong>nisi</strong></span> <span class='ocrx_word' id='word_1_1047' title='bbox 2986 5526 3193 5600; x_wconf 79' lang='lat' dir='ltr'><strong>linguis</strong></span> <span class='ocrx_word' id='word_1_1048' title='bbox 3209 5526 3357 5584; x_wconf 56' lang='lat' dir='ltr'><strong>nam</strong></span> <span class='ocrx_word' id='word_1_1049' title='bbox 3376 5526 3733 5600; x_wconf 35' lang='lat' dir='ltr'><strong>loqwntur?’</strong></span> 
     </span>
    </p>
   </div>
   <div class='ocr_carea' id='block_1_140' title="bbox 2105 5597 3713 5662">
    <p class='ocr_par' dir='ltr' id='par_1_140' title="bbox 2105 5597 3713 5662">
     <span class='ocr_line' id='line_1_142' title="bbox 2105 5597 3713 5662; baseline 0 -12"><span class='ocrx_word' id='word_1_1050' title='bbox 2105 5597 2211 5662; x_wconf 86' lang='lat' dir='ltr'><strong>Qui</strong></span> <span class='ocrx_word' id='word_1_1051' title='bbox 2227 5597 2357 5652; x_wconf 87' lang='lat' dir='ltr'><strong>dum</strong></span> <span class='ocrx_word' id='word_1_1052' title='bbox 2375 5599 2522 5653; x_wconf 87' lang='lat' dir='ltr'><strong>bonis</strong></span> <span class='ocrx_word' id='word_1_1053' title='bbox 2536 5602 2650 5654; x_wconf 89' lang='lat' dir='ltr'><strong>suis</strong></span> <span class='ocrx_word' id='word_1_1054' title='bbox 2667 5597 3129 5657; x_wconf 65' lang='lat' dir='ltr'><strong>exhortationibus</strong></span> <span class='ocrx_word' id='word_1_1055' title='bbox 3145 5602 3419 5656; x_wconf 86' lang='lat' dir='ltr'><strong>malitiam</strong></span> <span class='ocrx_word' id='word_1_1056' title='bbox 3434 5597 3503 5653; x_wconf 85' lang='lat' dir='ltr'><strong>de</strong></span> <span class='ocrx_word' id='word_1_1057' title='bbox 3522 5597 3713 5652; x_wconf 79' lang='lat' dir='ltr'><strong>alienis</strong></span> 
     </span>
    </p>
   </div>
   <div class='ocr_carea' id='block_1_141' title="bbox 2104 5668 3709 5741">
    <p class='ocr_par' dir='ltr' id='par_1_141' title="bbox 2104 5668 3709 5741">
     <span class='ocr_line' id='line_1_143' title="bbox 2104 5668 3709 5741; baseline 0.002 -20"><span class='ocrx_word' id='word_1_1058' title='bbox 2104 5668 2356 5724; x_wconf 89' lang='lat' dir='ltr'><strong>cordibus</strong></span> <span class='ocrx_word' id='word_1_1059' title='bbox 2371 5672 2654 5737; x_wconf 82' lang='lat' dir='ltr'><strong>auferunt,</strong></span> <span class='ocrx_word' id='word_1_1060' title='bbox 2668 5678 2936 5741; x_wconf 83' lang='lat' dir='ltr'><strong>serpentes</strong></span> <span class='ocrx_word' id='word_1_1061' title='bbox 2953 5674 3166 5728; x_wconf 85' lang='lat' dir='ltr'><strong>tollunt.</strong></span> <span class='ocrx_word' id='word_1_1062' title='bbox 3188 5676 3262 5729; x_wconf 86' lang='lat' dir='ltr'><strong>Et</strong></span> <span class='ocrx_word' id='word_1_1063' title='bbox 3275 5672 3408 5726; x_wconf 88' lang='lat' dir='ltr'><strong>dum</strong></span> <span class='ocrx_word' id='word_1_1064' title='bbox 3420 5670 3709 5741; x_wconf 57' lang='lat' dir='ltr'><strong>pestiferas</strong></span> 
     </span>
    </p>
   </div>
   <div class='ocr_carea' id='block_1_142' title="bbox 2104 5687 3704 5815">
    <p class='ocr_par' dir='ltr' id='par_1_142' title="bbox 2104 5687 3704 5815">
     <span class='ocr_line' id='line_1_144' title="bbox 2104 5687 3704 5741; baseline 0.002 -20"><span class='ocrx_word' id='word_1_1065' title='bbox 2104 5687 2356 5724; x_wconf 83' lang='lat' dir='ltr'><strong>corawus</strong></span> <span class='ocrx_word' id='word_1_1066' title='bbox 2371 5687 2654 5737; x_wconf 65' lang='lat' dir='ltr'><strong>auferunt,</strong></span> <span class='ocrx_word' id='word_1_1067' title='bbox 2668 5687 2692 5726; x_wconf 92' lang='lat' dir='ltr'><strong>s</strong></span> <span class='ocrx_word' id='word_1_1068' title='bbox 2793 5687 2936 5729; x_wconf 79' lang='lat' dir='ltr'><strong>entes</strong></span> <span class='ocrx_word' id='word_1_1069' title='bbox 2953 5687 3166 5728; x_wconf 73' lang='lat' dir='ltr'><strong>tonum.</strong></span> <span class='ocrx_word' id='word_1_1070' title='bbox 3188 5687 3262 5729; x_wconf 69' lang='grc' dir='ltr'><strong>ιςε</strong></span> <span class='ocrx_word' id='word_1_1071' title='bbox 3275 5687 3408 5726; x_wconf 86' lang='lat' dir='ltr'><strong>aum</strong></span> <span class='ocrx_word' id='word_1_1072' title='bbox 3420 5687 3704 5741; x_wconf 73' lang='lat' dir='ltr'><strong>pesnlertu</strong></span> 
     </span>
     <span class='ocr_line' id='line_1_145' title="bbox 2104 5687 3704 5815; baseline 0.001 -21"><span class='ocrx_word' id='word_1_1073' title='bbox 2104 5741 2378 5796; x_wconf 85' lang='lat' dir='ltr'><strong>suasiones</strong></span> <span class='ocrx_word' id='word_1_1074' title='bbox 2403 5741 2654 5807; x_wconf 87' lang='lat' dir='ltr'><strong>audiunt,</strong></span> <span class='ocrx_word' id='word_1_1075' title='bbox 2681 5687 2976 5801; x_wconf 46' lang='lat' dir='ltr'><strong>sgtamen</strong></span> <span class='ocrx_word' id='word_1_1076' title='bbox 3003 5744 3079 5801; x_wconf 90' lang='lat' dir='ltr'><strong>ad</strong></span> <span class='ocrx_word' id='word_1_1077' title='bbox 3101 5746 3465 5815; x_wconf 83' lang='lat' dir='ltr'><strong>operationem</strong></span> <span class='ocrx_word' id='word_1_1078' title='bbox 3484 5752 3704 5813; x_wconf 65' lang='lat' dir='ltr'><strong>pratum</strong></span> 
     </span>
    </p>
   </div>
  </div>
