4040 6206
275 285 390 340 1005

1085 272 1426 332 COLLATIO
1464 273 1580 332 XV.
1617 303 1692 316 —
1727 275 1818 330 DE
1855 273 2404 332 CHARISMATIBUS
2439 275 2712 332 DIVINIS.

3429 283 3563 338 l006

265 422 354 464 nec
387 418 604 476 semper
639 400 941 459 necessaria
957 441 974 470 ,
1017 415 1120 458 nec
1158 401 1418 457 omnibus
1451 399 1850 458 conceduntur.
1882 404 1937 468 Α
1961 401 2164 474 quitur.
2196 403 2343 458 Nam
2371 400 2537 457 etiam
2571 416 2701 458 cum
2727 400 2794 458 ad
2834 403 3055 460 Patrem
3095 417 3346 460 remeans
3387 404 3556 476 quod-

264 509 288 538 ι
307 498 592 556 Humilitas
608 505 690 554 est
711 511 844 570 ergo
866 494 1118 552 omnium
1141 494 1401 568 magistra
1420 493 1706 564 virtutum,
1733 494 1850 568 ip'sa

261 601 339 650 est
361 589 593 648 ccelestis
615 586 828 646 aediﬁcii
855 587 1234 644 ﬁrmissimum
1262 585 1706 656 fundamentum,
1734 587 1850 660 ipsa

263 695 338 744 est
372 685 578 744 donum
607 682 890 757 proprium
931 690 1096 755 atque
1135 681 1492 754 magniﬁcum
1531 681 1848 739 Salvatoris.

257 785 356 838 Ista
393 778 598 836 etenim
643 778 896 835 universa
921 775 1185 833 miracula
1214 790 1341 848 quae
1370 774 1621 832 Christus
1651 789 1852 846 opera-

256 882 342 930 tus
378 881 479 938 est,
511 871 630 928 sine
674 869 920 942 periculo
965 868 1214 926 elationis
1251 877 1488 937 exercet,
1526 867 1620 941 qui
1658 867 1850 924 mitem

255 965 572 1033 Dominum,
601 979 713 1020 non
741 961 1076 1020 sublimitate
1102 962 1413 1036 signorum,
1439 961 1536 1018 sed
1566 961 1846 1034 patientiae

253 1067 408 1131 atque
434 1055 761 1114 humilitatis
787 1057 990 1113 virtute
1023 1063 1282 1113 sectatur.
1314 1055 1420 1127 Qui
1449 1069 1580 1112 vero
1607 1055 1854 1111 immun-

249 1151 327 1209 dis
353 1149 630 1222 spiritibus
671 1150 975 1222 imperare,
1005 1157 1104 1206 aut
1127 1147 1510 1222 languentibus
1551 1149 1852 1205 sanitatum

248 1243 387 1301 dona
413 1242 689 1328 conferre,
716 1251 812 1299 aut
847 1241 1072 1315 aliquod
1107 1243 1331 1316 signum
1357 1241 1608 1299 mirabile
1634 1241 1850 1314 populi

243 1336 402 1409 gestit
445 1335 764 1404 ostendere,
815 1334 1067 1407 quamvis
1114 1335 1172 1391 in
1217 1334 1680 1392 ostentationibus
1729 1333 1843 1390 suis

235 1427 433 1485 Christi
463 1427 678 1484 invocet
713 1442 939 1496 nomen,
977 1435 1166 1483 tamen
1193 1427 1398 1483 alienus
1423 1442 1454 1482 a
1481 1425 1700 1484 Christo
1734 1435 1840 1495 est,

244 1517 364 1593 quia
399 1519 720 1577 humilitatis
744 1519 1082 1593 magistrum
1123 1517 1355 1590 superba
1390 1528 1577 1574 mente
1612 1534 1728 1574 non
1753 1534 1842 1575 se-

1957 503 2116 574 dam,
2160 514 2221 563 ut
2269 505 2342 562 ita
2383 503 2650 575 dixerim,
2695 505 2955 564 conderet
2990 513 3412 576 testamentum,
3454 507 3560 564 hoc

1955 605 2246 680 discipulis
2280 606 2566 680 dereliquit
2607 629 2620 664 :
2659 609 3002 674 Mandatum,
3041 609 3238 683 inquit,
3264 626 3457 666 novum
3495 611 3562 666 de

1955 712 2124 774 vobis,
2145 716 2208 767 ut
2225 711 2472 782 diligatis
2492 715 2715 768 invicem
2735 711 2902 786 (Joan.
2925 719 3082 780 xm).
3107 715 3410 786 Statimque
3429 715 3559 772 sub-

1946 810 2154 883 junxit,
2183 815 2245 869 In
2275 813 2370 871 hoc
2397 819 2703 883 cognoscent
2730 830 2908 870 omnes
2937 819 3070 886 quia
3097 818 3208 872 mei
3233 819 3360 872 estis
3392 817 3562 872 disci-

1949 913 2096 982 puli,
2121 915 2172 969 si
2192 914 2524 969 dilectionem
2550 915 2844 972 habueritis
2870 917 2945 972 ad
2965 919 3212 972 invicem.
3242 919 3370 974 Non
3395 917 3493 983 ait,
3518 917 3562 974 si

1961 1016 2108 1089 signa
2135 1025 2302 1089 atque
2324 1019 2555 1074 virtutes
2578 1019 2834 1076 similiter
2865 1019 3113 1090 feceritis,
3142 1019 3238 1078 sed
3261 1020 3306 1076 si
3337 1019 3559 1094 dignam

1957 1115 2308 1174 directionem
2333 1117 2404 1175 ad
2431 1118 2665 1175 invicem
2700 1119 3019 1189 habueritis,
3046 1137 3212 1194 quam
3240 1129 3450 1178 certum
3478 1131 3561 1179 est

1957 1221 2058 1276 nisi
2081 1221 2242 1278 mites
2269 1203 2433 1294 atque
2455 1221 2692 1292 humiles
2719 1212 2936 1279 servare
2963 1238 3077 1278 non
3108 1238 3287 1295 posse.
3318 1226 3564 1295 Quapro-

1952 1331 2072 1395 pter
2098 1339 2406 1397 numquam
2448 1324 2752 1382 monachos
2785 1324 2988 1396 probos
3021 1339 3122 1380 nec
3157 1323 3358 1380 morbo
3397 1339 3559 1380 ceno-

1950 1421 2128 1478 doxias
2164 1437 2363 1478 vacuos
2402 1421 2577 1479 nostri
2611 1423 2848 1494 majores
2883 1438 3001 1479 esse
3028 1421 3300 1490 dixerunt,
3345 1421 3438 1494 qui
3469 1437 3555 1478 se-

1951 1518 2218 1590 metipsos
2246 1511 2274 1549 δ
2310 1518 2610 1576 exorcistas
2645 1534 2832 1575 coram
2860 1517 3171 1575 hominibus
3205 1517 3555 1592 proﬁtentur,

1336 1660 1594 1715 ALARDl
1632 1660 1858 1716 GAZ/El
1897 1659 2458 1716 COMMENTARIUS.

238 1789 456 1858 minime
485 1787 906 1858 pertrahuntur,
945 1787 1292 1854 mortifemm
1327 1787 1542 1856 quidem
1581 1776 1662 1842 est
1701 1788 1842 1856 quod
1870 1791 1918 1853 B
1949 1785 2204 1858 cietateni
2221 1785 2502 1858 justorum
2539 1793 2594 1842 et
2622 1785 2942 1858 impiorum,
2981 1783 3133 1858 hisce
3165 1784 3554 1858 duabusinotis

241 1857 448 1921 bibunt,
479 1855 574 1913 sed
588 1874 693 1912 non
717 1861 790 1913 eis
813 1859 1038 1912 nocebit.
1068 1859 1180 1924 Qui
1195 1855 1402 1926 quoties
1417 1859 1695 1928 proximos
1709 1855 1840 1913 suos
1948 1865 2004 1914 et
2032 1855 2197 1928 veluti
2223 1855 2467 1924 tesseris,
2491 1855 2801 1914 humilitate
2826 1864 2880 1913 et
2904 1856 3179 1928 superbia,
3207 1857 3553 1928 potissimum

237 1929 300 1981 in
324 1929 456 1982 bono
473 1944 629 1998 opere
645 1931 920 1997 inﬁrmari
938 1929 1292 1997 conspiciunt,
1309 1928 1441 1982 dum
1456 1930 1528 1983 eis
1552 1933 1664 1982 tota
1675 1931 1843 1984 uirtu-

236 2001 290 2052 te
303 2003 646 2066 concurrunt,
661 2003 710 2052 et
723 1999 962 2068 exemplo
975 2013 1085 2052 sua:
1103 2000 1428 2067 operationis
1442 1999 1658 2053 illorum
1671 2001 1842 2054 vitam

234 2068 497 2122 roborant
535 2087 551 2121 :
582 2070 682 2137 qui
696 2070 753 2121 in
770 2070 998 2138 propria
1019 2070 1222 2122 actione
1243 2068 1505 2132 titubant,
1531 2069 1666 2138 quid
1687 2071 1842 2124 aliud

229 2138 475 2204 faciunt,
513 2140 624 2193 nisi
653 2153 814 2208 super
849 2153 1016 2207 aegros
1046 2153 1238 2194 manus
1274 2139 1576 2208 imponunt,
1619 2143 1681 2194 ut
1716 2140 1843 2196 bene

230 2208 523 2280 habeant?
540 2210 682 2280 Qua:
705 2210 964 2264 nimirum
1000 2209 1282 2272 miracula,
1317 2213 1521 2279 quanto
1547 2211 1840 2280 spiritalia,

230 2282 386 2350 tanto
413 2278 642 2332 meliora
665 2283 812 2342 sunt,
841 2284 1046 2350 quanto
1077 2295 1176 2350 per
1201 2280 1310 2334 haec
1325 2278 1443 2334 non
1469 2278 1710 2350 corpora,
1748 2282 1842 2337 sed

227 2349 432 2404 animae
453 2351 812 2404 suscitantur.
839 2349 963 2406 ch
979 2349 1172 2420 itaque
1197 2352 1371 2418 signa,
1399 2349 1608 2418 fratres
1636 2353 1841 2406 charis-

225 2421 372 2482 simi,
405 2424 628 2474 auctore
655 2422 780 2484 Deo,
805 2423 858 2476 si
875 2421 1062 2489 vultis,
1092 2423 1298 2488 facitis.
1329 2425 1418 2478 Ea:
1445 2422 1558 2476 illis
1581 2423 1720 2476 enim
1741 2437 1838 2476 ea:-

227 2491 520 2544 terioribus
545 2492 718 2559 signis
738 2492 974 2546 obtineri
995 2494 1110 2546 vita
1137 2492 1206 2545 ab
1223 2493 1333 2546 haec
1363 2493 1708 2562 operantibus
1733 2508 1840 2548 non

221 2563 387 2616 balet.
435 2563 582 2618 Nam
622 2563 922 2632 corporalia
962 2563 1064 2617 illa
1105 2563 1370 2616 miracula
1405 2562 1693 2617 ostendunt
1730 2564 1838 2618 ali-

221 2633 446 2701 quando
469 2634 837 2696 sanctitatem,
863 2633 959 2688 sed
979 2649 1086 2688 non
1108 2634 1340 2700 faciunt.
1372 2636 1498 2688 Herc
1523 2648 1646 2688 vero
1669 2636 1838 2701 spiri-

221 2704 378 2774 talia,
399 2719 528 2774 quce
548 2705 690 2771 fluat
705 2705 765 2758 in
783 2709 974 2767 mente,
995 2707 1250 2758 uirtutem
1261 2705 1387 2758 vita:
1405 2719 1512 2758 non
1530 2704 1835 2768 ostendunt,

215 2773 312 2829 sed
339 2773 588 2842 faciunt.
619 2775 721 2828 Illa
758 2775 951 2829 habere
979 2780 1032 2830 et
1059 2775 1196 2828 mali
1213 2779 1442 2844 possunt
1469 2794 1486 2829 :
1510 2777 1632 2830 istis
1656 2780 1838 2830 autem

213 2847 440 2914 perfrui
475 2847 599 2900 nisi
635 2845 759 2899 boni
787 2861 896 2900 non
923 2849 1169 2915 possunt.
1211 2845 1388 2902 Nolite
1428 2860 1572 2914 ergo,
1610 2847 1834 2912 fratres,

211 2931 402 2972 amare
419 2919 594 2986 signa
620 2931 739 2986 qua:
756 2921 984 2986 possunt
1003 2932 1122 2971 cum
1143 2916 1384 2986 reprobis
1403 2917 1596 2970 haberi
1609 2931 1836 2970 commu-

209 2989 326 3050 nia,
352 2987 454 3042 sed
483 2989 604 3042 haec
627 3002 745 3056 qua:
771 2987 927 3040 modo
952 2987 1212 3048 diximus,
1237 2987 1516 3040 charitatis
1543 2991 1704 3056 atque
1721 2989 1838 3057 pie-

211 3060 344 3113 tatis
363 3057 651 3113 miracula
662 3061 860 3119 amate,
879 3072 1000 3126 quae
1018 3060 1168 3110 tanto
1187 3058 1454 3110 securiora
1471 3061 1618 3118 sunt,
1635 3063 1838 3126 quanto

205 3131 442 3192 occulta,
479 3134 538 3184 et
563 3127 630 3182 de
655 3127 852 3196 quibus
879 3126 1030 3196 apud
1053 3127 1339 3181 Dominum
1365 3141 1423 3179 eo
1449 3127 1622 3196 major
1644 3129 1718 3181 sit
1745 3143 1838 3182 re-

205 3171 1097 3278 ξέἶᾶἷίᾶξᾷὧνάἳξραᾶνήοἶιίηεξ
1115 3197 1290 3251 minor
1311 3199 1388 3250 est
1405 3171 1594 3264 gloria:
1625 3171 1838 3253 ﬁucus-
1867 3171 1912 3234 δ

205 3285 318 3342 que
348 3273 430 3325 D.
467 3271 798 3338 Gregorius.

278 3343 320 3418 ‘_
349 3340 494 3418 _Tria
531 3337 859 3418 humilitatis
889 3335 1095 3418 elogia,
1132 3350 1302 3418 eaque
1339 3335 1613 3418 praecipua
1657 3335 1841 3418 paucis

197 3411 399 3466 verbis
425 3408 758 3478 complexus
785 3415 870 3462 est
894 3428 907 3463 :
945 3405 1002 3462 l6
1027 3405 1174 3478 quod
1198 3405 1268 3478 sit
1297 3405 1470 3460 mater
1493 3405 1547 3461 et
1575 3405 1838 3478 magistra

197 3481 496 3548 omnium,
515 3477 802 3534 virtutum.
837 3480 920 3533 Ita
945 3479 1002 3533 S.
1040 3475 1336 3548 Gregorius
1359 3490 1515 3532 χχιιι
1545 3475 1839 3534 Moralium

189 3552 366 3622 (Cap.
409 3553 434 3602 1
449 3547 507 3622 3)
539 3565 552 3600 :
585 3548 726 3602 Vera
755 3549 999 3622 doctrina
1019 3547 1398 3622 humilitatem,
1429 3563 1549 3622 quis
1575 3551 1839 3622 magistra

191 3619 281 3677 est
296 3619 594 3686 bmnium,
615 3622 892 3689 materque
913 3620 1198 3680 uirtutum,
1219 3621 1270 3672 et
1291 3619 1551 3688 loquendo
1569 3620 1759 3683 dicere,
1787 3624 1838 3675 et

193 3691 449 3748 vivendo
502 3694 728 3744 conatur
763 3691 1062 3757 ostendere;
1103 3693 1168 3744 ut
1201 3705 1316 3744 eam
1355 3689 1508 3760 apud
1545 3691 1836 3761 discipulos

187 3763 478 3832 veritatis
515 3761 648 3832 plus
685 3761 932 3832 operibus
961 3776 1126 3832 quam
1157 3761 1488 3832 sermonibus
1524 3762 1828 3832 eloquatur.

189 3838 256 3888 2°
286 3831 475 3902 Quod
501 3829 582 3886 sit
603 3829 836 3888 cmlestis
858 3840 914 3903 et
943 3829 1484 3903 spiritualismdiﬁcii
1511 3829 1836 3889 fundamen-

187 3899 341 3962 tum:
377 3907 472 3960 De
504 3917 621 3974 quo
645 3911 841 3974 praeter
863 3899 1263 3974 alizr'quaeqalibi
1289 3902 1636 3974 protulimus,
1660 3903 1831 3974 Chry-

181 3971 606 4032 sostomus‘in
645 3971 905 4028 Genesim
937 3971 1154 4036 (Homil.
1201 3975 1270 4024 35
1303 3987 1317 4024 :
1363 3972 1569 4040 Ubique
1612 3971 1830 4027 modum

181 4060 516 4105 semermis,
543 4050 593 4096 et
617 4043 765 4096 bonis
783 4042 1028 4112 operibus
1047 4042 1248 4096 nostris
1267 4041 1646 4105 humilitatem,
1673 4045 1834 4111 quasi

176 4117 650 4186 fundamentum
669 4113 1062 4186 subsiruamus,
1081 4116 1143 4186 ut
1153 4126 1329 4166 secure
1344 4112 1833 4186 virtutessuperex-

179 4183 415 4244 struere
454 4185 767 4240 valeamus.
804 4184 990 4239 Virtus
1021 4185 1159 4238 enim
1189 4198 1295 4236 non
1331 4185 1430 4244 est,
1466 4184 1577 4238 nisi
1613 4183 1834 4254 conjun.

178 4264 332 4314 ctam
359 4257 591 4313 habeat
611 4255 993 4309 humilitatem.
1017 4255 1122 4322 Qui
1143 4254 1237 4308 hoc
1257 4253 1677 4320 fundamentum
1695 4259 1833 4311 recte

165 4329 406 4400 iecerit,
427 4327 654 4400 poterit
669 4328 726 4400 in
739 4330 997 4400 quantum
1011 4325 1593 4400 volueritaltitudinem
1606 4330 1834 4382 structu-

171 4397 303 4456 ram
327 4397 622 4456 excitare.
646 4399 771 4453 Haec
788 4402 866 4452 est
877 4397 1320 4467 inexpugnabilis
1339 4399 1538 4464 turris;
1555 4397 1664 4452 hac
1682 4413 1836 4454 omne

173 4475 438 4528 continet
464 4469 797 4538 aediﬁcium,
827 4484 934 4523 non
960 4470 1138 4523 sinens
1165 4469 1363 4538 ipsum,
1388 4469 1471 4522 vel
1491 4484 1525 4522 a
1551 4473 1832 4524 ventorum

1944 1943 1976 1984 a
2003 1927 2326 2000 s_e_in_vicem
2353 1928 2632 2000 distingui.

2013 1991 2042 2030 δ
2072 1995 2368 2070 Ἐξορκίζω,
2404 1998 2463 2054 id
2487 1991 2591 2070 est,
2631 1997 2841 2070 adjuro.
2881 1997 3050 2056 Unde
3076 1997 3358 2070 exorcistae
3395 1996 3551 2069 adju-

1943 2077 2170 2141 ratores,
2199 2068 2294 2141 qui
2337 2068 2652 2141 immundos
2689 2068 2916 2140 spiritus
2942 2084 3006 2125 ex
3039 2068 3274 2141 obsessis
3301 2084 3397 2141 seu
3426 2068 3550 2140 pes-

1945 2139 2106 2196 sessis
2141 2137 2460 2210 corporibus
2491 2154 2587 2210 per
2613 2137 2818 2194 nomen
2855 2139 3083 2210 Domini
3120 2137 3554 2210 adjurandofex-

1945 2211 2170 2281 pellunt.
2207 2207 2291 2266 De
2327 2207 2526 2281 quibus
2553 2213 2640 2281 D.
2665 2211 3002 2280 Augustinus
3029 2209 3126 2264 lib.
3159 2207 3203 2265 αἱ
3225 2209 3294 2265 de
3321 2207 3550 2265 Civitate

1947 2280 2094 2352 (Cap.
2127 2285 2219 2348 22)
2250 2301 2262 2335 :
2304 2283 2466 2344 Vera,
2499 2280 2691 2352 inquit,
2717 2283 2920 2351 pietate
2946 2281 3185 2335 homines
3211 2282 3312 2336 Dei
3336 2295 3548 2352 aeream

1939 2351 3549 2422 potestatemininiicam,cmztrariamquepietatie:corcizando
3587 2378 3589 2380 -

1941 2422 2182 2491 ejiciunt,
2209 2438 2316 2477 non
2339 2423 2629 2494 placando.
2673 2423 2794 2494 Hoc
2827 2421 3118 2494 signiﬁcari
3151 2421 3286 2494 dicit
3323 2421 3548 2494 D.‘Hie-

1941 2508 2208 2565 ronymus
2255 2491 2358 2562 per
2396 2491 2664 2565 infantem
2711 2491 3007 2565 illum—qui
3055 2492 3202 2565 apud
3243 2491 3444 2558 Isaiam
3478 2491 3547 2549 de

1940 2561 2213 2646 (oramine
2239 2561 2408 2646 petra
2431 2563 2911 2646 coiub_rum_manu
2932 2561 3149 2646 educit;
3164 2565 3336 2646 Porro
3360 2571 3548 2646 notan-

1941 2631 2077 2689 dum
2097 2634 2216 2704 jam
2241 2631 2366 2688 inde
2401 2633 2470 2688 ab
2508 2633 2664 2704 initio
2707 2633 2984 2704 duplicem
3023 2633 3079 2688 in
3100 2633 3349 2704 Ecclesia
3377 2631 3546 2690 fuisse

1941 2703 2272 2774 potestatem
2298 2703 2869 2775 pellendidzemones,
2905 2712 2960 2759 et
2989 2703 3218 2775 proinde
3245 2703 3356 2760 duo
3384 2719 3544 2775 exor-

1944 2773 2203 2847 cistarum
2235 2773 2430 2847 genera
2460 2794 2473 2830 :
2501 2774 2730 2847 alteram
2759 2775 2892 2830 solis
2921 2773 3131 2831 clericis
3163 2789 3259 2847 seu
3293 2773 3544 2847 ecclesia-

1944 2845 2096 2916 sticis
2142 2844 2388 2916 personis
2436 2846 2932 2916 communicatam,
2980 2861 3076 2916 per
3123 2844 3548 2916 ecclesiasticam

1944 2914 2190 2972 videlicet
2224 2915 2635 2971 ordinationem
2668 2935 2690 2984 ;
2713 2915 2856 2972 unde
2889 2914 3032 2971 inter
3058 2914 3300 2971 minores
3327 2914 3548 2972 ordines

1944 2987 2139 3042 tertius
2182 2985 2384 3042 dicitur
2411 2986 2830 3051 exorcistarum,
2877 2986 3014 3043 ordo
3053 3001 3184 3042 sane
3223 2985 3450 3042 celebris
3489 2994 3546 3042 et

1945 3057 2150 3139 passim
2185 3056 2344 3139 apud
2371 3059 2562 3139 Patres
2589 3056 2930 3139 decantatus,
2961 3073 3026 3113 ex
3069 3072 3182 3139 quo
3215 3056 3378 3139 etiam
3419 3055 3544 3139 ﬁdei

1945 3127 2152 3184 nostrae
2217 3127 2498 3184 veritatem
2564 3136 2793 3200 contra
2821 3127 3162 3184 adversarios
3228 3128 3544 3200 frequenter

1945 3205 2218 3271 astruunt,
2245 3206 2310 3271 ut
2327 3200 2573 3271 Justinus
2595 3199 2650 3253 in
2680 3198 2906 3271 Dialogo
2935 3215 3062 3271 cum
3081 3197 3390 3271 Tryphon'e.
3415 3201 3546 3271 Ier-

1944 3267 2205 3324 tullianus
2245 3268 2315 3324 ad
2366 3269 2685 3338 Scapulam,
2739 3267 3054 3324 Lactantius
3103 3267 3211 3324 lib:
3254 3284 3305 3324 ιι
3357 3268 3539 3338 Divin.

1947 3339 2222 3409 Institut.,
2260 3340 2592 3409 Cyprianus
2650 3339 2712 3409 in
2752 3338 2912 3409 epist.
2963 3339 3032 3393 ad
3094 3339 3539 3409 Demetrianum;

1945 3408 2172 3464 alteram
2201 3407 2536 3462 etiam‘laicis
2565 3407 2898 3471 hominibus,
2924 3409 3040 3463 sive
3065 3408 3156 3478 qui
3184 3409 3332 3478 nullo
3356 3409 3545 3478 ordine

1946 3477 2148 3534 initiati
2165 3485 2322 3551 sunt,
2347 3493 2704 3551 communem
2729 3497 2742 3532 :
2765 3493 2888 3551 qua:
2908 3477 3126 3551 quidem
3147 3477 3325 3551 adhuc
3344 3477 3545 3551 duplex

1947 3555 2031 3604 est
2069 3570 2105 3622 :_
2128 3549 2296 3622 altera
2330 3548 2619 3622 generalis,
2657 3548 2872 3622 qualem
2902 3548 2957 3605 in
2991 3549 3128 3622 ipsis
3153 3548 3547 3622 Ecclesiae—pri-

1945 3619 2178 3693 mordiis
2205 3619 2531 3693 consecutos,
2559 3619 2689 3677 esse
2713 3629 2926 3693 constat
2953 3619 3239 3693 plerosque
3263 3619 3456 3678 ﬁdeles
3478 3637 3546 3678 ex

1943 3691 2033 3746 illa
2071 3691 2304 3763 generali
2339 3691 2534 3748 Christi
2573 3691 2994 3762 promissione:
3035 3694 3205 3762 Signa
3241 3698 3420 3748 autem
3459 3709 3543 3749 eos

1941 3765 2042 3832 qui
2055 3763 2384 3820 crediderint
2403 3764 2512 3818 haec
2523 3768 2810 3832 sequentur
2823 3783 2838 3818 :
2858 3766 2917 3818 in
2929 3766 3140 3818 nomine
3151 3779 3264 3817 meo
3279 3764 3544 3819 daemonia

1941 3834 2157 3906 ejicient
2183 3833 2529 3906 (Marc.ixv1)
2566 3851 2580 3888 :
2608 3849 2732 3905 quas
2759 3833 2968 3906 tamdiu
2997 3833 3054 3887 in
3079 3833 3314 3906 Ecclesia
3354 3833 3543 3906 viguit,

1940 3902 2202 3978 quamdiu
2230 3905 2299 3960 ad
2329 3905 2457 3978 ﬁdei
2502 3902 3036 3978 propagatignemuet
3067 3902 3542 3978 conﬁrmationem

1938 3973 2050 4028 visa
2069 3985 2154 4030 est
2170 3977 2470 4030 necessaria
2495 3995 2507 4029 :
2533 3973 2756 4030 unde'et
2775 3973 3144 4030 Tertullianus
3165 3973 3354 4030 scribit
3376 3973 3542 4030 etiam

1939 4057 1970 4097 a
1995 4044 2260 4114 militibus
2281 4044 2563 4100 daemones
2581 4043 2746 4100 fuisse
2769 4045 3040 4113 expulsos,
3063 4054 3118 4100 et
3139 4053 3392 4114 parentes
3412 4045 3540 4100 soli-

1889 4153 1896 4160 .
1939 4120 2027 4168 tos
2044 4113 2350 4186 exorcizare
2372 4114 2510 4168 ﬁlios
2528 4130 2657 4186 suos
2679 4115 2774 4186 (De
2795 4117 2912 4170 Cor.
2929 4116 3044 4186 mil.
3068 4113 3186 4186 cap.
3207 4121 3296 4186 1A1,
3316 4115 3382 4186 de
3403 4115 3538 4170 Idol.

1939 4199 2056 4266 cap.
2091 4189 2221 4266 .11);
2254 4183 2666 4266 aliaLSpeciaIis,
2689 4183 2828 4266 quae
2869 4183 3198 4266 quibusdam
3236 4183 3541 4266 inusignum

1939 4254 2156 4311 eximiae
2201 4254 2530 4321 sanctitatis,
2583 4254 2666 4310 vel
2714 4254 2772 4310 in
2825 4254 3238 4311 aediﬁcationem
3285 4254 3540 4313 Ecclesiae

1939 4341 2002 4400 ex
2033 4325 2294 4400 peculiari
2321 4325 2467 4400 dono
2494 4325 2689 4400 collata
2714 4323 2846 4394 fuit;
2878 4325 3026 4400 quod
3060 4325 3268 4400 donum
3301 4330 3541 4400 Aposto-

1938 4396 2194 4472 lus’inter
2227 4397 2328 4472 alia
2355 4396 2499 4472 dona
2531 4397 2758 4472 Spiritus
2783 4397 2975 4472 sancti,
2994 4413 3098 4472 seu
3131 4397 3334 4466 gratias
3355 4396 3539 4472 'gratio

1939 4467 2128 4541 datas,
2170 4477 2231 4541 ut
2267 4467 2526 4536 diximus,
2561 4467 2673 4541 sub
2690 4467 2862 4541 gratia
2889 4467 3185 4541 sanitatum
3213 4477 3308 4524 aut
3338 4467 3537 4541 opera-

167 4545 484 4624 uiolentia,
518 4541 614 4624 uel
645 4539 1242 4624 abdimbrium’impetu,
1271 4540 1354 4593 vel
1389 4555 1425 4592 a
1455 4541 1746 4624 spirituum
1774 4543 1834 4624 vi
1859 4559 1910 4621 Β
1941 4538 2093 4594 tione
2131 4539 2396 4622 virtutum
2439 4538 3080 4624 comprehendit_(l.0or.
3121 4545 3280 4624 xui).
3329 4538 3452 4624 Quo
3483 4540 3538 4596 in

171 4613 390 4684 dejici;
432 4612 550 4668 sed
581 4611 826 4684 omnibus
865 4611 1090 4664 insidiis
1113 4611 1439 4684 inaccessum
1461 4611 1599 4676 facit
1625 4616 1676 4666 et
1703 4613 1832 4666 inui-

165 4681 327 4740 ctum
345 4681 375 4749 ,7
407 4683 608 4756 quasi
631 4697 700 4756 ea:
727 4682 1019 4756 adamante
1043 4681 1383 4756 constrictum
1409 4685 1558 4756 esset.
1591 4683 1678 4756 Ι).Δ
1703 4685 1832 4738 Ber-

163 4755 398 4812 nardus
417 4749 492 4810 in
513 4751 776 4808 eamdem
793 4751 1114 4807 sententiam
1138 4749 1230 4804 lib.
1255 4749 1322 4804 de
1342 4749 1792 4808 Cousideratione
1813 4771 1826 4807 :

168 4827 658 4882 Pretiosissimus
690 4824 918 4887 fundus,
957 4823 1120 4878 bonus
1154 4821 1364 4889 fundus
1397 4826 1494 4882 est,
1533 4822 1830 4886 humilitas,

158 4899 219 4954 in
249 4906 610 4970 qua-omne
639 4892 922 4970 cedi/icium
942 4893 1234 4970 spirituale
1257 4896 1618 4970 constructum
1647 4896 1832 4970 crescit

162 4971 226 5023 in
245 4961 567 5039 templum
595 4965 840 5039 sanctum
857 4965 918 5015 in
935 4961 1260 5039 Darnino._3°
1277 4961 1536 5039 Quodsit
1550 4963 1832 5039 proprium

160 5047 221 5094 et
248 5030 669 5111 magniﬁcum
697 5030 907 5111 donum
937 5033 1244 5111 salvatoris.
1266 5030 1512 5111 _I_lin_c_D.
1540 5030 1836 5111 Gregorius

156 5125 199 5166 ι
209 5103 398 5168 xxv?
402 5103 757 5175 Moralium:
773 5104 986 5170 Quanta
995 5105 1502 5159 humilitatisvirtus
1510 5109 1607 5168 est,
1616 5103 1838 5175 propter

160 5199 348 5251 quam
363 5173 577 5236 solans
592 5173 854 5231 ueraciter
867 5175 1182 5251 docendam,
1195 5177 1351 5251 isqui
1363 5177 1477 5230 sine
1489 5173 1838 5233 (estimatione

157 5247 424 5324 magnus
461 5253 587 5312 est,
620 5263 789 5324 usque
810 5247 885 5324 ad
901 5249 1206 5324 passionem
1223 5248 1402 5313 factus
1427 5252 1506 5301 est
1523 5263 1752 5324 parvus;
1779 5256 1835 5324 et

154 5317 288 5396 cap'.
334 5317 656 5396 sequenii
671 5317 876 5396 {Sicut
889 5317 1348 5396 evidentissimum
1361 5317 1724 5396 reproborum
1753 5321 1836 5375 si-

156 5389 352 5463 grium
385 5389 688 5465 superbia
717 5394 814 5452 est,
845 5393 931 5465 ita
969 5393 1182 5465 econtra
1217 5389 1497 5465 humilitas
1531 5392 1829 5465 electorum.

153 5467 302 5525 Cum
337 5463 498 5537 erga
544 5476 727 5537 quam
755 5463 980 5537 quisque
1003 5463 1196 5537 habeat
1223 5463 1576 5537 cognoscitur,
1600 5464 1700 5537 sub
1725 5479 1832 5533 quo

149 5553 288 5608 rege
302 5533 557 5593 militet
577 5533 880 5587 invenitur.
914 5535 1294 5608 Unusquisque
1311 5535 1453 5608 enim
1470 5536 1640 5608 quasi
1654 5550 1835 5608 quem-

149 5605 296 5665 dam
339 5608 618 5664 titulum
654 5607 840 5674 portat
876 5607 1066 5674 operis,
1110 5620 1214 5674 quo
1257 5606 1422 5674 facile
1454 5605 1700 5660 ostendat
1733 5605 1832 5660 sub

148 5682 325 5753 cujus
357 5678 616 5736 serviat
635 5679 902 5753 potestate
923 5677 1165 5753 rectoris:
1196 5675 1402 5753 Similia
1433 5675 1598 5753 habet
1619 5679 1836 5753 _D._Au-

190 5745 446 5808 iistinus
501 5760 643 5804 xw
681 5746 749 5800 de
788 5746 1012 5817 Civitate
1064 5745 1160 5802 Dei
1205 5746 1353 5817 (Cap.
1401 5747 1500 5816 13),
1540 5746 1632 5804 ubi
1677 5745 1838 5804 docet

193 5763 446 5808 ustinus
501 5763 643 5804 xw
681 5763 749 5800 ne
788 5763 1012 5802 uvnare
1065 5763 1160 5802 uel
1205 5763 1262 5817 (υ
1340 5788 1353 5800 .
1401 5763 1500 5816 13),
1540 5763 1632 5804 um
1677 5763 1836 5804 uocet

193 5838 304 5881 uas
351 5820 684 5885 civitates,
711 5815 815 5873 Dei
848 5815 1098 5875 videlicet
1135 5824 1190 5874 et
1215 5763 1438 5888 diﬁoli,
1467 5819 1572 5876 hoc
1604 5826 1706 5890 est,
1743 5834 1836 5876 so-

1939 4625 2138 4681 genere
2177 4610 2423 4682 maxime
2463 4610 2776 4668 claruerunt
2813 4610 3032 4682 plurimi
3069 4611 3239 4682 sancti
3285 4610 3530 4665 anacho-

1936 4690 2092 4754 retae,
2123 4683 2374 4754 quamvis
2412 4681 2555 4751 laici,
2591 4681 3072 4754 nulloqu’eordine
3107 4681 3538 4754 Eccleguconse-

1939 4749 2260 4830 crati,_ét_in
2295 4753 2379 4808 his
2409 4749 2703 4830 Antonius,
2744 4751 3240 4830 Papius_simplex,_
3261 4749 3526 4830 iiilarion,

1942 4832 1998 4878 et
2023 4818 2134 4878 alii.
2156 4825 2314 4879 Tales
2336 4831 2496 4878 erant
2519 4824 2596 4877 illi
2625 4818 2992 4891 monachi,_de
3011 4818 3210 4891 quibus
3229 4818 3316 4874 hic
3338 4818 3538 4891 agitur,

1942 4894 2032 4964 qui
2075 4895 2181 4950 hoc
2219 4891 2368 4964 dono
2411 4901 2465 4947 et
2493 4893 2689 4964 virtute
2734 4889 3083 4964 examinandi
3103 4889 3171 4946 ad
3200 4889 3530 4964 _osteut‘atio-

1939 4961 2070 5020 nem
2115 4972 2170 5020 et
2211 4963 2433 5018 inanem
2477 4963 2710 5034 gloriam
2761 4961 2990 5034 subinde
3037 4961 3431 5034 abutebantur;
3483 4972 3538 5018 et

1941 5033 2334 5091 exorcistarum
2366 5031 2586 5102 mulius,
2617 5033 2831 5088 tametsi
2869 5031 3006 5101 laici,
3035 5049 3221 5088 coram
3256 5033 3372 5089 aliis
3403 5048 3537 5104 pro-

1943 5105 2256 5179 ﬁtebantur,
2287 5104 2538 5174 ultroque
2577 5104 2918 5176 exercebant,
2961 5104 3360 5179 utopinionem
3403 5119 3537 5179 san-

1941 5177 2142 5234 ctitatis
2170 5173 2494 5248 venarentur
2523 5195 2536 5248 ;
2572 5173 3070 5248 quamquamnihil
3089 5173 3244 5248 vetat
3268 5173 3536 5246 quosdam

1942 5263 2005 5320 er
2047 5249 2178 5320 ipsis
2212 5247 2384 5304 fuisse
2411 5245 2635 5320 clericos
2659 5255 2714 5320 et
2745 5245 3024 5302 ordinibus
3042 5245 3322 5320 initiatos;
3349 5259 3478 5300 cum
3505 5259 3536 5301 e

1941 5316 2158 5376 diverso
2195 5320 2292 5375 viri
2325 5318 2524 5389 sancti,
2555 5327 2616 5375 ut
2650 5318 2858 5374 dictum
2894 5325 2994 5384 est,
3041 5318 3148 5373 hoc
3176 5316 3417 5389 maxime
3444 5331 3532 5371 re-

1943 5389 2194 5463 fugerent
2220 5391 2323 5463 nisi
2350 5391 2432 5447 vei
2465 5388 2748 5457 charitate,
2778 5389 2860 5444 vel
2895 5389 3235 5463 precantium
3263 5388 3532 5463 importu-

1943 5459 2113 5518 nitate
2151 5462 2349 5528 coacti,
2379 5463 2450 5517 ob
2481 5477 2672 5518 causas
2708 5476 2871 5532 supra
2897 5459 3209 5532 explicatas
3255 5459 3410 5532 (Cap.
3456 5459 3530 5532 2).

1942 5535 2023 5588 Ita
2041 5541 2262 5590 sanctus
2286 5533 2611 5588 Benedictus
2631 5529 3050 5604 energumenam
3073 5529 3220 5604 adise
3243 5529 3536 5604 adductam

1941 5604 2009 5661 ad
2054 5607 2111 5662 S.
2158 5604 2471 5675 Remigium
2514 5603 2745 5668 remisit,
2767 5601 2848 5658 'ut
2882 5601 3074 5675 scribit
3110 5601 3438 5675 Hincmarus
3471 5602 3536 5675 in

1942 5675 2106 5749 hujus
2131 5677 2272 5733 Vita.
2301 5672 2390 5732 Sic
2417 5676 2472 5732 S.
2506 5674 2832 5749 Laurentius
2854 5672 3213 5749 Iustinianus,
3237 5672 3539 5749 patriarcha

1941 5744 2202 5832 Y'e'netus,
2219 5756 2456 5832 rogatus
2464 5755 2537 5832 ‘ut
2559 5745 2867 5832 daemonem
2891 5761 2921 5801 a
2949 5744 3178 5832 muliere
3201 5744 3536 5832 expelleret:

1944 5821 2021 5878 Ne
2050 5823 2273 5892 petatis,
2303 5819 2504 5894 inquit,
2532 5836 2567 5875 a
2593 5835 2695 5883 me,
2724 5819 2867 5891 quod
2889 5821 3152 5890 prastare
3175 5832 3283 5872 non
3303 5827 3536 5884 possum.
