4040 6206
536 257 666 311 1007

1600 247 1879 305 JOANNIS
1914 246 2215 304 CASSlANl
2253 243 2741 302 COLLATIONES.

3700 246 3823 301 1008

527 384 581 433 et
618 376 760 432 inter
794 374 1184 432 admirantium
1207 372 1396 429 turbas
1424 372 1568 427 hanc
1592 386 1758 443 quam
1784 370 1868 427 vel
1904 385 2127 427 merue-
2152 373 2205 436 Α
2233 367 2484 426 fomitem
2511 367 2746 425 luxuria
2769 365 3068 435 eradicare,
3098 380 3267 438 quam
3301 365 3571 437 expellere
3595 366 3826 425 immun~

526 477 677 538 runt,
714 468 796 524 vel
835 473 1303 540 prasumpserunt
1340 464 1573 538 gratiam
1604 463 1994 536 jactantissima
2035 478 2128 520 os-

528 561 820 619 tentatione
844 559 1134 617 diffamant
1162 578 1175 614 :
1203 557 1296 615 sed
1318 557 1613 614 incassum.
1642 560 1666 589 ³
1695 558 1800 625 Qui
1823 556 1969 612 enim
1994 558 2129 611 inni-

529 659 669 711 titur
703 655 1018 717 mendaciis,
1053 655 1137 708 hic
1164 657 1348 724 pascet
1384 656 1585 716 ventos,
1624 651 1763 707 idem
1800 655 1977 706 autem
2016 653 2129 720 ipse

528 754 777 820 sequitur
812 765 933 805 aves
973 750 1211 804 volantes
1255 746 1427 820 (Prov.
1474 745 1560 818 Χ).
1604 745 1730 802 Sine
1769 744 1939 801 dubio
1983 743 2128 800 enim

529 842 738 900 eveniet
770 842 847 899 eis
882 840 1014 898 illud
1050 840 1200 913 quod
1229 840 1282 896 in
1316 837 1624 896 Proverbiis
1648 836 1850 894 dicitur
1883 857 1896 892 :
1928 831 1954 869 δ
1981 839 2131 893 Sicut

530 939 674 993 venti
699 941 749 992 et
776 938 940 991 nubes
970 941 1019 991 et
1036 937 1241 1006 pluvia:
1269 935 1731 1000 manifestissima:
1758 935 1904 995 sunt,
1932 933 2013 985 ita
2035 932 2132 1000 qui

529 1031 798 1100 gloriatur
824 1033 885 1085 in
922 1030 1049 1084 dato
1082 1030 1223 1096 falso
1252 1027 1425 1099 (Prov.
1458 1025 1626 1098 xxv).
1668 1028 1735 1081 Et
1765 1024 1886 1081 ideo
1914 1024 1959 1079 si
2004 1023 2128 1095 quis

528 1140 715 1181 coram
743 1124 899 1180 nobis
928 1122 1133 1178 horum
1173 1120 1373 1192 aliquid
1402 1120 1613 1189 fecerit,
1653 1135 1766 1175 non
1796 1119 1864 1175 de
1891 1117 2129 1174 admira-

530 1215 681 1271 tione
721 1214 1024 1286 signorum,
1058 1213 1155 1268 sed
1195 1212 1263 1268 de
1305 1219 1506 1267 ornatu
1548 1226 1770 1266 morum
1800 1209 1962 1266 debet
1988 1207 2133 1281 apud

530 1322 630 1363 nos
660 1322 778 1363 esse
804 1304 1125 1373 laudabilis;
1155 1320 1259 1360 nec
1288 1313 1476 1361 utrum
1503 1303 1776 1361 damonis
1808 1303 1856 1358 ei
1888 1301 2131 1374 subjecta

529 1399 657 1469 sint,
695 1399 790 1456 sed
828 1408 1013 1455 utrum
1041 1401 1066 1431 °
1098 1397 1374 1454 charitatis
1404 1395 1675 1465 membra,
1709 1410 1832 1468 qua
1872 1394 2135 1452 describit

533 1493 854 1567 Apostolus,
886 1492 1184 1566 possideat,
1216 1490 1623 1563 inquirendum.

1119 1634 1361 1691 CAPUT
1398 1634 1545 1689 VIII.

2233 461 2337 519 dos
2372 461 2595 534 spiritus
2626 461 2694 519 de
2722 459 3049 534 corporibus
3071 459 3290 529 alienis;
3323 469 3382 517 et
3404 458 3830 532 magniﬁcentius

2231 556 2446 630 signum
2481 564 2566 613 est
2589 557 2787 613 virtute
2817 553 3093 628 patientia
3122 553 3461 611 truculentos
3501 562 3695 612 motus
3733 556 3828 613 ira-

2232 650 2450 707 cundia
2475 649 2750 718 cohibere,
2773 665 2941 722 quam
2960 648 3104 705 aeris
3125 648 3518 721 principatibus
3537 648 3824 721 imperare;

2233 744 2462 818 plusque
2497 751 2581 801 est
2605 743 2899 800 exclusisse
2935 741 3290 799 edacissimos
3321 740 3391 797 de
3427 740 3597 798 corde
3624 745 3829 816 proprio

2236 835 2473 893 tristitia
2495 834 2743 905 morbos,
2765 850 2931 908 quam
2955 833 3288 890 valetudines
3313 832 3538 891 alterius
3560 834 3831 910 febresque

2235 943 2526 1002 corporeas
2551 928 2840 1001 expulisse.
2874 930 3160 985 Postremo
3189 924 3377 983 multis
3406 928 3586 985 modis
3621 931 3832 1002 pracla-

2235 1022 2350 1079 rior
2367 1022 2536 1078 virtus
2553 1020 2945 1093 sublimiorque
2967 1018 3246 1093 profectus
3264 1028 3368 1091 est,
3386 1021 3587 1078 anima
3604 1025 3832 1096 propria

2237 1133 2429 1174 curare
2473 1115 2807 1188 languores,
2840 1129 3006 1186 quam
3049 1113 3299 1186 corporis
3336 1113 3517 1170 alieni.
3563 1124 3585 1152 ε
3620 1118 3833 1186 Quanto

2240 1209 2382 1266 enim
2409 1208 2530 1266 hac
2557 1207 2843 1265 sublimior
2864 1221 3024 1263 carne
3049 1213 3153 1272 est,
3176 1212 3331 1261 tanto
3356 1207 3706 1278 prastantior
3729 1209 3834 1282 ejus

2238 1311 2321 1359 est
2367 1304 2544 1372 salus;
2579 1307 2910 1375 quantoque
2960 1299 3298 1373 pretiosioris
3345 1299 3833 1374 excellentiorisque

2239 1405 2323 1454 est
2352 1396 2700 1466 substantia,
2736 1405 2794 1453 et
2834 1402 2988 1452 tanto
3032 1392 3295 1467 gravioris
3344 1409 3412 1449 ac
3444 1393 3833 1465 perniciosioris

2240 1497 2322 1546 est
2349 1498 2404 1546 et
2427 1489 2619 1547 ruina.

2843 1583 3087 1639 CAPUT
3126 1583 3230 1637 IX.

2312 1676 2581 1747 Quantum
2599 1678 2873 1749 pracellat
2892 1679 3016 1732 vita
3031 1665 3275 1747 probitas
3297 1692 3460 1747 opera
3479 1680 3764 1747 signorum.

539 1754 689 1824 Quod
712 1757 1024 1812 mirabilius
1043 1758 1115 1844 sit
1135 1756 1201 1810 de
1218 1758 1494 1844 semetipso
1517 1755 1672 1838 vitia,
1700 1770 1863 1825 quam
1883 1753 1948 1809 de
1965 1752 2133 1808 altero

2315 1775 2386 1828 Et
2432 1772 2501 1829 de
2546 1772 2649 1829 illis
2690 1771 2913 1844 quidem
2965 1771 3343 1827 curationibus
3393 1772 3467 1827 ita
3523 1765 3843 1829 beatissimis'

1033 1828 1293 1882 damones
1322 1828 1637 1882 eatrusisse.

607 1964 633 2001 ἀ
661 1966 735 2022 Et
762 1979 947 2022 revera
975 1964 1155 2037 majus
1180 1964 1507 2021 miraculum
1537 1970 1618 2020 est
1647 1962 1714 2020 de
1739 1961 1956 2034 propria
1977 1976 2137 2018 carne

2247 1865 2522 1938 Apostolis
2557 1864 2753 1922 dicitur
2798 1887 2810 1921 :
2856 1858 2875 1896 ¹
2916 1866 3091 1923 Nolite
3130 1866 3364 1935 gaudere
3402 1868 3529 1936 quia
3567 1867 3835 1920 daemonia

2244 1961 2390 2016 robis
2418 1960 2785 2031 subjiciuntur
2814 1960 2956 2032 (Luc.
2989 1960 3074 2029 x).
3104 1960 3230 2016 Hoc
3255 1967 3282 2004 ε
3303 1957 3437 2015 enim
3464 1957 3693 2015 iaciebat
3719 1974 3835 2014 non

1632 2080 1887 2171 ALARDl
1926 2115 2150 2171 GAZIEI
2189 2114 2747 2172 COMMENTARIUS.

540 2249 748 2323 Eodem
788 2247 958 2323 modo
998 2248 1278 2323 respondit
1320 2248 1617 2323 Gregorius
1658 2250 2042 2323 Lingonensis,
2085 2259 2142 2306 et

542 2319 656 2389 ipse
684 2318 1609 2401 sanctissimusepiscopusfteste
1653 2318 1918 2395 Gregorio
1959 2324 2143 2378 Turo-

539 2405 695 2445 nens:
706 2431 719 2444 .

610 2470 636 2496 δ
681 2462 856 2518 Abest
896 2461 1017 2519 hac
1057 2460 1323 2533 sententia
1366 2470 1485 2517 tam
1523 2461 1593 2518 ab
1627 2462 1864 2519 Hebrao
1906 2477 2073 2533 quam
2108 2478 2140 2518 a

543 2531 737 2589 Graco
771 2535 952 2602 LXX,
982 2542 1045 2606 ut
1068 2531 1275 2587 notavit
1300 2535 1363 2606 Ρ,
1405 2533 1733 2606 Delrius(In
1758 2531 2014 2603 Adagia).
2058 2533 2145 2589 Ci-

542 2610 688 2661 tatur
717 2613 901 2659 tamen
931 2621 961 2660 a
990 2604 1266 2660 Clemente
1298 2603 1563 2660 Alexand.
1599 2603 1695 2661 lib.
1726 2621 1747 2661 ι
1777 2606 1987 2661 Strom.
2025 2612 2079 2659 et
2113 2620 2144 2658 a

542 2676 613 2729 D.
646 2676 965 2748 Augustino
1005 2674 1108 2748 lib.
1138 2689 1213 2729 III
1252 2684 1398 2731 cont.
1432 2676 1794 2732 Cresconium
1833 2691 1950 2747 cap.
1992 2680 2027 2748 εξ
2057 2674 2147 2730 his

545 2747 723 2803 verbis
757 2746 777 2803 Ξ
821 2749 927 2815 Qui
947 2747 1069 2817 ﬁdit
1090 2747 1151 2800 in
1188 2748 1366 2813 falsis,
1406 2749 1493 2802 hic
1523 2750 1700 2817 pascit
1725 2746 1925 2811 ventos,
1962 2746 2143 2817 idest,

544 2821 606 2887 ﬁt
629 2835 745 2875 esca
764 2815 1047 2890 spiritibus
1063 2819 1241 2890 malis.
1269 2816 1473 2873 Eodem
1492 2815 1673 2874 allusit
1692 2820 1860 2874 Oseas
1880 2815 2144 2890 propheta

545 2904 663 2960 cap.
696 2889 796 2945 χιι
823 2890 1008 2945 dicens
1040 2906 1053 2942 :
1086 2889 1348 2960 Ephraim
1382 2892 1554 2959 pascit
1579 2894 1795 2943 ventum
1824 2892 1875 2941 et
1899 2889 2146 2960 sequitur

547 2958 725 3014 ustum
757 2979 773 3013 :
804 2964 916 3014 tota
936 2960 1025 3013 die
1044 2959 1383 3012 mendacium
1406 2963 1457 3012 et
1474 2960 1781 3012 vastitatem
1801 2958 2143 3026 multiplicat.

545 3030 657 3083 Ubi
702 3033 775 3083 D.
809 3029 1180 3098 Hieronymus
1218 3028 1600 3096 interpretatur
1637 3041 1858 3097 pascere
1899 3035 2143 3092 ventum,

548 3100 818 3235 Sgepana
844 3112 899 3152 se
939 3098 1198 3166 decipere.
1233 3099 1525 3168 Rupertus,
1551 3100 1750 3167 spiritu
1772 3098 2032 3168 superbia
2056 3101 2140 3153 in-

623 3183 692 3222 ri.

623 3183 692 3222 η.

619 3232 646 3269 ι’
674 3237 903 3310 Vulgata
936 3236 1111 3293 versio
1141 3256 1153 3292 :
1186 3238 1382 3301 Nubes,
1413 3241 1463 3293 et
1492 3243 1699 3308 ventus,
1729 3242 1781 3294 et
1803 3240 2005 3310 pluviae
2040 3254 2148 3295 non

549 3290 1297 3393 aqua?%1.'1rblbnesle;
1315 3290 1382 3364 ἰῖί
1408 3290 1699 3392 armis;
1717 3290 1833 3365 ἠὲπῖ
1850 3290 2145 3393 ansas;
2182 3290 2227 3354 c

550 3379 651 3438 cui
692 3380 943 3438 Chaldaa
977 3379 1314 3452 paraphrasis
1344 3381 1516 3451 magis
1553 3389 1818 3438 consonat
1849 3402 1861 3437 :
1895 3379 2015 3438 Diei
2040 3398 2147 3436 nu-

554 3454 720 3516 bium,
755 3458 803 3507 et
832 3455 996 3516 venti,
1030 3455 1089 3523 in
1111 3468 1213 3521 quo
1242 3468 1347 3507 non
1375 3457 1452 3507 est
1470 3455 1694 3523 pluvia;
1722 3454 1913 3508 similis
1934 3457 2012 3507 est
2037 3456 2145 3517 vir,

552 3526 647 3592 qui
676 3525 942 3595 gloriatur
973 3525 1031 3576 in
1060 3522 1197 3595 dono
1220 3522 1506 3595 falsitatis.
1542 3525 1651 3581 Ubi
1681 3527 1753 3579 D.
1779 3523 2151 3595 Hieronymus

551 3591 711 3665 docet
750 3591 895 3647 hunc
921 3592 1262 3665 versiculum
1298 3594 1576 3650 continere
1617 3596 1777 3649 etiam
1819 3594 1954 3650 illud
1991 3591 2147 3665 quod

551 3661 684 3718 dicit
706 3660 1004 3735 Apostolus
1030 3678 1044 3715 :
1075 3663 1339 3717 Habentes
1377 3666 1598 3733 speciem
1616 3667 1857 3735 pietatis,
1890 3660 2149 3720 virtutem

553 3734 871 3806 autemejus
901 3734 1225 3806 abnegantes
1245 3735 1299 3806 _(1
1332 3735 1466 3788 Tim.
1498 3734 1609 3806 ιιι).

624 3814 645 3840 ο
679 3804 789 3859 lllis
816 3803 1078 3875 nimirum
1112 3803 1287 3859 verbis
1316 3822 1326 3857 :
1358 3803 1602 3863 Charitas
1624 3807 1841 3875 patiens
1866 3809 1961 3869 est,
1996 3806 2145 3875 beni-

552 3892 659 3945 gna
685 3880 781 3938 est,
813 3882 918 3930 etc.
961 3874 1004 3945 (Ι
1036 3876 1155 3932 Cor.
1187 3874 1391 3946 I).Ubi
1428 3874 1731 3946 quindecim
1771 3876 2032 3946 virtutum
2062 3874 2145 3932 of-

554 3946 1119 4019 ﬁciaexprimuntur,
1160 3945 1355 4016 quibus
1395 3945 1557 4002 veluti
1592 3946 1881 4017 membris,
1909 3945 2147 4019 perfecta

553 4017 783 4074 charitas
814 4017 1116 4074 intentatur
1143 4026 1197 4072 et
1223 4024 1457 4072 constat.

622 4088 646 4124 ά
680 4088 819 4144 Aliis
850 4086 1024 4144 verbis
1059 4086 1307 4143 eamdem
1331 4087 1658 4143 sententiam
1686 4087 1976 4159 expressit,
2005 4087 2150 4144 hanc

554 4160 899 4215 collationem
946 4160 1021 4215 ita
1068 4159 1396 4215 concludens
1443 4160 1595 4230 (Cap.
1646 4161 1853 4226 ultim.)
1910 4178 1923 4215 :
1973 4160 2149 4228 Major

554 4235 752 4302 quippe
782 4236 858 4287 est
889 4233 1081 4294 virtus,
1108 4247 1171 4286 ac
1196 4232 1474 4285 sublimior
1496 4233 1697 4299 gratia,
1723 4233 1991 4286 internum
2021 4231 2151 4284 libi-

555 4304 733 4357 dinem
757 4304 936 4356 carnis
966 4304 1328 4371 exstinguere,
1356 4318 1520 4372 quam
1542 4304 1810 4370 nequitias
1830 4302 2146 4365 dwmonum,

556 4373 790 4425 exterius
808 4374 1091 4437 irruentes,
1115 4374 1264 4438 signo
1290 4374 1524 4434 Domini,
1549 4386 1612 4425 ac
1636 4374 1855 4427 uirtutis
1879 4373 2156 4428 Altissimi

550 4443 794 4513 potentia
820 4441 1130 4513 subjugare,
1163 4442 1245 4494 vel
1281 4442 1347 4513 de
1372 4443 1611 4513 obsessis,
1633 4443 1940 4513 corporibus
1958 4443 2156 4513 divini

508 4528 517 4541 -
556 4511 785 4582 nominis
804 4511 1131 4564 invocatione
1144 4512 1456 4582 propellere,
1486 4517 1526 4566 A
1540 4511 1783 4582 ptissime
1808 4528 1934 4568 vero
1956 4512 2043 4568 his
2066 4529 2151 4569 re-

555 4580 828 4664 spondent
856 4588 913 4635 et
944 4589 1398 4664 eonsonan‘tqua
1426 4581 1496 4664 de
1523 4580 1863 4664 mirabilibus
1889 4584 1989 4638 Dei
2015 4599 2152 4664 ope-

554 4651 713 4746 rire
728 4651 1031 4746 inanes:
1068 4651 1183 4746 se
1201 4651 1661 4746 eisneiisne
2176 4683 2227 4746 ι)

556 4725 650 4781 lat.
691 4729 758 4780 12
793 4740 914 4795 cap.
960 4730 1044 4792 12,
1073 4723 1162 4778 ubi
1201 4721 1320 4779 hac
1347 4722 1487 4779 inter
1510 4723 1610 4778 alia
1645 4742 1656 4777 :
1693 4726 1820 4793 Quis
1845 4728 1987 4780 enim
2010 4727 2070 4780 in
2096 4742 2151 4782 se

555 4812 715 4867 opera
741 4797 959 4853 Domini
981 4811 1087 4850 non
1124 4796 1373 4863 miretur,
1411 4811 1527 4850 cum
1554 4797 1914 4851 insatiabilem
1946 4800 2150 4853 ventris

558 4869 864 4935 ingluviem,
887 4871 937 4921 et
957 4871 1323 4990 sumptuosam
1347 4868 1488 4937 gula
1506 4870 1966 4939 perniciosumque
1990 4870 2152 4923 luatu-

559 4938 698 4988 riam
725 4939 804 4989 ita
833 4940 891 4990 in
918 4953 973 4990 se
998 4940 1055 4990 vi
1094 4941 1198 4990 erit
1226 4954 1335 4990 esse
1361 4954 1732 4990 comnressam.
1764 4945 1826 4990 ut
1847 4944 1942 4990 vim
1968 4941 2150 4990 ipsum

559 4938 698 5010 riam
725 4939 804 4989 ita
833 4940 891 4990 in
918 4953 973 4990 se
998 4938 1198 4991 viderit
1226 4954 1335 4993 esse
1361 4954 1732 5009 compressam,
1764 4945 1826 4994 ut
1847 4938 1942 4994 via:
1968 4941 2150 5010 ipsum

558 5008 809 5082 exiguum
849 5022 910 5061 ac
950 5009 1270 5062 vilissimum
1311 5008 1487 5064 cibum
1520 5027 1647 5066 raro
1678 5014 1943 5082 percipiat
1957 5008 2009 5066 Τ
2023 5012 2150 5078 Quis

555 5093 662 5133 non
685 5077 1020 5152 Obstupescat
1042 5093 1200 5148 opera
1226 5082 1342 5143 Dei,
1374 5098 1491 5135 cum
1520 5077 1882 5152 illum—ignem
1906 5077 2152 5137 libidinis

556 5165 712 5222 quem
742 5151 1046 5205 naturalem
1075 5153 1234 5205 antea
1262 5155 1314 5205 et
1343 5154 1489 5207 velut
1518 5151 2011 5222 incastinguibilem
2046 5168 2153 5208 esse

2247 2254 2367 2315 Dei,
2398 2253 2660 2307 hominem
2686 2266 2938 2306 carneum
2960 2251 3203 2306 carnales
3227 2249 3468 2317 affectus
3497 2251 3556 2302 in
3579 2264 3730 2303 carne
3750 2263 3841 2318 po—

2246 2324 2414 2377 situm
2443 2325 2741 2392 respuisse;
2772 2326 2822 2376 et
2850 2324 2907 2376 in
2942 2326 3100 2376 tanta
3138 2337 3319 2376 rerum
3347 2324 3509 2389 atque
3536 2322 3839 2392 incursum

2246 2391 2536 2456 varietate,
2570 2408 2740 2447 unum
2769 2397 2940 2447 tenere
2967 2394 3141 2447 animi
3163 2397 3388 2455 statum,
3415 2396 3575 2456 atque
3596 2391 3841 2445 immobi-

2249 2464 2350 2534 lem
2388 2466 2446 2518 in
2471 2465 2619 2534 omni
2651 2463 3008 2518 accidentium
3029 2464 3427 2534 permutatione
3455 2463 3843 2534 durare._Hac

2252 2533 2346 2605 ibi.
2379 2533 2588 2603 Quibus
2617 2543 2977 2590 consentanea
3010 2532 3195 2589 scribit
3222 2535 3285 2588 B.
3318 2532 3622 2605 Gregorius
3647 2532 3754 2605 lib.
3774 2547 3841 2588 ιιι

2254 2604 2473 2675 Dialog.
2505 2620 2626 2675 cap.
2648 2608 2757 2675 i7;
2787 2605 2881 2660 ubi
2919 2605 3088 2660 etiam
3120 2605 3283 2659 docet
3316 2603 3499 2675 majus
3525 2619 3647 2675 esse
3684 2603 3841 2675 mira-

2253 2674 2472 2745 culum’,
2517 2674 2915 2747 pradicationis
2951 2676 3115 2732 verbo
3153 2684 3315 2745 atque
3353 2674 3619 2729 orationis
3654 2674 3842 2729 solatio

2252 2754 2595 2817 peccatorem
2640 2754 2979 2813 convertere,
3019 2761 3186 2817 quam
3228 2760 3393 2801 carne
3435 2753 3719 2800 mortuum
3759 2760 3843 2801 re-

2254 2818 2517 2873 suscitare
2545 2819 2707 2882 (Vide
2732 2819 2789 2874 S.
2827 2819 3006 2874 Thom.
3049 2823 3172 2885 1-2,
3206 2830 3264 2887 ‘q.
3302 2822 3429 2881 111,
3466 2821 3573 2871 art.
3610 2821 3666 2885 5,
3706 2820 3756 2871 et
3791 2833 3839 2887 q.

2258 2892 2380 2956 113,
2405 2892 2509 2943 art.
2544 2893 2578 2943 9
2606 2894 2657 2942 et
2690 2889 2796 2959 10).

2258 3037 2267 3039 _
2326 2962 2365 3039 ¢_
2390 2961 2467 3013 Ita
2494 2960 2565 3039 Ι)ἔ
2598 2957 2891 3039 Qregorips
2927 2957 3295 3014 Nazianzenus
3325 2955 3606 3039 verissime
3636 2958 3846 3039 scripsit

2253 3037 2410 3085 tanto
2468 3029 2639 3085 animi
2703 3029 2959 3085 morbum
3023 3045 3187 3100 quam
3245 3029 3492 3101 corporis
3555 3030 3845 3101 graviorem

2253 3115 2402 3172 esse,
2421 3110 2625 3172 quanto
2654 3100 2874 3156 animus
2902 3097 3129 3170 corpore
3153 3097 3501 3171 praestantior
3529 3097 3672 3157 :‘Hie
3691 3104 3843 3165 enim,

2254 3170 2565 3241 inquitialio
2592 3171 2736 3238 loco,
2760 3176 2962 3242 praeter
2984 3170 3310 3226 voluntatem
3338 3173 3549 3232 existit,
3578 3172 3673 3225 ille
3707 3188 3741 3224 a
3764 3188 3847 3225 vo-

2251 3243 2459 3297 luntate
2475 3245 2837 3313 proﬁciscitur
2862 3261 2878 3296 :
2900 3243 2983 3296 hic
3004 3258 3116 3297 una
3143 3258 3262 3297 cum
3284 3242 3383 3295 hac
3400 3244 3514 3296 vita
3530 3245 3743 3310 ﬁnitur,
3761 3243 3851 3297 ille

2253 3328 2347 3367 nos
2368 3315 2493 3368 hinc
2509 3316 2804 3382 migrantes
2824 3314 3114 3368 comitatur
3136 3333 3152 3367 :
3174 3315 3259 3368 hic
3277 3314 3501 3383 denique
3515 3314 3851 3367 miseratione

2255 3385 2456 3452 dignus
2481 3390 2579 3448 est,
2602 3385 2693 3439 ille
2711 3384 2853 3447 odio,
2879 3384 3031 3454 apud
3054 3400 3137 3440 eos
3161 3384 3380 3455 quidem
3398 3386 3493 3454 qui
3510 3385 3704 3439 mentis
3727 3388 3852 3439 sunt

2256 3459 2622 3609 ἶωῖῗρὲξιῇἰιρε
2662 3524 2802 3609 apud
2845 3525 2899 3582 S.
2936 3524 3208 3609 Thomam
3256 3529 3351 3609 (in.
3380 3528 3582 3609 Catena
3600 3528 3849 3609 purea)‘:

2258 3597 2364 3652 Sed
2398 3612 2510 3660 cur,
2552 3597 2792 3663 Domine,
2819 3612 2927 3651 non
2952 3598 3087 3651 sinis
3115 3598 3298 3652 laturi
3328 3600 3387 3652 in
3417 3598 3707 3652 honoribus
3739 3613 3776 3651 a
3804 3600 3853 3651 te

2258 3668 2504 3721 collatis?
2531 3682 2649 3721 cum
2668 3669 2926 3737 scriptum
2944 3670 3015 3723 sit
3036 3686 3054 3721 :
3074 3670 3136 3724 In
3156 3670 3366 3722 nomine
3384 3671 3474 3721 tuo
3492 3668 3856 3723 easuItabunt

2260 3742 2370 3792 tota
2392 3737 2484 3809 die
2513 3736 2679 3807 (Psal.
2710 3736 3038 3809 LXXXVIII).
3064 3739 3168 3795 Sed
3186 3740 3432 3809 Dominus
3456 3753 3543 3792 eos
3562 3739 3644 3791 ad
3667 3739 3860 3807 majus

2258 3808 2517 3876 gaudium
2553 3810 2729 3877 erigit.
2766 3809 2915 3864 Unde
2941 3807 3124 3865 subdit
3157 3829 3173 3863 :
3202 3807 3427 3866 Gaudete
3458 3812 3664 3870 autem,
3710 3812 3865 3878 quia

2258 3881 2475 3934 nomina
2500 3884 2677 3933 vestra
2702 3882 2901 3950 scripta
2926 3886 3052 3935 sunt
3079 3884 3136 3934 in
3158 3880 3311 3934 calis.
3336 3880 3417 3933 Ita
3445 3878 3711 3950 Cyrillus.
3748 3883 3869 3936 Ita-

2259 3964 2364 4022 que
2410 3965 2522 4022 non
2569 3958 2715 4022 vetat
2748 3951 3009 4022 Christus
3050 3950 3343 4022 discipulos
3387 3950 3658 4022 gaudere,
3704 3951 3867 4022 quod

2259 4019 2537 4093 daemonia
2573 4020 2652 4078 eis
2679 4020 3079 4093 subjicerentur
3111 4044 3124 4079 :
3169 4019 3276 4093 hoc
3312 4019 3461 4093 enim
3499 4019 3867 4093 donum—Dei

2260 4101 2397 4160 erat,
2439 4091 2506 4165 de
2544 4107 2653 4165 quo
2682 4089 2915 4165 gaudere
2944 4092 3099 4161 licet,
3142 4091 3310 4165 modp
3336 4099 3390 4147 et
3422 4089 3654 4165 donum‘
3674 4091 3867 4165 ipsum

2258 4170 2314 4218 et
2338 4158 2596 4234 gaudium
2625 4158 2985 4234 in'auctorem
3018 4158 3183 4219 suum
3209 4161 3487 4234 referatur,
3516 4182 3529 4217 :
3566 4158 3657 4218 sed
3691 4158 3869 4219 docet

2257 4233 2443 4316 minus
2486 4233 2835 4317 gaudendum
2862 4234 3139 4317 quam_de
3172 4251 3240 4291 eo
3283 4233 3431 4317 quod
3473 4233 3717 4317 ipsorum
3754 4250 3871 4317 po-

2259 4304 2404 4360 mina
2421 4304 2628 4377 scripta
2664 4312 2845 4377 essent
2871 4304 2928 4361 in
2957 4305 3096 4363 calo
3130 4325 3143 4362 :
3182 4304 3409 4362 nomina
3438 4313 3625 4377 autem
3651 4305 3873 4377 scripta

2259 4374 2475 4449 esse__i_n
2514 4374 2676 4449 creto,
2725 4376 2868 4449 idem
2910 4392 2975 4433 ac
3011 4378 3213 4449 scripta
3230 4393 3372 4449 esse
3413 4376 3467 4449 in
3521 4376 3658 4449 libro
3709 4374 3871 4443 vita,

2259 4454 2321 4519 ut
2346 4445 2465 4519 aliis
2506 4446 2685 4502 verbis
2722 4447 2997 4519 Scriptura
3038 4445 3177 4504 solet
3215 4447 3397 4506 dicere
3436 4447 3627 4518 (Exod.
3660 4461 3871 4519 nexu.

2258 4517 2631 4600 Psal.‘_lixv_1_1_l,
2658 4516 2862 4590 Philip.
2889 4534 2974 4587 ιγ,
3138 4516 3671 4600 I_11)._Docent_porro
3700 4516 3878 4599 theo-

2259 4586 2379 4662 logi
2401 4590 2493 4662 (Π.
2535 4588 2735 4662 Thom.
2766 4586 2901 4662 (12.,
2931 4586 2986 4661 qi.
3024 4590 3113 4662 24)
3142 4586 3360 4662 duobus
3389 4586 3561 4644 modis
3593 4587 3876 4662 homines

2259 4658 2419 4730 scribi
2464 4659 2523 4714 in
2570 4660 2706 4716 libro
2757 4658 2913 4730 vita,
2938 4658 3056 4717 'aut
3095 4658 3407 4717 secundum
3447 4668 3715 4715 aeternam
3774 4658 3877 4715 Dei

2258 4728 2815 4804 pradestinationem,
2842 4728 2964 4804 qua
2988 4731 3100 4788 falli
3133 4741 3230 4804 aut
3268 4731 3462 4804 mutari
3490 4744 3597 4804 non
3626 4737 3875 4798 potest;

2258 4799 2353 4857 aut
2391 4802 2693 4876 secundum
2739 4799 3061 4876 praesentem
3095 4803 3373 4876 cujusque,
3391 4799 3652 4874 justitiam
3673 4841 3711 4871 ,ν
3745 4816 3879 4872 qua

2257 4872 2458 4953 mutari
2490 4872 2843 4953 _pote§t_:'_et
2886 4872 3223 4953 illussem'el
3270 4872 3498 4945 scriptos
3542 4885 3880 4953 numquam

2257 4941 2421 5027 deleri
2429 4963 2451 5025 5
2490 4941 2591 4999 bos
2619 4944 2785 5000 deleri
2816 4944 3171 5027 rescribique,
3215 4941 3558 5027 prout'gunc
3588 4957 3659 5027 ex
3696 4941 3884 5015 justi:

2258 5013 2462 5087 injusti,
2494 5031 2640 5071 nunc
2664 5032 2852 5071 rursus
2879 5031 2945 5072 ex
2974 5013 3190 5089 injustis
3208 5013 3343 5097 justi
3368 5013 3717 5096 efﬁciuntur;

2298 5094 2357 5170 ἐξ
2394 5086 2990 5170 ῌοοηξιιρθιὶυθφαρ.
3037 5093 3091 5170 62
3133 5086 3256 5170 aliis
3295 5085 3476 5170 verbis
3500 5083 3867 5170 ipeulcgtpm

2978 5131 2990 5142 ο
3037 5125 3091 5151 υ]
3133 5125 3256 5143 uilla
3302 5125 3476 5142 νιιυισ
3500 5125 3889 5151 annva-vntum,

2259 5154 2350 5230 ubi
2371 5156 2446 5211 ait
2470 5175 2483 5213 :
2515 5154 2637 5215 Viri
2649 5160 2828 5214 sancti
2844 5154 3125 5224 (miracula
3151 5157 3450 5230 patrantes)
3474 5155 3605 5210 nihil
3632 5156 3898 5230 sibipro

2261 5228 2455 5282 talium
2472 5231 2809 5285 mirabilium
2825 5232 3028 5285 virtute
3045 5227 3322 5285 donabant
3342 5249 3359 5283 :
3376 5227 3509 5299 quia
3518 5243 3623 5281 non
3640 5227 3779 5282 haec
3793 5242 3901 5283 suo

2263 5301 2447 5352 merito
2469 5303 2582 5368 agi,
2608 5301 2700 5355 sed
2728 5304 2943 5356 Domini
2964 5301 3334 5357 misericordia
3356 5300 3714 5368 fatebantur,
3745 5301 3905 5370 Apo-

2261 5370 2459 5442 strolicis
2480 5372 2653 5442 verbis
2666 5374 2723 5426 in
2741 5374 3104 5428 admiratione
3120 5375 3415 5442 signorum,
3439 5371 3759 5425 humanam
3784 5388 3827 5439 Ω
3834 5372 3915 5424 10'

2262 5441 2401 5514 riam
2411 5441 2725 5508 refutantes.
2739 5445 2864 5500 Viri
2868 5441 3634 5514 fratres,inquiunt,quidadm
3642 5443 3919 5496 iramim‘

2264 5512 2323 5565 in
2352 5513 2465 5575 hoc,
2495 5516 2592 5567 aut
2626 5529 2720 5569 nos
2753 5515 2889 5585 quid
2912 5512 3228 5578 intuemini,
3261 5512 3422 5584 quasi
3452 5516 3637 5585 nostra
3675 5516 3921 5568 virtute

2265 5588 2362 5638 aut
2382 5588 2646 5653 potestate
2679 5582 2962 5653 fecerimus
2993 5588 3134 5642 hunc
3169 5582 3448 5641 ambulare
3479 5582 3707 5653 (Actor.
3762 5584 3921 5653 1n)?

2262 5654 2365 5729 His
2391 5656 2538 5729 enim
2564 5655 2740 5712 verbis
2763 5672 2893 5713 usus
2921 5669 3001 5713 est
3020 5659 3213 5729 Petrus
3239 5654 3544 5729 apostolus,
3571 5664 3925 5729 postquam

2263 5725 2513 5797 claudum
2540 5743 2603 5782 ex
2634 5736 2788 5784 utero
2816 5729 3008 5784 matris
3038 5744 3171 5797 sua,
3201 5725 3459 5797 invocato
3478 5725 3932 5797 nomine—Iesu

2264 5795 2471 5853 Christi
2512 5798 2797 5866 Nazareni,
2844 5808 3106 5869 curasset,
3151 5795 3352 5872 populo
3399 5796 3471 5855 ad
3515 5796 3573 5855 id
3611 5798 3929 5856 miraculi

553 5223 817 5286 credebat,
834 5224 913 5277 ita
932 5223 1252 5291 refriguisse
1263 5227 1610 5293 persense-rit,
1628 5229 1689 5277 ut
1707 5240 1773 5277 ne
1790 5223 2027 5292 simplici
2041 5226 2150 5293 qui-

554 5295 673 5349 dem
701 5297 935 5364 corporis
972 5301 1121 5349 metu
1154 5309 1208 5348 se
1234 5296 1435 5349 sentiat
1462 5296 1719 5348 incitari?
1754 5293 2019 5359 Quomodo
2048 5311 2154 5350 non

555 5368 810 5421 virtutem
847 5367 1061 5419 Domini
1088 5368 1460 5419 contremiscat
1486 5367 1732 5434 quisque,
1772 5380 1889 5418 cum
1919 5365 2154 5421 homines

554 5438 819 5505 quondam
840 5436 989 5491 diros
1010 5451 1072 5489 ac
1091 5433 1437 5498 truculentos,
1459 5438 1556 5505 qui
1572 5433 1646 5490 ad
1659 5451 1925 5491 summum
1943 5438 2157 5492 iracun-

554 5505 660 5559 dice
669 5509 908 5573 furorem
919 5509 1078 5561 etiam
1089 5506 1785 5564 blandissimz'ssubditorum
1798 5508 2064 5564 irritaban
2071 5513 2160 5563 tur

555 5576 840 5642 obsequiis,
862 5578 937 5630 ad
952 5582 1157 5631 tantam
1173 5581 1427 5634 transisse
1444 5579 1645 5635 vider-it
1662 5581 1955 5642 lenitatem,
1973 5584 2035 5634 ut
2048 5596 2155 5635 non

555 5643 727 5723 selum
737 5645 1037 5723 iamnullis
1049 5655 1474 5704 commoveantur
1487 5650 1731 5719 injuriis,
1746 5653 1839 5705 sed
1857 5652 2021 5723 etiam
2038 5666 2153 5705 cum

556 5712 1172 5788 ﬂlatafuerint,summa
1181 5712 1629 5788 magnanimitate
1639 5712 2038 5788 congaudeant?
2048 5730 2149 5776 etc.

555 5783 623 5836 Et
642 5795 834 5845 rursus
856 5795 973 5851 cap.
1002 5785 1247 5852 sequenti
1278 5783 1291 5838 ἐ
1320 5789 1473 5841 Istud
1495 5804 1621 5856 ergo
1646 5794 1724 5843 est
1736 5783 2000 5847 'mirabile
2021 5808 2153 5863 opus
