4040 6206
236 310 352 367 1009

1063 299 1402 359 COLLATIO
1439 301 1553 358 xv.
1591 331 1664 343 —
1699 301 1790 357 ne
1825 269 2376 359 CHARISMA‘TIBUS
2415 301 2686 358 mvmis.

3387 307 3524 364 1010

229 435 698 502 eorum'potestas,
727 426 822 486 sed
859 428 1034 484 virtus
1071 425 1338 482 Dominici
1379 425 1623 482 nominis
1652 425 1810 482 invo-
1839 430 1893 494 Α
1922 441 1988 483 eo
2026 425 2177 498 quod
2215 425 2426 482 cunctis
2463 424 2902 484 infestationibus
2939 425 3285 498 daemonum,
3330 429 3525 502 quibus

228 525 343 595 cati,
372 533 428 580 et
463 523 666 582 idcirco
694 528 988 578 monentur
1013 528 1076 578 ut
1106 535 1172 577 ex
1213 519 1316 576 hac
1347 527 1498 592 parte
1537 519 1679 576 nihil
1709 519 1812 576 sibi

226 615 562 676 beatitudinis
594 625 690 674 aut
730 615 918 690 gloriae
945 613 1183 671 audeant
1223 613 1517 684 vindicare,
1549 627 1674 686 quae
1713 611 1812 669 Dei

225 717 424 786 tantum
451 709 691 782 potentia
709 723 772 765 ac
795 708 1001 765 virtute
1022 705 1327 779 perﬁcitur,
1346 705 1443 764 sed
1470 721 1538 763 ex
1565 705 1658 762 illa
1688 705 1814 762 vitae

221 819 328 860 suae
353 803 634 874 cordisque
661 801 859 859 intima
887 801 1143 874 puritate,
1170 799 1243 859 ob
1271 815 1436 875 quam
1460 799 1690 858 nomina
1717 814 1811 856 eo-

223 913 336 954 rum
363 896 584 955 inscribi
608 905 887 954 merentur
911 895 970 951 in
993 893 1166 952 coelis.

833 1036 1071 1093 CAPUT
1107 1035 1189 1090 X.

337 1154 608 1210 Revelatio
634 1152 702 1207 de
713 1152 976 1222 perfecta:
1003 1152 1270 1206 castitatis
1295 1151 1676 1221 emperimento.

284 1275 352 1330 Et
374 1281 433 1330 ut
459 1273 563 1330 hoc
589 1273 770 1344 ipsum
800 1270 946 1344 quod
975 1271 1235 1338 diximus,
1263 1269 1344 1326 vel
1363 1269 1697 1326 testimoniis
1723 1283 1812 1324 ve-

213 1373 410 1435 terum,
437 1367 519 1423 vel
551 1365 752 1422 divinis
780 1364 1018 1422 oraculis
1043 1363 1434 1437 approbemus,
1464 1361 1596 1434 quid
1626 1370 1652 1398 ι
1673 1360 1807 1416 bea-

211 1465 296 1515 tus
320 1458 674 1531 Paphnutius,
700 1458 782 1516 vel
807 1457 876 1514 de
899 1456 1266 1514 admiratione
1293 1455 1600 1528 signorum,
1625 1453 1706 1510 vel
1737 1453 1808 1510 de

209 1551 376 1626 gratia
411 1553 643 1609 senserit
682 1551 956 1624 puritatis,
995 1550 1168 1606 immo
1210 1547 1343 1622 quid
1385 1547 1562 1621 angeli
1601 1546 1805 1602 revela-

209 1645 355 1701 tione
395 1647 740 1718 cognoverit,
781 1645 952 1718 ipsius
993 1643 1172 1700 verbis
1216 1651 1379 1716 atque
1417 1638 1808 1713 experimentis

205 1737 404 1794 rectius
445 1737 806 1810 proferamus.
852 1737 958 1818 ῌίο
993 1751 1232 1808 namque
1267 1734 1344 1790 ita
1386 1731 1578 1790 multis
1624 1730 1809 1805 vigens

1921 519 2016 578 diu
2071 528 2364 593 aperteque
2413 519 2764 590 conﬂixerat,
2820 522 3159 593 superiorem
3203 538 3264 580 se
3313 522 3523 582 factum

1921 627 2038 669 esse
2061 612 2304 681 sentiret,
2332 611 2494 682 dum,
2519 611 2932 670 advenientibus
2955 613 3082 670 viris
3105 615 3329 684 sanctis,
3351 609 3380 648 δ
3405 616 3526 689 pul-

1922 713 2175 762 mentum
2221 705 2496 762 lenticulae
2541 705 2688 778 quod
2735 705 2807 762 illi
2851 716 2872 742 °
2919 706 3168 764 atheram
3213 694 3520 778 nominant,

1920 809 2272 874 praepararet,
2293 816 2490 857 manus
2509 801 2626 874 ejus
2643 800 2699 856 in
2715 801 2950 871 clibano,
2971 809 3032 858 ut
3053 802 3276 870 assolet,
3300 803 3523 863 ﬂamma

1919 895 2364 966 supervolitante,
2396 893 2686 952 combusta
2711 903 2812 954 est.
2844 897 2966 965 Quo
2993 894 3139 952 facto
3167 895 3522 968 tristiﬁcatus,

1919 1003 2185 1061 magnum
2223 989 2280 1046 in
2321 986 2552 1045 modum
2595 987 2764 1062 coepit
2802 1004 2990 1046 secum
3026 989 3224 1046 tacitus
3251 990 3468 1048 volvere
3507 1009 3521 1048 :

1918 1082 2030 1139 Cur
2065 1082 2227 1155 ignis,
2259 1081 2530 1154 inquiens,
2561 1098 2782 1139 mecum
2810 1099 2922 1139 non
2953 1083 3119 1140 habet
3149 1099 3358 1156 pacem,
3393 1101 3522 1143 cum

1915 1173 2118 1232 diriora
2139 1175 2269 1230 mihi
2291 1173 2608 1232 daemonum
2619 1176 2880 1231 cesserint
2899 1175 3120 1247 praelia?
3143 1185 3236 1232 aut
3261 1177 3524 1250 quemad-

1917 1267 2150 1324 modum
2190 1283 2280 1324 me
2321 1267 2380 1324 in
2417 1267 2512 1324 illo
2553 1267 2856 1324 metuendo
2893 1268 3165 1325 examinis
3201 1269 3288 1326 die
3331 1285 3426 1342 per
3465 1285 3524 1327 se

1914 1361 2278 1418 transiturum
2319 1362 2408 1418 ille
2447 1361 2588 1434 ignis
2633 1361 3088 1436 inexstinguibilis
3136 1370 3193 1420 et
3235 1363 3525 1436 inquisitor

1915 1454 2242 1510 meritorum
2273 1453 2524 1510 omnium
2553 1469 2666 1510 non
2694 1454 2917 1524 tenebit,
2953 1454 3040 1511 cui
3070 1471 3215 1512 nunc
3253 1456 3522 1514 extrinse-

1916 1561 2012 1602 cus
2033 1546 2120 1602 hic
2145 1546 2461 1618 temporalis
2481 1561 2546 1602 ac
2571 1548 2826 1618 parvulus
2845 1563 2954 1603 non
2977 1549 3252 1620 pepercit?
3275 1549 3523 1620 Cumque

1901 1639 2168 1696 aestuanti
2213 1638 2591 1712 hujuscemodi
2637 1641 3059 1714 cogitationibus
3101 1648 3264 1714 atque
3306 1641 3521 1698 tristitia

1915 1747 2083 1804 sopor
2100 1731 2315 1789 subitus
2334 1733 2684 1806 obrepsisset,
2706 1732 3000 1790 adveniens
3023 1735 3248 1806 angelus
3271 1733 3520 1802 Domini,

204 1833 362 1888 annis
403 1807 740 1888 districtione
786 1809 1084 1904 praecipua,
1131 1807 1197 1887 ut
1243 1827 1491 1886 crederet
1535 1843 1595 1884 se
1640 1827 1810 1883 etiam
1839 1807 1886 1870 Β
1919 1826 2052 1894 Cur,
2099 1825 2299 1896 inquit,
2343 1825 2634 1898 Paphnuti,
2663 1825 2837 1882 tristis
2876 1827 3134 1908 es,quod
3163 1825 3518 1908 necdum'pa-

205 1923 436 1980 carnalis
471 1924 932 1996 concupiscentiae
971 1921 1174 1994 laqueis
1209 1921 1424 1994 penitus
1459 1919 1772 1976 absolutum
1789 1961 1806 1988 ,

1915 1925 2071 1974 catus
2099 1917 2198 1974 tibi
2237 1919 2308 1976 sit
2334 1919 2477 1993 ignis
2513 1919 2615 1976 iste
2648 1927 2921 1989 terrenus,
2947 1906 2975 1952 δ
3007 1933 3134 1976 cum
3163 1918 3344 1976 adhuc
3364 1906 3521 1976 resi-

1297 2045 1550 2101 ALARDI
1587 2045 1812 2102 GAZEI
1849 2044 2407 2101 COMMENTARIUS.

197 2168 566 2232 concurrente
605 2169 661 2216 et
700 2159 1276 2232 stupente._Idemque
1317 2175 1348 2216 a
1386 2159 1555 2216 Paulo
1586 2167 1646 2232 et
1671 2162 1810 2216 Bar-

197 2229 345 2302 naba
403 2229 916 2302 apuddLystrehses
971 2229 1278 2302 factitatum
1343 2239 1399 2302 et
1453 2230 1808 2302 praedicatum

219 2299 513 2376 Act._va)
553 2299 753 2376 ibidem
791 2301 1186 2376 annotavimus.
1227 2299 1532 2376 Conﬁrmat
1558 2300 1805 2376 eamdem

233 2371 507 2427 octrinam
551 2373 607 2428 S.
651 2371 989 2428 Athanasius
1025 2370 1236 2428 in'Vita
1279 2371 1522 2438 Antonii,
1555 2371 1627 2426 ita
1669 2370 1803 2426 scri-

195 2443 330 2497 bens
349 2445 510 2513 (Cap.
533 2446 624 2509 52)
648 2462 661 2498 :
680 2445 960 2514 Numquid
975 2459 1086 2498 sum
1099 2445 1319 2498 virtutis
1337 2444 1560 2514 imperio
1581 2442 1806 2498 curabat

189 2514 472 2570 Antonius
485 2516 515 2568 ?
539 2515 817 2584 Numquid
835 2513 948 2569 sua:
965 2515 1342 2584 possibilitatis
1365 2513 1670 2567 arbitratur
1696 2527 1806 2568 esse

189 2585 332 2654 quod
376 2587 624 2652 fecerat?
655 2585 1020 2649 Orationibus,
1061 2601 1169 2640 non
1195 2585 1502 2654 praeceptis,
1539 2584 1802 2639 daemones

187 2660 488 2719 cesserunt,
516 2660 568 2710 et
589 2655 663 2710 ad
685 2656 892 2712 Christi
911 2658 1011 2710 Dei
1029 2657 1201 2710 nostri
1221 2657 1640 2710 nominationem
1663 2668 1802 2709 sem-

177 2741 284 2797 per
301 2729 562 2782 universa
577 2729 825 2797 perfecta
843 2731 991 2781 sunt.
1007 2729 1170 2784 Nemo
1186 2727 1490 2850 sadpientum
1507 2727 1803 2780 sanitatum

185 2797 607 2853 admirationem
629 2799 865 2852 ascribat
887 2799 1142 2853 Antonio.
1168 2812 1224 2851 se
1289 2799 1512 2851 Dommo
1533 2799 1674 2853 Jesu.
1705 2797 1803 2853 oui

185 2813 607 2853 admirationem
629 2813 865 2852 (18οηοω
887 2813 1142 2860 Aruonio,
1168 2813 1262 2851 sea
1289 2813 1512 2851 1Wan
1533 2813 1674 2858 JBSU,
1705 2813 1736 2866 q

187 2869 412 2924 solitam
451 2884 580 2936 erga
609 2873 884 2924 creaturas
912 2883 1038 2922 suas
1066 2867 1323 2923 exhibens
1357 2867 1795 2929 benevolentiam,

179 2953 328 2994 nunc
353 2955 573 3010 quoque
605 2954 702 3008 per
726 2941 944 2994 electum
970 2939 1244 3010 famulum
1269 2953 1426 2993 suum
1453 2937 1801 3010 indulgenter

181 3007 456 3066 exercuit.
478 3007 750 3064 Antbnius
780 3013 992 3063 tantum
1015 3009 1226 3071 orabat,
1248 3013 1299 3077 et
1319 3011 1447 3062 vitae
1469 3007 1585 3077 ejus
1608 3009 1798 3070 merito

179 3085 384 3136 cuncta
409 3080 672 3136 Dominus
693 3078 1042 3148 largiebatur.
1066 3081 1198 3132 Haec
1219 3076 1722 3148 Athanasius,_quza
1744 3087 1799 3133 et

173 3149 246 3206 de
300 3151 422 3206 alio
470 3145 817 3220 quocumque
864 3147 997 3220 viro
1028 3154 1236 3220 sa_ncto_
1261 3147 1526 3220 miracula
1571 3145 1799 3220 faciente

171 3221 291 3277 dici
327 3215 587 3292 possunt.
617 3215 825 3292 varum
849 3217 918 3292 ad
949 3215 1251 3292 pleniogern
1277 3216 1476 3292 horum
1499 3216 1798 3292 intelligen-

172 3285 343 3347 tiam'
360 3289 704 3347 observanda
730 3285 982 3344 doctrina
1012 3289 1086 3342 D.
1116 3285 1346 3343 Thomas
1368 3285 1453 3342 his
1480 3285 1656 3341 verbis
1673 3285 1798 3342 'tra-

167 3360 290 3418 dita
317 3366 464 3428 (2-2,
490 3364 682 3430 quiest.
711 3365 835 3425 178,
853 3376 908 3413 a.
942 3361 989 3423 ι)
1015 3374 1029 3410 :
1050 3358 1343 3412 Dicendum
1359 3357 1505 3426 quod
1521 3357 1802 3430 sicutpro-

1917 2159 2046 2228 lem,
2065 2168 2120 2216 et
2140 2161 2330 2233 Petrus
2344 2159 2664 2217 suscitando
2678 2159 2995 2233 Tabitham,
3014 2161 3108 2232 qui
3123 2168 3313 2233 tamen
3333 2177 3520 2233 preces

1915 2237 2041 2306 ante
2078 2231 2446 2306 praemiserat;
2493 2239 2548 2286 et
2588 2233 2645 2288 S.
2695 2231 3043 2306 Benedictus,
3088 2231 3202 2303 qui,
3251 2239 3314 2287 ut
3334 2231 3518 2306 refert

1916 2301 2213 2384 gregarius
2233 2303 2362 2384 (Ubi
2376 2318 2564 2384 supra,
2586 2317 2707 2384 cap.
2732 2303 2845 2370 31),
2867 2301 2987 2358 solo
3007 2301 3230 2373 aspectu
3250 2301 3516 2358 rusticum

1913 2371 2140 2442 ligatum
2170 2387 2200 2427 a
2226 2371 2459 2428 vinculis
2478 2371 2668 2430 solvit:
3073 2371 3089 2373 ἡ

1916 2510 1928 2522 ,
1983 2445 2006 2474 ⁸
2039 2445 2128 2523 De.
2158 2444 2508 2523 quo_saapi_us
2537 2445 2770 2523 egimus,
2805 2451 2860 2523 et
2901 2458 3000 2523 pro
3029 2441 3306 2523 Pafnutio,
3337 2453 3400 2500 ut
3433 2453 3516 2523 est

1912 2513 1969 2566 in
1998 2513 2236 2570 editione
2263 2513 2526 2584 Plautini,
2570 2513 2938 2586 Paphnutium
2973 2513 3265 2587 legendum
3293 2516 3516 2572 monui-

1912 2597 2055 2640 mus.
2645 2605 2649 2608 ”

1981 2655 2014 2726 ιζ
2037 2655 2120 2709 De
2144 2653 2403 2726 lenticula
2425 2653 2546 2710 vide
2567 2662 2752 2726 notata
2779 2653 2848 2710 ad
2877 2670 2994 2726 cap.
3026 2659 3100 2726 20
3127 2655 3221 2711 lib.
3254 2671 3320 2712 1v
3346 2656 3515 2712 Insti-

1909 2723 2208 2788 tutionum,
2239 2725 2351 2780 sive
2373 2725 2442 2782 de
2471 2725 2744 2781 Institutis
2771 2723 3225 2780 renuntiantium.

1983 2803 2005 2866 ξε
2040 2795 2241 2866 Ἀθήραγ
2270 2795 2383 2866 sive
2425 2795 2604 2866 ἀθάρα,
2635 2805 2710 2866 ω
2750 2795 2961 2866 notavit
2997 2795 3307 2866 Ciaconius,
3342 2796 3512 2866 Hesy-

1909 2863 2034 2948 chio
2064 2863 2442 2948 est'edulium
2464 2863 2742 2948 quoddam
2778 2865 2931 2948 quod
2961 2865 3194 2948 Egyptii
3237 2883 3302 2948 ex
3332 2863 3510 2948 tritico

1909 2942 1964 2990 et
1978 2934 2123 3017 .lacte
2151 2934 2672 3020 cenﬁciuﬁt.'Plinio
2701 2934 2882 3020 potius
2912 2934 3394 3020 medicamentum.
3419 2937 3512 3020 βία

1905 3006 2052 3062 enim
2081 3006 2271 3063 scribit
2309 3026 2322 3062 :
2363 3009 2598 3078 Oli/ram.
2625 3006 2868 3064 ariucam
2895 3009 3138 3062 ducimus
3161 3011 3342 3070 vocari
3369 3026 3386 3062 :
3414 3009 3512 3063 hac

1906 3081 2049 3150 cocta
2066 3081 2133 3150 ﬁt
2140 3079 2604 3142 medicamentum,
2617 3080 2762 3148 quod
2769 3081 3017 3150 Egyptii
3031 3079 3289 3133 atharam
3302 3083 3507 3150 vocant,

1908 3148 2210 3217 infantibus
2224 3151 2576 3205 utilissimum
2594 3169 2611 3217 ;
2629 3151 2723 3205 sed
2737 3155 2788 3205 et
2802 3148 3016 3205 adultos
3029 3150 3253 3204 illinunt
3266 3165 3340 3204 eo.
3357 3149 3509 3206 Idem

1909 3214 2019 3294 iege
2048 3217 2397 3294 Dioscorides
2426 3220 2569 3276 libro
2594 3214 3059 3294 Secundo,_capite
3088 3226 3211 3276 114.
3239 3221 3296 3276 S.
3324 3223 3510 3294 Augu-

1907 3285 2088 3362 stinus
2132 3288 2263 3362 (non
2291 3289 2791 3362 Hieronymus,_ut_
2823 3285 3016 3362 vitiose
3046 3291 3374 3362 impressum
3409 3285 3506 3362 é'st)

1909 3356 1970 3440 in
2002 3356 2215 3440 Quaest.
2250 3359 2303 3440 i_n
2333 3356 2613 3440 Genesim:
2643 3356 2714 3440 a_d
2741 3359 2872 3440 illud
2901 3376 3017 3440 cap.
3050 3356 3174 3440 xiv
3217 3378 3231 3414 :
3262 3364 3333 3414 Et
3357 3356 3510 3440 dedit

158 3433 378 3514 phetia
406 3427 464 3486 se
491 3427 738 3517 extendit
757 3429 831 3483 ad
851 3431 1031 3517 omnia
1055 3443 1181 3517 quae
1202 3427 1690 3517 supernaturaliter:
1715 3443 1804 3517 co:
1835 3453 1879 3517 ο
1911 3429 1986 3482 eis
2023 3429 2228 3482 cibaria
2255 3431 2313 3483 in
2349 3432 2515 3517 viam.
2555 3429 2808 3517 Verbum,
2839 3427 3034 3517 inquit,
3063 3431 3216 3517 sedo,
3251 3431 3395 3514 quod
3422 3432 3508 3514 hic

161 3498 376 3572 gnosci
409 3503 663 3570 possunt,
693 3501 772 3554 ita
803 3501 1044 3572 operatio
1075 3501 1338 3554 virtutum
1364 3513 1420 3554 se
1444 3498 1690 3554 eatendit
1727 3499 1804 3553 ad
1835 3498 1879 3517 “
1910 3513 2086 3553 omnes
2113 3515 2201 3572 ore
2223 3515 2442 3554 consono
2473 3499 2796 3571 ἐπισιτισμόν,
2829 3501 2890 3555 id
2911 3498 3008 3564 Est,
3035 3498 3277 3564 cibaria;
3293 3503 3403 3556 sive
3428 3505 3508 3557 si-

162 3571 371 3628 amnia
415 3586 540 3640 qua:
575 3571 1060 3640 supematuraliter
1097 3571 1222 3640 ﬁeri
1251 3575 1483 3640 possunt
1518 3587 1536 3624 :
1573 3584 1802 3640 quorum

167 3643 420 3714 quidem
444 3656 608 3696 causa
628 3645 708 3714 est
727 3641 919 3696 divina
933 3643 1338 3714 omnipotentia,
1359 3655 1486 3714 quem
1495 3641 1644 3714 nulli
1659 3655 1803 3714 creaf

159 3711 323 3769 fune
353 3713 752 3768 communicari
759 3715 952 3782 potest.
976 3715 1049 3768 Et
1069 3711 1188 3766 ideo
1208 3711 1536 3782 impossibile
1557 3715 1639 3766 est
1654 3713 1800 3782 quod

154 3785 527 3855 principium
546 3783 807 3852 operandi
823 3783 1086 3837 miracula
1105 3784 1178 3855 sit
1187 3783 1377 3855 aliqua
1395 3783 1632 3853 qualitas
1645 3783 1798 3838 habi-

162 3853 412 3910 tualiter
441 3869 660 3909 manens
688 3855 748 3908 in
774 3855 980 3908 anima.
1021 3853 1126 3910 Sed
1155 3857 1332 3908 tamen
1357 3854 1450 3908 hoc
1469 3857 1648 3923 potest
1673 3869 1796 3908 con-

157 3928 418 3996 tingere,
442 3925 587 3994 quod
601 3925 1202 3996 sicutimensprophetw
1220 3928 1460 3996 movetur
1477 3939 1545 3978 ccc
1566 3926 1795 3993 inspira-

156 3993 319 4052 tione
360 3993 565 4050 divina
605 3994 680 4048 ad
708 3993 937 4062 aliquid
959 3993 1448 4063 supernaturaliter
1485 4008 1796 4061 cognoscen-

155 4067 328 4130 dum,
367 4067 463 4120 ita
491 4066 656 4118 etiam
683 4079 834 4118 mens
857 4064 1120 4118 miracula
1147 4063 1400 4131 facientis
1427 4066 1705 4118 moveatur
1723 4065 1798 4120 ad

147 4136 511 4206 faciendum
527 4134 763 4204 aliquid,
789 4134 864 4188 ad
881 4135 1026 4204 quod
1046 4135 1288 4206 sequitur
1309 4132 1524 4206 effectus
1543 4135 1796 4206 miraculi

149 4204 317 4280 quod
343 4212 510 4280 Deus
529 4221 630 4260 sua
655 4207 856 4260 virtute
876 4207 1035 4280 facit.
1065 4204 1216 4280 Quod
1237 4204 1560 4280 quandotu
1579 4205 1792 4280 quidem

141 4275 219 4350 fit
258 4277 892 4353 prwcedente‘orente,
925 4277 1076 4353 _sicut_
1113 4291 1234 4353 cum
1273 4277 1463 4353 Petrus
1509 4275 1791 4353 Iabitham

143 4345 462 4406 mortuam
502 4349 780 4403 suscitavit
807 4345 951 4418 (Act.
996 4350 1104 4413 Ix).
1151 4347 1476 4416 Quandoque
1499 4349 1661 4402 etiam
1685 4363 1792 4402 non

136 4423 519 4492 praecedente
542 4417 834 4492 manifesta
859 4419 1124 4492 oratione,
1143 4417 1238 4473 sed
1259 4422 1365 4492 Deo
1389 4418 1465 4474 ad
1476 4421 1679 4492 nutum
1703 4418 1792 4473 ho.

143 4489 332 4549 minis
365 4494 668 4563 operante,
695 4491 838 4563 sicut
864 4489 1055 4563 Petrus
1087 4489 1360 4563 Anartium
1385 4492 1439 4563 et
1463 4489 1792 4563 Sapphiram

139 4558 504 4620 mentientes
539 4562 702 4616 morti
723 4560 1050 4630 increpando
1079 4559 1312 4630 tradidit
1339 4558 1495 4630 (Act.
1519 4558 1602 4629 v5.
1643 4561 1793 4616 Unde

142 4636 480 4705 Gregorius
527 4632 660 4705 dicit
714 4631 775 4684 in
804 4629 1053 4705 secundo
1091 4629 1790 4705 malogorum_(Cap._30),

134 4699 305 4776 quod
334 4705 541 4776 sancti
558 4700 944 4776 aliquandoea:
960 4701 1205 4776 polentia;
1231 4699 1498 4776 miracula
1517 4699 1789 4776 (adhibent,

132 4769 494 4848 aliquando
507 4788 581 4848 ea:
600 4769 987 4848 postulatione;
1009 4769 1271 4848 Utrolibet
1286 4773 1463 4848 tamen
1481 4771 1636 4848 modo
1661 4775 1794 4848 Deus

122 4844 656 4918 pnﬁcipaliterop

127 4911 443 4975 interidri
478 4916 627 4966 motu
650 4911 915 4975 hominis,
943 4913 1025 4968 vel
1059 4913 1175 4983 ejus
1201 4911 1488 4974 locutione,
1513 4911 1598 4966 vel
1633 4913 1794 4967 etiam

129 4991 347 5052 aliqua
377 4983 663 5041 exteriori
688 4985 833 5048 actu,
857 4996 948 5036 seu
970 4985 1132 5038 etiam
1159 4983 1339 5052 aliquo
1361 4985 1605 5037 contactu

129 5051 258 5116 νιειῖ
280 5055 560 5128 corporis
574 5056 738 5128 etiam
760 5053 962 5128 mortui
974 5054 1134 5128 (Vide
1144 5054 1224 5128 ibi
1239 5051 1592 5128 Cajetanum).
1622 5051 1790 5128 Unde,

123 5134 308 5188 Iosue
339 5123 424 5194 χ’,
456 5140 580 5182 cum
607 5126 765 5180 Iosue
789 5123 1034 5186 dixisset,
1063 5125 1225 5194 quasi
1247 5123 1317 5178 ea:
1338 5127 1603 5194 potestate
1633 5141 1650 5178 :
1677 5124 1790 5188 Sol,

125 5206 348 5257 contra
391 5198 632 5258 Gabaon
659 5210 768 5250 non
799 5195 1080 5258 movearis,
1114 5194 1371 5248 subditur
1401 5198 1588 5264 postea
1623 5211 1642 5248 :
1671 5196 1791 5253 Non

119 5273 257 5340 fuit
286 5275 450 5328 ante
479 5273 530 5323 et
551 5271 736 5338 postea
760 5265 1058 5340 tamilonga
1083 5265 1216 5340 dies,
1247 5265 1518 5340 qbediente
1543 5266 1648 5320 Deo
1673 5267 1794 5340 voci

122 5335 438 5400 hominis.
472 5335 750 5408 Hactenus
779 5339 836 5394 S.
861 5335 1120 5408 Thomas.
1149 5335 1313 5408 Unde
1337 5343 1486 5408 patet
1506 5335 1786 5408 quomodo

119 5415 328 5470 sancti
401 5407 720 5481 secundum
783 5407 1136 5481 Gregorium_
1167 5406 1458 5481 aliquando
1521 5406 1788 5464 miracula

117 5483 368 5542 faciant
403 5479 574 5556 quasi
615 5493 683 5556 ex
723 5477 988 5556 potestate
1028 5486 1084 5536 et
1121 5477 1380 5556 imperio,
1411 5485 1790 5556 cutnconstet

117 5556 342 5612 omnia
397 5547 682 5610 riiiracula
723 5547 905 5606 divina
937 5550 1137 5607 virtute
1174 5547 1322 5619 ﬁeri,
1358 5557 1420 5606 ut
1458 5547 1666 5604 dictum
1707 5556 1791 5604 est

147 5628 320 5684 Vide
345 5627 421 5684 S.
460 5621 728 5680 Bernard.
752 5637 909 5677 serm.
941 5626 1004 5677 13
1031 5623 1090 5676 in
1113 5622 1317 5691 Cant).
1348 5619 1616 5691 Dicuntur
1641 5619 1791 5691 enim

159 5713 258 5756 ac
306 5695 530 5755 facere
557 5709 639 5765 ex‘
652 5699 939 5765 potestate,
981 5692 1200 5765 quando
1234 5689 1345 5765 non
1375 5689 1655 5765 praemissa
1681 5689 1788 5765 im-

115 5769 414 5826 mediate
458 5760 1046 5834 manifestaoratione,
1070 5763 1164 5834 sed
1191 5761 1305 5834 sola
1324 5760 1572 5834 iussione
1596 5761 1789 5834 statim

114 5837 526 5898 miraculum
551 5833 940 5908 aggrediuntur
985 5849 1000 5889 :
1038 5832 1178 5890 sicut
1209 5831 1376 5890 Iosue
1413 5831 1652 5892 sistendo
1692 5845 1790 5890 so-

1911 3573 2083 3643 tareia
2114 3571 2452 3641 interpretati
2477 3575 2622 3635 sunt,
2654 3573 2710 3626 in
2736 3573 2997 3627 Psalterio
3031 3587 3238 3643 quoque
3259 3572 3501 3630 habetur.

1915 3641 2020 3713 Ubi
2041 3643 2182 3713 enim
2197 3644 2373 3697 nostri
2391 3643 2570 3712 legunt
2591 3661 2608 3697 :
2635 3643 2872 3699 Viduam
2891 3643 3006 3713 ejus
3027 3641 3335 3699 benedicens
3358 3643 3506 3700 benc-

1907 3711 2083 3786 dieam
2111 3711 2280 3786 (Psal.
2313 3711 2546 3784 CXXXI),
2571 3715 2696 3786 licet
2733 3717 2792 3768 in
2815 3711 3089 3785 plerisque
3117 3715 3382 3786 codicibus
3403 3731 3505 3786 pro

1903 3783 2092 3852 vidua,
2122 3783 2228 3839 hoc
2257 3790 2354 3848 est,
2378 3802 2482 3857 pro
2509 3784 2694 3910 χὲῖαν,
2734 3783 2980 3868 nonnulli
2996 3783 3194 3864 legant
3236 3783 3425 3867 Θήραῇ
3448 3789 3504 3840 in

1904 3855 2127 3909 Hebraeo
2167 3857 2328 3910 habet
2354 3857 2510 3910 zeda.
2638 3859 2734 3910 est.
2775 3856 2983 3909 Cibaria
3021 3868 3158 3910 eius.
3200 3854 3504 3909 benedicens

1904 3855 2127 3909 Hebraeo
2167 3857 2328 3912 habet
2354 3854 2518 3920 z—eda,
2539 3854 2603 3910 id
2638 3859 2734 3918 est,
2775 3856 2983 3909 cibaria
3021 3854 3158 3922 ejus,
3200 3854 3505 3909 benedicens

1907 3924 2232 3981 benedicam.
2264 3929 2424 3982 Porro
2455 3925 2629 3997 θὴραν,
2658 3927 2987 3980 venationem
3019 3925 3191 3994 magis
3215 3927 3391 3994 potest
3416 3940 3503 3997 so-

1903 4010 2036 4048 nare
2059 4012 2223 4064 quam
2243 3998 2460 4066 fruges;
2486 3992 2700 4052 tametsi
2723 3999 2890 4050 moris
2917 3997 2991 4052 sit
3014 3992 3386 4066 [Egi/ptimum
3417 3992 3503 4060 θῆ-

1904 4081 1992 4132 ραν
2017 4067 2214 4146 'etiam_
2237 4068 2332 4146 far
2367 4083 2571 4146 vocare,
2609 4067 2762 4146 quod
2802 4082 2944 4120 nunc
2983 4070 3226 4146 eorrupte
3264 4067 3504 4146 atheram

1901 4140 2234 4261 anpupant.
2259 4137 2394 4190 Haec
2411 4135 2771 4208 Augustinus,
2797 4149 2892 4190 seu
2915 4135 3160 4206 quisquis
3179 4145 3368 4190 auctor
3387 4138 3432 4208 ej
3441 4151 3504 4192 us

1921 4221 1934 4258 ι
1977 4221 2043 4260 τι.

1921 4221 2043 4260 ωτι.

1973 4264 1999 4308 ά
2037 4275 2216 4332 Sensit
2259 4274 2364 4348 hoc
2397 4273 2679 4348 etiamuvir
2711 4283 2931 4348 sanctus
2957 4273 3194 4332 Ursinus
3222 4273 3505 4348 presbyter

1901 4345 1990 4414 (de
2015 4361 2122 4417 quo
2150 4349 2212 4402 B.
2242 4346 2542 4419 Gregorius
2566 4345 2660 4403 lib.
2695 4361 2761 4402 Iv
2791 4347 3007 4419 Dialog.
3033 4345 3324 4418 capite—lt)
3357 4345 3506 4415 :Qui

1900 4421 2062 4487 gravi
2075 4420 2228 4487 febre
2245 4418 2538 4490 correptus,
2561 4421 2613 4472 et
2625 4420 2791 4474 morti
2795 4418 2915 4490 jam
2924 4418 3230 4489 promimus,
3248 4434 3368 4473 cum
3386 4419 3502 4488 ejus

1901 4503 2053 4562 soror
2071 4505 2202 4546 aure
2218 4492 2344 4545 nari
2346 4489 2440 4545 bus
2457 4489 2507 4560 ej
2508 4505 2572 4544 us
2575 4491 2802 4562 propius
2817 4489 3036 4546 admota
3053 4490 3362 4562 erploraret
3371 4506 3501 4546 num

1899 4561 2098 4633 aliquis
2121 4563 2344 4633 spiritus
2371 4564 2424 4617 ei
2448 4561 2761 4632 superesset,
2791 4563 3052 4632 quantulo
3077 4561 3278 4616 adnisu
3295 4563 3497 4633 potuit,

1901 4631 2259 4698 infervescens
2293 4635 2494 4704 spiritu
2508 4631 2730 4702 collegit
2753 4631 2947 4696 vocem,
2989 4637 3150 4700 atque
3175 4634 3398 4704 δωρεὴ
3415 4631 3503 4704 di-

1901 4716 2018 4758 cens
2057 4721 2075 4758 :
2112 4701 2382 4760 Recede—a
2407 4719 2510 4772 me,
2549 4701 2774 4770 mulier;
2809 4704 2988 4757 adhuc
3032 4702 3296 4772 igniculus
3340 4701 3496 4772 vivit,

1895 4773 2110 4841 paleam
2146 4775 2288 4829 tolle.
2329 4775 2416 4830 Sic
2451 4768 2562 4828 ille.
2597 4768 2808 4842 Eodem
2839 4768 3233 4842 spectat’quod
3261 4769 3316 4823 in
3356 4768 3501 4842 Yitis

658 4846 859 4914 eretur,
887 4844 987 4912 qui
1002 4843 1180 4914 utitur
1199 4841 1693 4914 instrumentaliter,
1711 4842 1796 4896 vel
1819 4836 1872 4901 D
1895 4836 2128 4914 Fatrum
2169 4843 2368 4914 legitur
2401 4843 2489 4897 his
2529 4842 2705 4897 verbis
2735 4836 2887 4914 (Lib;
2904 4855 2944 4896 v
2975 4836 3149 4914 libello
3189 4844 3273 4914 ιο)
3303 4858 3318 4894 :
3347 4841 3497 4894 Dice-

1901 4912 2030 4968 bant
2053 4915 2120 4968 de
2141 4911 2376 4982 quodam
2397 4927 2536 4988 sene,
2563 4914 2696 4988 quia
2713 4911 2884 4988 fuerit
2905 4911 3303 4988 quinquaginta
3330 4926 3499 4988 annos

1897 4999 2065 5053 neque
2087 4981 2285 5054 panem
2309 4982 2598 5065 comedens,
2624 4981 2792 5051 néque
2810 4982 2973 5049 facile
2995 4997 3196 5052 aquam
3221 4981 3422 5046 bibens,
3449 4987 3500 5037 et

1901 5053 2110 5110 dicebat
2133 5073 2149 5108 :
2177 5054 2313 5120 Quia
2333 5057 2578 5108 exstinxi
2593 5053 3024 5121 fornicationem,
3045 5057 3097 5107 et
3115 5055 3425 5116 avaritiam,
3447 5057 3501 5108 et

1902 5140 2095 5179 vanam
2111 5125 2362 5194 gloriam.
2376 5126 2450 5180 Et
2465 5124 2597 5194 quia
2611 5124 2776 5180 abbas
2793 5125 3073 5180 Abraham
3091 5124 3339 5178 audierat
3356 5123 3500 5192 quod

1903 5195 2014 5252 haec
2033 5193 2280 5258 didisset,
2300 5197 2444 5250 venit
2461 5193 2538 5250 ad
2555 5210 2693 5259 eum,
2713 5199 2766 5250 et
2781 5195 2929 5250 dia-it
2945 5196 2998 5250 ei
3016 5213 3032 5249 :
3057 5197 3134 5250 Tu
3151 5194 3350 5249 dixisti
3360 5193 3498 5246 hunc

1899 5269 2230 5323 sermonem?
2246 5269 2318 5323 Et
2335 5267 2428 5322 ille
2447 5265 2676 5336 respond

1898 5338 2179 5394 Abraham
2205 5355 2222 5392 :
2248 5341 2378 5395 Ecce
2402 5335 2580 5392 intras
2608 5338 2668 5391 in
2695 5337 2880 5392 cellam
2902 5341 3069 5400 Nam,
3099 5340 3152 5392 et
3171 5335 3378 5389 invenis
3401 5348 3497 5388 su-

1889 5423 2002 5478 pra
2029 5413 2260 5464 mattam
2286 5413 2436 5464 tuam
2463 5409 2772 5476 mulierem,-
2795 5413 2946 5478 potes
2971 5422 3080 5462 non
3107 5407 3350 5478 cogitare
3367 5407 3496 5475 quia

1896 5477 2095 5534 mulier
2117 5483 2230 5535 est?
2253 5483 2325 5536 Et
2351 5481 2501 5536 ducit
2526 5498 2543 5534 :
2571 5481 2708 5542 Non,
2734 5477 2829 5534 sed
2851 5481 3108 5548 impugno
3133 5477 3498 5548 cogitationem

1897 5565 2089 5613 meam,
2128 5553 2192 5604 ut
2224 5565 2332 5604 non
2359 5554 2582 5618 tangam
2613 5549 2893 5604 mulierem
2923 5547 3107 5602 illam.
3137 5549 3293 5604 Dixit
3333 5547 3498 5603 abbas

1898 5621 2182 5677 Abraham
2205 5639 2222 5676 :
2247 5623 2377 5676 Ecce
2396 5623 2573 5690 igitur
2592 5635 2697 5676 non
2717 5621 3128 5688 fomicationem
3151 5619 3468 5686 interfecisti
3479 5638 3496 5685 ;

1971 5693 2029 5764 ia
2054 5693 2192 5746 vivit
2206 5693 2392 5764 passio
2418 5694 2563 5764 ipsa,
2586 5690 2940 5764 sed_alligata
2961 5695 3056 5746 est.
3075 5692 3296 5754 Iterum,
3322 5691 3374 5744 si
3391 5705 3501 5764 am-

1973 5763 2054 5840 las
2074 5764 2142 5840 in
2161 5761 2274 5828 via,
2299 5767 2351 5818 et
2375 5761 2525 5818 vides
2548 5761 2781 5840 lapides,
2805 5761 2860 5840 et
2885 5765 3048 5840 testas
3073 5775 3338 5840 vaserum,
3369 5761 3496 5840 etin

1898 5834 2034 5906 ipsis
2053 5833 2239 5904 jacens
2258 5827 2489 5903 aurum;
2519 5827 2662 5906 quod
2687 5835 2906 5903 videris,
2931 5837 3084 5904 potes
3110 5833 3254 5888 velut
3289 5827 3496 5897 lapides

2675 5267 2722 5320 it
2743 5284 2760 5320 :
2784 5268 2986 5322 Etiam.
3009 5268 3080 5322 Et
3097 5265 3246 5320 dixit
3265 5265 3316 5318 ei
3331 5263 3498 5319 abbas
3573 5290 3588 5301 ο
