4040 6206
536 278 662 333 1011

1616 270 1896 327 JOANNIS
1932 269 2236 327 CASSIANI
2275 270 2765 330 COLLATIONES.
2864 334 2883 351 ,

3708 275 3840 333 1012

529 399 658 457 deat
682 400 739 455 in
763 396 1029 455 membris
1052 397 1163 454 tuis
1184 394 1488 454 carnalium
1516 402 1774 451 motuum
1801 394 2036 451 necdum
2062 394 2129 452 ad
2157 400 2210 463 Α
2238 396 2343 454 dus
2367 397 2708 455 castimonia:
2745 413 2859 456 suae
2888 398 3048 473 hujus
3068 399 3410 472 probationis
3437 398 3666 472 ponderi
3688 415 3842 457 com-

531 507 729 565 purum
772 500 994 548 excocta
1032 489 1373 547 commotio?
1401 487 1569 561 Cujus
1608 487 1819 545 radices
1860 487 2036 550 donec
2076 488 2134 544 in

527 584 639 640 tuis
665 584 864 639 vivunt
882 583 1158 651 medullis,
1186 582 1368 655 ignem
1393 582 1561 637 istum
1581 580 1921 637 materialem
1938 596 2135 652 nequa-

527 698 693 753 quam
728 681 827 736 tibi
876 680 1159 752 paciﬁcum
1199 694 1317 735 esse
1362 678 1700 750 permittent,
1745 692 1911 750 quem
1947 677 2135 748 utique

528 775 813 830 innoxium
840 774 975 829 alias
999 772 1200 829 sentire
1223 788 1335 828 non
1361 771 1585 844 poteris,
1612 771 1721 828 nisi
1750 786 1942 827 omnes
1965 770 2132 826 inter-

533 882 636 924 nos
676 876 864 924 motus
899 866 986 923 his
1023 865 1235 923 indiciis
1276 865 1331 920 in
1367 863 1656 937 temetipso
1698 863 1997 935 experieris
2039 879 2135 918 ex-

532 960 780 1017 stinctos.
821 960 974 1017 Vade
1015 968 1070 1016 et
1105 957 1453 1032 apprehende
1494 956 1701 1013 nudam
1741 964 1796 1012 et
1834 954 2132 1028 pulcherri-

530 1071 687 1113 mam
718 1056 1015 1129 virginem;
1063 1062 1119 1110 et
1155 1055 1201 1109 si
1243 1053 1393 1109 illam
1433 1061 1643 1116 tenens,
1682 1050 2134 1123 tranquillitatem

527 1150 604 1206 tui
635 1149 815 1205 cordis
842 1148 1186 1204 immobilem
1212 1156 1486 1218 aestusque
1515 1144 1759 1202 carnales
1788 1144 2046 1217 pacificos
2076 1145 2135 1201 in

526 1251 580 1297 te
620 1242 854 1297 senseris
884 1240 1229 1312 perdurasse,
1261 1239 1426 1311 hujus
1455 1254 1670 1311 quoque
1711 1238 1945 1294 visibilis
1977 1238 2137 1294 llam-

525 1350 633 1392 mre
654 1334 801 1391 mitis
829 1342 990 1406 atque
1014 1333 1268 1389 innoxius
1295 1333 1350 1389 in
1377 1332 1606 1389 modum
1633 1331 1851 1388 illorum
1880 1332 2053 1388 trium
2082 1332 2137 1388 in

523 1428 823 1501 Babylonia
866 1443 1164 1500 puerorum
1209 1435 1265 1483 te
1313 1426 1573 1482 allambet
1614 1434 1848 1481 attactus
1901 1427 2133 1493 (Daniel.

522 1522 641 1593 In).
667 1524 854 1594 Itaque
874 1536 1042 1577 senex
1069 1536 1133 1576 ex
1156 1518 1479 1593 bujusmodi
1504 1519 1831 1576 revelatione
1855 1519 2136 1591 perculsus

524 1631 640 1672 non
669 1614 892 1687 quidem
928 1613 1283 1687 experimenti
1323 1612 1578 1669 divinitus
1606 1611 1961 1669 demonstrati
1988 1613 2135 1685 peri-

523 1706 643 1764 cula
687 1706 977 1776 consuluit,
1014 1706 1109 1763 sed
1147 1707 1489 1778 interrogans
1524 1704 1914 1762 conscientiam
1948 1721 2130 1771 suam,

520 1809 576 1858 et
617 1802 911 1873 puritatem
940 1800 1027 1857 sui
1058 1799 1237 1856 cordis
1274 1800 1613 1867 examinans,
1645 1814 1746 1855 nec
1779 1798 1957 1855 adhuc
1996 1814 2130 1870 pon-
2161 1785 2209 1847 Β

2220 505 2468 571 [pensare
2508 492 2821 565 conjectans
2860 509 2875 547 :
2909 494 3032 548 Non
3067 491 3267 548 mirum
3294 499 3396 562 est,
3438 491 3538 557 ait,
3568 491 3617 547 si
3652 491 3844 548 ceden-

2242 584 2394 638 tibus
2425 584 2563 639 mihi
2590 584 3004 642 immundorum
3034 584 3322 657 spirituum
3347 584 3578 656 praeliis,
3605 583 3845 642 adustio-

2241 691 2339 732 nes
2388 677 2525 749 ignis
2568 693 2705 750 quas
2749 678 3042 736 dirissimis
3090 678 3473 751 congressibus
3525 677 3840 735 daemonum

2242 769 2529 827 inferiores
2564 787 2685 828 esse
2714 772 3026 842 credebam,
3060 772 3239 829 adhuc
3276 771 3571 829 adversum
3597 789 3688 829 me
3713 789 3841 829 sen-

2242 864 2410 919 serim
2453 866 2755 921 saevientes.
2789 866 2964 938 Major
3003 866 3203 939 quippe
3242 874 3327 921 est
3360 864 3536 922 virtus
3575 882 3642 922 ac
3675 866 3841 923 subli-

2243 958 2390 1013 mior
2419 958 2611 1030 gratia,
2642 959 2915 1016 internam
2952 959 3230 1016 libidinem
3272 959 3445 1015 carnis
3472 961 3841 1032 exstinguere,

2245 1066 2410 1123 quam
2464 1052 2729 1125 nequitias
2791 1053 3106 1111 daemonum
3156 1053 3484 1110 extrinsecus
3530 1055 3842 1122 irruentes,

2241 1152 2268 1179 ⁸
2293 1144 2450 1217 signo
2480 1144 2704 1201 Domini
2733 1160 2797 1202 ac
2835 1144 3044 1201 virtutis
3075 1144 3342 1201 Altissimi
3381 1146 3623 1217 potentia
3647 1146 3851 1219 subju-

2244 1253 2393 1311 gare,
2434 1238 2516 1295 vel
2553 1237 2622 1296 de
2649 1239 2885 1296 obsessis
2922 1239 3242 1311 corporibus
3275 1239 3522 1295 nominis
3564 1239 3740 1297 divini
3769 1241 3845 1297 in-

2243 1329 2533 1388 vocatione
2555 1332 2872 1405 propellere.
2900 1334 3024 1387 Huc
3051 1347 3224 1404 usque
3244 1332 3414 1388 abbas
3442 1335 3709 1391 Nesteros
3736 1350 3848 1392 ora-

2244 1423 2455 1479 tionem
2498 1424 2567 1481 de
2607 1440 2731 1481 vera
2776 1424 3167 1481 charismatum
3214 1427 3539 1499 operatione
3582 1442 3845 1485 consum-

2243 1531 2422 1585 mans,
2462 1532 2568 1574 nos
2602 1516 2672 1574 ad
2700 1517 2895 1574 cellam
2932 1519 3079 1576 senis
3115 1519 3343 1592 Ioseph,
3381 1535 3507 1593 quae
3538 1536 3631 1577 sex
3672 1521 3845 1580 ferme

2244 1609 2487 1667 millibus
2524 1610 2592 1668 ab
2633 1612 2752 1683 ipso
2795 1620 2939 1681 erat,
2988 1623 3375 1686 pr0perantes,
3417 1615 3687 1673 doctrina:
3730 1632 3841 1675 suae

2242 1702 2573 1760 institutione
2600 1712 2923 1777 prosecutus
2952 1713 3055 1763 est.

1634 1907 1887 1962 ALARDI
1927 1907 2151 1963 GAZEI
2189 1905 2749 1964 COMMENTARIUS.

529 2018 823 2085 reputare?
867 2019 938 2072 Et
969 2016 1242 2085 respondit
1272 2035 1288 2069 :
1320 2017 1456 2077 Non,
1487 2015 1580 2069 sed
1612 2017 1797 2069 resisto
1821 2016 2138 2084 cogitationi

530 2102 679 2148 meae,
720 2102 787 2140 ne
818 2089 1067 2155 colligam
1100 2088 1215 2140 illa.
1259 2090 1330 2142 Et
1362 2086 1471 2139 dici
1507 2087 1557 2139 ei
1588 2086 1754 2138 abbas
1789 2086 2074 2140 Abraham
2114 2104 2131 2140 :

529 2160 658 2213 Ecce
677 2172 801 2226 ergo
823 2160 957 2212 vivit
973 2159 1176 2228 passio,
1199 2157 1293 2211 sed
1312 2158 1542 2228 alligata
1560 2160 1656 2228 est.
1680 2158 1750 2211 Et
1770 2156 1918 2210 dixit
1937 2158 2134 2210 iterum

530 2228 697 2283 abbas
719 2226 997 2284 Abraham
1019 2248 1036 2283 :
1059 2230 1120 2285 Si
1139 2228 1383 2282 audieris
1404 2227 1469 2281 de
1491 2226 1693 2281 duobus
1711 2228 1983 2293 fratribus
2003 2229 2136 2296 quia

529 2314 669 2353 unus
688 2300 875 2368 diligit
896 2304 946 2354 te
965 2305 1015 2354 et
1037 2300 1177 2353 bona
1202 2298 1268 2353 de
1292 2302 1342 2352 te
1366 2298 1621 2368 loquitur,
1644 2298 1791 2351 alius
1811 2302 1991 2352 autem
2014 2297 2131 2352 odit

532 2374 583 2425 et
613 2371 862 2451 detrahit
1024 2375 1078 2451 et
1100 2369 1443 2451 veneﬁnt‘ad
1465 2372 1538 2451 te,
1567 2372 1820 2450 utrosque
1846 2369 2130 2451 aqualiter

528 2444 794 2512 suscipis?
815 2444 887 2497 Et
908 2442 1058 2496 dixit
1080 2443 1254 2524 :.Non.,
1275 2439 1368 2495 sed
1388 2443 1672 2523 detorqueo
1695 2441 1872 2521 animo
1890 2443 1953 2521 ut
1970 2440 2128 2521 simi:-

530 2512 653 2567 liter
680 2514 805 2567 bene
828 2515 1032 2580 faciam
1061 2529 1111 2568 ei
1138 2528 1235 2581 qui
1261 2527 1344 2565 me
1378 2511 1513 2571 odit,
1541 2514 1681 2564 sicut
1705 2510 1794 2564 illi
1821 2526 1917 2579 qui
1944 2510 2130 2577 diligit

530 2597 631 2638 me.
649 2587 720 2639 Et
734 2584 881 2639 dixit
894 2586 943 2639 ei
954 2584 1119 2638 abbas
1134 2583 1416 2639 Abraham
1430 2599 1446 2635 :
1470 2582 1677 2638 Vivunt
1690 2595 1815 2650 ergo
1826 2583 2126 2651 passiones,

2240 2014 2334 2088 sed
2372 2018 2581 2088 tantum
2618 2029 2655 2088 ρ
2682 2017 2880 2071 sanctis
2918 2018 3049 2071 viris
3088 2016 3479 2088 quodammodo
3517 2018 3837 2088 religantur.

2242 2086 2377 2140 Haec
2416 2084 2490 2139 ibi
2520 2100 2585 2139 ex
2615 2084 2812 2142 Graeco
2839 2095 3064 2142 auctore
3090 2084 3404 2143 rudiuscule
3433 2088 3623 2143 relata.

2311 2164 2338 2190 ι
2362 2155 2602 2230 Pessime
2624 2155 2688 2230 in
2708 2156 2946 2213 editione
2974 2157 3323 2230 Lugdunensi
3351 2159 3595 2227 positum
3623 2167 3705 2215 est
3729 2163 3843 2216 sine

2242 2227 2477 2297 Domini,
2511 2241 2611 2297 pro
2640 2229 2788 2296 signo
2816 2230 3051 2291 Domini,
3068 2227 3157 2284 'ut
3184 2228 3389 2285 habent
3415 2231 3601 2286 caeteri
3630 2230 3841 2287 codices

2242 2304 2322 2377 et.
2341 2296 2641 2378 Dionysius
2656 2298 3085 2380 paraphrastes,
3125 2307 3183 2355 et
3206 2301 3405 2380 veritas
3437 2303 3701 2380 exposcit.
3742 2306 3843 2380 list

2236 2365 2384 2422 enim
2405 2365 2630 2443 signum
2656 2365 2882 2443 Domini
2914 2365 3132 2443 signum
3160 2365 3589 2443 sanctaicruc'is,
3611 2373 3760 2443 quod
3787 2372 3842 2429 in

2235 2437 2574 2512 egorcismis
2593 2445 2649 2512 et
2678 2437 3002 2512 daemonum
3037 2440 3481 2512 adjurationibus
3505 2437 3843 2501 invocatione

2236 2506 2398 2563 divini
2425 2507 2665 2565 nominis
2696 2508 2941 2567 adhiberi
2968 2506 3128 2568 solet'.

1113 2841 1897 2943 COLLATIO
1970 2841 2601 2942 DECIMA
2673 2842 3250 2965 SEXTA,

1595 3028 1753 3099 Quae
1790 3027 1891 3088 est
1922 3024 2148 3112 prima
2189 3024 2455 3093 abbatis
2493 3028 2764 3117 Joseph.

1967 3176 2050 3228 DE
2085 3176 2390 3229 AMICITIA.

1026 3387 1264 3443 CAPUT
1309 3388 1630 3444 PRIMUM.

598 3484 797 3537 Beatus
831 3481 1055 3553 Ioseph,
1094 3480 1249 3553 cujus
1284 3497 1428 3537 nunc
1465 3481 1710 3538 instituta
1758 3496 1822 3538 ac
1857 3490 2127 3554 prmcepta

529 3570 809 3644 pandenda
839 3581 987 3639 sunt,
1032 3589 1173 3628 unus
1211 3588 1275 3628 ex
1316 3574 1492 3630 tribus
1529 3590 1769 3645 quorum
1804 3584 1829 3610 ⁸
1860 3575 1914 3630 in
1950 3574 2123 3647 prima

527 3663 817 3719 collatione
859 3662 1090 3719 fecimus
1124 3666 1483 3731 mentionem,
1513 3666 1672 3722 clara:
1710 3667 2011 3725 admodum
2052 3667 2129 3725 fa-

531 3756 695 3813 miliae
719 3773 783 3814 ac
816 3758 1105 3830 primarius
1128 3757 1359 3813 civitatis
1381 3774 1496 3815 suae
1523 3758 1661 3816 intra
1689 3762 1980 3832 Aigyptum
2003 3762 2125 3831 fuit,

528 3848 557 3887 ¹⁵
582 3870 705 3928 qua:
728 3854 1033 3926 appellatur
1055 3854 1305 3922 Thmuis,
1333 3864 1387 3912 et
1413 3856 1485 3911 ita
1508 3872 1619 3912 non
1646 3856 1829 3913 solum
1855 3860 2137 3932 Egyptia,‘

532 3947 630 4003 sed
660 3949 824 4005 etiam
854 3950 1047 4005 Grmca
1075 3947 1326 4004 facundia
1360 3947 1645 4021 diligenter
1674 3948 1922 4019 edoctus,
1954 3960 2015 4006 ut
2043 3950 2124 4006 vel

530 4041 693 4098 nobis
741 4043 820 4098 vel
868 4041 955 4098 his
997 4042 1088 4114 qui
1138 4042 1506 4114 eloquentiam
1557 4044 1861 4117 Egyptiam
1912 4046 2129 4117 penitus

528 4134 867 4208 ignorabant,
907 4151 1021 4191 non
1059 4143 1125 4191 ut
1166 4136 1346 4193 cmteri
1380 4151 1474 4207 per
1501 4136 1873 4208 interpretem,
1910 4136 2006 4193 sed
2034 4153 2130 4209 per

444 4291 448 4294 ,
529 4229 883 4301 semetipsum
924 4230 1325 4302 elegantissime
1370 4228 1690 4301 disputaret.
1733 4230 1837 4300 Qui
1880 4247 2005 4286 cum
2052 4231 2130 4287 in-

525 4318 869 4375 stitutionem
912 4335 1070 4376 suam
1100 4337 1203 4376 nos
1243 4320 1547 4377 desiderare
1574 4322 1865 4391 sensisset,
1897 4339 2128 4395 percun-

2160 3395 2204 3458 C
2236 3399 2413 3448 ctatus
2440 3392 2679 3465 primum
2711 3402 3033 3451 utrumnam
3060 3410 3309 3453 essemus
3344 3398 3589 3469 germani
3628 3396 3840 3464 fratrem

2232 3486 2565 3560 audiensque
2605 3505 2637 3545 a
2666 3488 2827 3545 nobis
2867 3488 3012 3561 quod
3045 3505 3156 3546 non
3185 3492 3413 3559 carnali,
3450 3492 3548 3550 sed
3576 3491 3840 3564 spirituali

2233 3594 2479 3637 essemus
2528 3580 2866 3639 fraternitate
2911 3582 3175 3651 devincti,
3226 3600 3437 3656 nosque
3491 3585 3565 3642 ab
3612 3585 3840 3641 exordio

2233 3674 2653 3731 renuntiationis
2693 3682 2919 3744 nostrae,
2960 3685 3075 3733 tam
3119 3677 3176 3733 in
3215 3678 3663 3749 peregrinatione,
3713 3693 3846 3749 qua:

2234 3765 2305 3821 ab
2336 3774 2568 3839 utroque
2589 3777 2842 3825 nostrum
2881 3768 3063 3826 fuerat
3086 3769 3303 3827 obtentu
3338 3768 3543 3825 militiae
3564 3769 3850 3840 Spiritalis

2234 3867 2472 3931 arrepta,
2502 3876 2666 3933 quam
2706 3860 2762 3917 in
2805 3863 3045 3919 coenobii
3088 3861 3259 3920 studio
3298 3860 3569 3917 individua
3612 3876 3853 3934 semper

2234 3953 2619 4027 conjunctione
2655 3956 2911 4026 sociatos,
2953 3956 3047 4013 tali
3087 3971 3217 4013 usus
3257 3964 3338 4013 est
3373 3954 3651 4012 sermonis
3679 3971 3847 4013 exor-

2233 4046 2345 4105 dio.

2854 4122 3098 4182 CAPUT
3135 4125 3213 4179 II.

2234 4222 2543 4291 Disputatio
2562 4222 2799 4294 ejusdem
2818 4227 2959 4279 senis
2979 4226 3045 4280 de
3062 4226 3230 4295 inﬁdo
3246 4228 3616 4281 amicitiarum
3630 4239 3840 4293 genere.

2303 4328 2328 4357 ο
2365 4326 2747 4384 Amicitiarum
2784 4343 2849 4385 ac
2888 4328 3190 4386 sodalitatis
3235 4332 3408 4387 multa
3444 4339 3574 4387 sunt
3609 4344 3843 4403 genera,

1622 4429 1874 4484 ALARDI
1914 4430 2139 4485 GAZEI
2179 4430 2735 4490 COMMENTARIUS.

602 4533 625 4606 ξι
650 4531 730 4584 Ex
754 4530 1114 4606 totoquidem
1139 4547 1369 4606 numero
1396 4533 1716 4606 undecima;
1744 4536 1923 4606 prima
1947 4545 2131 4593 autem

530 4616 561 4658 ε
581 4600 768 4677 decem
787 4600 1169 4677 collationibus
1189 4602 1619 4677 hujussecundaa
1639 4600 1842 4673 classis,
1863 4622 1983 4677 quae
2004 4623 2130 4663 cum

529 4673 703 4729 tribus
753 4673 1113 4740 anachoretis,
1164 4673 1281 4729 scil}
1328 4673 1705 4743 Chaeremone,
1750 4673 2037 4733 Nesterote
2078 4688 2132 4735 et

530 4744 635 4817 hoc
654 4744 897 4817 Josepho
936 4744 1137 4802 ibidem
1164 4744 1458 4801 nominatis
1483 4745 1685 4802 habitae
1709 4754 1857 4803 sunt.

599 4809 626 4848 ³³
659 4820 740 4871 De
770 4809 871 4873 liae
898 4817 1109 4891 civitate
1137 4817 1258 4891 vide
1281 4833 1441 4891 supra
1473 4818 1654 4873 collat.
1686 4824 1752 4874 14
1780 4835 1899 4891 cap.
1928 4824 1980 4874 4.

601 4895 623 4920 °
670 4891 877 4962 Praeter
916 4890 1297 4962 Aristotelem,
1345 4888 1455 4962 qui
1481 4897 1595 4962 tres
1631 4888 1881 4947 amicitiae
1922 4891 2129 4962 species

531 4957 801 5031 recensuit
826 4961 965 5021 (Lib.
994 4975 1107 5031 vm
1134 4952 1305 5015 Ethic.
1336 4952 1380 5016 οἶ
1415 4960 1486 5031 3),
1517 4960 1910 5029 delectabilem,
1941 4952 2127 5018 utilem
2155 4952 2205 5014 D

529 5033 585 5082 et
629 5024 945 5100 honestam,
983 5030 1192 5100 antiqui
1247 5024 1641 5087 Patres'etiam
1682 5034 1825 5089 varia
1872 5024 2123 5090 amicitiae

526 5112 724 5226 genera
759 5097 1178 5170 descripserunt.
1210 5102 1465 5157 Clemens
1497 5104 1896 5161 Alexandrinus
1935 5105 2029 5160 lib.
2075 5120 2124 5160 ιι

569 5179 733 5225 trom.
770 5186 889 5226 can.
929 5176 964 5226 9
1005 5190 1019 5223 :
1052 5175 1325 5226 Docemur.
1362 5172 1558 5226 inquit.
1585 5190 1692 5226 esse
1722 5178 1921 5226 trinlea:
1957 5192 2121 5226 aenus

569 5179 733 5245 trom.
770 5186 889 5242 cap.
929 5176 964 5226 9
1005 5190 1019 5223 :
1052 5175 1325 5239 Docemur,
1362 5172 1558 5244 inquit,
1585 5190 1692 5230 esse
1722 5178 1921 5245 triplex
1957 5192 2121 5243 genus

525 5244 781 5298 amicitia:
810 5262 826 5296 :
857 5246 908 5297 et
934 5259 1115 5297 eorum
1136 5246 1377 5312 primum
1404 5248 1619 5315 quidem
1649 5244 1812 5314 genus
1837 5251 1932 5309 est,
1962 5248 2123 5316 idque

526 5317 789 5384 optimum
814 5330 877 5369 ac
895 5318 1427 5385 prcestantissimum,
1455 5317 1515 5370 id
1541 5317 1686 5386 quod
1714 5322 1790 5370 est
1814 5332 1881 5371 ex
1901 5319 2118 5381 virtute,

525 5387 709 5440 valida
735 5389 872 5442 enim
895 5391 972 5440 est
999 5402 1119 5457 qua:
1141 5392 1219 5442 est
1243 5403 1310 5441 ea
1330 5390 1539 5442 ratione
1564 5387 1793 5441 dilectio.
1823 5388 2122 5444 Secundum

526 5461 725 5520 autem,
751 5474 814 5512 ac
841 5459 1094 5521 medium,
1123 5473 1191 5513 ea:
1220 5460 1648 5513 remuneratione
1673 5477 1689 5512 :
1716 5463 1795 5513 est
1819 5464 1999 5514 autem
2027 5462 2122 5515 hoc

523 5540 686 5589 genus
705 5534 894 5598 aptum
914 5531 988 5584 ad
1003 5532 1301 5585 societatem
1322 5534 1373 5584 et
1392 5532 1938 5592 communicationem,
1958 5532 2122 5586 liben-

526 5598 605 5673 ter
630 5598 956 5673 impertiens,
983 5607 1033 5655 et
1055 5604 1180 5655 vita:
1200 5602 1545 5673 conducibile.
1578 5604 1814 5657 Tertium
1834 5608 2015 5657 autem
2041 5602 2122 5655 di-

525 5668 714 5742 cimus,
743 5668 887 5742 quod
915 5676 993 5742 est
1022 5686 1098 5742 ea:
1126 5672 1520 5742 consuetudine.
1560 5674 1767 5728 Clarius
1796 5674 1849 5727 S.
1882 5674 2122 5742 Chryso-

524 5738 739 5787 stomus
759 5735 811 5784 in
830 5735 1131 5806 Epistolam
1149 5740 1216 5791 ad
1235 5740 1610 5794 Colossenses:
1638 5742 1842 5802 Malim,
1864 5741 1962 5806 ait,
1995 5735 2124 5798 sunt

524 5817 698 5858 causa?
707 5817 776 5856 ea:
786 5803 981 5870 quibus
995 5808 1169 5858 oritur
1184 5809 1444 5868 amicitia,
1457 5812 1508 5861 et
1520 5814 1581 5862 ut
1590 5813 1773 5876 turpes
1788 5803 2116 5878 omittamus,

2242 4541 2374 4608 quia
2402 4542 2558 4595 mala:
2581 4546 2728 4606 sunt,
2753 4549 2804 4599 et
2830 4546 2989 4600 bonas
3018 4548 3230 4599 tantum
3258 4549 3317 4600 in
3341 4547 3574 4602 medium
3600 4545 3851 4599 adduca-

2240 4626 2376 4687 mus,
2410 4612 2533 4687 alite
2573 4619 2700 4687 sunt
2737 4618 2990 4671 amicitia:
3018 4618 3352 4687 temporales,
3391 4620 3513 4672 alia
3538 4617 3851 4675 annuales.

2239 4683 2363 4735 alite
2387 4684 2723 4758 spirituales.
2759 4689 3089 4758 Temporales
3113 4683 3364 4743 oriuntur
3389 4706 3455 4744 ear
3480 4689 3742 4755 beneﬂcio,
3771 4703 3850 4743 ea:

2240 4756 2597 4829 communione
2618 4772 2827 4821 mensae,
2866 4756 2964 4813 aut
2982 4761 3457 4829 peregrinationis,
3487 4762 3579 4812 aut
3605 4761 3856 4825 artiﬁcii

2240 4825 2495 4901 ejusdem,
2517 4831 2614 4881 aut
2626 4843 2699 4901 ea:
2710 4830 2908 4882 uicinia
2925 4825 3250 4893 eadem,aut
3269 4848 3338 4886 ere
3357 4829 3659 4901 hujusmodi
3674 4830 3852 4883 rebus

2235 4896 2379 4971 aliis.
2406 4899 2691 4971 Naturales
2720 4904 2863 4962 sunt,
2888 4903 3067 4971 patris
3091 4918 3222 4971 erga
3242 4896 3441 4971 ﬁlium;
3461 4903 3565 4971 ﬁlii
3590 4916 3721 4969 erga
3742 4916 3854 4970 Ρα-

2239 4970 2404 5043 trem,_
2422 4970 2617 5043 fratris
2641 4985 2772 5039 erga
2795 4972 3043 5037 fratrem,
3060 4970 3269 5043 nepotis
3292 4990 3427 5043 erga
3446 4970 3626 5033 avum,
3646 4976 3856 5025 matris

2230 5053 2369 5114 erga
2386 5039 2805 5114 liber-oausam
2829 5058 2955 5111 erga
2979 5039 3174 5098 virum.
3201 5048 3271 5099 Et
3298 5039 3422 5099 ista:
3447 5046 3651 5114 quidem
3672 5044 3859 5098 vehe-

2229 5112 2510 5165 mentiores
2551 5111 2674 5185 illis
2687 5127 2795 5168 esse
2825 5114 3101 5181 videntur;
3131 5116 3406 5179 uidentur,
3437 5111 3668 5185 inquam,
3700 5118 3863 5182 quia

2228 5194 2591 5249 saepenumero
2612 5183 2721 5237 illis
2744 5185 3026 5251 inferiores
3044 5191 3188 5241 sunt.
3217 5189 3357 5241 Nam
3386 5183 3693 5242 alicubirisi
3711 5193 3863 5240 sunt

2232 5253 2950 5329 amicigermaniusaffecti
2970 5273 3132 5326 quam
3154 5260 3380 5325 fratres.
3409 5257 3686 5329 Spiritulis
3718 5273 3868 5311 vero

2231 5321 2445 5399 dilectio
2472 5338 2646 5380 omnes
2664 5321 2899 5399 reliquas
2930 5321 3164 5391 sacella,
3183 5321 3464 5399 tamquam
3486 5331 3667 5398 regina
3693 5344 3875 5398 qua-

2230 5391 2358 5446 dam
2384 5391 2936 5470 suorumudominium
2966 5399 3161 5453 habens
3179 5441 3196 5461 ,
3228 5405 3281 5454 et
3305 5391 3606 5470 'splendido
3647 5391 3879 5455 hcibitu

2229 5465 2531 5532 conspicua.
2563 5467 2715 5522 Nihil
2738 5470 2879 5522 enim
2908 5473 3176 5525 terrenum
3203 5471 3290 5525 hic
3316 5465 3416 5532 est.
3443 5471 3584 5523 unde
3610 5473 3729 5524 ista
3761 5489 3883 5527 na-

2228 5539 2429 5607 scatur,
2457 5538 2905 5605 quemadmodum
2932 5542 2987 5594 in
3005 5542 3163 5607 aliis;
3190 5557 3294 5597 non
3318 5544 3459 5596 enim
3481 5557 3547 5595 ea:
3568 5550 3884 5599 consuetu-

2228 5605 2356 5659 dine
2381 5609 2643 5671 nascitur,
2663 5624 2768 5664 non
2787 5626 2855 5665 ea:
2882 5605 3242 5680 beneﬁcentia,
3268 5629 3372 5668 non
3394 5629 3462 5667 ea:
3486 5618 3719 5675 natura,
3756 5630 3887 5671 non

2229 5691 2297 5755 ea:
2341 5681 2589 5755 tempore,
2629 5680 2724 5734 sed
2760 5696 2787 5736 e
2825 5685 3066 5752 supernis
3102 5683 3397 5755 descendit,
3436 5700 3506 5739 ea:
3534 5685 3654 5755 ipso
3688 5688 3887 5745 caelo.

2229 5748 2366 5827 Haec
2404 5749 2860 5827 Qhrysostomus.
2884 5748 3255 5827 —Arugustinus
3302 5771 3434 5827 vero
3490 5748 3728 5811 ho'milia
3800 5764 3892 5815 38

2229 5823 2368 5872 inter
2396 5823 2467 5875 50
2501 5840 2513 5877 :
2540 5824 2616 5878 De
2640 5823 2884 5879 amicitia
2909 5823 3081 5880 videte
3111 5826 3247 5896 quid
3278 5825 3480 5881 dmum.
3510 5828 3651 5883 Sunt
3672 5834 3899 5887 anu‘ci
