4000 6206
358 267 488 324 1013

1442 255 1780 315 COLLATIO
1818 255 1956 312 XVI.
1993 285 2067 297 -
2103 255 2191 310 DE
2228 254 2558 311 AMICITIA.

3522 267 3659 323 l0”

346 405 474 465 qua
497 387 727 447 diversis
754 384 941 443 modis
974 384 1285 442 humanum
1316 398 1490 457 genus
1515 382 1823 439 dilectionis
1848 396 1947 438 so-
1972 384 2026 446 Α
2052 378 2308 453 periculis
2339 378 2611 452 mortique
2640 393 2755 436 non
2784 386 3056 438 metuant.
3086 382 3337 456 Denique
3363 384 3533 443 etiam
3567 386 3658 444 illa

345 486 545 543 cietate
576 487 926 539 connectunt.
955 477 1236 549 Quosdam
1269 478 1421 535 enim
1449 474 1760 548 praecedens
1786 490 1950 531 com-

349 576 626 635 mendatio
655 575 899 648 primum
930 572 1159 643 notitiae,
1188 579 1311 645 post
1339 571 1504 627 etiam
1530 568 1788 626 amicitia:
1816 568 1951 625 fecit

346 671 490 729 inire
514 668 868 728 commercia.
893 671 956 724 In
981 665 1309 740 quibusdam
1337 679 1466 721 vero
1494 670 1807 721 contractus
1834 662 1952 734 qui-

349 762 478 822 dam
507 778 604 820 seu
631 772 657 798 ι
687 760 801 819 dati
827 760 1099 832 acceptive
1127 758 1396 831 depactio,
1428 756 1711 815 charitatis
1744 755 1952 814 fmdera

345 855 641 930 copulavit.
668 854 949 925 Quosdam
969 851 1350 925 negotiationis
1367 866 1462 908 seu
1485 850 1695 907 militiae
1713 849 1795 906 vel
1815 850 1950 906 artis

344 965 415 1006 ac
456 948 621 1005 studii
662 947 970 1004 similitudo
1020 954 1183 1019 atque
1226 945 1542 1002 communio
1589 943 1946 1000 amicitiarum

351 1040 582 1098 vinculis
617 1048 944 1108 nexuerunt,
990 1054 1084 1112 per
1122 1054 1289 1112 quam
1320 1039 1395 1094 ita
1434 1038 1600 1094 etiam
1629 1034 1804 1093 effera
1843 1034 1948 1092 sibi

347 1132 583 1191 invicem
614 1133 780 1191 corda
809 1140 1213 1200 mansuescunt,
1245 1139 1308 1188 ut
1330 1131 1497 1187 etiam
1517 1130 1570 1186 hi
1590 1131 1684 1203 qui
1710 1129 1766 1185 in
1793 1129 1946 1186 silvis

344 1241 412 1283 ac
438 1226 719 1284 montibus
741 1225 1035 1284 latrociniis
1058 1224 1318 1299 gaudent,
1348 1232 1405 1280 et
1422 1221 1693 1280 effusione
1716 1221 1944 1278 humani

342 1320 628 1392 sanguinis
667 1319 1025 1388 delectantur,
1076 1334 1304 1376 suorum
1347 1317 1615 1374 scelerum
1659 1314 1947 1388 participes

338 1413 745 1487 amplectantur
772 1429 837 1471 ac
865 1414 1115 1471 foveant.
1140 1415 1233 1468 Est
1259 1410 1428 1467 etiam
1462 1407 1772 1466 dilectionis
1797 1407 1944 1465 aliud

336 1521 531 1581 genus,
560 1508 711 1581 quod
747 1508 1008 1565 instinctu
1035 1515 1245 1563 naturae
1283 1504 1453 1577 ipsius
1480 1511 1536 1559 et
1561 1501 1946 1574 consanguini-

336 1600 463 1658 tatis
492 1600 609 1675 lege
634 1601 999 1670 connectitur,
1035 1615 1148 1671 quo
1188 1598 1271 1655 vel
1301 1596 1654 1665 contribules,
1696 1595 1778 1651 vel
1804 1609 1943 1650 con-

332 1695 514 1769 juges,
557 1694 638 1752 vel
680 1702 953 1768 parentes,
996 1708 1093 1751 seu
1139 1690 1337 1749 fratres
1375 1707 1441 1747 ac
1482 1690 1576 1745 ﬁlii
1619 1688 1941 1746 naturaliter

2056 471 2356 529 bestiarum
2397 471 2482 528 vel
2531 472 2867 545 serpentium
2908 474 2990 530 vel
3030 472 3225 532 alitum
3267 491 3496 549 genera,
3533 493 3658 553 qua

2056 565 2410 623 intolerabilis
2444 564 2634 623 feritas
2675 581 2741 623 ac
2776 564 2971 624 lethale
2997 567 3144 624 virus
3177 568 3245 624 ab
3283 569 3539 628 omnibus
3566 585 3656 627 se-

2057 667 2212 733 parat
2248 670 2305 717 et
2338 660 2594 727 secernit,
2624 668 2687 716 ut
2712 668 2843 717 sunt
2878 655 2906 693 δ
2932 660 3189 731 basilisci,
3218 662 3302 720 vel
3329 678 3657 723 monocero-

2058 760 2157 821 tes,
2187 753 2270 810 vel
2308 754 2559 827 gryphes,
2589 770 2715 810 cum
2743 755 2914 812 etiam
2952 754 3068 812 visu
3096 756 3214 828 ipso
3238 758 3450 816 cunctis
3474 758 3661 831 perni-

2057 847 2200 903 ciosa
2224 861 2342 904 esse
2365 847 2632 917 dicantur,
2663 848 2807 905 inter
2824 864 2884 905 se
2904 857 3089 905 tamen
3118 866 3217 922 pro
3244 851 3470 924 originis
3493 851 3659 925 ipsius

2056 939 2471 1015 affectionisque
2502 941 2779 998 consortio
2824 950 3014 1015 pacata
3052 950 3110 1000 et
3146 942 3368 1003 innoxia
3407 960 3656 1018 perseve-

2052 1042 2196 1089 rant.
2227 1033 2333 1090 Sed
2363 1034 2483 1091 hac
2512 1033 2696 1090 omnia
2722 1049 2846 1106 quae
2871 1034 3111 1091 diximus
3133 1050 3330 1109 genam
3355 1035 3654 1106 charitatis,

2050 1126 2194 1183 sicut
2233 1124 2391 1182 malis
2429 1142 2494 1182 ac
2533 1126 2713 1194 bonis,
2744 1127 2874 1183 feris
2906 1128 3077 1183 etiam
3113 1136 3277 1199 atque
3314 1130 3659 1202 serpentibus

2052 1218 2297 1276 videmus
2335 1234 2454 1275 esse
2494 1219 2809 1281 communia
2829 1261 2846 1289 ,
2875 1218 2950 1275 ita
2983 1220 3149 1275 etiam
3189 1236 3362 1293 usque
3390 1222 3448 1277 in
3490 1222 3658 1280 ﬁnem

2051 1320 2263 1369 certum
2285 1318 2370 1367 est
2392 1326 2737 1384 perseverare
2760 1327 2874 1368 non
2896 1326 3079 1384 posse.
3108 1312 3332 1369 Etenim
3357 1313 3660 1373 interrum-

2048 1408 2133 1480 pit
2172 1423 2235 1464 ea
2280 1405 2591 1479 frequenter
2630 1422 2696 1463 ac
2733 1406 2929 1465 dividit
2973 1408 3226 1466 locorum
3265 1409 3520 1469 discretio
3542 1452 3556 1479 ,
3602 1422 3659 1470 et

2050 1500 2252 1558 oblivio
2291 1500 2630 1572 temporalis,
2659 1509 2717 1557 et
2757 1500 2908 1558 verbi
2945 1501 3028 1558 vel
3060 1517 3238 1560 causa
3273 1505 3656 1577 negotiorum-

2049 1608 2157 1667 que
2189 1600 2521 1650 contractus.
2553 1595 2633 1651 Ut
2673 1592 2821 1650 enim
2865 1609 2932 1650 ex
2966 1593 3215 1666 diversis,
3256 1596 3338 1653 vel
3380 1597 3536 1667 lucri,
3572 1599 3656 1655 vel

2050 1684 2318 1754 libidinis,
2373 1685 2454 1741 vel
2511 1685 3015 1759 consanguinitatis
3070 1702 3137 1743 ac
3193 1688 3659 1748 necessitudinum

333 1787 553 1846 caeteris
594 1787 983 1861 praeferuntur,
1023 1784 1173 1859 quod
1209 1800 1323 1841 non
1350 1784 1535 1841 solum
1562 1782 1807 1839 humano
1843 1796 1937 1855 ge-
1971 1792 2019 1854 Β
2053 1778 2323 1835 variarum
2347 1777 2701 1837 societatibus
2728 1779 2934 1852 acquiri
2963 1779 3160 1851 solent,
3184 1780 3260 1839 ita
3286 1782 3658 1843 intercedente

336 1882 477 1951 neri,
523 1896 714 1939 verum
740 1882 908 1938 etiam
946 1879 1212 1936 omnibus
1246 1877 1469 1935 alitibus
1496 1885 1659 1949 atque
1687 1876 1941 1933 animan-

340 1970 487 2027 tibus
525 1972 700 2029 inesse
738 1969 1177 2043 deprehenditur.
1207 1970 1351 2025 Nam
1388 1968 1566 2040 pullos
1608 1967 1694 2024 vel
1731 1966 1942 2024 catulos

342 2078 474 2120 suos
497 2062 730 2119 naturali
766 2060 973 2118 affectu
1002 2061 1293 2133 instigante
1320 2059 1399 2115 sic
1427 2068 1719 2132 protegunt
1746 2074 1810 2114 ac
1838 2058 1942 2114 de-

340 2153 600 2226 fendunt,
642 2163 705 2213 ut
735 2153 1047 2229 frequenter
1078 2169 1178 2227 pro
1219 2154 1354 2226 ipsis
1396 2153 1559 2209 etiam
1608 2151 1844 2224 objicere
1884 2166 1942 2208 se

2050 1871 2292 1946 qualibet
2324 1870 2543 1929 divortii
2571 1873 2855 1930 occasione
2885 1871 3194 1931 solvuntur.

2654 1966 2900 2024 CAPUT
2943 1968 3045 2024 III.

2366 2058 2516 2113 Unde
2553 2058 2946 2114 indissolubilis
2985 2061 3231 2115 amicitia
3254 2063 3345 2117 sit.

2122 2152 2186 2206 In
2214 2149 2297 2207 his
2332 2150 2500 2225 igitur
2538 2151 2747 2209 cunctis
2780 2161 2802 2189 °
2841 2167 3016 2209 unum
3052 2166 3227 2225 genus
3254 2160 3338 2210 est
3373 2151 3657 2210 insolubile

1442 2278 1695 2334 ALARDI
1733 2277 1957 2333 GAZEI
1995 2276 2559 2335 COMMENTARIUS.

334 2414 405 2454 ea:
432 2402 578 2455 certa
597 2400 861 2462 amicitia,
888 2413 1009 2469 qua:
1031 2413 1127 2453 nec
1145 2397 1383 2453 amicitia
1401 2397 1629 2452 dicenda
1653 2400 1749 2459 est,
1777 2411 1941 2466 quam

332 2471 481 2537 facit
523 2471 670 2524 mala
706 2471 1047 2525 conscientia.
1093 2470 1231 2526 Sunt
1265 2470 1406 2523 enim
1436 2469 1674 2522 homines
1715 2469 1814 2536 qui
1832 2483 1946 2538 pa-

336 2543 477 2595 riter
494 2541 641 2595 mala
660 2543 1018 2608 committunt,
1046 2544 1098 2595 et
1115 2540 1233 2595 ideo
1253 2540 1510 2594 videntur
1529 2540 1637 2593 sibi
1653 2538 1938 2607 coniuncti.

334 2613 581 2682 Eacepta
608 2610 725 2675 illa,
750 2616 830 2666 est
855 2611 1113 2681 quaedam
1136 2612 1385 2665 amicitia
1407 2610 1791 2682 carnalis,gper
1816 2623 1943 2663 con-

333 2680 672 2738 suetudinem
712 2680 1086 2744 cohabitandi,
1129 2681 1485 2751 colloquendi,
1525 2680 1688 2735 simul
1716 2686 1945 2751 (cancer;

334 2754 519 2817 sandi,
534 2758 596 2809 ut
609 2754 957 2808 contristetur
968 2754 1140 2814 homo,
1156 2750 1370 2821 quando
1384 2752 1656 2805 deseritur
1665 2750 1734 2804 ab
1746 2752 1939 2804 amico.

334 2827 435 2880 Est
452 2827 560 2879 ista
573 2826 816 2879 amicitia
833 2827 886 2878 et
898 2823 1319 2885 consuetudinis,
1336 2837 1445 2876 non
1464 2823 1713 2876 rationis.
1730 2822 1945 2875 Habent

336 2896 493 2948 illam
514 2899 564 2947 et
583 2909 797 2963 pecora.
820 2898 917 2949 Est
934 2898 985 2948 et
1002 2894 1117 2947 alia
1138 2896 1383 2963 superior
1405 2894 1672 2955 amicitia,
1697 2906 1805 2945 non
1823 2906 1944 2945 con-

337 2963 762 3025 suetudinis,sed
771 2965 1020 3024 rationis,
1033 2979 1142 3032 qua
1156 2964 1439 3032 diligimus
1450 2964 1712 3017 hominem
1718 2966 1943 3031 propter

332 3033 501 3103 ﬁdem
519 3037 569 3087 et
587 3037 832 3103 mutuam
848 3031 1273 3103 benevolentiam.
1299 3031 1723 3103 Eeodemrmodo
1738 3032 1942 3103 Cassio-

332 3101 530 3170 dorus,
546 3102 644 3159 lib.
666 3102 737 3159 de
763 3101 1039 3173 Amicitia,
1057 3102 1256 3173 multas
1276 3101 1393 3172 ejus
1408 3102 1613 3173 species
1630 3101 1939 3172 distinguit,

332 3188 401 3230 ex
420 3174 603 3229 causis
620 3189 650 3229 a
669 3173 871 3244 quibus
892 3172 1007 3244 ipsa
1027 3171 1275 3244 procedit
1291 3171 1312 3226 ι
1328 3171 1486 3235 Fons,
1508 3172 1704 3242 inquit,
1723 3177 1773 3226 et
1790 3171 1937 3241 Origo

328 3246 593 3300 amicitia:
605 3260 759 3299 amor
772 3247 870 3307 est,
888 3248 939 3298 et
953 3245 1116 3313 quasi
1131 3250 1296 3311 genus
1316 3244 1390 3297 ad
1403 3244 1645 3312 speciem.
1664 3244 1803 3299 Nam
1817 3258 1937 3297 cum

327 3332 488 3371 amor
500 3329 640 3385 saepe
651 3318 766 3371 sine
784 3316 1048 3374 amicitia.
1062 3316 1307 3369 amicitia
1319 3328 1615 3383 numquam
1633 3315 1746 3367 sine
1759 3328 1937 3368 amore

326 3389 596 3442 consistit.
615 3389 787 3443 Amor
804 3389 987 3455 itaque
1005 3386 1322 3455 quandoque
1340 3400 1407 3439 ere
1422 3389 1634 3438 natura
1652 3386 1932 3446 instinctu,

322 3458 652 3528 quandoque
670 3474 739 3512 ea:
766 3462 914 3511 motu
936 3456 1167 3518 carnali,
1192 3456 1514 3525 quandoque
1536 3470 1605 3528 ere
1628 3455 1793 3528 otﬁcio
1814 3470 1934 3509 cau-

324 3527 451 3584 sam
471 3530 675 3598 recipit,
691 3528 1012 3599 quandoque
1024 3542 1150 3581 vero
1167 3542 1237 3581 ex
1253 3528 1463 3599 ratione
1478 3527 1608 3599 sola,
1622 3527 1938 3599 plerumque

320 3603 498 3655 etiam
517 3594 592 3654 ea?
603 3594 813 3655 ratione
826 3603 878 3653 et
890 3594 1168 3668 directione
1180 3597 1442 3668 procedit.
1462 3600 1543 3651 Ita
1559 3594 1932 3668 Cassiodorus,

324 3671 417 3743 qui
434 3678 512 3753 _et
537 3669 700 3753 hujus
726 3665 1010 3727 divisionis
1035 3665 1247 3739 singula
1274 3667 1523 3723 membra
1554 3667 1714 3723 latius
1740 3665 1935 3723 deinde

323 3742 849 3891 ixgltgtaphrasis
870 3808 1119 3891 Dionxsioi
1174 3828 1187 3864 :
1233 3810 1419 3891 Ifactio
1457 3809 1580 3891 dati
1618 3812 1669 3890 ες
1707 3810 1929 3890 αοθθρεέίο

324 3882 517 3940 Pactio
572 3878 683 3951 sive
732 3887 956 3951 pactum
998 3878 1196 3933 dicitur
1241 3879 1489 3951 duorum
1525 3878 1839 3951 pluriumve
1880 3879 1935 3951 in

326 3954 482 4010 idem
524 3946 816 4017 placitum,
842 3948 975 4017 sive
1010 3961 1337 4017 consensus,
1379 3946 1581 4017 scilicet
1621 3946 1692 4017 ad
1732 3946 1937 4017 aliquid

333 4013 658 4079 faciendum
685 4027 782 4075 aut
806 4013 1085 4082 dandum,
1114 4023 1177 4070 ut
1200 4014 1336 4070 dixit
1356 4020 1539 4069 textus
1563 4013 1618 4068 in
1645 4014 1684 4068 l.
1717 4030 1739 4069 ι
1773 4013 1841 4071 ff:
1868 4016 1938 4073 de

328 4091 537 4149 Paetis.
576 4089 742 4145 Unde
769 4087 950 4143 omnis
977 4093 1290 4141 contractus
1315 4084 1552 4156 generali
1584 4085 1807 4141 nomine
1838 4103 1938 4157 pa-

332 4171 489 4220 ctum
508 4159 728 4217 dicitur.
752 4160 939 4215 Pactio
957 4158 1076 4212 dati
1094 4161 1145 4212 et
1162 4159 1364 4228 accepti
1383 4163 1466 4212 est
1488 4163 1799 4228 contractus
1821 4158 1942 4227 qui-

333 4234 469 4291 dam
509 4230 651 4288 inter
675 4230 899 4288 dantem
928 4236 986 4285 et
1023 4225 1409 4299 accipientem,
1452 4242 1562 4299 quo
1599 4225 1705 4282 sibi
1749 4225 1941 4299 mutuo

334 4303 673 4375 obligantur,
703 4310 765 4358 ut
792 4301 838 4357 si
869 4300 1058 4375 minus
1084 4296 1159 4375 ab
1181 4296 1484 4375 accipiente
1498 4312 1795 4368 expensum
1825 4296 1941 4375 fue;

335 4374 413 4446 rit
439 4369 603 4446 q'uam
628 4369 931 4446 acceptum,
961 4370 1135 4446 datori
1174 4370 1526 4438 restituatur;
1561 4376 1615 4424 et
1650 4376 1860 4435 contra,
1892 4369 1937 4446 si

336 4439 474 4518 plus?
514 4439 824 4518 expensum
869 4442 1034 4498 fuerit
1056 4514 1066 4518 Δ
1088 4458 1254 4515 quam
1303 4450 1619 4518 acceptum,
1664 4439 1936 4518 acceptori

331 4511 672 4587 restituatur.
698 4514 860 4587 Unde
883 4522 949 4587 et
960 4511 1359 4587 rario'expensi
1387 4511 1548 4587 atque
1572 4511 1780 4587 accepti
1802 4511 1936 4587 alias

333 4586 554 4658 dicitur,
596 4588 664 4644 de
702 4586 891 4658 quain
918 4583 1096 4658 fine].
1138 4580 1379 4658 Emptos
1403 4580 1481 4638 ff:
1513 4581 1582 4658 de
1612 4580 1759 4658 liuet.
1802 4582 1937 4639 Inde
1962 4580 2011 4642 D

333 4652 549 4734 tabulae
581 4667 635 4734 et
673 4652 1052 4734 codices-dati
1085 4662 1140 4734 e_t
1176 4652 1382 4734 accepti
1429 4652 1577 4734 apud
1615 4653 1934 4734 Ciceronem

335 4744 437 4801 pro
465 4729 669 4801 Roscio
693 4725 984 4801 Comaado,
1011 4725 1146 4801 cmi.
1180 4724 1419 4795 Rhedig.
1451 4724 1811 4801 Iib._nn_cap..
1843 4730 1931 4779 2|.

409 4801 436 4834 δ
469 4800 781 4854 Basiliscum
805 4797 894 4853 alii
921 4798 1173 4868 regulum
1202 4793 1417 4868 vocant,
1450 4793 1560 4868 pari
1580 4793 1929 4868 derivatione.

335 4872 442 4925 Est
469 4884 598 4924 vero
613 4868 897 4941 serpentis
908 4864 1086 4941 genus
1109 4867 1278 4941 quod,
1300 4873 1437 4941 teste
1468 4864 1639 4941 Plinio
1654 4864 1797 4941 (Lib.
1825 4881 1935 4941 v_m

334 4956 460 5012 cap.
494 4943 573 5007 2),
609 4938 668 5012 in
701 4934 1083 5012 solitudinibus
1111 4934 1318 5012 Africae
1342 4935 1613 5012 frequens,
1640 4934 1935 5012 duodecim

332 5006 452 5070 n61)
503 5006 737 5083 amplius
783 5007 1078 5083 digitorum
1136 5006 1539 5083 magnitudine,
1594 5006 1838 5083 eandida
1864 5008 1935 5083 in

332 5082 513 5150 capite
541 5076 776 5149 macula,
809 5076 871 5150 ut
906 5079 1144 5150 quodam
1171 5076 1480 5135 diademate
1506 5077 1737 5150 insigne,
1763 5076 1934 5150 sibilo

331 5148 573 5226 reliquos
601 5148 797 5226 omnes
824 5148 979 5226 fugat
1012 5158 1318 5226 serpentes;
1360 5164 1462 5204 nec
1489 5157 1551 5204 ut
1582 5148 1776 5226 reliqui
1814 5164 1937 5204 ser-

333 5218 531 5309 pentes
554 5218 1151 5309 corpugimpéllitnse'd
1178 5222 1355 5276 celsus
1378 5228 1436 5309 et
1458 5235 1490 5275 a
1514 5218 1938 5309 medio'erectus

332 5291 599 5352 incedens
647 5291 872 5351 frutices
923 5301 980 5348 et
1032 5291 1228 5349 herbas
1276 5299 1468 5359 necat,
1516 5306 1617 5346 nec
1676 5298 1936 5347 contactu

334 5367 559 5434 solum,
605 5364 701 5422 sed
740 5373 797 5420 et
835 5363 1047 5421 afﬂatu.
1090 5365 1419 5434 Monoceros
1463 5361 1666 5417 animal
1711 5362 1939 5434 unicum

335 5452 516 5493 cornu
548 5432 772 5505 gerens;
813 5436 957 5491 unde
985 5443 1041 5491 et
1074 5433 1350 5505 unicornis
1376 5434 1678 5505 appellatur
1717 5432 1935 5505 (Isidor.

336 5511 531 5579 Etym.
555 5503 650 5579 lib.
688 5521 772 5563 xu
800 5507 1035 5579 cap._i4).
1067 5504 1270 5579 Differt
1297 5503 1483 5561 tamen
1512 5519 1542 5559 a
1568 5503 1937 5571 rhinocerote,

339 5576 491 5650 quod
521 5577 610 5634 hic
635 5577 692 5650 in
717 5576 874 5650 nare,
900 5576 1001 5633 ille'
1022 5578 1079 5632 in
1107 5576 1288 5633 fronte
1322 5591 1494 5650 cornu
1532 5581 1730 5646 gestet;
1772 5589 1939 5644 quem

338 5648 549 5707 Plinius
566 5650 641 5705 ita
661 5648 933 5721 depingit:
953 5650 1324 5721 Asperrimam
1335 5649 1512 5716 feram
1531 5650 1936 5721 monocerotem,

339 5721 545 5790 reliquo
585 5717 801 5790 corpore
832 5717 976 5790 Equo
1015 5717 1262 5783 similem,
1294 5722 1469 5790 capite
1509 5734 1678 5783 cervo,
1713 5717 1940 5788 pedibus

341 5791 644 5863 elephanto,
670 5790 848 5847 cauda
867 5805 1019 5862 apro,
1043 5794 1257 5860 mugitu
1279 5793 1455 5860 grani,
1482 5807 1588 5847 uno
1606 5806 1769 5847 cornu
1786 5791 1941 5860 nigro

2049 2395 2226 2451 media
2250 2398 2434 2464 fronte
2457 2398 2759 2453 cubitorum
2792 2396 2963 2452 duum
2997 2398 3274 2453 mittente.
3304 2399 3456 2454 Hanc
3480 2398 3657 2465 feram

2050 2469 2231 2522 vivam
2252 2472 2449 2537 negant
2470 2470 2613 2537 capi.
2641 2468 2729 2523 Sic
2751 2467 2859 2522 ille.
2888 2470 3093 2523 Verum
3113 2469 3300 2524 Patres
3323 2482 3658 2525 monocero-

2052 2544 2166 2593 tem
2192 2554 2323 2593 cum
2351 2538 2702 2593 rhinocerote
2742 2537 3065 2609 plerumque
3100 2537 3448 2595 confundunt
3482 2540 3658 2609 (Com-

2050 2611 2349 2679 mentarius
2391 2610 2606 2664 Hieron.
2651 2609 2736 2663 vel
2768 2611 2950 2679 potius
2986 2610 3144 2665 Beda
3172 2612 3231 2663 in
3262 2610 3407 2679 (Job.;
3449 2610 3653 2679 Isidor.

2052 2678 2273 2752 ibidem,
2295 2693 2411 2748 cap.
2438 2683 2547 2744 13).
2572 2680 2713 2734 Nam
2734 2679 2826 2752 u_bi
2848 2678 3076 2752 legimus
3093 2679 3151 2734 in
3169 2678 3398 2752 Vulgata
3418 2678 3657 2752 editione

2050 2748 2180 2804 Job.
2213 2764 2412 2805 χχχιχ
2443 2768 2456 2803 :
2493 2750 2774 2819 Numquid
2804 2748 2946 2805 volet
2971 2750 3270 2818 rhimceros
3283 2748 3495 2805 servire
3522 2750 3658 2805 tibi?

2051 2819 2142 2891 alii
2173 2819 2361 2891 legunt
2398 2839 2411 2876 :
2460 2821 2743 2891 Numquid
2779 2821 2918 2875 volet
2949 2834 3246 2891 monoceros
3280 2822 3485 2875 servire
3517 2820 3656 2876 tibi?

2053 2889 2197 2945 Hinc
2225 2889 2293 2944 D.
2323 2889 2632 2962 Gregorius
2649 2905 2807 2947 xxxx
2834 2890 3124 2946 Moralium
3152 2891 3509 2948 :Rhinoceros
3531 2893 3655 2955 iste,

2049 2962 2150 3031 qui
2167 2962 2333 3015 etiam
2353 2976 2649 3017 monoceros
2671 2964 2731 3015 in
2755 2963 2957 3019 Graecis
2978 2962 3377 3032 exemplaribus
3399 2963 3657 3017 nomina-

2048 3035 2350 3095 tur,'tanta'
2364 3047 2477 3087 esse
2492 3032 2835 3098 fortitudinis
2853 3033 3076 3096 dicitur,
3094 3037 3157 3087 ut
3173 3034 3328 3088 nulla
3342 3035 3660 3089 venantium

2047 3105 2248 3176 virtute
2304 3105 2601 3176 capiatur,_
2630 3110 2744 3176 etc.
2794 3102 3008 3176 Gryps,
3057 3102 3143 3176 vel
3189 3102 3455 3176 gryphus,
3507 3103 3656 3160 unde

2048 3173 2303 3245 grypbes,
2334 3172 2416 3228 vel
2452 3172 2642 3244 gryphi
2680 3173 2735 3228 in
2809 3172 2988 3238 lurali,
3021 3172 3231 3255 animal
3252 3172 3267 3176 ⁷
3291 3172 3305 3174 “
3342 3181 3572 3256 nnatum
3599 3182 3658 3231 et

2048 3242 2376 3297 auadrunes.
2407 3244 2598 3297 Genus
2622 3242 2729 3297 hoc
2754 3188 2996 3297 {gramm
3019 3260 3075 3297 ιιι
3099 3190 3473 3297 Ηνιιειῗιειιιιιιιε
3492 3259 3654 3297 mon-

2045 3242 2376 3323 quadrupes.
2407 3242 2598 3299 Genus
2622 3242 2729 3324 hoc
2754 3242 2996 3299 ferarum
3019 3243 3075 3299 in
3099 3242 3473 3315 Hyperboreis
3492 3259 3654 3301 mon-

2044 3314 2473 3394 tibus-nascitur,
2497 3327 2652 3394 omni
2673 3328 2736 3366 ex
2756 3321 2919 3394 parte
2940 3314 3053 3394 leo;
3071 3313 3179 3394 alis
3202 3321 3494 3394 tantumet
3517 3314 3656 3394 facie

2044 3383 2240 3453 aquilis
2276 3381 2476 3453 simile,
2505 3382 2661 3452 equis
2691 3381 3041 3453 vehementer
3068 3381 3331 3439 infestum
3360 3383 3523 3453 (Plin.
3556 3386 3649 3441 lib.

2046 3452 2164 3509 x’c.
2190 3458 2284 3520 40,
2312 3452 2508 3509 Isidor.
2546 3455 2757 3522 supra).
2799 3452 2964 3510 Unde
3005 3452 3262 3526 Virgilius
3290 3452 3507 3526 (Ecloga
3536 3458 3591 3522 8)
3624 3476 3638 3512 :

2229 3562 2505 3625 Junganlur
2526 3560 2627 3622 jam
2653 3558 2864 3624 gryphes
2885 3562 3043 3626 equis.

2110 3672 2135 3743 ἒ
2175 3670 2484 3741 Descriptio
2532 3676 2774 3743 vermst
2795 3669 3074 3743 perfectae
3114 3670 3389 3743 amicitiai,
3433 3686 3559 3743 quae
3596 3671 3652 3726 in

2039 3740 2153 3812 sola
2178 3740 2445 3798 charitate
2483 3741 2762 3807 consistit,
2789 3740 2965 3812 immo
2994 3751 3077 3797 est
3113 3740 3381 3812 ipsissima
3410 3740 3653 3812 charitas

2042 3811 2368 3881 Christiana,
2395 3820 2664 3884 quatenus
2694 3811 2928 3884 includit
2952 3810 3204 3866 mutuam
3228 3810 3652 3884 quamdatnbe-

2039 3880 2488 3940 nevolentiam'et
2515 3881 3095 3945 communicationem,
3125 3889 3186 3936 ut
3214 3880 3376 3937 docet
3403 3882 3462 3937 S.
3494 3880 3649 3936 Tho-

2042 3968 2164 4008 mas
2190 3956 2335 4023 (2-2,
2365 3971 2423 4026 q._
2466 3960 2556 4026 23,
2594 3959 2707 4009 art.
2741 3952 2817 4023 5),
2851 3968 2975 4026 quae
3003 3951 3228 4026 quidem
3259 3951 3651 4026 indissolubilis

2044 4031 2098 4077 et
2123 4022 2328 4103 aeterna
2357 4022 2595 4104 dicitur,
2632 4022 3137 4104 n9n_qu6d.amitti
3164 4038 3285 4104 non
3329 4023 3521 4104 possit,
3553 4022 3652 4104 sed

2045 4092 2169 4162 quia
2196 4092 2305 4163 qui
2325 4092 2647 4147 charitatem
2675 4092 2857 4160 habet,
2893 4093 2970 4147 sic
3000 4107 3127 4163 erga
3164 4092 3345 4148 Deum
3376 4101 3432 4149 et
3460 4093 3650 4165 proxi-

2048 4176 2201 4217 mum
2234 4160 2462 4217 affectus
2499 4171 2602 4230 est,
2633 4170 2696 4217 ut
2721 4162 2872 4217 nulla
2917 4163 3215 4217 tentatione
3241 4162 3455 4220 nullave
3483 4178 3648 4220 occa-

2044 4232 2199 4287 sione
2226 4232 2351 4303 velit
2382 4247 2413 4286 a
2439 4232 2841 4303 Deoseparari,
2875 4248 2977 4289 nec
3003 4233 3247 4289 amicum
3270 4233 3432 4290 etiam
3458 4234 3515 4290 in
3547 4235 3649 4291 ad-

2047 4302 2506 4386 versisdeserere,
2539 4302 2661 4386 licet
2687 4313 2910 4386 propter
2934 4303 3649 4386 mutabilitatem__humauae

2046 4372 2345 4448 voluntatis
2384 4373 2438 4448 in
2477 4372 2813 4430 contrarium
2847 4375 3271 4448 abducipossit.
3315 4376 3458 4433 Hinc
3496 4378 3650 4435 Salo-

2044 4459 2175 4500 mon
2212 4444 2288 4501 ait
2330 4461 2344 4499 :
2378 4446 2538 4502 Omni
2569 4450 2803 4516 tempore
2845 4447 3048 4517 diligit,
3079 4444 3193 4518 'qui
3218 4451 3422 4505 amicus
3457 4454 3567 4517 est;
3597 4454 3650 4504 et

2043 4518 2223 4602 ζνιξίιξν
2247 4518 2308 4570 in
2336 4520 2606 4602 ᾳησιέεείίε
2629 4519 3002 4602 summatem
3035 4518 3302 4602 (Ρνρυενδο
3328 4534 3500 4602 ξιιμ
3526 4520 3649 4600 vids

2044 4588 2283 4642 Delrium
2332 4591 2391 4643 in
2447 4588 2679 4660 Adag.).
2732 4594 2799 4645 Et
2850 4588 3262 4646 Ecclesiasticus
3312 4589 3458 4644 ridet
3507 4590 3648 4660 ami-

2043 4673 2170 4714 cum
2220 4659 2644 4730 temporarium.
2686 4664 2803 4723 Est,
2853 4660 3051 4731 inquit,
3103 4661 3312 4731 amicus
3350 4659 3647 4731 secundum

2042 4733 2250 4799 tempus
2287 4728 2466 4793 suum,
2496 4735 2547 4785 et
2573 4746 2680 4785 non
2702 4728 3038 4799 permanebit
3079 4731 3140 4782 in
3168 4728 3254 4782 die
3282 4728 3645 4799 tribulationis

2044 4797 2227 4870 (Eccli.
2257 4801 2371 4871 vr).
2405 4804 2470 4854 Et
2493 4801 2549 4871 S.
2578 4797 2901 4870 Hieronymi
2926 4798 3136 4853 dictum
3163 4804 3249 4853 est
3278 4797 3472 4869 (Epist.
3503 4798 3595 4870 41)
3626 4818 3640 4854 :

2042 4871 2308 4940 Amicitia
2328 4885 2448 4939 quae
2477 4870 2717 4924 desinere
2731 4872 2925 4939 potest,
2944 4884 3076 4924 cera
3095 4884 3396 4940 numquam
3412 4871 3545 4938 fuit.
3574 4871 3649 4926 Et

2043 4939 2470 5009 Chrysostomus
2506 4940 2725 5004 (Homil.
2764 4945 2827 4995 61
2874 4941 2934 4993 in
2974 4940 3191 5011 Matth.)
3238 4939 3252 4995 Ξ
3289 4943 3396 5008 Qui
3429 4942 3645 4996 caducis

2042 5010 2490 5079 instabilibusque
2507 5011 2573 5065 de
2593 5013 2769 5066 causis
2790 5013 3083 5066 amicitiam
3104 5010 3312 5074 ineunt,
3333 5027 3512 5066 eorum
3530 5027 3648 5066 con-

2034 5081 2246 5150 junctio
2260 5086 2523 5154 perpetua
2539 5096 2647 5137 esse
2664 5098 2769 5137 non
2783 5086 2976 5154 potest,
2995 5084 3089 5138 sed
3101 5084 3184 5137 vel
3197 5087 3542 5154 contemptus,
3562 5084 3648 5137 vel

2039 5154 2394 5223 pecuniarum
2405 5153 2646 5221 jactura,
2667 5155 2750 5208 vel
2770 5152 2922 5216 livor,
2947 5155 3031 5209 vel
3050 5155 3240 5222 gloria
3260 5152 3549 5221 cupiditas,
3564 5154 3649 5208 vel

2045 5224 2203 5277 aliud
2226 5223 2535 5293 hujusmodi
2549 5226 2792 5278 amicitia
2807 5225 3072 5279 dissoluta
3091 5223 3385 5279 dissidium
3404 5222 3646 5291 inducet;

2046 5295 2144 5349 ubi
2162 5297 2215 5349 si
2235 5265 2541 5365 spiritualis
2566 5299 2699 5350 esset
2725 5295 2914 5358 radis,
2940 5297 3093 5349 nulla
3117 5309 3202 5350 res
3228 5293 3505 5349 swcularis
3532 5265 3650 5350 ean;

2046 5366 2304 5420 evelleret.
2332 5368 2414 5421 Ea
2441 5371 2579 5420 certe
2605 5367 2843 5421 charitas
2871 5382 2992 5435 qua:
3019 5366 3219 5422 Christi
3245 5379 3408 5419 causa
3435 5366 3650 5433 funda-

2048 5440 2159 5497 tur,
2190 5438 2371 5503 ﬁrma,
2403 5438 2613 5492 stabilis
2651 5440 2814 5506 atque
2839 5438 3041 5491 invicta
3068 5440 3173 5504 est;
3202 5451 3298 5491 nec
3334 5436 3450 5491 ulla
3476 5437 3653 5493 obtre-

2048 5508 2297 5567 ctatione,
2313 5522 2421 5561 non
2429 5509 2705 5580 periculis,
2721 5523 2829 5562 non
2842 5511 3029 5570 morte,
3047 5523 3154 5562 non
3166 5508 3282 5562 alia
3294 5524 3352 5564 re
3367 5509 3653 5580 temporali

2047 5582 2460 5646 conquassatur.
2488 5578 2691 5633 Idcirco
2720 5580 2923 5635 Paulus
2947 5594 3157 5649 quoque
3180 5580 3391 5636 dicebat
3414 5600 3432 5636 :
3462 5578 3652 5637 Chari-

2050 5651 2131 5702 tas
2172 5663 2467 5729 numquam
2506 5651 2730 5729 esecidit
2755 5650 2798 5721 (Ι
2820 5651 2960 5729 _Cor.
3000 5649 3072 5729 ι).
3111 5653 3313 5729 _0mnia
3352 5654 3492 5707 enim
3530 5663 3651 5729 quq:

2046 5720 2243 5775 alecula
2250 5735 2331 5774 res
2347 5722 2620 5776 amicitias
2634 5720 2849 5786 tollunt,
2868 5720 3206 5793 spin‘tualem
3225 5737 3459 5780 amorem
3476 5720 3652 5787 magis

2048 5794 2382 5861 conﬁrmant.
2418 5794 2498 5849 Ita
2525 5794 2973 5867 Chrysostomus.
