4040 6206
414 257 540 310 1021

1025 376 1264 434 CAPUT
1299 377 1394 432 Vl.

448 471 648 539 Quibus
676 469 848 525 modis
871 448 1200 525 inviolabilis
1226 471 1399 539 possit
1432 470 1654 524 societas
1686 469 1966 523 retentari.

484 562 663 619 Prima
698 572 726 598 ι
766 561 926 634 igitur
960 569 1092 619 sunt
1129 576 1268 621 vera
1300 560 1553 618 amicitia
1588 559 1643 615 in
1684 566 2013 631 contemptu

410 654 730 714 substantia
761 654 1052 713 mundialis
1077 662 1134 711 et
1168 654 1417 712 omnium
1449 668 1588 726 quas
1620 651 1891 709 habemus
1929 667 2012 709 re-

406 764 534 805 rum
549 747 905 824 despectione
924 746 1261 805 fundamina.
1283 748 1553 819 Perquam
1577 746 1725 803 enim
1748 744 2015 818 injustum

404 839 575 913 atque
603 841 831 913 impium
863 848 965 910 est,
995 841 1042 898 si
1086 848 1213 913 post
1251 838 1690 896 abrenuntiatam
1718 838 1911 896 mundi
1957 846 2013 895 et

408 933 665 989 omnium
706 947 829 1005 qua
857 932 911 989 in
952 948 1019 990 eo
1050 940 1183 989 sunt
1225 932 1523 989 vanitatem
1543 974 1557 1000 ,
1602 929 2009 1003 pretiosissima

404 1025 592 1085 fratris
645 1026 919 1084 dilectioni
966 1026 1208 1100 supellex
1254 1026 1521 1084 vilissima
1565 1039 1689 1097 qua
1741 1021 2008 1096 superfuit

410 1122 582 1191 [Lips.
615 1125 676 1177 in
712 1137 887 1191 marg.
925 1120 1255 1193 superﬂuit],
1300 1119 1623 1193 praferatur
1653 1138 1670 1174 :
1700 1117 2006 1175 secundum

406 1221 492 1269 est
515 1220 577 1269 ut
598 1213 670 1269 ita
708 1229 836 1271 suas
867 1214 1239 1287 unusquisque
1266 1222 1474 1271 resecet
1498 1213 1826 1279 voluntates,
1850 1227 1921 1268 ne
1947 1227 2007 1268 se

398 1307 710 1379 sapientem
737 1316 901 1381 atque
926 1308 1241 1366 consultum
1271 1323 1389 1365 esse
1407 1307 1684 1380 judicans,
1707 1306 1820 1362 suis
1845 1306 2006 1362 malit

400 1415 571 1473 quam
611 1402 852 1474 proximi
894 1401 1306 1460 definitionibus
1345 1400 1590 1457 obedire.
1632 1399 1878 1457 Tertium
1920 1407 2006 1455 est

400 1502 466 1551 ut
492 1495 633 1551 sciat
664 1495 873 1563 omnia,
903 1496 1069 1552 etiam
1096 1509 1221 1567 qua
1255 1493 1408 1550 utilia
1431 1509 1497 1551 ac
1520 1494 1827 1550 necessaria
1856 1492 2002 1550 asti-

400 1596 537 1657 mat,
561 1588 945 1662 postponenda
971 1590 1118 1647 bono
1143 1588 1424 1646 charitatis
1447 1604 1512 1645 ac
1538 1588 1718 1662 pacis;
1744 1595 2003 1665 quartum

394 1687 464 1735 ut
502 1671 689 1737 cre'dat
722 1695 823 1738 nec
858 1680 1022 1753 justis
1048 1695 1163 1759 [nec
1195 1680 1412 1754 injustis
1448 1680 1516 1738 de
1556 1680 1740 1737 causis
1786 1679 2004 1752 penitus

1499 248 1840 309 COLLATIO
1880 250 2020 307 XVI.
2057 280 2130 291 —
2169 251 2256 306 DE
2293 252 2622 310 AMICITIA.
2659 198 2678 220 Ι

2039 376 2093 439 Α
2116 376 2212 430 nia
2234 380 2536 432 communia
2559 337 2767 445 (Actor.
2793 379 2900 449 Iv).
2928 378 3139 436 Deinde
3162 380 3630 452 quemadmodum
3654 383 3726 441 ab

3590 261 3728 317 1022

2119 484 2187 526 eo
2225 471 2583 529 seminarium
2611 472 2968 529 dissensionis
2996 483 3273 547 exsurget,
3305 475 3399 546 qui
3435 490 3545 531 non
3584 491 3721 547 sua,

2119 561 2216 619 sed
2245 561 2428 620 fratris
2456 564 2699 622 serviens
2722 564 3014 636 voluntati,
3042 568 3267 624 Domini
3293 577 3458 640 atque
3484 569 3724 625 auctoris

2119 657 2202 712 sui
2237 654 2403 714 fuerit
2429 657 2671 716 imitator
2707 657 2959 729 effectus,
3002 661 3097 733 qui
3138 661 3366 734 loquens
3399 677 3463 717 ex
3492 678 3724 734 persona

2120 751 2355 810 hominis
2381 768 2544 825 quem
2575 755 2816 826 gerebat,
2847 758 2965 814 Non
2993 758 3135 820 veni,
3167 756 3362 828 inquit,
3394 761 3457 811 ut
3487 759 3722 825 facerem

2118 846 2452 903 voluntatem
2485 863 2676 912 meam,
2706 849 2801 904 sed
2821 850 3153 905 voluntatem
3192 851 3311 921 ejus
3340 853 3439 921 qui
3462 867 3544 907 me
3571 853 3722 908 misit

2117 943 2291 1007 (Joan.
2322 940 2423 1013 v)?
2449 943 2571 1012 Quo
2599 950 2784 999 autem
2813 941 2981 999 modo
3012 943 3193 999 ullum
3229 943 3596 1000 contentionis
3634 942 3721 1001 fo-

2116 1033 2308 1089 mitem
2351 1034 2655 1100 suscitabit,
2686 1036 2782 1107 qui
2822 1034 2891 1091 de
2920 1036 3269 1108 intelligentia
3300 1052 3366 1093 ac
3400 1052 3561 1094 sensu
3596 1052 3718 1104 suo,

2112 1140 2225 1181 non
2254 1133 2369 1181 tam
2404 1127 2629 1197 proprio
2650 1125 2859 1198 judicio
2898 1142 3065 1198 quam
3096 1126 3285 1183 fratris
3313 1127 3507 1183 cedere
3548 1128 3717 1199 [Lips.

2111 1221 2170 1274 in
2196 1234 2374 1289 marg.
2403 1217 2645 1286 credere]
2673 1217 2911 1274 decrevit
2946 1219 3209 1285 examini,
3242 1234 3341 1290 pro
3370 1219 3489 1291 ejus
3514 1220 3719 1277 scilicet

2112 1311 2362 1379 arbitrio,
2400 1311 2480 1367 vel
2514 1311 2753 1383 probans
2774 1326 2876 1369 sua
2912 1310 3154 1380 inventa,
3188 1312 3269 1367 vel
3304 1312 3637 1384 improbans,
3665 1322 3722 1371 et

2112 1403 2499 1475 Evangelicum
2519 1402 2654 1460 illud
2672 1404 2745 1476 pii
2770 1404 2951 1461 cordis
2975 1404 3285 1461 humilitate
3305 1420 3716 1476 consummans,

2117 1499 2498 1554 Verumtamen
2538 1512 2647 1551 non
2688 1499 2828 1553 sicut
2875 1513 2969 1567 ego
3013 1499 3158 1561 volo,
3206 1498 3300 1554 sed
3348 1501 3486 1554 sicut
3531 1504 3591 1555 tu
3635 1502 3717 1557 vis

2109 1586 2331 1655 (Matth.
2369 1585 2585 1659 xxvr)?
2626 1586 2740 1642 Aut
2778 1601 2889 1659 qua
2917 1586 3129 1643 ratione
3154 1586 3358 1657 aliquid
3397 1603 3506 1658 quo
3545 1587 3717 1645 frater

2109 1678 2515 1749 mastiflcetur,
2545 1679 2814 1745 admittet,
2837 1679 2953 1752 'qui
2994 1680 3142 1736 bono
3178 1679 3323 1752 pacis
3350 1679 3484 1735 nihil
3505 1680 3716 1752 judicat

399 1772 784 1845 irascendum;
845 1775 1100 1847 quintum
1150 1782 1212 1832 ut
1252 1772 1512 1833 adversus
1556 1788 1617 1832 se
1661 1772 2003 1830 iracundiam
2029 1779 2078 1842 Β
2109 1786 2228 1830 esse
2269 1772 2587 1844 pretiosius,
2627 1773 2934 1830 Dominica
2974 1771 3114 1828 illius
3161 1772 3444 1829 sententia
3496 1788 3711 1830 memo-

398 1864 603 1933 fratris,
638 1868 805 1923 etiam
833 1867 950 1923 sine
987 1866 1201 1924 ratione
1238 1874 1579 1939 conceptam,
1608 1866 1803 1924 eodem
1832 1863 2001 1922 modo

396 1972 514 2030 quo
554 1975 714 2016 suam
764 1975 961 2017 curare
998 1959 1298 2028 desideret,
1345 1961 1522 2017 sciens
1566 1960 1847 2033 aqualiter
1893 1959 1999 2016 sibi

401 2050 766 2121 perniciosam
805 2051 1026 2109 alterius
1071 2067 1191 2110 esse
1225 2052 1529 2122 tristitiam,
1563 2068 1627 2108 ac
1654 2053 1701 2109 si
1746 2052 2004 2109 adversus

399 2140 577 2198 alium
604 2142 718 2215 ipse
761 2151 1068 2213 moveatur,
1103 2144 1209 2201 nisi
1237 2159 1389 2213 eam,
1421 2152 1689 2217 quantum
1716 2145 1774 2199 in
1799 2159 1858 2200 se
1897 2152 2001 2211 est,

394 2233 568 2289 etiam
605 2235 677 2292 de
716 2235 901 2294 fratris
940 2245 1122 2296 mente
1153 2236 1440 2311 depulerit.
1484 2239 1834 2294 Postremum
1870 2237 2002 2294 illud

388 2334 500 2396 est,
541 2328 689 2400 quod
718 2330 968 2403 generale
994 2330 1253 2388 vitiorum
1288 2329 1540 2388 omnium
1570 2330 1999 2402 peremptorium

384 2433 514 2476 esse
547 2435 659 2476 non
700 2421 932 2480 dubium
980 2431 1083 2491 est,
1127 2431 1190 2480 ut
1224 2438 1284 2480 se
1320 2422 1390 2480 de
1424 2422 1530 2480 hoc
1562 2421 1773 2479 mundo
1813 2422 2001 2480 credat

388 2512 642 2586 quotidie
666 2515 1050 2589 migraturum.
1076 2520 1213 2591 Qua
1240 2515 1519 2589 persuasio
1536 2531 1652 2574 non
1674 2516 1856 2573 solum
1880 2517 2000 2573 nul-

383 2605 502 2663 lam
551 2606 608 2663 in
647 2608 811 2666 corde
855 2610 1134 2667 tristitiam
1174 2610 1408 2668 residere
1454 2609 1759 2682 permittit,
1806 2624 1999 2664 verum

378 2699 563 2756 etiam
604 2701 890 2759 universos
930 2704 1503 2777 concupiscentiamm
1543 2719 1608 2760 ac
1648 2710 1998 2776 peccatorum

384 2794 646 2849 omnium
689 2796 1016 2869 comprimet
1042 2806 1247 2854 motus.
1297 2800 1433 2853 Hac
1472 2797 1638 2870 igitur
1665 2796 1999 2868 quicumque

384 2887 648 2954 tenuerit,
678 2888 1105 2946 amaritudinem
1131 2890 1230 2947 ira
1255 2898 1419 2963 atque
1441 2889 1733 2947 discordia
1760 2904 1862 2945 nec
1884 2889 1995 2961 pati

382 2980 593 3053 poterit
615 2996 718 3036 nec
746 2978 965 3037 inferre.
996 2982 1099 3038 His
1122 2991 1309 3037 autem
1339 2983 1701 3052 cessantibus,
1728 2997 1856 3038 cum
1885 2981 1993 3053 pri-

384 3089 552 3130 mum
581 3074 607 3109 δ
632 3072 718 3155 ille
745 3073 980 3130 amulus
1008 3072 1295 3131 charitatis
1320 3074 1378 3129 in
1406 3074 1663 3131 cordibus
1690 3075 1997 3131 amicorum

2108 1867 2246 1925 riam
2289 1884 2405 1924 non
2445 1868 2733 1935 amittens,
2771 1872 2835 1925 In
2879 1870 2976 1924 hoc
3008 1872 3316 1937 cognoscent
3352 1883 3527 1923 omnes
3572 1868 3715 1938 quod

2108 1962 2215 2017 mei
2240 1964 2366 2016 estis
2394 1963 2666 2032 discipuli,
2698 1964 2750 2017 si
2772 1962 3109 2017 dilectionem
3136 1962 3437 2017 habueritis
3455 1962 3531 2016 ad
3563 1962 3712 2016 invi-

2095 2068 2219 2108 cem
2246 2055 2421 2120 (Joan.
2462 2057 2631 2123 xm),
2664 2068 2760 2125 per
2791 2066 2981 2125 quam’
2996 2052 3144 2109 velut
3172 2053 3397 2125 spiritali
3434 2052 3711 2126 signaculo

2111 2160 2335 2218 gregem
2354 2146 2539 2201 ovium
2562 2160 2788 2201 suarum
2813 2146 2870 2201 in
2896 2145 3004 2203 hoc
3031 2146 3240 2202 mundo
3265 2146 3437 2202 voluit
3464 2145 3713 2202 Christus

2109 2239 2353 2311 agnosci,
2390 2246 2553 2310 atque
2581 2238 2689 2295 hoc
2717 2255 2751 2296 a
2778 2240 3014 2306 cateris,
3046 2247 3107 2295 ut
3138 2239 3209 2295 ita
3236 2238 3489 2308 dixerim,
3514 2237 3709 2294 chara-

2107 2338 2253 2388 ctere
2284 2330 2556 2389 discerni?
2593 2331 2713 2401 Qua
2744 2346 2873 2388 vero
2903 2346 2969 2388 ex
2999 2331 3274 2403 causavel
3305 2331 3361 2386 in
3388 2345 3449 2386 se
3471 2329 3713 2401 recipere

2107 2423 2189 2479 vel
2224 2422 2281 2479 in
2306 2423 2413 2479 alio
2446 2422 2685 2479 residere
2714 2438 2999 2480 rancorem
3029 2420 3259 2479 tristitia
3285 2420 3601 2485 sustinebit,
3625 2417 3712 2475 cui

2103 2530 2323 2572 summa
2359 2515 2607 2573 definitio
2634 2523 2740 2585 est,
2769 2520 2794 2549 °
2819 2515 3133 2584 iracundia,
3173 2530 3295 2587 qua
3328 2513 3630 2586 perniciosa
3658 2519 3712 2568 et

2105 2607 2295 2665 illicita
2324 2616 2426 2676 est,
2452 2607 2633 2680 justas
2670 2624 2862 2665 causas
2888 2623 3006 2665 esse
3033 2624 3147 2663 non
3175 2623 3357 2680 posse,
3397 2605 3702 2678 eodemque

2104 2715 2165 2757 se
2192 2699 2383 2769 modo,
2419 2707 2774 2757 succensente
2817 2700 2921 2756 sibi
2958 2698 3148 2766 fratre,
3191 2714 3350 2755 orare
3370 2688 3498 2754 'non
3526 2712 3707 2770 posse,

2105 2808 2233 2849 cum
2260 2792 2414 2865 quasi
2437 2790 2591 2848 fratri
2614 2808 2715 2848 suo
2741 2791 2855 2865 ipse
2881 2799 3217 2859 succenseat,
3241 2791 3537 2863 irrogatam
3560 2789 3710 2845 illam

2107 2885 2337 2942 Domini
2392 2886 2690 2942 Salvatoris
2742 2885 2941 2942 humili
2991 2900 3209 2957 semper
3259 2883 3500 2940 retinens
3545 2881 3710 2940 corde

2103 2978 2452 3047 sententiam,
2492 2980 2554 3035 Si
2577 2978 2733 3048 oﬁ’ers
2767 2994 2963 3034 munus
3009 2983 3162 3034 tuum
3201 2978 3277 3032 ad
3307 2978 3501 3041 altare,
3540 2981 3591 3032 et
3632 2976 3713 3031 ibi

2105 3075 2408 3130 recordatus
2425 3074 2599 3141 fueris
2620 3074 2764 3144 quod
2779 3075 2961 3142 frater
2981 3076 3105 3127 tuus
3124 3071 3281 3126 habet
3300 3070 3515 3141 aliquid
3529 3069 3708 3125 adver-

378 3166 627 3233 tristitia
681 3165 888 3223 sensim
932 3180 1134 3223 venena
1177 3164 1494 3234 suffuderit,
1540 3181 1762 3223 necesse
1805 3174 1887 3221 est
1927 3174 1990 3222 ut
2030 3179 2075 3243 ρ
2103 3183 2223 3223 sum
2248 3172 2318 3232 te,
2347 3168 2592 3237 relinque
2620 3167 2701 3221 ibi
2719 3182 2916 3221 munus
2946 3170 3101 3221 tuum
3123 3170 3247 3220 ante
3273 3165 3469 3227 altare,
3499 3167 3551 3217 et
3573 3161 3707 3217 vade

384 3257 772 3331 frequentibus
803 3259 1000 3332 jurgiis
1046 3258 1308 3332 paulatim
1356 3258 1648 3315 dilectione
1696 3258 1991 3331 tepefacta,

384 3352 699 3408 amantium
721 3352 888 3408 corda
912 3352 1009 3408 diu
1036 3351 1342 3409 exulcerata
1366 3351 1688 3424 quandoque
1714 3351 1991 3409 dissociet.

386 3444 539 3499 Nam
565 3444 658 3515 qui
687 3460 783 3515 per
804 3444 998 3500 callem
1027 3444 1301 3517 pradicta
1329 3444 1649 3501 directionis
1674 3444 1993 3518 ingreditur,

385 3533 447 3589 in
479 3550 589 3607 quo
625 3534 695 3590 ab
722 3536 902 3594 amico
932 3552 1197 3610 umquam
1221 3553 1322 3595 suo
1356 3538 1560 3610 poterit
1585 3537 1871 3607 dissidere,
1899 3540 1992 3611 qui

380 3627 623 3700 primam
652 3629 827 3686 litium
856 3646 1076 3686 causam
1113 3647 1237 3705 qua
1274 3647 1340 3688 ex
1369 3632 1610 3705 parvulis
1638 3632 1803 3688 rebus
1833 3632 1987 3688 vilis-

381 3720 653 3794 simisque
693 3724 937 3780 materiis
974 3725 1217 3797 generari
1259 3726 1416 3792 solet,
1460 3724 1593 3782 nihil
1623 3741 1788 3783 suum
1817 3725 1990 3782 vindi-

378 3825 540 3879 cans,
584 3810 842 3868 radicitus
882 3813 1265 3884 amputaverit,
1308 3814 1441 3871 illud
1479 3814 1627 3886 quod
1673 3815 1726 3870 in
1768 3814 1990 3871 Actibus

379 3903 780 3974 Apostolorum
820 3904 1051 3975 legimus
1096 3905 1165 3961 de
1202 3905 1411 3961 unitate
1456 3906 1799 3962 credentium
1837 3910 1988 3965 omni

379 3995 592 4053 virtute
642 3996 993 4054 custodiens?
1033 3998 1403 4054 Multitudinis
1446 4003 1625 4054 autem
1664 4000 1992 4056 credentium

378 4095 505 4149 erat
524 4107 613 4147 cor
633 4106 802 4146 unum
822 4095 874 4147 et
894 4094 1081 4146 anima
1098 4107 1227 4156 una,
1249 4107 1342 4148 nec
1358 4095 1647 4163 quisquam
1669 4109 1849 4148 eorum
1868 4110 1990 4165 qua:

370 4185 716 4258 possidebat,
731 4185 947 4263 aliquid
961 4201 1119 4243 suum
1128 4201 1236 4242 esse
1250 4186 1479 4250 dicebat,
1490 4187 1583 4241 sed
1599 4188 1825 4242 erantill
1829 4190 1872 4242 is
1888 4204 1989 4243 om-

2097 3264 2251 3332 prius
2268 3262 2618 3315 renonciliari
2637 3261 2809 3326 fratri
2829 3264 2941 3322 tuo,
2964 3264 3013 3313 et
3035 3262 3109 3314 sic
3126 3260 3334 3313 veniens
3357 3257 3492 3327 offer
3513 3270 3707 3311 munus

2105 3361 2259 3410 tuum
2298 3354 2518 3420 (Matth.
2563 3353 2645 3418 v).
2681 3351 2829 3407 Nihil
2860 3351 3009 3407 enim
3050 3352 3297 3422 proderit
3326 3352 3373 3406 si
3402 3359 3458 3406 te
3484 3349 3706 3421 quidem

2104 3462 2312 3504 asseras
2344 3461 2457 3501 non
2499 3444 2681 3513 irasci,
2719 3452 2776 3500 et
2811 3443 3000 3500 credas
3035 3451 3089 3500 te
3127 3443 3353 3515 implere
3380 3440 3511 3498 illud
3539 3457 3704 3498 man-

2103 3541 2293 3597 datum
2325 3553 2435 3612 quo
2466 3537 2685 3606 dicitur,
2712 3539 2805 3594 Sol
2830 3553 2935 3593 non
2966 3538 3174 3593 occidat
3186 3552 3346 3607 super
3365 3535 3705 3591 iracundiam

2100 3638 2345 3696 vestram,
2371 3640 2445 3699 et,
2470 3633 2578 3699 Qui
2599 3633 2857 3687 irascitur
2875 3633 3052 3699 fratri
3066 3647 3182 3695 suo,
3206 3647 3328 3687 reus
3348 3632 3454 3686 erit
3460 3629 3670 3701 judicio
3682 3647 3701 3695 ;

2098 3726 2320 3787 alterius
2359 3742 2486 3783 vero
2515 3726 2791 3792 tristitiam
2818 3741 2987 3797 quam
3015 3725 3238 3781 delinire
3264 3733 3355 3779 tua
3386 3728 3701 3778 mansuetu-

2097 3819 2224 3877 dine
2275 3819 2540 3893 potuisti,
2589 3818 2906 3893 contumaci
2945 3816 3111 3873 corde
3153 3816 3439 3887 deepicias.
3490 3813 3701 3869 Eodem

2096 3892 2334 3985 namque
2380 3912 2547 3968 modo
2590 3892 2864 3984 ’pracepti
2928 3908 3193 3966 Dominici
3259 3905 3702 3980 pravaricatione

2100 4003 2366 4074 plecteris.
2411 4005 2518 4073 Qui
2548 4006 2699 4060 enim
2731 4012 2785 4060 te
2828 4005 2981 4060 irasci
3023 4003 3278 4063 adversus
3319 4002 3554 4057 alterum
3590 4014 3702 4055 non

2099 4094 2298 4150 debere
2327 4095 2488 4163 dixit,
2524 4112 2626 4151 nec
2654 4095 2873 4151 alterius
2900 4095 3175 4150 contemni
3197 4094 3474 4150 tristitiam
3504 4092 3701 4149 debere

2095 4187 2263 4257 dixit;
2296 4186 2419 4259 quia
2448 4203 2560 4244 non
2594 4188 2816 4244 interest
2848 4186 2995 4260 apud
3021 4190 3219 4256 Deum,
3252 4185 3343 4259 qui
3376 4201 3568 4244 omnes
3594 4186 3698 4243 ho-

1491 4311 1744 4367 ALARDI
1783 4312 2009 4367 GAZIEI
2048 4312 2609 4370 COMMENTARIUS.

447 4432 474 4462 ³
496 4428 826 4511 .Traduntur
851 4428 942 4511 hic
972 4438 1110 4511 octo_
1134 4430 1317 4511 media
1344 4431 1539 4505 quibus
1567 4446 1692 4488 vera
1721 4439 1777 4488 et
1803 4430 1984 4511 perfee

369 4508 464 4557 cta
493 4501 638 4556 inter
680 4501 978 4558 monachos
1003 4501 1237 4558 amicitia
1262 4501 1495 4571 ineatur,
1534 4501 1886 4559 conservetur
1929 4510 1984 4559 et

367 4587 440 4628 au
485 4581 644 4627 eatur
671 4589 684 4626 :
712 4587 838 4643 qua
866 4572 1150 4628 memoria
1167 4571 1422 4643 juvanda
1450 4590 1612 4630 causa
1640 4574 1877 4630 breviter
1907 4574 1982 4630 ita

367 4587 558 4698 (εοῆίεὶ
587 4650 817 4698 possunt
841 4663 853 4698 :
892 4648 944 4698 ιο
970 4650 1031 4698 ut
1055 4641 1279 4698 ﬁrmum
1303 4651 1357 4698 et
1379 4644 1616 4698 solidum
1641 4644 1834 4698 iaciant
1856 4643 1980 4698 fun-

365 4641 558 4715 (ξοΠὶςὶ
587 4641 817 4715 possunt
841 4663 853 4698 :
876 4648 1031 4715 ξιοᾼιη
1055 4641 1279 4699 ﬁrmum
1303 4651 1357 4700 et
1379 4644 1616 4700 solidum
1633 4644 1834 4715 jaciant
1856 4643 1980 4700 fun-

365 4712 700 4788 damentum
729 4714 784 4769 in
812 4713 1065 4788 religiosa
1093 4720 1428 4788 paupertate,
1457 4712 1773 4785 contemptu
1802 4724 1858 4788 et
1884 4716 1979 4772 ab-

367 4782 658 4837 dicatione
695 4799 882 4857 rerum
917 4782 1353 4857 temporalium;
1388 4790 1448 4841 2°
1485 4794 1547 4841 ut
1582 4782 1711 4841 suas
1757 4785 1983 4857 quisque

369 4858 595 4933 resecet
618 4852 963 4933 voluntates,
996 4852 1246 4933 nectam
1275 4856 1389 4933 suis
1417 4870 1583 4933 quam
1626 4852 1855 4933 proximi
1874 4852 1983 4933 de-

374 4921 739 4978 finitionibus
777 4924 933 4996 malit
951 4921 1220 4996 ’obedire;
1252 4932 1312 4983 3°
1336 4935 1399 4984 ut
1419 4921 1555 4983 sciat
1582 4921 1784 4990 omnia,
1815 4928 1984 4984 etiam

413 4994 838 5071 _ua_nec_essaria
863 5003 957 5071 aut
984 4997 1137 5071 utilia
1162 4994 1417 5062 astimat,
1440 4998 1815 5071 postponenda
1840 4998 1984 5055 bono

370 5064 667 5122 charitatis
712 5072 768 5141 e_t_
808 5066 982 5141 pacis;
1029 5069 1091 5124 4ο
1128 5077 1193 5124 ut
1231 5077 1420 5141 caveat
1443 5064 1816 5141 "iracundiam,
1861 5085 1984 5141 qua

370 5145 561 5220 mater
602 5144 683 5220 est
712 5135 1035 5220 discordia;
1075 5142 1138 5212 δέ
1176 5148 1241 5220 ut
1276 5140 1416 5196 iram
1454 5138 1633 5196 fratris
1673 5147 1862 5220 contra
1876 5135 1981 5210 'se,

371 5209 550 5265 etiam
583 5209 701 5265 sine
739 5209 955 5283 ratione
990 5209 1341 5283 conceptam,
1370 5227 1561 5283 curare
1594 5227 1659 5283 ac
1700 5209 1984 5283 mitigare,

366 5293 538 5352 aque
586 5295 651 5335 ac
685 5294 845 5336 suam
886 5280 1184 5352 desideret;
1228 5284 1289 5340 6°
1325 5290 1387 5339 ut
1424 5298 1484 5339 se
1524 5282 1592 5339 de
1631 5281 1738 5339 hoc
1776 5280 1983 5338 mundo

367 5348 581 5438 erﬁda}.
604 5352 846 5438 αρρεὶςιίθ
877 5348 1266 5438 migraturum,
1308 5354 1454 5438 qua!
1496 5362 1576 5438 est
1616 5355 1865 5438 generale
1903 5353 1983 5437 vi-

367 5424 591 5497 tiorum
621 5424 1359 5497 ompiumpe‘remptorhm‘;
1391 5430 1452 5497 79
1492 5434 1554 5481 ut
1582 5424 1744 5497 etiam
1775 5426 1828 5480 in
1859 5425 1988 5496 Opi-

366 5491 646 5568 nionibus
665 5491 1110 5568 ad‘intellectum'
1130 5491 1545 5568 pertinentibus,
1561 5494 1741 5568 fugiat
1758 5491 1983 5568 conten-

370 5561 681 5688 ἒξὲιιὲἓέἒο
714 5561 1272 5639 ut~numquam'suo,
1300 5567 1397 5625 sed
1423 5561 1601 5640 magis
1628 5561 1804 5624 alieno
1828 5566 1984 5640 judi-

369 5648 460 5688 CIO
487 5648 643 5688 Παᾶῐ.

445 5697 474 5735 ⁸³
507 5704 795 5787 Diabolus,
826 5708 908 5787 vel
939 5708 1108 5787 radii:
1124 5712 1369 5787 omnium
1396 5712 1662 5787 malorum
1684 5711 1978 5787 cupiditas,

369 5772 663 5833 charitatis
704 5778 923 5848 amula,
966 5786 1022 5836 et
1062 5779 1307 5853 inimica,
1346 5797 1512 5854 quam
1552 5772 1779 5840 inferius
1822 5772 1985 5840 vocat

2010 4755 2061 4816 D

2090 4433 2333 4505 primam
2354 4450 2576 4491 causam
2604 4434 2782 4490 litium
2809 4456 2821 4491 :
2845 4434 2912 4492 de
2934 4449 3039 4505 qua
3059 4433 3413 4491 Cassiodorus
3435 4432 3529 4503 (De
3546 4434 3699 4489 Ami-

2091 4506 2381 4579 citiaicap.
2428 4514 2448 4563 1
2460 4517 2475 4579 )
2514 4514 2638 4579 apte
2682 4506 2737 4562 in
2775 4505 2920 4562 hunc
2951 4505 3136 4562 locum
3177 4525 3189 4579 ς
3237 4507 3496 4579 Amicitia
3529 4519 3696 4579 quam

2090 4575 2367 4633 mundana
2391 4575 2664 4645 cupiditas
2686 4578 2985 4633 introducit
3011 4578 3373 4645 fraudulenta
3400 4580 3478 4630 est
3504 4593 3520 4628 :
3546 4575 3694 4645 nihil

2087 4662 2292 4712 verum,
2324 4644 2472 4705 nihil
2490 4665 2752 4712 securum,
2783 4650 2922 4704 nihil
2948 4650 3142 4703 stabile
3162 4648 3348 4711 habet;
3378 4646 3511 4699 bona
3534 4644 3697 4697 homi-

2087 4721 2173 4772 nis
2201 4727 2374 4784 amat,
2405 4737 2509 4775 non
2538 4722 2829 4783 hominem;
2856 4734 3090 4772 amorem
3114 4719 3335 4770 metitur
3359 4731 3426 4769 ea:
3450 4718 3691 4784 quaestu;

2090 4790 2373 4912 {laganum
2402 4793 2540 4845 votis
2573 4791 2937 4859 amplectitur,
2964 4803 3069 4841 non
3089 4802 3406 4857 personam;
3424 4786 3595 4856 juxta
3621 4784 3691 4839 il-

2213 4966 2320 5039 Nop
2343 4966 2421 5014 est
2449 4977 2692 5039 persona,
2718 4965 2804 5039 sed
2831 4965 3163 5039 prosperitatis
3183 4964 3385 5039 amicus,

2279 5028 2434 5085 Quem
2465 5027 2656 5077 fortuna
2678 5030 2811 5078 tenet
2833 5027 3008 5091 dulcis,
3038 5028 3211 5078 acerba
3234 5028 3368 5091 fugat

2089 5144 2159 5198 Et
2176 5141 2315 5198 infra
2342 5164 2354 5200 τ
2376 5144 2532 5199 Audi
2551 5148 2616 5199 Β.
2640 5146 2980 5202 Ambrosium
3003 5145 3137 5217 (Lib.
3162 5142 3654 5217 11170]f.cap.ult.)
3680 5162 3693 5199 :

2094 5217 2213 5273 Non
2242 5219 2341 5279 est,
2364 5217 2563 5285 inquit,
2586 5218 2827 5271 amicitia
2854 5214 3151 5286 vectigalis,
3173 5216 3265 5271 sed
3290 5214 3525 5286 liberalis
3544 5230 3564 5267 :
3580 5216 3696 5269 vir-

2092 5291 2178 5342 tus
2197 5289 2339 5342 enim
2361 5292 2460 5356 est,
2479 5291 2657 5343 etnon
2679 5292 2911 5357 quastus
2930 5307 2947 5355 ;
2968 5285 3072 5343 non
3093 5289 3325 5358 pecunia
3353 5285 3692 5358 conciliatur,

2089 5359 2184 5413 sed
2210 5361 2424 5427 gratia;
2462 5374 2567 5414 non
2599 5360 2903 5428 litigatione
2930 5357 3263 5430 praeliorum,
3306 5357 3399 5413 sed
3426 5360 3694 5412 concerta-

2091 5431 2231 5483 tione
2264 5435 2469 5485 mutua
2496 5430 2870 5486 benevolentia
2899 5433 3147 5499 gignitur
3175 5434 3224 5485 et
3251 5431 3484 5497 fovetur,
3515 5435 3619 5484 etc.

2163 5508 2185 5534 ο
2228 5502 2383 5572 Hac,
2410 5508 2466 5572 et
2499 5516 2622 5571 qua
2656 5497 2982 5571 sequuntur,
3012 5516 3122 5572 quo
3148 5516 3309 5572 sensu
3348 5497 3693 5572 intelligenda

2090 5577 2241 5639 sunt,
2273 5570 2395 5625 vide
2424 5571 2479 5626 in
2515 5569 2962 5628 annotationibus
2999 5569 3068 5627 ad
3108 5571 3203 5626 lib.
3238 5587 3358 5629 vm
3388 5569 3693 5628 Institutio-

2087 5655 2243 5696 num.
2292 5642 2596 5698 Prudenter
2635 5651 2818 5698 autem
2858 5643 2997 5699 dixit
3040 5644 3364 5707 iracundia,
3410 5657 3523 5698 non
3565 5642 3689 5695 ira.

2089 5714 2236 5788 Nam
2265 5713 2343 5788 ira
2373 5728 2520 5786 sape
2544 5717 2693 5788 justa
2721 5723 2830 5788 est,
2854 5723 2910 5771 et
2930 5716 3107 5788 justas
3137 5730 3326 5773 causas
3354 5713 3548 5778 habet;
3577 5724 3692 5765 non

2089 5783 2388 5856 iracundia,
2417 5783 2481 5843 ut
2503 5783 2603 5843 suo
2632 5786 2753 5843 loco
2779 5783 2992 5844 dictum
3015 5794 3119 5844 est.
