4014 6202
344 323 365 375 l
377 320 480 376 023

1422 308 1705 366 JOANNIS
1741 305 2048 364 CASSIANI
2085 302 2579 363 COLLATIONES.

3513 301 3651 356 1024

344 443 522 498 mines
551 440 666 500 vult
687 426 868 495 salvOs
890 437 1030 506 ﬁeri,
1053 444 1241 493 utrum
1266 443 1321 492 te
1344 449 1414 490 an
1437 433 1602 490 alium
1622 433 1936 506 quempiam
1961 437 2015 499 Α
2042 447 2144 504 qua
2173 431 2289 487 sine
2317 429 2482 487 dubio
2511 425 2887 485 contentiones
2914 424 3157 497 rixaeque
3182 421 3498 489 verborum,
3523 439 3658 495 quas

346 533 557 607 perdas.
575 537 601 566 ³
619 533 810 589 Unum
827 530 1094 604 siquidem
1115 529 1408 602 cujuslibet
1443 527 1664 584 interitu
1692 526 1740 583 ei
1768 526 1944 582 nasci-

343 636 434 683 tur
468 627 887 695 detrimentum;
921 624 1221 696 itidemque
1256 622 1331 679 illi
1372 621 1457 679 cui
1498 628 1651 693 grata
1695 620 1944 677 omnium

343 719 572 793 perditio
602 728 705 787 est,
736 734 910 775 unum
939 718 1175 781 lucrum,
1209 717 1292 772 vel
1319 723 1411 772 tua
1438 716 1517 770 vel
1550 712 1733 770 fratris
1760 721 1944 769 morte

344 811 704 884 conquiritur.
757 809 1237 881 Quemadmodum
1283 816 1562 881 postremo
1621 806 1817 879 poterit
1861 804 1945 862 vel

345 916 568 963 tenuem
614 915 806 962 contra
849 903 1079 960 fratrem
1123 904 1361 960 retinere
1407 901 1708 968 tristitiam,
1752 899 1845 972 qui
1886 914 1944 955 se

345 998 519 1056 credit
541 998 801 1071 quotidie,
826 999 1003 1054 immo
1024 997 1283 1053 continuo
1303 995 1372 1052 ab
1393 994 1501 1051 hoc
1518 993 1719 1051 saeculo
1744 993 1946 1064 migra-

347 1095 568 1149 turum?

943 1185 1184 1242 CAPUT
1224 1186 1347 1239 VII.

348 1281 500 1349 Quod
522 1280 663 1335 nihil
687 1279 945 1333 charitati
963 1277 1384 1349 prwponendum
1406 1278 1496 1339 sit,
1520 1290 1613 1331 nec
1640 1275 1942 1329 iracundia:

286 1355 293 1367 '
370 1348 379 1349 “
736 1350 749 1356 “
916 1348 1359 1417 postponendum.

415 1447 569 1503 Sicut
608 1460 738 1518 ergo
777 1444 913 1500 nihil
956 1444 1383 1516 praeponendum
1424 1452 1506 1500 est
1550 1444 1825 1513 eharitati,
1867 1444 1941 1500 ita

348 1537 516 1595 furori
570 1538 650 1593 vel
706 1536 1004 1592 iracundiae
1048 1536 1181 1592 nihil
1223 1544 1308 1592 est
1359 1537 1670 1593 econtrario
1720 1543 1942 1608 postpo-

341 1630 607 1688 nendum.
642 1631 842 1686 Omnia
869 1646 1106 1703 namque
1133 1631 1385 1703 quamvis
1413 1631 1564 1687 utilia
1603 1647 1666 1687 ac
1692 1645 1947 1687 necessa-

344 1724 423 1780 ria
456 1721 758 1792 videantur,
788 1723 1094 1795 spernenda
1128 1730 1313 1780 tamen
1339 1732 1484 1792 sunt,
1518 1732 1579 1779 ut
1607 1723 1701 1780 iraa
1734 1732 1947 1795 pertur-

2049 524 2347 596 Apostolus
2371 521 2597 578 damnat
2619 519 2824 592 (Galat.
2845 517 2926 590 v),
2949 516 3267 589 plerumque
3282 525 3658 587 consurgunt;

2050 620 2194 678 unde
2238 626 2637 691 consequenter
2681 599 2914 671 divortia
2951 614 3091 670 inter
3132 612 3419 669 unanimes
3460 612 3664 670 fratres

2052 712 2228 770 hostis
2253 711 2471 768 invidus
2500 726 2564 766 ac
2598 710 2868 781 malignus
2894 705 3184 764 interserit.
3214 708 3357 762 Vera
3386 715 3471 763 est
3497 722 3662 764 nam-

2051 823 2156 881 que
2195 806 2585 880 sapientissimi
2627 802 2939 862 Salomonis
2973 801 3062 858 illa
3088 800 3376 868 sententia,
3402 788 3433 833 ά
3464 802 3660 858 Odium

2050 903 2277 956 suscitat
2296 902 2589 965 contentio;
2616 901 2889 954 universos
2915 910 3036 952 vero
3059 896 3160 965 qui
3178 908 3287 949 non
3313 895 3659 959 contendunt,

2045 996 2284 1064 protegit
2317 995 2562 1048 amicitia
2591 994 2768 1059 (Prov.
2801 994 2886 1056 χ).
3638 1012 3643 1015 »

2657 1085 2899 1141 CAPUT
2942 1084 3047 1138 ιχ.

2050 1182 2125 1235 De
2144 1179 2492 1249 amputandis
2508 1180 2672 1233 etiam
2695 1177 3026 1247 spiritalibus
3048 1175 3225 1231 causis
3242 1173 3655 1231 discordiarum.

2122 1272 2466 1343 Quapropter
2505 1269 2575 1326 ad
2615 1266 3048 1326 conservandam
3078 1273 3399 1339 perpetuam
3426 1274 3481 1322 et
3513 1266 3664 1324 indi-

2051 1367 2273 1424 viduam
2301 1364 2648 1435 charitatem,
2692 1374 2715 1402 ⁶
2751 1364 2882 1421 nihil
2912 1363 3136 1436 prodest
3162 1363 3400 1436 primam
3438 1378 3662 1420 causam

2050 1472 2361 1535 amputasse
2387 1461 2617 1529 dissidii,
2666 1475 2789 1533 quae
2830 1459 2976 1516 nasci
3015 1459 3155 1515 solet
3190 1456 3260 1515 de
3288 1456 3454 1515 rebus
3495 1457 3661 1516 cadu-

2054 1556 2133 1612 cis
2177 1564 2345 1627 atque
2387 1553 2636 1618 terrenis,
2669 1561 2725 1609 et
2764 1552 3014 1609 universa
3045 1551 3365 1624 despexisse
3401 1552 3658 1616 carnalia,

2055 1658 2219 1721 atque
2249 1649 2499 1704 omnium
2537 1647 2733 1720 quibus
2758 1655 2948 1703 noster
2970 1660 3104 1702 usus
3134 1644 3341 1716 indiget
3364 1660 3549 1706 rerum
3579 1645 3662 1701 in-

2055 1742 2346 1798 discretam
2382 1741 2833 1797 communionem
2860 1737 3124 1795 fratribus
3168 1739 3505 1811 permisisse,
3549 1740 3655 1794 nisi

347 1817 495 1874 ῧδῑίο
536 1816 840 1887 ἀθνίῑεωΐς
876 1826 931 1874 εἴ
971 1818 1163 1874 omnia
1197 1816 1361 1873 etiam
1399 1832 1520 1889 qua?
1551 1824 1810 1889 Ρυῖδιιῑυι·
1845 1815 1946 1873 ad‘
1978 1819 2026 1882 Β
2054 1836 2221 1892 etiam
2247 1834 2540 1892 secundam
2569 1848 2694 1905 quae
2721 1832 2825 1889 sub
2850 1833 3027 1906 specie
3049 1832 3363 1906 spiritalium
3386 1848 3643 1889 sensuum

346 1926 519 1979 versa,
559 1910 904 1982 suscipienda
940 1920 1101 1983 atque
1140 1910 1424 1968 toleranda
1468 1919 1616 1979 sunt,
1648 1912 1675 1947 δ
1715 1919 1775 1966 ut
1810 1908 1943 1966 dile-

343 2005 543 2063 ctionis
584 2004 839 2077 pacisque
866 2004 1230 2078 tranquillitas
1269 2004 1470 2060 illibata
1506 2012 1785 2072 servetur;
1820 2002 1945 2075 quia

344 2115 446 2157 nec
487 2100 568 2156 ira
614 2108 776 2171 atque
815 2098 1026 2156 tristitia
1070 2099 1429 2172 perniciosius
1473 2097 1795 2170 quidquam,
1844 2111 1946 2154 nec

345 2192 605 2249 charitate
628 2192 811 2249 utilius
838 2192 1170 2249 credendum
1199 2201 1301 2249 est.

931 2294 1172 2351 CAPUT
1212 2295 1362 2349 V111.

347 2388 551 2455 Quibus
574 2388 639 2443 de
671 2389 846 2442 causis
872 2389 1017 2442 inter
1052 2387 1324 2457 spiritales
1356 2389 1618 2441 nascatur
1647 2386 1947 2441 dissensio?

413 2494 554 2548 Nam
585 2488 1055 2563 quemadmodum
1088 2490 1330 2545 carnales
1366 2488 1547 2545 adhuc
1571 2496 1625 2562 et
1648 2487 1946 2544 imbecilles

343 2584 538 2642 fratres
573 2584 645 2640 ob
686 2584 842 2641 vilem
874 2592 1254 2655 terrenamque
1297 2581 1661 2639 substantiam
1701 2581 1813 2637 cito
1841 2581 1946 2637 ini-

342 2678 522 2735 micus
584 2678 677 2741 ille
724 2677 1014 2750 disjungit,
1066 2678 1140 2733 ita
1188 2686 1208 2712 °
1271 2676 1440 2732 etiam
1489 2675 1632 2731 inter
1678 2673 1946 2746 spiritales

343 2770 517 2844 gignit
562 2786 662 2842 pro
703 2771 1078 2829 intellectuum
1118 2769 1427 2827 diversitate
1470 2767 1819 2825 discordiam.
1865 2771 1947 2824 Ex

2052 1931 2200 1987 nasci
2234 1931 2374 1986 solet
2409 1928 2660 1985 similiter
2701 1927 3104 1996 abscindentes,
3149 1927 3549 2000 acquisierimus
3585 1927 3645 1983 in

2053 2023 2310 2081 omnibus
2337 2022 2605 2080 humilem
2634 2036 2855 2078 sensum
2880 2028 2936 2077 et
2958 2036 3231 2080 consonas
3258 2021 3579 2079 voluntates.

2684 2116 2920 2173 CAPUT
2956 2117 3035 2172 X.

2409 2213 2485 2266 De
2527 2211 2726 2280 optimo
2756 2212 3002 2264 examine
3033 2210 3294 2264 veritatis.

2124 2301 2343 2359 Memini
2371 2316 2608 2374 namque
2640 2317 2768 2358 cum
2795 2317 2886 2357 me
2913 2301 3094 2358 adhuc
3124 2301 3405 2360 adhaerere
3428 2316 3657 2359 consor-

2052 2396 2133 2452 tio
2154 2395 2386 2451 fratrum
2427 2403 2562 2451 tetas
2576 2395 2765 2467 junior
2800 2394 3131 2465 hortaretur,
3156 2394 3478 2468 hujusmodi
3498 2396 3654 2454 nobis

2050 2487 2460 2561 intelligentiam
2508 2487 2591 2544 vel
2650 2489 2707 2544 in
2759 2489 3064 2546 moralibus
3111 2488 3411 2561 disciplinis
3469 2490 3549 2546 vel
3597 2491 3652 2547 in

2051 2583 2337 2656 Scripturis
2386 2584 2554 2640 sacris
2600 2581 2914 2654 frequenter
2959 2583 3242 2652 insertam,
3290 2591 3357 2640 ut
3405 2583 3541 2640 nihil
3591 2599 3651 2640 ea

2052 2677 2228 2734 verius
2259 2677 2503 2750 nihilque
2531 2678 2906 2736 rationabilius
2932 2678 3303 2735 crederemus.
3345 2678 3454 2737 Sed
3484 2679 3503 2714 ί
3529 2695 3654 2735 cum

2054 2768 2110 2824 in
2159 2785 2329 2826 unum
2377 2771 2758 2829 convenientes
2798 2771 3098 2830 sententias
3141 2779 3359 2829 nostras
3404 2787 3655 2844 promere

1446 2894 1702 2949 ALARDI
1739 2894 1964 2950 GAZzEl
2000 2892 2558 2950 COMMENTARIUS.

414 3016 438 3044 ⁸
481 3011 573 3068 Sic
606 3010 901 3066 Cassianus
936 3010 1030 3065 lib.
1070 3024 1190 3066 vm
1233 3007 1475 3065 Institut.
1517 2986 1637 3080 cap.
1678 3015 1739 3064 13
1772 3026 1786 3062 :
1830 3011 1947 3065 Non

342 3084 483 3137 enim
504 3083 584 3133 ita
605 3082 805 3135 nostris
829 3081 1096 3149 obsequiis
1116 3081 1404 3135 communis
1429 3082 1666 3135 omnium
1685 3080 1944 3135 Dominus

342 3153 653 3211 delectatur,
695 3154 757 3202 ut
782 3151 923 3218 quod
950 3153 1007 3203 in
1028 3166 1134 3204 uno
1167 3152 1420 3219 acquirit,
1449 3151 1649 3219 perdat
1673 3152 1729 3203 in
1754 3150 1941 3212 altero,

2054 3008 2264 3080 (Ephes.
2293 3012 2392 3073 ιιι)
2417 3027 2429 3062 :
2458 3009 2690 3065 Solliciti
2706 3025 2916 3066 servare
2935 3011 3201 3065 unitatem
3214 3011 3447 3080 spiritus
3471 3012 3527 3065 in
3547 3011 3655 3066 ciii-

2053 3082 2169 3152 culo
2190 3081 2344 3152 pacis
2373 3081 2555 3149 (Greg.
2584 3082 2850 3152 Pastoral.
2875 3086 3028 3151 part.
3053 3095 3150 3148 ut,
3170 3081 3391 3152 admon.
3415 3082 3491 3152 2).

2124 3150 2151 3185 ά
2171 3151 2374 3223 Δ(ἄνειξθςέ
2414 3152 2558 3221 μῖσος
2598 3150 2775 3223 ἐγεζρει
2813 3150 3004 3223 νεῗκος.ί
3028 3151 3189 3222 Quod
3218 3150 3461 3223 utroque
3487 3150 3653 3223 modo

341 3222 653 3277 dominante
692 3222 941 3273 tristitia.
982 3223 1044 3275 In
1081 3221 1359 3290 cujuslibet
1389 3236 1620 3290 namque
1662 3220 1941 3290 dispendio
1973 3224 2016 3287 C
2050 3219 2184 3275 verti
2213 3219 2423 3291 potuit.‘
2449 3224 2595 3277 Nam
2635 3219 2826 3279 odium
2862 3219 3091 3279 suscitat
3118 3219 3417 3289 contentio,
3461 3231 3522 3278 ut
3562 3222 3654 3277 hic

340 3307 509 3347 unum
530 3292 748 3361 patitur
771 3291 1170 3355 detrimentum,
1196 3294 1294 3362 qui
1314 3293 1492 3347 eodem
1523 3291 1678 3345 modo
1703 3293 1939 3346 omnium

338 3363 672 3432 famulorum
698 3377 917 3419 suo-rum
942 3364 1171 3419 salutem
1195 3363 1468 3419 desiderat
1495 3367 1545 3417 et
1573 3366 1863 3432 exspectat.

410 3426 437 3467 b
462 3434 497 3467 ρ
557 3435 879 3467 Αιιηηριςηωρ
909 3434 975 3467 ,1ο
1000 3434 1228 3467 manu...
1258 3435 1356 3467 no:
1390 3450 1401 3461 -
1438 3437 1664 3467 manu...”
1693 3437 1769 3467 σοι
1792 3436 1916 3467 mn.“

374 3478 377 3481 λ
410 3434 437 3467 υ
460 3434 517 3491 S.
546 3435 881 3507 Augustinus
909 3434 975 3490 de
1000 3434 1229 3491 Civitate
1258 3435 1357 3489 Dei
1390 3450 1402 3486 :
1438 3437 1667 3488 Tantum
1692 3437 1769 3488 est
1790 3436 1938 3504 pacis

342 3507 552 3581 bonum,
574 3511 637 3581 ut
655 3509 819 3581 etiam
838 3508 898 3559 in
919 3507 1090 3581 rebus
1100 3509 1512 3581 terrenaisatque
1528 3505 1846 3581 mortalibus
1864 3507 1940 3559 ni-

339 3577 420 3630 hil
449 3577 635 3629 soleat-
654 3578 862 3642 gratius
899 3576 1108 3637 audiri,
1140 3577 1280 3629 nihil
1307 3575 1718 3630 desiderabilius
1747 3591 1938 3630 concu-

332 3647 492 3716 pisci,
515 3643 654 3697 nihil
666 3648 932 3716 postpemo
950 3647 1123 3716 possit
1148 3646 1335 3699 melius
1361 3647 1612 3716 inveniri.
1641 3644 1816 3716 Idem,
1841 3661 1939 3701 seu

336 3712 459 3787 quis
484 3712 685 3770 auctor
706 3713 774 3768 ad
800 3712 993 3768 fratres
1021 3714 1076 3767 in
1107 3728 1291 3768 eremo
1321 3731 1333 3764 :
1364 3713 1530 3776 Scire,
1562 3714 1755 3785 inquit,
1787 3716 1941 3770 debe-

338 3788 431 3842 tis.
463 3787 683 3842 fratres.
724 3785 869 3842 quod
897 3784 1147 3842 quadam
1178 3788 1305 3839 sunt
1334 3784 1487 3842 bona.
1517 3800 1639 3842 quae
1670 3799 1777 3838 non
1812 3790 1940 3842 sunt

412 3828 431 3849 ,
461 3799 683 3849 fratres,
724 3799 868 3849 quoa
897 3799 1147 3849 quwaam
1178 3799 1305 3839 sunt
1334 3799 1487 3846 bona,
1517 3800 1639 3849 quis
1670 3799 1777 3838 non

338 3788 431 3849 tis,
461 3787 683 3853 fratres,
724 3787 869 3854 quod
897 3787 1147 3854 quaedam
1178 3788 1305 3839 sunt
1334 3787 1487 3846 bona,
1517 3800 1639 3853 quae
1670 3799 1777 3838 non
1812 3792 1931 3842 sunt

336 3856 606 3914 commoda
622 3875 640 3923 ς
671 3856 920 3926 quadam
945 3856 1212 3926 jucunda,
1245 3870 1364 3925 quae
1390 3870 1494 3909 non
1521 3858 1648 3910 sunt
1675 3856 1806 3910 bona
1836 3875 1852 3910 :
1882 3872 1931 3911 υ.

335 3945 389 3997 g.
412 3928 551 3983 bona
568 3932 694 3983 sunt
705 3928 947 3998 jejunio,
967 3928 1191 3997 vigilite,
1213 3928 1613 3998 macerationes,
1639 3931 1690 3981 et
1712 3928 1933 3981 similia.

334 4002 609 4055 chenim
631 3999 767 4053 bona
785 4003 933 4061 sunt,
954 3999 1048 4054 sed
1068 4014 1171 4052 non
1190 3997 1460 4067 jucunda,
1481 3999 1611 4067 quia
1632 4012 1754 4052 caro
1774 4000 1834 4052 in
1855 3998 1936 4052 his

336 4086 441 4126 non
470 4070 832 4140 jucundatur,
870 4070 975 4124 sed
1016 4069 1256 4124 laeditur.
1300 4069 1548 4123 Jucunda
1585 4073 1763 4124 autem
1807 4074 1937 4124 sunt

336 4144 753 4204 comessationes,
785 4141 1087 4205 ebrietates,
1125 4140 1219 4196 sed
1254 4155 1360 4195 non
1391 4141 1546 4194 bona.
1593 4141 1636 4196 0
1662 4141 1932 4205 monache,

335 4215 431 4267 via:
447 4214 651 4283 poteris
679 4214 915 4267 invenire
935 4214 993 4267 in
1013 4213 1275 4283 praesenti
1288 4227 1459 4283 unum
1482 4211 1625 4281 quod
1646 4214 1717 4266 sit
1744 4211 1937 4267 bonum

336 4287 387 4338 et
404 4282 727 4352 jucundum.
763 4284 927 4353 Cupis
958 4282 1139 4338 tamen
1160 4282 1302 4336 illud
1330 4284 1604 4338 invenire?
1622 4296 1936 4352 persequere

330 4368 541 4423 pacem,
571 4358 623 4408 et
648 4354 960 4421 amplectere
995 4369 1129 4408 eam.
1171 4356 1295 4408 Haec
1322 4358 1400 4407 est
1427 4356 1567 4407 enim
1600 4354 1714 4408 sola
1739 4356 1933 4415 virtus,

335 4438 456 4491 qua:
484 4424 645 4477 habet
681 4424 874 4475 bonum
901 4428 952 4476 et
972 4423 1296 4491 jucundum.
1328 4425 1452 4477 Haec
1477 4427 1554 4477 est
1591 4424 1692 4477 illa
1727 4425 1934 4479 bonitas

335 4506 457 4561 qua:
478 4506 572 4546 nos
597 4492 842 4561 habitare
861 4493 1001 4557 facit
1021 4494 1183 4546 unius
1212 4495 1377 4546 moris
1404 4495 1463 4546 in
1485 4494 1657 4556 domo,
1684 4498 1746 4548 ut
1772 4495 1936 4549 simul

334 4560 511 4618 uiuere
528 4560 795 4630 simulque
819 4564 963 4614 mori
981 4576 1186 4631 semper
1207 4567 1465 4630 optemus.
1494 4564 1536 4617 0
1549 4579 1686 4632 pum,
1711 4568 1771 4617 tu
1791 4580 1937 4619 men-

2050 3290 2390 3362 citatur,iubi
2422 3294 2565 3362 uico;
2601 3301 2685 3349 est
2710 3292 3005 3350 accusativi
3041 3307 3221 3360 casus,
3254 3298 3311 3348 et
3340 3296 3499 3355 νεῖκος
3541 3309 3643 3349 no-

2049 3361 2333 3433 minativi;
2368 3361 2635 3419 etodium
2664 3364 2891 3420 suscitat
2914 3362 3345 3433 contentionem,
3370 3365 3417 3419 si
3446 3372 3654 3420 contra-

2047 3433 2258 3506 riisint
2296 3448 2488 3500 casus;
2532 3434 2813 3504 quomodo
2851 3432 3393 3506 Latinus_interpres
3427 3435 3586 3491 vertit
3630 3455 3646 3489 :

2047 3504 2247 3646 ?diEtImr
2270 3507 2495 3647 susﬁtat
2516 3507 2693 3575 rixas,
2714 3511 2766 3562 et
2791 3508 3045 3562 universa
3067 3504 3462 3577 delicta—operit
3484 3508 3654 3561 chari-

2070 3591 2130 3630 as
2248 3591 2328 3630 ου.
2424 3615 2437 3628 .

2070 3591 2130 3630 as
2156 3590 2328 3630 [1³1⁸012.
2353 3590 2437 3630 Xl.

2118 3653 2140 3681 °
2168 3644 2379 3702 Causae
2397 3644 2758 3702 ’dissidiorum
2805 3654 2861 3703 et
2900 3644 3301 3705 discordiarum
3340 3647 3486 3703 inter
3528 3645 3647 3703 fra-

2046 3722 2160 3771 tres
2187 3723 2316 3772 sunt
2344 3715 2400 3769 in
2428 3716 2629 3788 duplici
2660 3732 2859 3788 genere
2899 3738 2913 3774 :
2952 3718 3189 3774 carnales
3224 3718 3360 3788 aliae,
3399 3718 3642 3788 cumgde

2046 3802 2171 3857 meo
2215 3795 2270 3842 et
2308 3793 2434 3854 tuo,
2476 3785 2582 3842 hoc
2606 3785 2731 3857 est,
2759 3787 2830 3844 de
2866 3788 3031 3845 rebus
3072 3787 3311 3853 externis,
3360 3802 3515 3857 quas,
3539 3786 3636 3842 hic

2045 3856 2212 3929 abbas
2234 3863 2396 3929 vocat
2422 3856 2738 3929 utilissimas
2760 3858 2841 3929 (ut
2866 3867 2996 3916 sunt
3026 3873 3200 3916 revera
3226 3856 3633 3929 comparatione

2044 3926 2460 4010 spiritaliumnet
2486 3926 2829 4010 cmlestiuml,
2860 3938 2989 4010 puta
3023 3930 3093 4010 de
3122 3926 3377 4010 vestibus,
3403 3927 3636 4010 alimen-

2044 3997 2134 4072 tis,
2180 3999 2330 4072 loco__
2364 3997 2632 4072 digniore,
2673 3997 3017 4072 praefectura,
3061 3998 3356 4067 domicilio,
3389 3999 3641 4072 utensili-

2045 4068 2171 4143 bus,
2207 4068 2450 4143 juribus;
2483 4068 2704 4143 aliisque
2738 4071 3227 4143 commoditatibus
3250 4070 3642 4143 contenditur;

2043 4140 2166 4215 aliae
2194 4140 2641 4215 spiritales,_cum
2669 4140 2919 4215 de_variis
2955 4142 3380 4215 quaestionibus,
3400 4142 3649 4215 sensibus

2043 4212 2383 4285 Scriptum,
2418 4212 2641 4285 aliisque
2686 4212 2869 4285 rebus-
2896 4212 3261 4271 controversis
3315 4213 3385 4270 ad
3434 4212 3648 4270 intelle-

2043 4282 2217 4357 ctum,
2246 4293 2306 4357 ut
2333 4284 2422 4357 hic
2449 4282 2666 4357 dicitur,
2705 4283 3109 4356 pertinentibus
3131 4285 3491 4357 disceptatur,
3522 4299 3649 4357 pro-

2042 4353 2176 4478 piriis
2218 4353 2569 4435 Opinionibus
2614 4353 2758 4411 ultra
2787 4371 2977 4437 _quam
3023 4372 3122 4429 par
3168 4364 3254 4412 est
3281 4353 3638 4435 'inhmreudo.

2100 4440 2188 4478 inc
2229 4428 2296 4478 D.
2339 4425 2636 4478 Gregorius
2671 4427 3041 4478 Nazianzenus
3085 4426 3410 4478 nranlaram
3448 4425 3638 4478 habuit

2100 4424 2188 4499 inc
2229 4424 2296 4481 ι).
2339 4424 2636 4499 Gregorius
2671 4424 3041 4484 Nazianzenus
3085 4426 3410 4499 praeclaram
3448 4425 3641 4499 habuit

2043 4495 2348 4569 orationem
2359 4496 2425 4550 de
2438 4495 2800 4569 moderatione
2809 4499 2867 4552 in
2879 4495 3341 4569 disputdtionibus
3354 4497 3638 4559 servanda,

2043 4566 2138 4621 ubi
2171 4565 2289 4621 haec
2320 4565 2465 4640 inter
2490 4565 2593 4621 alia
2635 4569 2806 4633 (Orat.
2838 4569 2929 4640 26)
2960 4565 3276 4638 EQuidnam
3306 4571 3363 4623 in
3396 4569 3640 4623 doctrina

336 4608 883 4724 serenitas’hﬁimi
894 4608 1289 4724 trranqu‘il‘litg‘s,
1302 4634 1499 4686 amoris
1514 4608 1802 4724 vfnﬁulfrm,
1815 4636 1933 4689 ολα.
1959 4608 2011 4671 D
2035 4608 3373 4724 ξείῖ
3546 4608 3628 4690 "":

337 4707 527 4762 ritatis
552 4705 891 4761 consortium.
926 4701 1053 4760 Hac
1076 4707 1153 4758 est
1179 4703 1279 4757 illa
1301 4718 1511 4757 summa
1535 4701 1789 4769 felicitas,
1815 4720 1936 4774 qua

335 4777 471 4833 bella
496 4778 793 4848 compescit,
824 4778 939 4833 iras
967 4776 1287 4848 comprimit,
1320 4774 1586 4848 discordes
1616 4774 1789 4838 sedat,
1819 4778 1933 4831 ini-

332 4850 491 4904 micos
515 4847 817 4911 concordat,
839 4851 1039 4904 cunctis
1050 4847 1248 4919 placet,
1268 4861 1303 4900 a
1320 4847 1522 4919 cunctis
1541 4850 1781 4919 optatur.
1801 4850 1935 4903 Bea-

335 4922 423 4974 tus
446 4921 545 4986 qui
560 4922 610 4972 te
634 4919 812 4981 habet,
832 4917 1145 4975 maledic'tus
1157 4919 1255 4989 qui
1272 4921 1322 4974 te
1340 4917 1475 4986 odit,
1496 4921 1549 4973 et
1563 4918 1778 4988 frangit
1794 4920 1936 4974 inter

333 4990 594 5116 homiines,
640 4989 894 5057 quoniam
921 4990 1289 5046 Antichristus
1332 4993 1432 5058 est,
1464 4995 1515 5046 et
1554 4990 1701 5060 ﬁlius
1738 4990 1934 5061 perdi-

359 5075 445 5116 ton
499 5099 514 5116 .

359 5074 492 5116 ιοηιε
499 5099 514 5116 .

406 5139 428 5168 °
454 5129 543 5189 Ad
579 5127 684 5199 bos
719 5135 927 5202 spectat
956 5128 1045 5202 illa
1072 5131 1144 5185 D.
1177 5130 1425 5202 Gregorii
1455 5130 1705 5188 salutaris
1726 5130 1933 5188 admo-

332 5202 469 5260 nitio
501 5222 514 5259 :
557 5201 858 5266 Discordes,
897 5201 1091 5274 inquit,
1120 5201 1448 5274 admonendi
1475 5208 1620 5271 sunt,
1649 5206 1721 5274 ut
1747 5206 1931 5258 certis-

331 5275 661 5332 sime'sciant
680 5276 833 5345 quia,
851 5273 1199 5344 quantislibet
1215 5275 1511 5329 virtutibus
1544 5273 1805 5343 polleant,
1828 5275 1932 5343 spi-

333 5348 519 5401 ritales
550 5348 863 5402 nullatenus
905 5346 1029 5414 ﬁeri
1061 5349 1301 5415 possunt,
1330 5346 1382 5400 si
1410 5347 1566 5400 uniri
1584 5358 1687 5413 per
1716 5358 1932 5398 concor-

331 5416 484 5472 diam
495 5420 762 5487 proximis
781 5417 1068 5487 negligant.
1083 5417 1354 5487 Scriptum
1369 5418 1566 5486 quippe
1578 5417 1656 5469 est
1666 5432 1690 5487 ξε
1706 5416 1932 5487 Erucius

332 5485 515 5541 autem
526 5488 768 5557 Spiritus
778 5485 860 5545 est
870 5485 1125 5551 Charitas,
1136 5485 1420 5558 gaudium,
1436 5485 1614 5556 etpaa:
1626 5485 1829 5552 (Galat.
1846 5490 1929 5554 ν).

335 5558 443 5625 Qui
452 5570 578 5624 ergo
595 5574 806 5616 servare
818 5576 1007 5630 pacem
1025 5575 1130 5615 non
1149 5563 1322 5624 curat,
1343 5561 1491 5627 ferre
1506 5559 1749 5625 fructum
1766 5561 1932 5629 spiri-

336 5631 422 5682 tus
446 5632 679 5680 recusat.
710 5633 849 5683 Hinc
874 5632 1076 5685 Paulus
1104 5632 1185 5684 ait
1213 5648 1229 5683 :
1260 5631 1389 5687 Cum
1410 5633 1484 5685 sit
1507 5631 1649 5684 inter
1670 5644 1760 5684 vos
1788 5632 1933 5686 zelus

336 5701 388 5753 et
422 5697 704 5766 contentio,
737 5712 906 5750 nonne
941 5701 1179 5753 carnales
1208 5702 1333 5754 estis
1367 5702 1413 5766 (Ι
1451 5701 1573 5756 Cor.
1618 5702 1754 5763 In)?
1794 5702 1933 5754 Hinc

335 5769 532 5824 iterum
560 5764 698 5820 dicit
722 5782 739 5818 :
763 5767 950 5834 Pacem
976 5769 1271 5834 sequimini
1293 5764 1412 5821 cum
1442 5769 1705 5829 omnibus,
1732 5772 1783 5821 et
1808 5783 1932 5822 san-

342 5837 657 5895 ctimoniam
701 5833 851 5907 (Heb.
897 5833 1050 5902 xu).
1080 5836 1218 5888 Hinc
1254 5850 1446 5891 rursus
1490 5837 1813 5901 admonens,
1851 5841 1934 5895 ait

2043 4709 2262 4772 Contra,
2286 4708 2421 4779 quid
2440 4710 2812 4779 turpissimum
2833 4716 2885 4767 et
2896 4709 3633 4779 perniciosissinmmh‘ohm-

2042 4783 2219 4834 totum
2239 4777 2550 4850 disjunctiol
2576 4782 2633 4836 S.
2647 4777 2982 4838 Ambrosius
3002 4780 3336 4839 Ofﬁciorum
3362 4780 3492 4836 libro
3516 4777 3632 4849 pri-

2041 4864 2138 4932 mo
2175 4850 2337 4935 (Cap:
2365 4855 2455 4917 22)
2486 4867 2499 4903 :
2528 4852 2708 4907 Sermo
2740 4852 3095 4937 dividiturjn
3119 4854 3444 4935 colloquium.
3463 4852 3638 4919 fami-

2042 4921 2173 4995 liare
2212 4927 2264 4977 et
2313 4938 2373 4977 in
2411 4926 2702 4978 tractatum
2739 4923 3277 4995 disceptationemque
3312 4923 3441 4994 ﬁdet
3478 4927 3646 4993 atque

2030 4991 2282 5065 justitiag.
2302 4995 2368 5049 In
2386 4997 2615 5062 utroque
2632 4991 2952 5050 servandum
2969 5011 3037 5051 ne
3057 4998 3130 5052 sit
3150 4991 3342 5065 aliqua
3354 4991 3646 5065 perturba-

2042 5065 2144 5129 tio;
2170 5064 2263 5119 sed
2288 5068 2500 5119 tantum
2522 5067 2690 5129 mitis,
2712 5068 2762 5119 et
2779 5065 3050 5136 placidus,
3072 5071 3125 5122 et
3143 5064 3517 5121 benevolentia
3528 5064 3637 5136 ple-

2039 5149 2164 5196 nus,
2196 5139 2247 5189 et
2274 5137 2491 5203 gratia,
2531 5137 2646 5190 sine
2680 5134 2797 5190 ulla
2824 5151 2994 5193 sermo
3029 5137 3265 5193 ducatur
3299 5134 3635 5192 contionem.

2039 5205 2090 5260 A
2098 5205 2203 5259 bsit
2211 5208 2477 5276 pertinax
2492 5207 2551 5260 in
2558 5207 2832 5274 familiari
2842 5224 3079 5265 sermone
3092 5209 3390 5274 contentio;
3402 5205 3645 5278 quastio-

2038 5289 2143 5349 nes
2180 5279 2321 5349 enim
2367 5279 2602 5349 excitare
2649 5279 2840 5334 inanes
2887 5280 3205 5335 subtilitatis
3249 5281 3431 5349 magis
3476 5289 3647 5348 quam

2039 5347 2294 5421 utilitatis
2306 5348 2514 5421 afferre
2526 5349 2743 5421 aliquid
2760 5350 3250 5421 solet.Disceptatio
3267 5347 3388 5405 sine
3405 5347 3513 5413 ira,
3527 5363 3656 5421 sua-

2038 5420 2179 5492 vitas
2193 5419 2309 5492 sine
2325 5418 2694 5492 amaritudine
2711 5423 2805 5489 sit,
2824 5423 3043 5478 monitio
3058 5418 3175 5478 sine
3187 5423 3501 5492 asperitate,
3518 5419 3651 5473 hor-

2039 5491 2172 5557 tatio
2198 5490 2312 5544 sine
2336 5489 2655 5557 offensione.

2114 5552 2133 5591 ¹
2158 5552 2533 5633 Collatiohum
2559 5560 2670 5618 sive
2696 5561 3127 5633 collocutionum
3155 5560 3482 5633 spiritalium
3507 5553 3646 5633 {rut

2038 5636 2215 5703 ctum,
2245 5629 2537 5703 simulque,
2558 5632 2880 5691 earumdem
2917 5634 3089 5691 ritum
3125 5626 3209 5703 ac",
3221 5632 3457 5703 modum,
3486 5626 3650 5699 apud

2039 5701 2293 5774 antiquos
2332 5701 2631 5760 monachos
2659 5704 2869 5774 servari
2911 5706 3159 5773 solitum,
3184 5702 3370 5774 babes
3408 5702 3498 5758 hic
3534 5714 3651 5754 ex-

2037 5772 2306 5846 pressum.
2334 5775 2418 5829 De
2449 5788 2561 5846 quo
2597 5772 2763 5832 etiam
2805 5774 2926 5835 vide
2950 5773 3365 5835 cunctationem
3391 5777 3653 5832 nostram

2037 5841 2108 5900 ad
2141 5842 2325 5901 collat.
2363 5850 2395 5900 2
2427 5841 2551 5917 cap.
2579 5850 2633 5903 2.
