4014 6202
347 207 476 262 1025

1431 197 1766 256 COLLATIO
1805 200 1944 256 XVI.
1983 229 2057 242 —
2094 199 2183 256 DE
2220 198 2549 256 AMICITIA.

3445 247 3450 251 -
3527 210 3662 266 1026

337 327 721 399 cmpissemus,
767 321 1021 398 quedam
1058 323 1341 380 communi
1387 321 1790 380 examinatione
1825 321 1941 380 dis-
1965 327 2020 391 Α
2045 321 2230 380 cordis
2273 321 2530 394 implerit.
2575 323 2640 380 Si
2684 338 2794 394 qua
2837 339 2981 395 ergo,
3021 324 3224 398 inquit,
3270 331 3555 388 consolatio
3603 337 3660 392 in

337 437 500 479 cussa
537 419 778 494 primum
820 419 890 476 ab
919 419 1094 476 altero
1129 417 1264 475 falsa
1300 432 1367 474 ac
1389 417 1552 474 noxia
1586 417 1939 488 notabantur,

340 530 470 572 mox
495 512 696 571 deinde
733 521 798 570 ut
821 512 1124 586 perniciosa
1157 511 1441 569 communi
1469 511 1827 584 pronuntiata
1857 511 1946 584 ju-

335 607 480 666 dicio
529 607 964 676 damnabantur,
1007 621 1133 680 qua:
1171 605 1230 662 in
1269 613 1489 663 tantum
1524 605 1680 678 prius
1708 605 1885 662 infusa
1911 619 1943 661 a

336 699 556 759 diabolo
602 701 756 758 velut
796 701 919 758 luce
961 699 1269 773 fulgebant,
1323 706 1390 756 nt
1433 698 1587 756 facile
1635 694 1945 772 potuissent

339 810 599 870 generare
620 793 971 863 discordiam,
999 793 1101 849 nisi
1127 801 1462 866 praeceptum
1485 792 1768 850 seniorum
1793 786 1958 850 velut

338 887 593 945 divinum
611 885 890 960 quoddam
915 885 1204 944 oraculum
1221 884 1562 943 custoditum
1582 885 1652 942 ab
1674 885 1822 942 omni
1841 901 1944 942 nos

340 979 694 1036 contentione
735 986 1064 1045 revocasset,
1106 995 1216 1052 quo
1252 979 1324 1036 ab
1358 980 1462 1038 illis
1505 981 1663 1053 legali
1706 979 1943 1053 quadam

339 1072 626 1129 sanctione
653 1072 1042 1146 praescriptum
1069 1080 1174 1142 est,
1211 1081 1274 1130 ut
1315 1081 1512 1130 neuter
1536 1082 1793 1130 nostrum
1823 1074 1945 1146 plus

331 1163 548 1238 judicio
577 1179 678 1222 suo
705 1181 873 1238 quam
903 1163 1086 1223 fratris
1113 1165 1377 1236 crederet,
1409 1167 1457 1224 si
1497 1181 1800 1240 numquam
1828 1167 1944 1224 vel-

339 1258 415 1314 let
447 1255 648 1314 diaboli
685 1255 983 1314 calliditate
1015 1257 1220 1316 deludi.

945 1351 1191 1409 CAPUT
1232 1353 1336 1408 XI.

338 1445 492 1512 Quod
537 1445 889 1525 impossibile_
903 1447 984 1525 sit
1018 1460 1355 1525 quamquam
1407 1447 1774 1525 qui_proprio
1815 1446 1943 1516 ﬁdit

579 1515 811 1585 judicio,
851 1515 1057 1571 diaboli
1087 1517 1334 1571 illusione
1357 1531 1466 1571 non
1495 1515 1690 1586 decipi.

410 1607 632 1664 Etenim
655 1623 801 1680 saepe
829 1607 964 1665 illud
993 1607 1144 1681 quod
1172 1607 1470 1681 Apostolus
1493 1607 1628 1665 dicit
1651 1607 1942 1681 probatum

2053 418 2285 482 Christo,
2308 419 2360 473 si
2375 418 2520 488 quod
2535 419 2792 474 solatium
2813 419 3120 485 charitatis,
3141 424 3194 478 si
3207 438 3318 492 qua
3336 425 3541 481 viscera
3557 430 3660 484 mi.

2050 513 2357 579 serationis,
2388 512 2606 582 implete
2645 512 2906 582 gaudium
2931 529 3107 570 meum
3134 519 3200 572 ut
3233 517 3377 572 idem
3403 521 3656 590 sapiatis,

2051 603 2288 659 eamdem
2316 604 2640 660 charitatem
2663 605 2933 671 habentes,
2962 609 3244 664 unanimes
3272 610 3514 681 idipsum
3535 626 3658 668 sen-

2051 699 2242 753 tientes
2250 718 2274 766 ,-
2296 698 2436 752 nihil
2453 712 2554 767 per
2571 699 2976 768 contentionem,
2997 715 3167 770 neque
3184 717 3286 772 per
3307 705 3526 760 inanem
3542 705 3654 776 glo-

2048 792 2210 854 riam,
2236 791 2332 846 sed
2353 793 2412 846 in
2433 791 2744 847 humilitate
2762 794 3062 863 superiores
3083 794 3472 866 nobismetipsis
3495 799 3656 854 alter-

2049 891 2233 942 utrum
2273 887 2603 944 arbitrantes
2642 885 2868 958 (Philip.
2903 886 3004 959 n);
3049 895 3104 944 et
3143 887 3296 957 illud,
3336 893 3544 948 Honore
3571 893 3655 948 al-

2051 986 2718 1056 terutrumpraevenientes
2737 981 2906 1055 (Rom.
2920 983 3060 1056 xu),
3077 992 3140 1040 ut
3151 985 3272 1056 plus
3287 986 3656 1061 unusquisque

2049 1075 2293 1132 consorti
2330 1090 2432 1132 suo
2470 1075 2710 1132 scientiae
2748 1081 2804 1132 et
2842 1076 3143 1134 sanctitatis
3169 1079 3464 1150 ascribens,
3497 1097 3654 1140 sum-

2049 1182 2201 1223 mam
2247 1167 2594 1224 discretionis
2633 1183 2778 1224 veraa
2815 1167 2870 1223 in
2911 1169 3136 1226 alterius
3174 1172 3349 1245 magis
3391 1189 3556 1246 quam
3599 1177 3656 1233 in

2049 1273 2153 1316 suo
2181 1258 2372 1317 credat
2398 1267 2545 1316 stare
2567 1257 2797 1331 judicio.

2643 1352 2890 1410 CAPUT
2926 1354 3060 1409 ΧΠ.

2051 1447 2223 1514 Quam
2251 1444 2316 1502 ob
2343 1458 2563 1500 causam
2588 1459 2697 1499 non
2730 1445 2959 1500 debeant
2986 1448 3270 1514 inferiores
3298 1452 3356 1505 in
3382 1452 3656 1511 collatione
3737 1502 3745 1509 .

2713 1519 2994 1572 contemni.

2123 1609 2278 1680 Saepe
2321 1616 2510 1666 autem
2559 1608 2777 1678 accidit,
2826 1609 2940 1666 sive
2986 1609 3237 1667 illusione
3281 1611 3504 1682 diaboli,
3545 1616 3657 1675 sive

333 1707 420 1756 est
435 1700 648 1757 evenire
661 1705 721 1770 :3
737 1701 1008 1776 Ipsezenim
1025 1704 1266 1761 Satanas
1291 1705 1645 1773 transﬁgurat
1659 1718 1714 1759 se
1727 1705 1784 1758 in
1797 1719 1946 1772 ange-
1981 1717 2030 1779 Β
2057 1699 2352 1756 intercessu
2369 1701 2574 1758 erroris
2593 1699 2839 1769 humani,
2862 1717 2972 1773 quo
2990 1702 3176 1760 nullus
3194 1711 3276 1760 est
3297 1703 3350 1759 in
3373 1703 3476 1762 hac
3493 1721 3656 1766 carne

333 1795 451 1850 lum
471 1795 602 1850 lucis
615 1797 688 1863 (ll
707 1796 826 1852 Cor.
844 1796 959 1869 ιιι),
973 1805 1040 1853 ut
1055 1795 1350 1853 obscuram
1367 1811 1432 1854 ac
1441 1803 1643 1853 tetram
1661 1796 1946 1869 caliginem

335 1901 606 1944 sensuum
634 1903 736 1961 pro
775 1903 904 1944 vero
942 1889 1154 1946 lumine
1181 1888 1422 1946 scientiae
1449 1889 1823 1947 fraudulenter
1857 1887 1946 1945 ef-

339 1976 538 2035 fundat
557 1983 727 2050 [Lips.
740 1983 980 2060 inmarg:
995 1979 1285 2050 offundat].
1299 1981 1405 2050 Qui
1415 1981 1518 2038 nisi
1529 1981 1722 2038 humili
1733 1989 1790 2038 et
1800 1995 1948 2038 man-

339 2084 502 2133 sueto
515 2075 681 2133 corde
693 2077 957 2150 suscepti,
967 2075 1529 2134 maturissimifratris
1545 2078 1624 2134 vel
1643 2077 1947 2150 probatissi-

340 2170 419 2226 mi
443 2171 674 2228 senioris
691 2179 1039 2228 reserventur
1057 2171 1320 2241 examini,
1341 2178 1398 2228 et
1413 2187 1604 2228 eorum
1613 2171 1820 2244 judicio
1839 2171 1948 2228 dili-

333 2272 532 2336 genter
543 2264 780 2335 excussi,
792 2272 887 2322 aut
905 2263 1253 2336 abjiciantur,
1265 2273 1362 2320 aut
1376 2264 1705 2336 recipiantur
1719 2279 1749 2320 a
1765 2264 1942 2332 nobis,

331 2355 456 2412 sine
492 2356 664 2413 dubio
705 2365 1024 2414 venerantes
1052 2357 1113 2412 in
1145 2356 1564 2428 cogitationibus
1600 2356 1806 2412 nostris
1845 2371 1945 2428 pro

329 2448 532 2522 angelo
547 2449 684 2506 lucis
697 2449 950 2522 angelum
962 2449 1334 2519 tenebrarum,
1345 2448 1664 2522 gravissimo
1678 2447 1944 2505 feriemur

330 2541 583 2600 interitu.
624 2536 652 2576 δ
679 2545 858 2612 Quam
898 2544 1194 2618 perniciem
1222 2541 1557 2614 impossibile
1594 2550 1679 2600 est
1719 2542 1944 2599 evadere

327 2635 646 2708 quempiam
676 2635 883 2708 judicio
913 2635 1136 2708 proprio
1170 2634 1562 2703 conﬁdentem,
1595 2635 1723 2704 nisi,
1753 2635 1944 2692 humi-

327 2726 501 2784 litatis
535 2741 679 2784 verze
709 2737 928 2785 amator
953 2736 1010 2785 et
1037 2736 1327 2786 exsecutor
1349 2725 1597 2798 effectus,
1626 2725 1764 2783 illud
1793 2725 1941 2798 quod

329 2819 633 2894 Apostolus
660 2835 992 2896 magnopere
1027 2821 1372 2894 deprecatur,
1414 2821 1570 2876 omni
1609 2819 1942 2876 contritione

2058 1797 2153 1869 qui
2181 1795 2294 1854 falli
2321 1796 2473 1854 velut
2493 1797 2664 1855 homo
2691 1812 2806 1854 non
2835 1798 3025 1870 possit,
3051 1807 3114 1856 ut
3140 1807 3195 1856 et
3217 1809 3239 1836 ο
3263 1799 3350 1856 ille
3381 1801 3653 1860 interdum

2055 1888 2147 1960 qui
2175 1889 2400 1946 acrioris
2434 1889 2637 1963 ingenii
2671 1889 3022 1963 scientiaeque
3049 1889 3276 1963 majoris
3316 1900 3421 1962 est,
3450 1893 3656 1966 aliquid

2054 1979 2256 2038 falsum
2289 1990 2476 2040 mente
2513 1983 2811 2056 concipiat;
2848 1991 2904 2040 et
2930 1984 3020 2041 ille
3047 1983 3139 2056 qui
3166 1985 3426 2042 tardioris
3453 1985 3654 2059 ingenii

2053 2088 2119 2130 ac
2165 2073 2400 2130 minoris
2443 2083 2527 2130 est
2579 2075 2806 2144 meriti,
2865 2077 3070 2133 rectius
3123 2077 3323 2150 aliquid
3373 2079 3656 2153 veriusque

2055 2167 2372 2240 persentiat.
2419 2171 2487 2224 Et
2526 2168 2731 2226 idcirco
2772 2169 2956 2227 nullus
2996 2159 3025 2203 δ
3067 2171 3196 2238 sibi,
3239 2173 3488 2244 quamvis
3536 2176 3651 2242 [ΑΙ.

2025 2248 2268 2334 ’ρυιινὶε]
2307 2263 2534 2319 scientia
2578 2263 2860 2335 praeditus,
2900 2265 3048 2321 inani
3078 2273 3296 2322 tumore
3332 2268 3655 2339 persuadeat

2054 2355 2201 2426 quod
2222 2356 2396 2428 possit
2411 2356 2700 2414 collatione
2718 2357 2939 2415 alterius
2963 2374 3078 2415 non
3102 2374 3278 2432 egere.
3301 2361 3444 2417 Nam
3462 2361 3654 2419 etiam-

2047 2448 2092 2508 si
2113 2448 2384 2522 judicium
2429 2449 2546 2523 ejus
2582 2450 2845 2508 diabolica
2885 2467 3000 2508 non
3048 2449 3200 2508 fallat
3231 2452 3432 2524 illusio,
3461 2454 3653 2513 elatio-

2048 2541 2133 2598 nis
2160 2549 2344 2598 tamen
2367 2549 2424 2598 et
2449 2541 2722 2614 superbia:
2747 2544 3022 2616 graviores
3049 2544 3274 2616 laqueos
3300 2562 3414 2603 non
3443 2547 3650 2606 evadet.

2050 2633 2184 2702 Quis
2224 2635 2374 2691 enim
2406 2633 2514 2692 hoc
2541 2635 2644 2692 sibi
2673 2635 2886 2707 absque
2927 2637 3130 2710 ingenti
3159 2637 3360 2710 poterit
3393 2653 3654 2712 usurpare

2050 2726 2311 2798 pernicie,
2336 2743 2466 2785 cum
2491 2730 2602 2785 Vas
2628 2728 2912 2785 electionis
2940 2729 2994 2784 in
3020 2745 3132 2802 quo
3157 2729 3429 2800 Christus,
3457 2739 3522 2787 ut
3539 2731 3654 2804 ipse

2051 2819 2332 2892 professus
2367 2830 2452 2878 est
2483 2822 2552 2893 (ll
2600 2823 2718 2880 Cor.
2749 2821 2915 2894 xm),
2944 2821 3288 2894 loquebatur,
3325 2821 3398 2879 ob
3426 2821 3532 2881 hoc
3555 2837 3650 2882 so-

1435 2981 1692 3036 ALARDI
1729 2980 1956 3036 GAZEI
1995 2979 2552 3038 COMMENTARIUS.

411 3119 1944 3206 ⁸ΒριρεοιυὶιιεξιξιξιιιΜοιςειξιιιιι(ρᾳρεηὶξᾶίιζιιψοὶ)
1970 3127 2016 3189 C
2078 3125 2244 3206 nimis
2264 3125 2519 3194 pessima,
2554 3139 2718 3194 eoque
2748 3125 3120 3194 perniciosior,
3159 3139 3264 3195 quo
3316 3127 3490 3195 magis
3521 3088 3654 3182 inte-

335 3209 376 3252 Χ
388 3209 447 3251 LI
469 3213 483 3249 :
506 3190 911 3262 Quisrevelabit
928 3193 1125 3262 faciem
1141 3190 1450 3262 indumenti
1459 3190 1574 3258 ejus
1584 3193 1612 3244 ?
1626 3192 1942 3262 Leviathan,

339 3260 542 3336 inquit,
567 3267 668 3336 iste
688 3263 760 3334 (id
781 3270 886 3328 est,
905 3260 1174 3336 diabolus)
1195 3261 1355 3336 aliter
1367 3260 1653 3336 religiosas
1673 3261 1945 3336 hominum

336 3331 562 3398 mentes,
602 3331 765 3388 aliter
799 3348 923 3388 vero
962 3333 1084 3386 huic
1110 3331 1309 3385 mundo
1347 3331 1561 3385 deditas
1590 3335 1777 3384 tentat.
1803 3332 1945 3387 Nam

333 3407 531 3476 pravis
543 3406 690 3459 mala
706 3419 827 3476 qua:
839 3403 1150 3476 desiderant
1167 3405 1350 3476 aperte
1361 3401 1549 3476 objicit
1562 3418 1579 3466 ς
1593 3401 1757 3476 (bonis
1767 3405 1946 3476 autem

341 3471 572 3530 latenter
605 3471 898 3536 insidians,
928 3473 1026 3528 sub
1049 3474 1220 3544 specie
1240 3473 1550 3527 sanctitatis
1578 3471 1788 3544 illudit.
1807 3471 1942 3534 Illis,

338 3545 855 3613 velutfamiliaribus
865 3543 1249 3614 su-is,iniquum
1259 3558 1314 3597 se
1322 3544 1673 3614 manifestius
1682 3543 1947 3609 insinuat;

341 3619 467 3672 istis
494 3631 636 3679 vero,
665 3617 812 3671 velut
837 3613 1128 3677 extraneis,
1157 3613 1440 3684 cujusdam
1468 3615 1632 3683 quasi
1653 3613 1944 3684 honestatis

329 3691 614 3758 praetextu
635 3702 690 3742 se
701 3687 920 3758 palliat,
947 3691 1008 3758 ut
1023 3686 1171 3758 mala
1190 3686 1408 3758 quoeieis
1419 3685 1635 3758 publice
1653 3698 1759 3738 non
1777 3683 1940 3747 υαῖϐτ»

334 3755 479 3813 tecta
507 3759 651 3812 bona:
671 3755 899 3813 actionis
920 3757 1178 3811 velamine
1203 3755 1653 3810 subintromittat.

413 3823 441 3860 δ
482 3828 790 3884 Perniciem
830 3835 988 3882 vocat
1031 3825 1232 3882 diaboli
1273 3825 1602 3880 illusionem.
1643 3823 1735 3880 Sic
1775 3823 1944 3880 abbas

333 3901 561 3972 Moyses
585 3899 765 3972 collat.
792 3903 958 3967 2cap.
974 3903 1004 3972 Δ1
1015 3902 1089 3972 (ιε
1119 3898 1282 3972 Ve_ra_,
1302 3895 1397 3972 ait,
1419 3896 1689 3972 discretio,
1707 3910 1817 3972 non
1835 3897 1946 3972 nisi

335 3965 472 4025 vero
497 3969 802 4023 humilitate
823 3965 1146 4036 acquiritur.
1173 3965 1337 4036 Cujus
1360 3965 1682 4018 humilitatis
1702 3965 1813 4036 haec
1839 3969 1945 4019 erit

331 4039 804 4112 primaprobatio,
816 4039 868 4092 si
877 4034 1132 4112 universa
1142 4049 1248 4089 non
1261 4035 1430 4112 solum
1440 4050 1562 4104 qua:
1572 4034 1785 4112 agenda
1794 4039 1940 4097 sunt,

333 4107 439 4166 sed
466 4107 629 4165 etiam
655 4125 776 4180 qua:
802 4109 1125 4180 cogitantur,
1155 4107 1424 4180 senio-rum
1440 4109 1784 4180 reserventur
1811 4120 1944 4160 ema-

333 4184 503 4245 mini,
542 4187 604 4236 ut
631 4176 772 4235 nihil
807 4181 930 4250 quis
962 4193 1057 4233 suo
1087 4176 1300 4248 judicio
1332 4176 1572 4250 credens,
1609 4176 1825 4250 illorum
1847 4191 1948 4245 per

329 4254 523 4308 omnia
539 4247 940 4322 deﬁnitionibus
955 4250 1270 4320 acquiescat,
1293 4251 1352 4322 et_
1361 4247 1496 4322 quid
1515 4248 1710 4302 bonum
1727 4247 1944 4322 velma-

331 4326 457 4379 lum
497 4318 687 4378 debeat
714 4322 966 4392 judicare
1003 4318 1185 4376 eorum
1225 4318 1520 4392 traditione
1552 4318 1944 4392 cognoscat._Et

329 4411 463 4466 cap.
496 4389 746 4466 sequenti
778 4412 790 4448 :
821 4393 984 4466 Nullo
1009 4406 1244 4462 namque
1265 4391 1380 4466 alio
1402 4391 1530 4445 vitio
1555 4393 1672 4466 t_am_
1684 4389 1944 4466 praecipi-

333 4459 451 4554 éei?
476 4459 1946 4554 inter?.Wshruriirsbffﬁrrfrﬁﬂrﬂrz
1970 4491 2022 4554 ι)

335 4543 471 4598 tem,
497 4551 658 4606 quam
676 4552 795 4590 cum
813 4551 933 4590 eum
951 4533 1460 4606 neglectisponsiliis
1481 4534 1753 4606 seniorum
1771 4533 1835 4606 in
1847 4545 1943 4585 suo

324 4609 358 4679 j
363 4601 564 4679 udici'o,
571 4607 905 4679 persuaserit
922 4619 992 4679 ac_
1009 4601 1315 4679 deﬁnitione
1339 4603 1643 4679 doctrimve
1664 4601 1939 4679 conﬁdere.

338 4671 483 4735 Haec
513 4671 622 4745 ille,
665 4676 756 4748 qui
799 4683 857 4748 et
895 4671 1089 4730 eadem
1127 4671 1418 4748 collatione
1459 4673 1740 4748 complura
1775 4671 1945 4748 refert

334 4749 596 4819 exempla
610 4741 1030 4819 monachorum
1053 4741 1603 4819 et‘anachoretarum’
1617 4744 1709 4814 qui
1737 4757 1838 4798 suo
1866 4741 1946 4796 ni-

339 4813 528 4874 mium
579 4818 782 4888 judicio
832 4815 1064 4888 confisi,
1110 4814 1165 4870 iu
1204 4813 1557 4888 gravissimos
1605 4813 1662 4868 et
1713 4820 1944 4884 stupen-

340 4828 526 4874 mium
579 4828 782 4888 judicio
839 4828 1064 4884 conusl,
1110 4829 1165 4870 ιιι
1195 4828 1557 4941 ξιδνιεειιιιοε
1605 4828 1662 4868 et
1713 4828 1943 4884 Stupen-

340 4888 454 4968 dos
489 4899 702 4968 errores
727 4887 962 4968 prolapsi
1005 4895 1170 4968 sunt.
1238 4925 1253 4940 .
1280 4882 1797 4968 Dorotheusnserm.
1833 4888 1896 4968 ιιι
1930 4901 1943 4938 :

337 4961 485 5017 Cum
513 4957 702 5019 simus,
725 4954 920 5028 inquit,
947 4958 1170 5027 subjecti
1181 4956 1362 5011 multis
1376 4954 1716 5028 passionibus
1726 4957 1948 5028 pravis-

339 5045 455 5102 que
493 5026 816 5102 affectibus,
861 5026 1048 5083 nostro
1069 5028 1278 5099 judicio
1316 5042 1424 5102 non
1458 5026 1708 5102 debemus
1736 5027 1948 5102 omnino

342 5097 540 5173 ﬁdere.
589 5100 813 5168 Quando
861 5101 1004 5154 enim
1039 5097 1229 5173 norma
1278 5097 1361 5152 vel
1405 5097 1598 5173 regula
1645 5113 1811 5173 curva
1849 5100 1949 5173 est

342 5168 398 5229 et
445 5173 699 5248 inﬂexa,“
720 5169 1198 5248 numquam_quod
1224 5168 1664 5248 se_cundum_ean_i
1687 5168 1950 5248 dirigitur

342 5237 556 5299 rectum
619 5237 882 5311 efﬁcitur,
947 5240 1041 5295 sed
1060 5237 1377 5295 'distortum
1429 5258 1448 5293 :
1504 5241 1564 5295 S.
1625 5237 1949 5294 Benedictus

342 5329 472 5385 cap.
501 5319 532 5367 3
575 5313 816 5385 Regulae.
844 5312 1041 5371 Nullus
1074 5314 1134 5366 in
1169 5312 1488 5385 monasterio
1507 5312 1724 5381 proprii
1750 5325 1950 5380 sequa-

265 5413 278 5420 ι
340 5381 445 5441 tur
489 5381 1030 5440 cordis'voluntatem.
1081 5386 1150 5439 D.
1191 5381 1502 5440 Bernardus
1539 5397 1708 5438 serm.
1741 5389 1776 5437 2
1813 5388 1872 5436 et
1915 5385 1948 5436 3

286 5453 290 5457 ’
339 5456 417 5515 de
459 5454 920 5512 Resurrectione:
953 5455 1082 5522 Qua:
1115 5453 1294 5524 major
1330 5453 1578 5523 superbia
1613 5467 1724 5508 esse
1772 5455 1951 5522 potest

342 5543 517 5598 quam
568 5528 620 5582 si
675 5541 815 5581 unus
848 5541 1023 5598 suum
1066 5525 1338 5596 judicium
1371 5525 1640 5598 pmferat
1683 5525 1949 5598 uniuersa:

345 5593 788 5669 congrmationis
825 5593 1082 5666 judicio,
1128 5599 1291 5669 quasi
1327 5593 1471 5669 solus
1512 5594 1732 5669 haberet
1776 5593 1952 5662 Spiri-

341 5675 470 5725 tum
497 5666 634 5725 Dei?
672 5669 745 5724 Et
774 5667 972 5723 iterum
1001 5684 1015 5721 :
1046 5670 1107 5727 In
1135 5666 1288 5724 corde
1307 5667 1510 5738 duplex
1539 5670 1617 5721 est
1643 5666 1810 5735 lepra,
1832 5678 1954 5734 pro-

339 5743 479 5812 pria
514 5741 776 5803 voluntas,
819 5743 871 5794 et
887 5741 1170 5810 proprium
1205 5739 1513 5806 consilium;
1543 5738 1697 5808 lepra
1723 5740 1954 5806 utraque

2051 3209 2276 3338 "Tm
2303 3264 2559 3338 egmqem
2589 3279 2824 3338 causam
2844 3280 3012 3338 quam
3042 3273 3095 3338 et
3116 3265 3309 3338 titulus
3335 3265 3498 3337 hujus
3529 3281 3650 3338 cap.

2025 3332 2280 3414 praefert
2323 3337 2394 3387 ι).
2422 3333 2763 3414 .Benedictus
2808 3332 2982 3414 (eam
3011 3335 3062 3403 3)
3101 3332 3424 3414 statu_it,_ut'
3450 3332 3652 3414 quoties

2054 3403 2239 3472 aliqua
2261 3405 2541 3472 pracipua
2567 3405 2777 3471 agenda
2805 3403 2934 3458 sunt
2958 3406 3019 3458 in
3044 3407 3384 3468 monasterio,
3414 3403 3654 3462 convocet

2055 3472 2223 3526 abbas
2251 3488 2454 3546 omnem
2479 3475 2958 3542 congregationem,
2990 3479 3040 3530 et
3061 3474 3208 3530 dicat
3227 3477 3342 3545 ipse
3373 3476 3513 3530 unde
3533 3479 3654 3546 agi-

2055 3547 2176 3610 tur;
2207 3547 2268 3617 et_
2289 3545 2829 3617 audiensconsilium
2861 3547 3126 3612 fratrum,
3166 3550 3359 3601 tractet
3393 3547 3544 3617 apud
3573 3545 3649 3616 se,

2053 3617 2106 3669 et
2127 3615 2270 3684 quod
2300 3615 2839 3688 utiliusijudicaverit
2864 3618 3058 3688 faciat.
3085 3617 3204 3673 Ideo
3226 3615 3651 3688 autemﬁnquit,

2053 3700 2228 3741 omnes
2251 3686 2328 3741 ad
2344 3687 2624 3742 comitium
2643 3689 2824 3742 vocari
2845 3687 3110 3756 dia-imus,
3135 3689 3264 3758 quia
3286 3703 3426 3759 sape
3438 3686 3655 3759 juniori

2051 3759 2308 3830 Dominus
2333 3759 2533 3812 relevat
2559 3759 2704 3830 quod
2726 3759 2917 3814 melius
2944 3763 3041 3813 est.
3066 3759 3185 3830 Ubii
3209 3758 3479 3830 respicere
3507 3758 3652 3815 vide-

2050 3835 2143 3900 tur
2180 3827 2312 3884 illud
2357 3829 2710 3900 Evangelium
2759 3845 2774 3882 :
2823 3830 3083 3896 Conﬁteor
3123 3829 3273 3900 tibi,_
3295 3827 3474 3891 Pater,
3523 3832 3651 3898 quia

2050 3899 2377 3980 αρβοοηάίετε
2387 3901 2498 3980 hac
2514 3897 2905 3980 ἓιέαρρὶεητίδμε
2924 3903 2976 3980 εξ
2989 3897 3444 3980 mentibitur
3459 3897 3651 3980 τρύξια·

2051 3971 2126 4022 sti
2154 3984 2215 4041 ea
2240 3971 2488 4041 parvulis
2517 3967 2734 4041 (Matth.
2766 3969 2884 4041 x1);
2916 3978 2971 4024 et
2997 3967 3129 4024 illud
3167 3967 3416 4038 Apostoli
3457 3967 3500 4038 (Ι
3530 3970 3645 4041 Cor.

2052 4037 2178 4106 xxv)
2205 4058 2217 4093 :
2243 4037 2534 4108 Sijuniori
2554 4037 2849 4094 revelatum
2870 4042 3061 4106 fuerit,
3087 4037 3266 4094 senior
3291 4037 3481 4094 taceat.
3511 4037 3650 4095 Hinc

2053 4107 2384 4178 Smaragdus
2411 4109 2580 4162 abbas
2601 4109 2657 4161 in
2685 4109 2940 4164 eumdem
2964 4108 3148 4163 locum
3176 4109 3406 4178 Regulae
3435 4127 3448 4162 :
3476 4111 3646 4178 Saepe,

2051 4174 2496 4248 inquitfpropter
2517 4178 2845 4233 humilitatis
2875 4179 3133 4248 gratiam,
3150 4174 3365 4246 junibri
3397 4174 3650 4235 Dominus

2053 4248 2253 4302 revelat
2279 4249 2424 4317 quod
2445 4251 2698 4303 seniorem
2715 4249 2868 4304 celat.
2894 4252 3013 4307 Non
3034 4251 3176 4303 enim
3193 4263 3546 4318 personarum
3564 4266 3650 4306 ac-

2050 4322 2229 4388 ceptor
2253 4323 2334 4374 est
2362 4323 2540 4386 Deus;
2566 4319 2660 4374 sed
2685 4321 2744 4374 in
2771 4322 2920 4375 omni
2937 4323 3113 4387 (etate,
3145 4320 3460 4384 conditione,
3488 4336 3644 4386 sexu,

2049 4393 2220 4464 gente,
2251 4392 2430 4464 is‘qui
2464 4393 2612 4464 timet
2638 4407 2756 4445 eum
2795 4395 3140 4464 acceptusest
3171 4391 3260 4445 illi
3301 4389 3506 4462 (Actor.
3549 4392 3646 4464 x);

2050 4465 2103 4515 et
2125 4463 2184 4534 in
2202 4461 2396 4531 quibus
2409 4463 2544 4526 vult,
2565 4464 2741 4532 spirat
2763 4460 2933 4527 (Joan.
2959 4460 3055 4532 ιιι)
3067 4501 3081 4522 .
3102 4467 3153 4517 et
3171 4460 3412 4531 gratiam
3429 4460 3648 4534 sapiené

2051 4533 2142 4587 tim
2167 4533 2413 4602 benignis
2435 4536 2730 4589 ministrat.
2753 4537 2869 4592 Non
2896 4536 3036 4590 enim
3065 4535 3124 4588 in
3145 4535 3336 4590 Daniel
3361 4540 3414 4589 et
3434 4533 3649 4591 Samuel

2050 4607 2262 4659 (etatem
2279 4605 2553 4674 discrevit,
2569 4605 2665 4661 sed
2677 4608 2915 4674 gratiam
2929 4606 3261 4660 ministravit
3273 4604 3488 4674 (Daniel
3497 4619 3645 4670 xm,

2049 4677 2071 4728 Ι
2107 4679 2237 4744 Reg.
2280 4679 2392 4743 ιιι).
2437 4678 2570 4734 Cani
2609 4678 2748 4731 enim
2785 4681 2932 4738 sunt,
2962 4676 3096 4729 dicit
3130 4676 3434 4742 Scriptura,
3463 4688 3648 4729 sensus

2053 4743 2300 4814 hominis,
2333 4752 2385 4802 et
2407 4753 2564 4802 aestas
2581 4749 2862 4802 senectutis
2880 4748 2995 4799 vita
3009 4743 3355 4815 immaculata
3377 4744 3527 4815 (Sap.
3553 4744 3646 4815 ιι).

2122 4816 2150 4851 ά
2200 4811 2421 4887 Scribit
2438 4816 2850 4887 Metaphrastes,
2893 4816 2952 4869 S.
2973 4811 3644 4887 _Arsenium__eremitam,

2053 4885 2190 4967 licet.
2204 4883 2605 4952 doctissimum,
2643 4893 2844 4967 tamen.
2870 4883 3459 4967 majoris‘humilitatis
3486 4883 3649 4967 exeré

2055 4955 2242 5028 condat
2269 4971 2430 5012 causa
2446 4970 2748 5028 consuesse
2775 4953 3022 5011 etiamin
3050 4953 3214 5028 rebus
3240 4954 3537 5028 levioribus
3560 4955 3648 5028 ju-

2055 5027 2275 5083 niorum
2303 5025 2531 5082 consilia
2558 5027 2848 5100 exquirere
2867 5035 2923 5082 et
2945 5025 3207 5100 sequi._S_.
3235 5026 3364 5100 item
3376 5025 3650 5100 _Augusti-

2054 5113 2178 5164 nus,
2204 5105 2388 5154 tantus
2419 5097 2671 5155 Ecclesiae
2695 5097 2910 5166 doctor,
2932 5097 3084 5154 tanta
3109 5097 3212 5153 fuit
3238 5097 3560 5166 humilitate,
3587 5107 3650 5155 ut

2058 5170 2138 5242 vel
2179 5169 2474 5242 arminimo
2499 5185 2718 5242 quoque
2745 5169 2925 5226 doceri
2952 5185 3019 5225 ac
3060 5167 3273 5242 moneri
3313 5183 3371 5223 se
3401 5175 3648 5242 paratum

2055 5241 2324 5369 siglificet
2345 5240 2430 5296 his
2451 5238 2602 5296 ad'S.
2629 5238 3034 5316 Hieronymum
3061 5238 3276 5324 scriptis
3519 5241 3606 5324 ιδ)
3635 5261 3648 5296 :

2057 5317 2087 5370 Ι
2185 5313 2351 5369 tidem
2380 5328 2509 5383 rogo
2531 5317 2593 5368 ut
2622 5328 2704 5368 me
2729 5313 2955 5382 ﬁdenter
2985 5325 3245 5380 corrigas,
3274 5310 3367 5364 ubi
3392 5311 3530 5366 mihi
3549 5312 3653 5383 hoc

3225 5351 3245 5378 9

2055 5399 2189 5455 opus
2233 5400 2340 5440 esse
2373 5382 2732 5455 perspecceris.
2779 5385 3117 5453 Quamquam
3164 5383 3323 5449 enim,
3368 5382 3656 5455 secundum

2057 5454 2312 5510 honorum
2352 5454 2612 5511 vocabula
2651 5470 2773 5524 qua:
2799 5455 2922 5523 jam
2963 5455 3208 5510 Ecclesia
3237 5467 3365 5508 usus
3401 5454 3654 5522 obtinuit,

2057 5528 2391 5596 episcopatus
2417 5527 2746 5596 presbyterio
2764 5525 2940 5594 major
2963 5526 3058 5593 sit,
3087 5528 3264 5579 tamen
3283 5525 3470 5581 multis
3492 5528 3549 5580 in
3569 5541 3655 5581 re—

2062 5597 2158 5652 bus
2196 5599 2540 5666 Augustinus
2579 5599 2900 5667 Hieronymo
2940 5597 3115 5650 minor
3143 5598 3240 5664 est,
3273 5597 3393 5652 licet
3425 5599 3588 5652 etiam
3603 5612 3653 5667 _a

2059 5669 2262 5723 minore
2296 5665 2530 5739 quolibet
2567 5683 2672 5724 non
2707 5665 2796 5724 sit
2821 5667 3143 5737 refugienda
3181 5667 3264 5723 vel
3309 5665 3651 5736 dedignanda

2059 5741 2326 5796 correctio.
