4014 6202
231 221 364 276 1029

1322 217 1666 277 αοιιΑΤιο
1701 220 1842 278 XVI.
1879 249 1954 264 —
1989 221 2080 279 DE
2115 223 2445 285 AMICITIA.

3405 245 3541 301 1030

230 343 352 402 bere
387 339 654 398 videatur.
686 339 860 399 Aliter
889 341 1040 400 enim
1064 351 1339 416 parentes,
1365 343 1522 400 aliter
1542 343 1824 417 conjuges,
1857 349 1914 414 Α
1939 361 2048 419 que
2073 348 2336 422 praecipui
2362 359 2512 423 sunt,
2545 353 2760 427 aliquos
2790 355 2894 414 sibi
2918 357 3012 431 qui
3045 369 3373 420 ceterorum
3403 363 3540 423 affe-

229 436 374 492 aliter
397 433 616 504 fratres,
640 433 799 492 aliter
826 433 918 492 filii
943 433 1267 508 diliguntur,
1293 437 1434 494 etin
1459 436 1575 509 ipsa
1606 451 1826 510 quoque

227 525 422 587 horum
449 527 751 584 affectuum
778 527 1183 586 necessitudine
1209 543 1408 603 magna
1441 526 1695 586 distantia
1719 536 1822 600 est,

226 639 328 680 nec
346 621 634 680 uniformis
657 629 946 694 parentum
969 621 1186 679 dilectio
1204 637 1332 694 erga
1356 620 1501 678 ﬁlios
1522 621 1821 679 invenitur.

228 720 390 792 Quod
416 720 582 778 etiam
603 719 775 776 Iacob
801 718 1124 792 patriarchae
1147 717 1414 792 probatur
1431 717 1704 791 exemplo,
1729 719 1827 791 qui

226 829 348 871 cum
389 821 532 870 esset
567 811 860 870 duodecim
892 811 1138 869 ﬁliorum
1185 819 1358 884 pater,
1391 825 1691 884 omnesque
1725 827 1828 884 pa-

225 915 379 964 terna
413 905 672 963 charitate
699 905 967 978 diligeret,
994 913 1186 962 tamen
1229 904 1586 978 propensiore
1620 903 1826 978 Joseph

223 999 411 1058 dilexit
439 999 663 1070 affectu,
694 1007 758 1056 ut
785 999 852 1056 de
876 1014 942 1056 eo
973 1006 1160 1072 aperte
1183 997 1458 1072 Scriptura
1484 1012 1827 1056 commemo-

223 1103 308 1151 ret
329 1111 344 1150 :
373 1095 693 1152 Invidebant
714 1099 894 1150 autem
912 1095 966 1150 ei
981 1095 1188 1162 fratres
1209 1097 1318 1162 sui,
1339 1109 1396 1149 eo
1421 1093 1565 1166 quod
1584 1092 1830 1162 diligeret

222 1205 342 1244 eum
353 1193 513 1260 pater
529 1205 657 1245 suus
679 1189 884 1262 (Genes.
904 1187 1174 1261 xxxvn),
1194 1188 1420 1257 scilicet,
1443 1204 1557 1245 non
1575 1187 1725 1260 quod
1745 1186 1830 1244 vir

212 1279 400 1352 justus
417 1289 473 1338 et
495 1291 648 1352 pater
669 1297 780 1338 non
799 1281 954 1338 valde
978 1281 1226 1355 diligeret
1247 1281 1413 1338 etiam
1435 1289 1689 1339 caeteram
1710 1295 1829 1353 pro-

219 1373 359 1442 lem,
379 1373 476 1432 sed
499 1373 648 1447 quod
665 1373 852 1447 hujus,
877 1375 1003 1446 quia
1019 1382 1216 1447 typum
1237 1375 1457 1432 Domini
1480 1373 1825 1447 praeferebat,

217 1465 446 1524 effectui
505 1467 717 1524 dulcius
773 1467 1186 1540 quodammodo
1245 1475 1407 1538 atque
1462 1465 1828 1538 indulgentius

216 1559 532 1618 inhmreret.
570 1571 596 1598 ι
623 1563 746 1618 Hoc
789 1560 956 1618 etiam
991 1561 1060 1618 de
1087 1561 1300 1616 Joanne
1337 1559 1663 1633 evangelista
1692 1557 1828 1632 legi-

218 1669 348 1711 mus
375 1653 791 1711 evidentissime
817 1653 1109 1726 designari,
1150 1668 1279 1710 cum
1320 1651 1390 1710 de
1429 1651 1548 1726 ipso
1577 1651 1774 1710 dicitur
1811 1669 1826 1708 :

1933 440 2048 497 ctui
2078 445 2579 515 superextollantur
2606 451 2862 522 excerpit.

2530 540 2766 599 CAPUT
2811 545 2938 602 XV.

2229 638 2330 706 qui
2354 637 2454 708 fuel
2493 652 2652 694 suam
2697 641 2782 694 vel
2823 642 3062 708 fratrum
3109 650 3504 705 commotionem

2331 707 2758 766 dissimulatione
2784 707 3144 770 corroborant.
3177 717 3180 720 ’

2008 810 2252 867 Econtra
2277 810 2558 881 novimus,
2585 812 2736 886 quod
2773 815 2983 872 utinam
3016 817 3380 877 nesciremus!
3413 837 3542 880 non-

1935 903 2120 962 nullos
2138 903 2375 988 fratrum
2399 913 2565 964 tanta:
2583 923 2703 964 esse
2722 908 3104 968 obstinationis
3123 921 3284 987 atque
3302 913 3540 988 duritie,

1938 1005 2005 1054 ut
2028 997 2055 1034 ά
2080 1012 2208 1055 cum
2229 985 2314 1055 vel
2342 1014 2473 1057 suos
2503 999 2762 1059 adversus
2783 1002 3013 1061 fratrem
3036 1007 3116 1062 vel
3140 985 3324 1066 fratris
3350 985 3542 1067 ad'ver;

1935 1105 2062 1148 sum
2087 1107 2147 1149 se
2169 1093 2440 1150 senserint
2461 1095 2676 1152 animos
2697 1098 2982 1167 excitatos,
3000 1099 3070 1156 ad
3089 1099 3542 1162 dissimulandam

1934 1188 2137 1256 mentis
2166 1203 2283 1245 suae
2311 1188 2606 1260 tristitiam,
2631 1207 2756 1263 quae
2780 1208 2846 1249 ex
2874 1193 3242 1267 indignatione
3263 1197 3541 1256 alterutrae

1937 1281 2327 1339 commotionis
2353 1291 2542 1338 exorta
2571 1291 2674 1352 est,
2701 1283 3014 1342 secedentes
3047 1287 3116 1342 ab
3144 1287 3220 1344 eis
3260 1304 3400 1360 quos
3434 1289 3546 1346 hu-

1935 1374 2055 1432 mili
2102 1374 2476 1432 satisfactione
2513 1383 2678 1448 atque
2713 1377 2984 1450 colloquio
3024 1377 3191 1434 lenire
3219 1378 3542 1452 debuerant,

1936 1469 2150 1540 aliquos
2195 1467 2536 1540 psalmorum
2579 1469 2843 1542 incipiunt
2881 1470 3174 1528 decantare
3216 1473 3537 1532 versiculos.

1937 1562 2044 1632 Qui
2077 1561 2210 1620 dum
2234 1571 2555 1636 conceptam
2584 1563 2767 1620 cordis
2794 1546 3216 1622 amaritudinem
3238 1566 3462 1625 delinire
3485 1585 3545 1626 se

1937 1664 2152 1728 putant,
2199 1656 2512 1714 insultando
2541 1667 2762 1732 augent,
2803 1659 2953 1731 quod
2979 1659 3166 1716 statim
3205 1660 3546 1749 exstinguere

1968 632 2175 689 Dehis

214 1750 525 1819 Discipulus
547 1750 640 1805 ille
665 1765 822 1820 quem
846 1748 1114 1818 diligebat
1133 1750 1283 1804 Iesus
1309 1745 1482 1820 (Joan.
1510 1751 1675 1817 xm),
1697 1762 1826 1803 cum
1859 1758 1909 1822 Β
1940 1757 2242 1822 potuerunt
2273 1749 2320 1807 si
2353 1751 2532 1824 magis
2556 1751 2700 1808 anxii
2739 1761 2903 1824 atque
2936 1751 3172 1809 humiles
3216 1745 3548 1810 esse'voluis-

217 1844 408 1916 utique
443 1845 610 1901 etiam
651 1843 892 1917 reliquos
925 1843 1184 1901 undecim
1221 1843 1468 1900 similiter
1506 1843 1710 1900 electos
1751 1841 1826 1900 ita

215 1937 498 2009 praecipua
516 1937 805 1995 dilectione
822 1937 1142 2009 complexus
1161 1937 1255 2007 sit,
1277 1944 1340 1994 ut
1351 1936 1458 1994 hoc
1475 1937 1643 1994 etiam
1666 1951 1832 1994 evan-

216 2029 392 2102 gelica
448 2030 792 2086 attestatione
839 2029 1087 2101 designet
1113 2070 1130 2098 ,
1166 2028 1364 2090 dicens
1409 2047 1423 2084 :
1463 2030 1614 2087 Sicut
1659 2029 1838 2086 dilexi

212 2137 330 2189 vos,
365 2127 420 2177 et
444 2136 536 2178 vos
561 2123 770 2192 diligite
794 2123 1021 2176 inuicem
1052 2119 1224 2192 (Joan.
1247 2121 1414 2193 xm).
1441 2125 1526 2180 De
1553 2121 1753 2194 quibus
1779 2131 1835 2181 et

209 2215 348 2272 alibi
377 2215 582 2272 dicitur
608 2233 622 2270 :
651 2217 900 2286 Diligens
923 2230 1044 2272 suos
1069 2219 1168 2288 qui
1203 2221 1356 2273 erant
1385 2219 1446 2273 in
1477 2218 1701 2288 mundo,
1739 2234 1832 2275 us-

207 2325 318 2381 que
344 2311 408 2363 in
429 2312 592 2378 finem
615 2310 815 2366 dilexit
839 2325 926 2367 eos
957 2311 1172 2378 (Ibid.).
1205 2309 1312 2368 Sed
1341 2310 1461 2369 haec
1489 2311 1656 2368 unius
1690 2311 1832 2370 dile-

207 2405 324 2462 ctio
352 2419 476 2460 non
499 2419 626 2476 erga
654 2404 898 2478 reliquos
925 2404 1224 2476 discipulos
1248 2413 1500 2478 teporem
1529 2405 1828 2475 charitatis,

205 2497 306 2556 sed
337 2491 368 2530 ⁸³
409 2497 704 2571 largiorem
743 2514 870 2572 erga
897 2499 1044 2557 hunc
1083 2499 1643 2572 superabundantiam
1671 2516 1830 2558 amo-

201 2591 284 2648 ris
311 2591 616 2664 expressit,
643 2607 810 2664 quam
829 2592 879 2648 ei
907 2593 1234 2666 virginitatis
1259 2594 1606 2666 privilegium
1631 2603 1688 2652 et
1708 2611 1832 2653 car-

199 2686 296 2744 nis
323 2685 676 2758 incorruptio
713 2685 1046 2745 conferebat.
1085 2689 1222 2758 Quae
1249 2688 1458 2747 idcirco
1489 2691 1638 2747 velut
1663 2690 1833 2751 subli-

198 2781 352 2838 mior
371 2795 511 2837 cum
533 2781 772 2852 quadam
795 2783 1114 2854 exceptione
1131 2783 1402 2856 signatur,
1424 2783 1551 2856 quia
1573 2799 1688 2840 non
1709 2800 1831 2841 eam

199 2875 319 2932 odii
351 2875 725 2947 comparatio,
765 2874 862 2932 sed
897 2874 1214 2950 afﬂuentior
1245 2877 1422 2950 gratia
1449 2877 1831 2933 exuberantis-

195 2969 326 3025 simi
372 2969 596 3026 amoris
639 2969 869 3024 extollit.
911 2948 1042 3026 'fale
1083 2969 1218 3042 quid
1253 2948 1442 3026 etiam
1483 2984 1553 3026 ex
1595 2985 1828 3042 persona

195 3077 431 3136 sponsae
480 3061 714 3133 legimus
748 3061 806 3116 in
844 3061 1074 3118 Cantico
1113 3061 1456 3118 canticorum
1477 3102 1494 3130 ,
1529 3061 1772 3130 dicentis
1811 3079 1826 3116 :

1938 1853 2082 1915 sent,
2108 1854 2171 1902 ut
2207 1854 2516 1920 opportuna
2554 1846 2904 1918 compunctio
2931 1855 2986 1904 et
3011 1847 3259 1919 ipsorum
3287 1845 3548 1908 cordibus

1935 1937 2280 2010 mederetur,
2321 1948 2378 1996 et
2417 1939 2651 1996 fratrum
2688 1941 2904 1997 animos
2953 1939 3222 1998 deliniret.
3270 1945 3411 1998 Nam
3452 1941 3546 2000 illo

1939 2032 2124 2106 utique
2166 2033 2334 2090 modo
2377 2034 2866 2106 pusillanimitatis,
2906 2035 3080 2091 immo
3119 2035 3392 2108 superbia:
3433 2051 3548 2093 suae

1938 2125 2133 2182 vitium
2167 2125 2408 2200 palpant,
2451 2135 2508 2184 et
2539 2127 2790 2184 nutriunt
2821 2129 3004 2200 potius
3045 2144 3212 2200 quam
3249 2130 3550 2201 exstirpant

1941 2219 2190 2276 fomitem
2241 2219 2574 2293 jurgiorum,
2634 2221 2938 2278 Dominicae
2983 2222 3130 2279 illius
3172 2224 3550 2296 praeceptionis

1937 2312 2310 2382 immemores,
2351 2330 2456 2386 qua
2496 2314 2576 2370 ait
2601 2335 2621 2370 .:
2658 2317 2766 2384 Qui
2786 2317 3042 2370 irascitur
3075 2318 3250 2384 fratri
3273 2332 3390 2384 suo,
3425 2333 3550 2374 reus

1937 2412 2042 2464 erit
2054 2409 2267 2480 judicio
2294 2409 2517 2480 (Matth.
2544 2414 2606 2477 v)
2631 2429 2644 2465 :
2671 2411 2760 2477 Et,
2795 2412 2860 2468 Si
2878 2411 3189 2466 recordatus
3213 2413 3387 2479 fueris
3409 2413 3552 2482 quod

1937 2504 2115 2570 frater
2134 2507 2259 2558 tuus
2281 2503 2440 2557 habet
2453 2502 2673 2572 aliquid
2690 2503 2973 2558 adversum
2997 2508 3066 2567 te,
3083 2504 3326 2574 relinque
3345 2505 3428 2559 ibi
3443 2520 3550 2560 mu-

1936 2611 2039 2651 nus
2067 2600 2220 2650 tuum
2246 2596 2321 2650 ad
2347 2596 2544 2664 altare,
2575 2599 2628 2650 et
2662 2595 2800 2650 vade
2829 2597 2990 2666 prius
3018 2597 3360 2652 reconciliari
3382 2597 3556 2664 fratri

1938 2693 2050 2758 tuo,
2080 2693 2132 2744 et
2155 2693 2283 2744 tunc
2305 2689 2522 2743 ueniens
2549 2688 2738 2757 offeres
2763 2704 2964 2744 munus
3007 2695 3159 2744 tuum
3189 2689 3369 2760 (Ibid).

2527 2783 2775 2839 CAPUT
2804 2783 2962 2838 XVI.

1940 2882 2094 2950 Quod
2117 2882 2299 2949 fratre
2324 2881 2608 2936 aduersum
2630 2897 2724 2936 nos
2749 2881 2961 2951 aliquid
2979 2881 3206 2937 habente
3227 2881 3541 2952 simultatis,

1967 2967 2196 3009 munera
2218 2955 2523 3007 orationum
2539 2957 2845 3008 nostrarum
2869 2969 2904 3007 a
2925 2955 3148 3009 Domino
3169 2958 3514 3032 respuantur.

2013 3057 2076 3110 In
2099 3059 2322 3110 tantum
2347 3052 2512 3125 igitur
2535 3068 2648 3108 non
2673 3053 2791 3108 vult
2811 3069 2916 3108 nos
2943 3055 3093 3110 Deus
3122 3062 3308 3111 noster
3327 3055 3554 3112 alterius

197 3164 220 3190 ο
253 3157 537 3212 Ordinate
571 3156 631 3208 in
672 3169 756 3208 me
785 3154 1100 3208 charitatem
1143 3153 1364 3224 (Cautio.
1396 3153 1492 3225 ιι).
1519 3155 1656 3210 Haec
1686 3153 1834 3210 enim
1870 3159 1916 3224 α
1945 3146 2217 3220 despectui
2257 3146 2458 3204 habere
2481 3147 2782 3216 tristitiam,
2811 3150 2836 3180 °
2869 3154 2930 3203 ut
2955 3147 2998 3203 si
3027 3148 3232 3220 aliquid
3257 3148 3546 3208 adversum

199 3256 293 3304 est
337 3263 477 3304 vere
509 3244 743 3302 charitas
771 3243 1044 3313 ordinata,
1078 3261 1201 3317 quae
1243 3245 1372 3302 odio
1413 3244 1621 3302 habens
1655 3247 1833 3301 nemi-

195 3357 370 3410 nem,
411 3338 680 3411 quosdam
717 3337 1047 3394 meritorum
1070 3337 1196 3410 jure
1223 3338 1346 3410 plus
1366 3337 1577 3409 diligit;
1601 3353 1835 3411 quaeque

197 3449 345 3490 cum
388 3430 712 3502 generaliter
745 3429 934 3502 diligat
971 3440 1221 3508 cunctos,
1261 3431 1458 3504 excipit
1502 3436 1690 3488 tamen
1730 3429 1834 3488 sibi

1939 3256 2048 3298 nos
2079 3241 2246 3298 frater
2279 3241 2551 3310 habuerit,
2579 3257 2684 3298 nec
2705 3257 2938 3298 munera
2965 3251 3154 3300 nostra
3180 3243 3466 3316 suscipiat,
3495 3243 3556 3302 id

1943 3343 2048 3400 est,
2088 3346 2189 3390 nec
2215 3333 2488 3390 orationes
2515 3333 2620 3388 sibi
2645 3348 2678 3388 a
2705 3335 2866 3390 nobis
2903 3335 3184 3405 permittat
3207 3335 3420 3404 offerri,
3445 3337 3548 3394 do-

1943 3441 2045 3482 nec
2073 3425 2144 3482 de
2183 3425 2371 3480 animo
2411 3425 2529 3496 ejus
2564 3423 2842 3479 tristitiam
2871 3423 3016 3496 juste
3051 3426 3318 3498 injusteve
3357 3444 3551 3486 conce-

196 3542 274 3582 ex
317 3524 418 3580 bis
462 3537 602 3595 quos
644 3521 841 3579 debeat
882 3523 1134 3594 peculiari
1183 3523 1472 3582 affectione
1514 3525 1828 3598 complecti;
1901 3523 1908 3530 ’
1943 3527 2114 3592 piam.
2160 3516 2322 3574 colori
2372 3515 2741 3573 satisfactione
2781 3517 3062 3575 tOHamus.
3109 3511 3131 3552 ⁸
3175 3521 3366 3594 Neque
3399 3519 3550 3578 enim

197 3624 263 3674 et
292 3630 535 3672 rursum
575 3613 716 3670 inter
748 3615 898 3687 ipsos
937 3615 1029 3688 qui
1062 3616 1120 3672 in
1158 3615 1454 3674 dilectione
1495 3617 1701 3674 summi
1744 3625 1831 3674 at—
1940 3614 2038 3685 ait,
2079 3614 2142 3671 Si
2181 3611 2339 3667 habet
2389 3625 2573 3666 veram
2621 3609 2897 3680 querelam
2944 3613 3228 3670 adversum
3273 3619 3324 3670 te
3362 3617 3558 3684 frater-

1331 3743 1591 3800 ALARDI
1629 3743 1858 3800 GAZAZI
1897 3737 2462 3800 COMMENTARIUS.

272 3858 300 3884 ι
323 3850 406 3903 D.
442 3845 821 3929 Hieronymus
844 3844 940 3902 lib.
964 3847 1145 3929 primo
1167 3847 1436 3929 adversus
1447 3849 1799 3929 Iovinianum
1831 3870 1844 3906 :
1953 3848 2168 3929 tamdiu
2177 3846 2388 3929 nullum
2407 3844 2530 3898 boni
2535 3846 2714 3929 pperis
2726 3846 3057 3929 sacriﬁcium
3073 3847 3378 3929 immolant,
3395 3865 3558 3916 quam

187 3925 471 3980 Joannes,
511 3914 712 3988 inquit,
739 3932 880 3972 unus
909 3914 982 3972 δώ
1009 3918 1308 3988 discipulis,
1338 3923 1436 3988 qui
1456 3923 1710 3975 minimus
1733 3927 1848 3976 tra-
1953 3919 2050 3973 diu
2068 3919 2486 3989 aproaimorum
2502 3915 2768 3970 charitate
2778 3914 3106 3989 discordant.
3123 3917 3393 3986 Scriptum
3403 3914 3559 3973 nam-

187 3994 364 4050 ditur
385 3989 572 4056 fuisse
587 3985 733 4044 inter
749 3989 1038 4058 apostolos,
1055 3993 1110 4042 et
1128 3985 1282 4058 quem
1303 3985 1440 4060 ﬁdes
1462 3991 1669 4060 Christi
1685 3993 1847 4060 virgi-
1953 4005 2055 4058 que
2077 3985 2156 4044 est
2177 4006 2194 4041 :
2225 3989 2288 4044 Si
2311 3985 2468 4054 oﬁ’ers
2491 4001 2688 4060 munus
2710 3991 2864 4040 tuum
2888 3985 2962 4039 ad
2986 3985 3181 4060 altare,
3205 3985 3302 4042 etc.
3333 3989 3422 4042 Ea-
3449 4005 3556 4059 qua

187 4079 324 4120 nem
350 4064 660 4132 repererat,
684 4057 836 4132 virgo
860 4061 1183 4128 permansit,
1209 4064 1264 4114 et
1279 4059 1399 4114 ideo
1426 4060 1551 4130 plus
1577 4057 1796 4115 amatur
1811 4079 1846 4116 a
1945 4057 2303 4132 praeceptione
2323 4057 2661 4132 pensandum
2685 4061 2782 4118 est,
2803 4071 3032 4132 quorum
3054 4057 3229 4132 hostia
3251 4057 3552 4128 repellitur,

183 4126 468 4192 Domino,
491 4135 545 4186 et
565 4126 827 4207 recumbit
846 4126 1006 4207 super
1018 4126 1204 4207 pectus
1228 4133 1381 4197 Jesu;
1398 4126 1449 4186 et
1466 4132 1842 4207 ququet‘rus,
1946 4126 2132 4207 quam
2142 4126 2500 4207 intolerabilis
2710 4131 3064 4207 monstratur.
3091 4130 3232 4182 Nam
3259 4126 3377 4182 cum
3405 4131 3552 4207 mala

186 4208 299 4276 qui
339 4217 591 4277 uxorem
630 4196 930 4277 habuerat;
950 4196 1286 4270 interrogare
1325 4196 1433 4256 nOn
1467 4196 1650 4272 audet,
1691 4196 1844 4257 illum
1952 4196 2141 4277 cuncta
2167 4197 2328 4277 b_oni_s_
2350 4196 2689 4277 sequentibus
2718 4196 3022 4277 diluuntur,
3047 4211 3336 4277 pensemus
3344 4204 3554 4277 quanta

181 4267 361 4348 {rogat
378 4278 463 4348 rut
493 4275 806 4348 interroget,
839 4267 946 4327 etc.
1061 4343 1076 4348 _
1161 4267 1177 4270 ⁷
1271 4343 1286 4348 Δ
1629 4267 1641 4272 ⁷
1670 4342 1683 4348 Α
1827 4343 1840 4348 _
1951 4272 2069 4348 sint
2091 4267 2240 4348 mala
2263 4267 2566 4348 discordia,
2599 4281 2720 4348 qua
2742 4267 2852 4320 nisi
2873 4267 3420 4348 erstinctafunditus
3442 4273 3556 4348 [ue-

266 4337 299 4383 δ
333 4341 667 4418 Non__quod
703 4337 838 4418 alios
866 4343 1165 4418 apostolos,
1204 4343 1287 4418 vel
1319 4359 1430 4418 non
1458 4342 1733 4418 dilexerit,
1760 4343 1842 4398 vel
1953 4343 2092 4418 rint,
2133 4341 2327 4418 bgnum
2359 4337 2740 4418 subsequinon
2765 4337 3112 4406 permittunt.
3145 4337 3279 4395 Vide
3301 4337 3556 4398 eumdem

182 4417 396 4473 minus
429 4408 716 4494 dilexerit;
745 4412 842 4470 sed
870 4408 996 4496 quia
1034 4408 1197 4471 certes
1224 4414 1627 4488 significationis
1652 4429 1838 4482 causa,
1953 4411 2048 4466 lib.
2077 4426 2142 4466 Iv
2169 4409 2374 4534 Dialog.
2403 4423 2523 4479 cap.
2551 4408 2770 4464 ultimo.
2841 4479 2852 4490 ο
3412 4485 3422 4496 ⁸

182 4488 276 4534 vel
329 4485 695 4534 castimoniae
743 4499 806 4534 ac
846 4485 1168 4534 vri-trinitatis
1213 4485 1414 4534 intuitu
1439 4529 1453 4534 _
1501 4501 1665 4534 summ
1715 4501 1840 4534 ama
2025 4481 2044 4516 ί
2084 4480 2298 4534 Eodem
2350 4495 2440 4534 ere
2473 4479 2640 4534 modo
2669 4480 2740 4534 D.
2781 4479 3150 4534 Hieronvmus
3181 4501 3193 4534 :
3220 4485 3338 4534 Non
3361 4483 3418 4534 da

181 4488 276 4544 vel
329 4483 695 4542 castimoniae
743 4499 806 4540 ac
846 4479 1168 4558 virginitatis
1213 4479 1454 4558 intuitu,
1501 4501 1666 4558 suum
1715 4479 1843 4558 erga
1961 4480 2298 4558 L‘ondem
2329 4479 2440 4558 fere
2473 4479 2646 4558 modo
2669 4480 2740 4549 D.
2781 4479 3150 4558 Hieronymus
3181 4501 3193 4538 :
3220 4485 3338 4541 Non
3361 4483 3555 4558 dixit:

179 4563 502 4616 Joannem
537 4569 804 4627 amorem,
834 4550 1005 4627 sigdis
1041 4556 1276 4627 externis
1311 4565 1366 4612 et
1403 4550 1662 4614 familiari
1702 4550 1838 4614 coﬁ-
1951 4553 2015 4627 Si
2041 4556 2103 4608 tu
2135 4553 2307 4627 habes_
2326 4551 2546 4627 aliquid
2571 4550 2824 4627 aduersus
2853 4550 3089 4618 fratrem
3120 4556 3294 4627 tuum,
3326 4555 3422 4610 sed
3452 4575 3469 4610 :
3497 4557 3560 4612 Si

181 4627 535 4705 suetudine,
563 4625 749 4705 magis.
758 4622 948 4705 quam
964 4625 1265 4705 erga_a_l_ios
1295 4627 1622 4705 exhibuerit.
1870 4668 1922 4705 η
1951 4625 2129 4705 βίῃφι]
2147 4623 2444 4705 tuushabet
2465 4622 2680 4705 aliquid
2700 4623 2984 4705 adversum
3002 4628 3158 4705 tegat
3176 4625 3368 4705 durior
3385 4641 3560 4680 recon-

261 4668 1275 4768 ῖ’“ἰῖεὶ“ᾰ’τὲὲ’ἕί”ἰῖιὶἑῖῖ›ἷὲιέἐΤιῖὶέζτέ
1295 4668 1736 4768 ’ἑξένὲὶὶῒέξέεῆη
1781 4705 1829 4754 ut

1951 4668 2241 4768 ciliationis
2263 4695 2366 4749 tibi
2383 4668 2696 4768 impgriatur
2719 4695 3024 4768 necessitas.
3050 4668 3264 4748 alarius
3287 4693 3432 4768 idem
3457 4709 3554 4768 ex-

177 4768 554 4846 legit‘etiam
591 4769 662 4822 D.
691 4762 1145 4846 Hieronymusin
1185 4762 1484 4846 Erechiel'is
1518 4762 1838 4846 canuit".
1951 4765 2126 4846 plicat
2163 4762 2772 4846 et_asserit'Cassianus
2800 4764 2905 4846 l‘ib.‘
2928 4777 3056 4846 vm‘
3084 4777 3203 4846 cap:
3239 4767 3302 4846 is
3339 4783 3356 4846 ί
3395 4764 3554 4833 Quia,

171 4835 278 4902 Αἵ
303 4839 568 4907 Vulgata
595 4838 776 4892 versio
804 4835 943 4894 est':
975 4837 1260 4894 Ordinauit
1299 4841 1358 4892 in
1387 4855 1470 4894 me
1497 4835 1838 4894 charitatem.
1952 4835 2156 4906 inquit,
2173 4836 2492 4905 plemmque
2507 4849 2601 4889 seu
2621 4835 3414 4907 stos_fratreset_cont1istatos
3432 4851 3556 4890 con-

169 4916 328 4984 Quo
360 4903 552 4984 mddo
590 4921 626 4962 a
665 4907 913 4984 Patribus
949 4909 1319 4984 communiter
1342 4908 1562 4966 citetur.
1595 4909 1732 4966 Vide
1766 4913 1836 4966 D.
1951 4903 2266 4984 ternnimus,
2287 4911 2386 4984 aut
2397 4903 2540 4959 certe
2555 4919 2664 4984 non
2681 4904 2814 4956 vitio
2831 4906 3009 4984 nostro
3028 4903 3260 4984 dicentes
3281 4907 3554 4984 eos_oﬂ’en-

172 4973 773 5050 ﬁernardumserm.
800 4983 868 5050 59
894 4977 954 5050 in
981 4979 1225 5036 Cantica.
1686 5049 1693 5050 ί
1949 4992 2070 5043 sos,
2111 4976 2463 5050 despicimus;
2507 4975 2828 5050 animarum
2855 4973 3091 5050 medicus
3137 4979 3200 5050 et
3237 4973 3556 5033 occultorum

253 5042 291 5088 ἀ
343 5046 514 5108 Huic
550 5045 742 5104 itidem
772 5042 969 5104 morbo
1009 5050 1348 5107 contrarium
1390 5055 1466 5108 D.
1511 5049 1844 5109 Benedictus
1953 5042 2218 5109 conscius:
2247 5047 2540 5100 occasiones
2573 5046 2872 5100 ίνααιηάίω
2898 5045 3075 5101 volens
3097 5047 3363 5104 radicitus
3385 5065 3560 5105 acor-

168 5122 456 5186 instituit
508 5134 572 5175 ac
615 5119 952 5190 praescripsit
1001 5121 1309 5178 antidotum
1357 5121 1442 5178 his
1487 5121 1670 5178 verbis
1723 5142 1738 5177 :
1783 5124 1848 5180 Si
1953 5119 2114 5174 dibus
2138 5118 2340 5172 nostris
2369 5117 2605 5186 evellere,
2635 5132 2741 5172 non
2763 5118 2930 5190 solum
2950 5119 3002 5173 si
3020 5119 3136 5172 Iasi
3162 5121 3450 5187 fuerimus,
3471 5121 3559 5188 ju.

171 5201 320 5272 quis
363 5194 561 5262 frater
582 5189 687 5272 pro
721 5189 911 5261 quartis
939 5193 1166 5272 minima
1193 5195 1453 5272 causaAabA
1476 5193 1673 5272 abbate
1701 5195 1785 5272 vel
1808 5211 1846 5272 αι
1957 5189 2042 5272 bet
2060 5205 2158 5244 nos
2171 5191 2462 5272 remittere,
2483 5193 2533 5243 et
2549 5189 2886 5272 reconciliari
2902 5189 3411 5272 fratribusnostris,
3432 5191 3559 5272 nul-

213 5259 559 5332 uocumque
578 5259 760 5344 priore
771 5278 872 5344 suo
899 5265 1196 5344 corripitur
1219 5265 1456 5344 quolibet
1474 5265 1654 5328 modo,
1683 5265 1768 5344 uel
1793 5266 1846 5319 si
1953 5261 2168 5344 Iamque
2200 5259 2456 5344 aduersus
2488 5274 2573 5314 eos
2855 5275 2949 5344 seu
2982 5261 3214 5315 Iasionis
3247 5263 3558 5344 memoriam

213 5289 559 5332 αοσαπιψιις
578 5289 760 5334 prtum
776 5289 872 5318 auu
899 5289 1196 5334 wr'npuur
1219 5289 1454 5334 (ιαυιιυει
1474 5289 1654 5328 πιοαυ,
1683 5289 1767 5320 vet
1793 5289 1842 5319 ει
1953 5289 2167 5332 (tuqu
2200 5289 2456 5315 uu’uc'rouo
2488 5289 2573 5314 συθ
2608 5289 2828 5328 nqurew
2856 5289 2949 5315 ortu
2982 5289 3214 5315 two'suuw
3247 5289 3554 5316 ηισπιυηιηη

167 5289 404 5398 ἵευὶιετ
429 5339 665 5408 senserit
686 5337 930 5391 animum
944 5339 1154 5406 prioris
1176 5335 1556 5408 cujuscumque
1578 5341 1768 5392 contra
1791 5349 1848 5392 se
1951 5336 2210 5408 retinere;
2249 5327 2342 5408 se‘d
2375 5333 2538 5408 etiam
2565 5333 2616 5408 si
2648 5331 2770 5408 illos
2797 5332 3084 5408 adversum
3112 5347 3360 5408 ηυδε-βου
3387 5331 3554 5402 juste,

169 5416 418 5470 iratum
472 5406 569 5478 vel
601 5402 1220 5478 commotuquuamuis
1235 5402 1494 5476 modice";
1535 5424 1686 5476 mox,
1732 5409 1848 5463 sine
1958 5417 2055 5478 seu
2075 5404 2297 5474 injuste,
2319 5403 2515 5458 habere
2532 5402 2748 5478 aliquid
2759 5405 3082 5470 noverimus,
3101 5403 3349 5478 sirint-iter
3364 5419 3557 5474 praece-

171 5499 382 5550 mora,
401 5477 632 5534 tamdiu
641 5475 946 5548 prostratus
962 5475 1024 5534 in
1043 5484 1194 5535 terra
1214 5483 1340 5534 ante
1356 5480 1517 5550 pedes
1535 5479 1652 5549 ejus
1662 5475 1850 5550 jaceat
1947 5477 2039 5544 pit
2056 5480 2117 5550 ut
2133 5490 2328 5550 munus
2347 5480 2591 5550 nostrum
2604 5475 2983 5550 relinquentes,
3002 5482 3110 5528 etc.
3129 5475 3400 5550 Caeterum
3415 5490 3557 5550 quo-

172 5542 593 5622 satisfaciens,
617 5542 786 5620 usque
803 5550 933 5606 dum
955 5551 1315 5609 benedictione
1338 5542 1684 5607 sanetur'illd
1701 5566 1846 5606 com-
1947 5542 2267 5622 modoth
2291 5542 2767 5622 accipie_n_da_sint_,
2789 5552 2846 5600 et
2870 5552 3140 5616 quatenus
3162 5542 3317 5600 fratri
3341 5542 3558 5620 qui—nos

173 5613 396 5685 mou-5.
573 5613 587 5618 '
690 5613 712 5620 '
835 5624 841 5629 ·
1955 5613 2256 5673 offenderit
2288 5613 2989 5688 reco'nciliaridebeaaius,
3029 5625 3323 5688 antequam
3354 5613 3558 5674 munus

261 5706 290 5734 ο
323 5698 407 5751 D.
442 5691 749 5766 Gregorius
763 5690 831 5766 in
861 5693 1116 5766 Pastorali
1149 5700 1247 5762 (ιιι
1275 5699 1426 5766 part.
1455 5695 1678 5750 admon.
1706 5692 1798 5766 23)
1830 5711 1847 5766 ς
1954 5697 2210 5747 nostrum
2239 5687 2538 5746 offeramus
2575 5686 2698 5744 vide
2731 5687 2933 5745 ibidem
2962 5686 3306 5746 annotatum.

171 5762 604 5832 Admonendi,
625 5762 821 5836 inquit,
843 5768 972 5820 sunt
993 5762 1335 5838 dissidentes,
1355 5771 1417 5824 ut
1434 5762 1849 5838 πονεῖ-ἑπτάμιὸά

2025 4481 2044 4516 ί
2084 4480 2298 4537 Eodem
