4014 6202
1002 212 1033 221 ο

317 258 440 314 1033

1413 246 1750 308 COLLATIO
1787 248 1927 305 XVI.
1963 278 2035 291 -
2072 250 2161 307 DE
2196 252 2521 310 AMlClTIA.

3482 262 3617 318 1034

311 383 492 453 tuerit,
518 380 735 439 auferre
762 380 1019 438 noluerit.
1052 382 1134 437 Ita
1157 378 1325 452 igitur
1361 385 1540 434 tacere
1577 374 1710 432 nihil
1733 372 1902 449 prod-
1934 377 1988 442 Α
2018 375 2162 435 tibus
2208 377 2504 438 multitudo
2549 379 2803 447 venisset,
2868 397 3031 439 nemo
3076 383 3130 438 in
3170 391 3455 440 auctorem
3494 385 3620 442 vitae

310 484 409 547 est,
446 475 494 532 si
522 474 721 532 idcirco
762 474 924 531 nobis
953 472 1260 530 indicamus
1302 469 1602 539 silentium,
1649 475 1711 525 ut
1757 467 1907 541 quod

2015 480 2219 530 nostrae
2255 473 2344 531 illo
2386 475 2667 532 cruentior
2718 474 2924 533 exstitit
2974 477 3240 551 parricida
3295 495 3465 552 quam
3507 480 3620 553 qui,

313 567 581 641 agendum
599 567 843 626 convicio
863 565 1061 636 fuerat,
1087 566 1195 623 hoc
1217 563 1589 645 taciturnitate
1619 560 1906 630 faciamus,
2002 576 2244 635 cunctos
2271 568 2402 625 ficto
2433 568 2779 627 salutationis
2823 567 3035 628 honore
3062 573 3419 645 praveniens,
3456 588 3623 630 oscu-

312 660 669 719 assimilantes
714 658 984 734 quosdam
1026 669 1232 733 gestus,
1281 658 1482 732 quibus
1518 665 1574 715 et
1617 655 1705 713 ille
1742 671 1909 728 quem

310 770 495 813 curare
540 770 650 814 nos
691 754 954 830 oportuit,
1009 752 1405 812 vehementiori
1450 749 1753 808 inardescat
1799 749 1911 806 ira-

313 849 522 918 cundia,
570 858 629 907 ct
653 842 759 907 nos
802 864 963 922 super
998 848 1119 906 haec
1176 846 1361 905 omnia
1408 845 1617 904 damno
1660 844 1805 901 illius
1848 857 1912 900 ac

316 941 607 1014 perditione
639 941 960 1012 laudemur;
1008 941 1162 1016 quasi
1205 956 1335 998 vero
1363 955 1475 996 non
1505 938 1671 996 etiam
1713 952 1779 994 ex
1806 936 1913 993 hoc

278 1044 285 1053 '
315 1036 425 1108 ipso
454 1037 577 1108 quis
597 1036 945 1093 criminosior
960 1035 1055 1105 sit,
1076 1033 1225 1109 quod
1248 1034 1482 1107 gloriam
1505 1031 1612 1089 sibi
1638 1030 1705 1089 de
1725 1029 1913 1089 fratris

315 1129 536 1186 voluerit
575 1128 880 1203 perditione
915 1131 1253 1202 conquirere.
1302 1127 1543 1202 Utrique
1574 1126 1726 1184 enim
1753 1134 1778 1162 ι
1803 1123 1911 1181 tale

314 1225 589 1282 silentium
624 1224 727 1282 erit
753 1224 1032 1298 aequaliter
1058 1225 1287 1281 noxium
1317 1243 1330 1280 :
1358 1222 1483 1296 quia
1511 1221 1650 1280 sicut
1675 1234 1912 1293 exagge-

315 1325 395 1373 rat
416 1318 474 1374 in
513 1316 735 1375 alterius
762 1318 927 1376 corde
958 1316 1251 1384 tristitiam,
1294 1316 1370 1374 ita
1397 1316 1452 1372 in
1491 1330 1594 1374 suo
1642 1329 1754 1370 non
1781 1328 1911 1384 per-

316 1409 481 1466 mittit
525 1410 817 1484 exstingui.
874 1412 1080 1470 Contra
1135 1424 1275 1483 quos
1316 1409 1405 1464 illa
1458 1406 1739 1480 prophetae
1780 1407 1913 1463 satis

313 1504 537 1575 proprie
551 1511 633 1560 est
657 1503 861 1561 directa
887 1502 1194 1560 maledictio
1220 1520 1233 1557 :
1268 1505 1361 1560 Va:
1385 1505 1484 1574 qui
1498 1506 1656 1572 potat
1685 1503 1913 1556 amicum

313 1610 487 1657 suum,
516 1599 737 1651 mittens
768 1597 848 1664 fel
876 1611 1054 1663 suum,
1081 1599 1132 1652 et
1153 1596 1430 1650 inebrians
1457 1597 1517 1649 ut
1537 1595 1771 1664 aspiciat
1813 1608 1914 1648 nu-

314 1689 534 1744 ditatem
559 1691 696 1761 ejus,
726 1691 959 1761 repletus
984 1693 1061 1746 est
1092 1691 1396 1760 ignominia
1418 1704 1523 1759 pro
1546 1688 1721 1758 gloria
1750 1688 1914 1759 (Aba-

306 1798 422 1838 cuc.
462 1786 554 1852 u).
587 1782 729 1841 Illud
760 1797 978 1856 quoque
1004 1781 1156 1855 quod
1182 1797 1279 1855 per
1301 1780 1469 1838 alium
1493 1779 1561 1838 de
1589 1779 1793 1837 talibus
1823 1780 1915 1837 di-

314 1876 455 1933 citur
482 1897 493 1931 :
520 1878 658 1944 Quia
677 1879 848 1932 omnis
867 1879 1046 1944 frater
1063 1878 1427 1946 supplantans
1447 1876 1841 1946 supplantabit,
1866 1879 1917 1930 et

313 1973 483 2025 omnis
494 1973 698 2025 amicus
706 1970 1091 2038 fraudulenter
1104 1971 1333 2038 incedet,
1347 1974 1397 2024 et
1410 1972 1496 2024 vir
1508 1970 1742 2037 fratrem
1757 1984 1916 2026 suum

318 2061 591 2128 irridebit,
611 2066 662 2115 et
685 2063 968 2116 veritatem
991 2077 1097 2116 non
1112 2062 1380 2132 loquetur;
1398 2061 1755 2117 extenderunt
1774 2063 1916 2117 enim

316 2154 560 2223 linguam
591 2169 744 2209 suam
767 2157 928 2224 quasi
952 2170 1137 2209 arcum
1164 2154 1434 2210 mendacii
1454 2158 1504 2209 et
1529 2170 1636 2209 non
1662 2156 1915 2210 veritatis

312 2247 533 2312 (Jerem.
566 2251 673 2315 rx).
699 2249 853 2320 Saepe
891 2255 1077 2304 autem
1100 2246 1226 2303 ficta
1254 2247 1512 2319 patientia
1539 2247 1706 2303 etiam
1734 2244 1917 2302 acrius

306 2339 380 2397 ad
406 2338 743 2397 iracundiam
772 2356 939 2414 quam
988 2356 1170 2398 sermo
1198 2339 1503 2408 succendit,
1546 2348 1602 2397 et
1649 2339 1918 2397 atrocissi-

306 2446 429 2488 mas
463 2432 759 2491 verborum
797 2432 1131 2491 transcendit
1171 2431 1402 2506 injurias
1431 2432 1668 2506 maligna
1698 2432 1914 2489 tacitur-

303 2526 483 2593 nitas;
548 2525 827 2598 leviusque
886 2526 1189 2599 tolerantur
1264 2525 1613 2583 inimicorum
1672 2524 1916 2595 vulnera,

292 2633 479 2691 quam
514 2617 856 2675 irridentium
884 2618 1115 2677 subdola
1160 2618 1558 2677 blandimenta.
1600 2622 1684 2675 De
1721 2619 1917 2691 quibus

298 2712 530 2786 proprie
557 2711 754 2769 dicitur
779 2728 877 2785 per
904 2713 1231 2786 prophetam
1254 2731 1268 2768 :
1288 2715 1489 2793 Molliti
1505 2719 1633 2771 sunt
1654 2729 1917 2771 sermones

300 2811 352 2880 ei
358 2827 421 2866 us
462 2826 629 2881 super
663 2813 855 2876 oleum,
887 2817 938 2868 et
966 2814 1074 2883 ipsi
1096 2817 1222 2868 sunt
1236 2814 1427 2883 jacula
1464 2812 1630 2885 (Psal.
1669 2814 1817 2881 ur).
1850 2814 1920 2867 Et

300 2903 432 2960 alibi
460 2922 478 2957 :
505 2904 531 2938 ι’
561 2905 737 2961 Verba
759 2903 1079 2962 callidorum
1114 2905 1320 2967 mollia,
1353 2905 1464 2960 hac
1490 2909 1669 2960 autem
1707 2905 1920 2972 feriunt

299 3002 361 3053 in.
376 2997 695 3069 penetralia
712 3001 916 3053 ventris
944 2998 1117 3069 (Prov.
1139 2999 1338 3070 XXVI).
1370 2997 1585 3070 Quibus
1603 2998 1767 3055 etiam
1788 2997 1920 3055 illud

297 3096 497 3163 potest
522 3088 791 3159 eleganter
818 3090 990 3161 aptari
1020 3110 1032 3146 :
1078 3094 1141 3148 In
1168 3108 1254 3147 ore
1272 3108 1460 3162 pacem
1484 3108 1601 3147 cum
1626 3096 1796 3148 amico
1823 3108 1920 3149 suo

1948 1807 1996 1871 B

2018 659 2132 716 lum
2156 660 2402 720 subdolae
2426 661 2706 720 charitatis
2731 661 2977 736 ingessit.
3004 665 3104 721 Cui
3128 665 3421 735 Dominus,
3455 667 3619 736 Juda,

2018 753 2217 827 inquit,
2240 756 2415 812 osculo
2439 757 2642 813 Filium
2671 757 2900 813 hominis
2931 758 3110 814 tradis
3135 760 3314 828 (Luca:
3339 759 3539 831 xxn)?
3568 759 3623 818 id

2020 855 2121 915 est,
2148 848 2456 909 amaritudo
2486 852 2880 923 persecutionis
2911 860 3075 924 atque
3113 851 3228 908 odii
3260 852 3337 909 tui
3366 852 3472 909 hoc
3503 861 3620 925 teg-

2019 955 2147 995 men
2169 942 2464 1014 assumpsit
2492 957 2600 1015 quo
2630 941 2865 1001 dulcedo
2896 944 3006 999 veri
3030 945 3235 1002 amoris
3261 944 3615 1017 exprimitur?

2020 1035 2280 1106 Apertius
2326 1049 2545 1108 quoque
2610 1051 2674 1092 ac
2726 1035 3104 1093 vehementius
3151 1054 3246 1109 per
3300 1038 3625 1111 prophetam

2018 1125 2042 1158 ⁸³
2075 1128 2185 1182 vim
2216 1127 2380 1199 hujus
2408 1127 2615 1185 doloris
2639 1138 2927 1202 exaggerat
2956 1152 2968 1187 :
3005 1132 3269 1197 Quoniam
3300 1134 3353 1187 si
3378 1135 3626 1188 inimicus

2017 1235 2186 1283 meus,
2214 1218 2408 1292 inquit,
2432 1220 2807 1276 malediwisset
2825 1220 2984 1284 mihi,
3007 1223 3383 1277 sustinuissem
3406 1225 3623 1292 utique;

2019 1317 2067 1369 et
2082 1315 2132 1369 si
2156 1316 2199 1369 is
2211 1315 2311 1384 qui
2327 1313 2517 1369 oderat
2540 1329 2643 1382 me,
2660 1328 2823 1384 super
2846 1328 2930 1369 me
2944 1329 3144 1384 magna
3172 1314 3380 1368 locutus
3401 1315 3469 1381 fu
3479 1317 3622 1385 isset,

2018 1407 2405 1463 abscondissem
2432 1422 2515 1463 me
2542 1408 2731 1479 utique
2772 1407 2841 1461 ab
2881 1421 2956 1462 eo.
2993 1409 3073 1463 Tu
3098 1423 3219 1463 vero
3252 1408 3405 1465 homo
3431 1410 3629 1464 unani-

2021 1505 2143 1570 mis,
2167 1502 2283 1557 dun
2307 1515 2454 1557 meus
2480 1505 2530 1557 et
2553 1505 2708 1556 notus
2725 1515 2896 1570 meus,
2921 1502 3021 1571 qui
3045 1501 3208 1556 simul
3225 1516 3427 1558 mecum
3449 1503 3628 1559 dulces

2023 1597 2272 1668 cupiebas
2303 1595 2464 1663 cibos,
2497 1597 2555 1650 in
2594 1594 2747 1652 domo
2785 1596 2885 1651 Dei
2926 1594 3320 1651 ambulavimus
3347 1609 3468 1652 cum
3502 1611 3626 1652 con-

2022 1707 2180 1748 sensu
2209 1690 2374 1763 (Psal.
2401 1692 2544 1758 LIV).

2594 1781 2832 1840 CAPUT
2865 1782 3031 1839 XIX.

2280 1881 2356 1933 De
2382 1877 2467 1932 his
2496 1879 2591 1948 qui
2615 1892 2683 1932 ea:
2712 1876 3082 1947 indignatione
3095 1874 3371 1947 jejunant.

2097 1968 2265 2027 Aliud
2290 1986 2508 2044 quoque
2547 1967 2842 2043 profanum
2879 1969 3116 2026 tristitiae
3142 1984 3316 2042 genus
3352 1974 3455 2038 est,
3483 1966 3634 2040 quod

2025 2061 2255 2136 dignum
2284 2062 2813 2120 commemoratione
2841 2078 2956 2119 non
2983 2060 3182 2131 fuerat,
3209 2060 3317 2118 nisi
3358 2060 3411 2117 id
3441 2077 3472 2117 a
3501 2076 3634 2117 non-

2027 2156 2192 2214 nullis
2216 2156 2476 2215 fratribus
2515 2158 2809 2215 scissemus
2845 2156 3087 2223 admitti,
3130 2155 3223 2229 qui
3258 2171 3388 2211 cum
3426 2154 3634 2211 tristiﬁ-

2027 2250 2134 2307 cati
2176 2249 2377 2307 fuerint
2401 2250 2483 2307 vel
2520 2249 2669 2319 irati,
2698 2249 2766 2307 ab
2803 2250 2923 2322 ipso
2951 2248 3114 2304 etiam
3142 2248 3492 2320 pertinaciter
3516 2247 3634 2304 abs-

2026 2343 2199 2401 tinent
2237 2345 2379 2415 cibo,
2425 2346 2501 2402 ita
2538 2353 2620 2415 ut,
2662 2344 2808 2419 quod
2847 2344 3013 2401 etiam
3053 2343 3232 2401 dicere
3279 2344 3486 2416 absque
3526 2358 3634 2415 pu-

2025 2437 2159 2495 dore
2203 2454 2313 2495 non
2385 2454 2698 2511 possumus,
2762 2439 2835 2494 illi
2891 2438 2985 2510 qui
3046 2436 3180 2493 dum
3227 2437 3421 2510 placidi
3483 2444 3631 2505 sunt,

2025 2530 2380 2588 refectionem
2429 2531 2533 2587 cibi
2578 2545 2751 2603 usque
2785 2529 2854 2587 ad
2905 2530 3106 2587 horam
3156 2537 3377 2588 sextam
3421 2529 3528 2599 vel,
3571 2538 3634 2586 ut

2025 2624 2283 2693 multum,
2315 2639 2523 2681 nonam
2560 2631 2762 2698 negant
2789 2638 2847 2680 se
2890 2638 3050 2696 posse
3079 2622 3324 2693 differre,
3352 2639 3480 2679 cum
3509 2619 3633 2677 fue-

2023 2717 2137 2773 rint
2173 2721 2196 2751 °
2242 2717 2468 2774 tristitia
2524 2717 2607 2773 vel
2661 2715 2847 2773 furore
2891 2716 3153 2789 suppleti,
3193 2714 3404 2788 jejunia
3466 2714 3636 2771 etiam

2025 2810 2267 2868 biduana
2308 2826 2420 2867 non
2466 2811 2726 2881 sentiant,
2773 2819 3089 2883 tantamque
3132 2807 3330 2865 inediae
3375 2806 3634 2865 defectio-

2026 2919 2155 2960 nem
2194 2903 2496 2960 iracundiae
2538 2904 2790 2960 satietate
2832 2909 3163 2961 sustentent.
3207 2903 3271 2958 In
3328 2917 3437 2975 quo
3480 2902 3638 2975 plane

2027 2998 2047 3034 ί
2075 2997 2342 3071 sacrilegii
2380 2996 2589 3075 crimen
2617 2997 2895 3055 evidenter
2937 2999 3247 3066 incurrunt,
3286 2995 3490 3068 jejunia
3536 2996 3635 3052 sci-

2028 3090 2172 3161 licet,
2213 3106 2339 3163 quai
2383 3090 2484 3149 soli
2514 3094 2635 3148 Deo
2670 3107 2772 3163 pro
2799 3090 3178 3147 humiliationc
3211 3088 3392 3146 cordis
3419 3096 3474 3144 et
3508 3104 3637 3160 pur-

304 3184 585 3263 loquitur,
610 3186 661 3237 et
689 3183 886 3238 occulte
914 3185 1073 3253 ponit
1101 3186 1152 3238 ei
1174 3185 1402 3239 insidias
1424 3183 1629 3254 (Jerem.
1664 3184 1775 3256 ιχ),
1803 3186 1919 3256 qui-
1957 3201 2001 3264 ρ
2030 3185 2245 3258 gatione
2296 3183 2549 3243 vitiorum
2609 3193 2738 3241 sunt
2799 3183 3101 3257 specialiter
3166 3181 3469 3253 offerenda,
3537 3197 3636 3253 pro

298 3278 418 3333 bus
465 3284 654 3332 tamen
695 3276 869 3349 magis
898 3275 1166 3348 decipitur
1206 3277 1321 3348 ipse
1367 3276 1461 3349 qui
1506 3275 1726 3348 decipit.
1777 3279 1921 3334 Nam

296 3381 325 3406 ο
358 3372 480 3439 Qui
493 3374 773 3439 prceparat
799 3374 924 3425 ante
947 3371 1144 3438 faciem
1175 3373 1340 3426 amici
1365 3373 1455 3426 sui
1471 3375 1599 3435 rete,
1625 3373 1923 3428 circumdat

300 3464 460 3519 illud
483 3465 712 3533 pedibus
742 3467 885 3531 suis;
917 3468 967 3520 et
993 3466 1092 3534 qui
1133 3466 1279 3533 fodit
1299 3467 1510 3533 foveam
1531 3468 1783 3536 proximo
1804 3480 1920 3543 suo,

300 3555 517 3611 incidit
537 3558 595 3611 in
614 3572 729 3611 eam
754 3559 864 3628 ipse
884 3558 1277 3630 (Prov..xxvx).
1305 3558 1547 3630 Denique
1574 3573 1702 3615 cum
1726 3574 1924 3631 magna

297 3646 377 3704 ad
407 3646 991 3720 comprehendendum
1022 3649 1326 3707 Dominum
1354 3665 1481 3707 cum
1508 3649 1705 3723 gladiis
1731 3658 1786 3707 et
1811 3650 1923 3707 fus-

2027 3278 2295 3336 diabolico
2341 3286 2560 3336 tumore
2604 3279 2922 3334 tolerantes.
2967 3277 3132 3347 Quod
3180 3279 3287 3334 tale
3346 3286 3431 3333 est
3484 3292 3547 3333 ac
3592 3276 3639 3333 si

2032 3371 2303 3426 orationes
2327 3379 2489 3442 atque
2517 3369 2776 3425 sacrificia
2810 3383 2921 3424 non
2945 3371 3085 3437 Deo,
3119 3369 3215 3425 sed
3239 3364 3522 3426 daemoniis
3550 3369 3638 3425 de-

2031 3461 2227 3532 ferant,
2250 3462 2506 3533 illamque
2528 3462 2833 3518 Mosaicam
2860 3460 3289 3535 increpationem
3323 3468 3638 3520 mereantur

2031 3555 2252 3623 audire,
2281 3558 2724 3626 Sacﬁ/icaverunt
2773 3557 3070 3626 dcemoniis,
3106 3562 3158 3612 et
3209 3573 3313 3613 non
3348 3561 3477 3626 Deo,
3530 3557 3637 3615 diis

2033 3666 2164 3722 quos
2192 3650 2525 3721 ignorabant
2551 3651 2724 3721 (Deut.
2751 3653 2980 3720 χχχιι).

1417 3813 1673 3868 ALARDl
1712 3812 1937 3867 GAZEI
1975 3810 2534 3869 COMMENTARIUS.

372 3966 403 3995 ³
441 3960 739 4033 Silentium
774 3960 880 4033 hoc
912 3973 1143 4033 pravum
1178 3968 1233 4015 et
1261 3976 1605 4031 perversum,
1643 3976 1770 4033 cum
1790 3962 1922 4033 quis

284 4049 363 4088 ex
390 4030 773 4087 amaritudine
797 4030 980 4099 animi,
1013 4031 1092 4101 vel
1131 4045 1196 4086 ex
1222 4030 1541 4101 centemptu
1579 4039 1673 4086 aut
1697 4030 1921 4087 derisio-

279 4120 365 4161 ne
398 4101 678 4175 proximi,
715 4108 878 4167 tacet,
905 4117 1005 4175 nec
1025 4100 1280 4175 dignatur
1304 4100 1486 4175 ipsum
1507 4101 1734 4173 alloqui,
1759 4111 1851 4158 aut
1875 4102 1923 4158 ei

278 4169 672 4246 respondere,
706 4187 815 4246 quo
854 4171 1034 4246 magis
1078 4169 1205 4246 enm
1237 4169 1503 4246 irritetet
1530 4169 1924 4246 provoceuDe

276 4242 410 4302 tali'
446 4243 678 4315 silentio
722 4242 1046 4315 loquitur'D.
1081 4243 1383 4315 Gregorius
1427 4242 1602 4298 liiifv
1631 4244 1924 4300 Moralium

277 4319 464 4388 (Cap.
486 4314 694 4388 xxxi),
714 4314 808 4369 ubi
827 4314 902 4369 ait
911 4333 936 4388 _:
955 4315 1265 4388 Aliquando
1285 4317 1371 4369 ira
1383 4316 1707 4385 perturbato
1723 4317 1923 4379 animo,

326 4384 478 4443 ιιιῖεὶ
504 4402 575 4441 ea:
586 4384 820 4456 judicio,
852 4385 1129 4440 silentium
1152 4384 1365 4449 indicit,
1386 4384 1443 4442 et
1462 4402 1565 4455 quo
1583 4401 1640 4441 se
1656 4389 1809 4454 foras
1826 4402 1928 4456 per

310 4463 573 4529 inguam
592 4472 699 4511 non
722 4460 1006 4529 exprimit,
1027 4459 1176 4512 intus
1197 4456 1430 4513 deterius
1452 4459 1704 4527 ignescit;
1735 4462 1795 4529 ut
1820 4460 1928 4512 ira-

268 4538 381 4588 tus
409 4530 659 4598 quisque
678 4528 1070 4584 collocationem
1093 4544 1244 4583 suam
1256 4530 1510 4598 proximo
1533 4528 1843 4593 subtrahat,
1877 4534 1927 4585 et

269 4595 451 4658 nihil
474 4595 727 4661 dicendo,
750 4614 914 4669 quam
928 4601 999 4653 sit
1018 4614 1234 4671 aversus
1256 4595 1420 4654 dicat.
1441 4603 1510 4655 Et
1524 4616 1925 4670 nonnumquam
2035 4595 2290 4671 ambiguo
2312 4597 2477 4654 verbo
2507 4598 2723 4671 Graeco,
2745 4595 2894 4671 quod
2913 4605 2996 4653 est
3007 4596 3323 4671 uepiba'znsi,
3348 4595 3497 4667 quod
3521 4603 3635 4671 tatu

266 4675 413 4747 haec,
442 4670 668 4747 silentii
697 4664 972 4747 seiieritus
991 4669 1450 4747 perdisciplincu
1475 4664 1925 4747 dispensationem
2036 4664 2337 4747 expandere
2381 4684 2546 4747 quam
2585 4664 2931 4747 circumdare
2973 4664 3263 4747 signiﬁcat,
3308 4664 3525 4747 et'nta'ru
3563 4664 3637 4747 51d

261 4746 551 4815 geritur,
576 4744 628 4796 si
647 4745 827 4796 tamen
849 4733 1074 4796 sollicite
1092 4741 1151 4794 in
1172 4733 1373 4815 intimis
1391 4733 1927 4815 discretionisforma
1956 4788 2005 4815 η
2036 4733 2214 4811 ipsum
2244 4733 2558 4815 fraudatum
2588 4739 2994 4815 referripotest
3027 4733 3054 4790 ἵ
3066 4740 3223 4815 item
3245 4738 3345 4815 qui
3375 4733 3527 4815 fudit
3549 4736 3635 4801 fo-

264 4788 571 4887 ῗὲηεαιᾳῖθ
584 4831 614 4887 ;_
628 4827 1035 4887 nonnumquam?
1052 4827 1195 4887 vero,
1217 4811 1347 4866 dum
1377 4788 1860 4868 accensusvaniinus
1888 4830 1924 4887 a
1956 4788 2005 4850 D
2037 4788 2185 4887 uicum
2203 4814 2450 4887 proximo
2469 4826 2586 4877 suo,
2606 4811 2805 4887 incidet
2817 4788 2879 4861 in
2901 4822 3035 4887 eum.
3060 4809 3142 4861 Ita
3164 4809 3225 4875 ﬁt
3246 4788 3306 4887 ut
3322 4788 3458 4887 retia
3477 4788 3639 4873 frau-

258 4876 856 4942 consuetalocutione
872 4876 1246 4951 restringitur,
1263 4897 1365 4952 per
1388 4896 1654 4938 accessum
1675 4886 1924 4954 temporis
2034 4876 2258 4936 dulenia
2268 4896 2373 4936 non
2387 4886 2499 4935 tam
2510 4876 3639 4954 eum‘cujusgressibusea‘panduntur,quam

247 4954 546 5030 penitus
574 4953 893 5030 a_proa.jimi
931 4947 1208 5030 dilectione
1226 4947 1549 5023 separatur;
1598 4958 1649 5008 et
1694 4947 1924 5030 acfiores
2034 4954 2340 5030 illumaquo
2354 4947 3631 5030 ea'panduntur,involvant.SicD.Hieronymus:

257 5010 546 5084 stimztli
560 5010 875 5081 admentem
894 5026 1129 5091 veniunt,
1143 5010 1439 5093 cause‘eque,
1464 5010 1584 5094 qua:
1602 5027 1822 5093 gravius
1839 5040 1927 5080 emo
2106 5010 2134 5053 ἀ
2162 5010 2439 5094 Minorem.
2460 5022 2600 5075 enim
2631 5010 2866 5094 dolorem
2905 5019 3052 5094 mala
3096 5021 3375 5094 ingerunt,
3415 5010 3536 5089 quae
3565 5021 3635 5074 ab

254 5096 602 5168 asperant,
633 5094 910 5168 oriuntur,
935 5098 1095 5163 atque
1115 5098 1172 5168 in
1198 5092 1494 5150 iratioculo
1514 5092 1721 5165 festuca
1744 5098 1797 5151 in
1818 5101 1929 5151 tra-
2039 5094 2311 5168 extraneis
2337 5092 2676 5168 inferuntur.
2708 5092 2845 5168 Plus
2860 5106 2978 5146 vero
3012 5092 3069 5168 in
3093 5093 3242 5147 nobis
3267 5107 3327 5146 ea
3366 5095 3634 5168 tormenta

254 5161 402 5226 bern
428 5166 705 5228 vertitur,
734 5165 863 5219 dum
890 5166 974 5220 ira
999 5161 1058 5220 in
1087 5165 1268 5219 odium
1289 5161 1655 5235 permutatur.
1682 5169 1930 5222 Plerum-
2037 5167 2288 5233 sariunt,
2315 5180 2435 5234 qua:
2463 5164 2531 5218 ab
2576 5164 2687 5217 illis
2719 5164 2971 5235 patimur
3001 5161 3068 5217 de
3096 5178 3325 5232 quorum
3365 5162 3630 5235 mentibus

257 5255 390 5314 que
416 5242 529 5314 iret
550 5253 652 5314 per
663 5237 943 5314 silentium
961 5238 1146 5314 clausa
1165 5231 1311 5314 intuli
1330 5242 1555 5314 mentem
1574 5239 1931 5314 uehementius
2030 5231 2511 5314 prwsumelfamus,
2559 5231 2847 5314 quia__cum
2877 5234 3070 5314 demito
3093 5231 3326 5314 Emporis
3365 5231 3511 5314 mala
3539 5246 3634 5314 nos

252 5302 617 5369 Eestuatfet
632 5309 888 5365 clamosus
909 5311 1077 5364 tacita
1090 5323 1235 5363 voces
1249 5309 1453 5375 format
1470 5328 1486 5377 ;
1504 5310 1663 5364 verba
1684 5310 1789 5365 sibi
1810 5311 1933 5380 qui—
2030 5302 2280 5363 cruciant
2302 5309 2515 5364 amissa:
2543 5302 2846 5380 cbaritatis,
2888 5303 2964 5362 ait
2992 5306 3059 5360 B.
3087 5302 3382 5377 Gregorius
3414 5303 3629 5370 (Homil.

256 5386 385 5440 bus
416 5384 799 5456 egeasperetur
817 5380 1026 5450 objicit,
1053 5384 1103 5435 et
1127 5382 1287 5456 quasi
1300 5382 1355 5434 in
1376 5395 1548 5456 causis
1567 5378 1931 5452 creamine'po-
2042 5382 2480 5456 35~iu_Eva‘ng;).
2538 5450 2550 5456 _
2708 5447 2729 5456 _
2943 5447 2956 5456 _
3075 5454 3082 5456 _
3385 5453 3396 5456 _
3475 5445 3487 5456 ν

245 5459 390 5512 sita
432 5446 661 5524 durius
686 5446 1009 5524 exasperata
1028 5446 1334 5523 respondet;
1362 5453 1541 5522 sicque
1557 5456 1620 5522 ﬁt
1638 5459 1700 5509 ut
1713 5446 1931 5524 perfur-
2113 5446 2662 5524 flibrasis'Cassiano
2706 5446 3009 5524 familiaris,
3034 5454 3095 5504 ut
3136 5461 3280 5524 saepe
3307 5446 3633 5524 notavimus.

249 5529 465 5580 batus
506 5523 731 5575 animus
762 5517 1017 5590 majorem
1045 5517 1327 5593 strepitum
1372 5517 1465 5578 sui
1486 5517 1691 5579 silentii
1713 5517 1932 5589 Sentiat,
2077 5590 2090 5594 _
2115 5520 2135 5555 τ
2171 5522 2311 5577 Cum
2353 5521 2711 5594 sacrilegium
2743 5519 3010 5594 generali
3067 5517 3292 5594 notione
3336 5518 3409 5574 sit
3460 5517 3640 5594 omnis

251 5608 558 5664 eumque
588 5596 810 5660 gravius
846 5588 1025 5648 clausa
1069 5588 1170 5648 ira}
1202 5597 1422 5664 flamma
1462 5600 1755 5651 consumat.
1800 5597 1936 5651 Haec
2043 5590 2245 5664 abusus
2288 5591 2367 5648 rei
2397 5588 2587 5664 sacrm:
2615 5599 2669 5648 et
2698 5590 2767 5647 ad
2781 5588 2888 5664 Dei
2910 5589 3115 5664 cultum
3155 5588 3456 5664 destinatae,
3485 5588 3640 5645 sacri-

244 5660 663 5738 Greéorius._
689 5664 1171 5738 Porro‘silentium
1201 5660 1331 5723 alias
1390 5666 1664 5738 optimum
1697 5682 1811 5723 esse
1846 5682 1935 5723 re-
2044 5663 2250 5738 legium
2273 5662 2558 5738 quoddam
2589 5661 2933 5738 committere
2959 5661 3169 5738 videtur
3203 5660 3296 5738 qui
3319 5677 3405 5738 _cx
3430 5660 3643 5736 iracun-

244 5681 394 5725 ure
448 5681 650 5718 onus.
691 5681 862 5719 νου-ο
899 5681 1171 5720 suennum
1201 5681 1331 5723 anas
1390 5681 1664 5738 Optimum
1697 5682 1811 5723 esse
1846 5682 1935 5723 re-
2045 5681 2250 5736 legium
2284 5681 2558 5733 quooaam
2589 5681 2933 5720 committere
2959 5681 3169 5718 vmctur
3203 5681 3296 5731 qui
3338 5681 3405 5718 ex
3431 5681 3642 5736 iracun-

243 5681 581 5794 meeﬁum
598 5732 667 5815 ad
681 5735 1149 5815 comprimendam
1169 5743 1225 5791 et
1242 5737 1597 5811 mitigandam
1618 5747 1736 5795 tum
1752 5754 1933 5805 suam,
2047 5735 2138 5815 dia
2159 5733 2243 5790 vel
2267 5733 2644 5815 indignatione
2666 5732 2862 5815 a_c_ibis
2886 5732 3490 5815 abstinetjut‘jejunat,
3519 5740 3642 5798 quia

244 5819 409 5865 tum
441 5804 711 5878 proximi
740 5803 897 5874 πείνη,
920 5804 1060 5862 infra
1083 5805 1312 5864 dicetur.
1364 5803 1395 5811 '
1924 5803 1930 5805 ’
2046 5807 2101 5862 in
2130 5821 2237 5880 quo
2266 5803 2441 5864 Deum
2479 5807 2656 5865 colere
2680 5804 2887 5874 debuit,
2917 5820 3044 5862 eum
3072 5803 3318 5863 offendit.

536 5893 807 5951 Punon.
849 5895 1057 5951 XLlX.
3289 5895 3355 5946 33

2099 3957 2125 3994 δ
2149 3965 2218 4017 D.
2261 3962 2635 4034 Hieronymus
2666 3960 2827 4034 vertit
2866 3980 2879 4015 :
2921 3959 3098 4034 Verba
3123 3959 3435 4034 susurronis
3465 3960 3640 4034 quasi

2028 4034 2318 4101 simplicia,
2349 4037 2399 4086 et
2426 4028 2547 4101 ipsa
2562 4033 2890 4101 perveniunt
2918 4031 2991 4084 ad
3022 4033 3220 4101 intima
3257 4029 3430 4084 cordis
3458 4028 3632 4101 (Prov.

2029 4099 2228 4171 xxvi).
2275 4102 2379 4157 Cui
2403 4099 2602 4156 similis
2633 4101 2900 4171 sententia
2932 4099 3187 4154 Proverb.
3220 4114 3384 4154 xvm
3417 4117 3430 4152 ;
3458 4099 3635 4171 Verba

2036 4170 2291 4240 bilinguis
2322 4174 2480 4240 quasi
2504 4170 2796 4239 simplicia,
2821 4174 2871 4224 et
2894 4171 3012 4239 ipsa
3024 4171 3342 4238 perveniunt
3366 4184 3535 4240 usque
3562 4170 3633 4225 ad

2035 4245 2295 4297 interiora
2321 4243 2541 4297 ventris.

2110 4323 2130 4348 °
2165 4314 2327 4385 Vulg.
2372 4320 2553 4368 textus
2585 4330 2597 4366 :
2630 4311 2799 4367 Homo
2826 4312 2924 4382 qui
2950 4310 3165 4385 blandis
3185 4312 3426 4385 ﬁctisque
3447 4326 3637 4385 sermo-

2034 4385 2192 4439 nibus
2221 4383 2460 4454 loquitur
2486 4384 2655 4438 amico
2678 4388 2926 4454 suo,rete
2948 4383 3213 4453 ermiandit
3231 4383 3498 4453 gressibus
3523 4384 3636 4453 ejus

2039 4455 2215 4525 (Prov.
2245 4453 2433 4527 XXIX).
2466 4454 2580 4511 Ubi
2626 4455 2694 4508 D.
2734 4453 3119 4527 iﬂieronymus
3146 4462 3301 4510 notat
3345 4462 3637 4526 utrumque

2035 4526 2232 4598 exponi
2265 4542 2442 4598 posse,
2473 4534 2526 4581 et
2555 4526 2821 4595 gressibus
2853 4526 2991 4598 ejus,
3019 4532 3074 4580 et
3098 4527 3362 4598 gressibus
3388 4528 3522 4598 suis,
3564 4541 3637 4581 ex
