4014 6202
456 290 592 346 1039

1531 273 1810 333 JOANNIS
1846 272 2147 331 CASSIANI
2184 269 2673 329 COLLATIONES.

3622 263 3762 320 1040

452 414 608 483 bens,
654 418 976 485 generatura
1020 408 1091 464 sit
1126 420 1318 463 causas
1358 403 1429 460 ob
1473 418 1607 475 quas
1642 401 1723 458 vel
1773 400 1885 474 ipse
1913 400 2057 458 ultra
2081 404 2134 467 Α
2164 398 2248 455 nis
2262 406 2513 470 tempore
2528 392 3222 467 contempletur.Dumque
3239 404 3297 446 se
3318 388 3391 446 ad
3416 388 3763 447 dulcedinem

451 524 564 565 non
605 507 801 565 debeat
838 501 1133 571 sustineri;
1167 501 1246 559 vel
1281 508 1425 557 certe
1468 497 1785 571 patientiam
1823 495 2054 569 proximi

452 611 643 660 notam
677 618 740 658 ac
765 596 1220 657 deformationem
1242 594 1595 668 impatientia:
1624 609 1740 650 sua:
1767 607 1885 649 esse
1917 606 2057 647 con-

447 697 664 770 jiciens,
691 694 841 751 abire
871 689 1200 765 quandoque
1232 689 1439 746 mavult
1477 703 1643 759 quam
1691 700 1907 757 semper
1937 700 2057 740 nia-

454 790 811 865 gnanimitate
841 788 1060 846 alterius
1088 784 1362 843 sustineri.
1403 787 1540 841 Haec
1579 799 1707 857 ergo
1750 782 1817 839 ab
1854 781 1939 838 his
1965 779 2058 861 qui

455 882 754 941 sodalitatis
782 880 1039 938 affectum
1079 877 1306 951 cupiunt
1351 876 1715 933 inviolabilem
1763 871 2059 938 custodire,

456 993 571 1050 prae
592 975 848 1035 omnibus
877 971 1217 1031 observanda
1247 985 1559 1036 censemus,
1600 977 1660 1025 ut
1688 968 1927 1040 primum
1949 964 2064 1037 qui-

460 1072 693 1128 buslibet
718 1067 924 1142 injuriis
946 1066 1249 1133 lacessitus,
1268 1080 1381 1120 non
1405 1062 1582 1118 solum
1602 1060 1760 1128 labia,
1782 1059 1877 1116 sed
1900 1059 2059 1115 etiam

460 1164 727 1238 profunda
754 1162 989 1234 pectoris
1013 1160 1093 1215 sui
1113 1156 1417 1213 monachus
1438 1152 1723 1225 tranquilla
1748 1150 2057 1219 custodiat;

459 1276 583 1332 quae
622 1268 806 1313 tamen
849 1256 895 1310 si
932 1252 1163 1308 senserit
1212 1250 1292 1305 vel
1338 1250 1574 1305 tenuiter
1625 1245 1791 1302 fuisse
1822 1246 2060 1315 turbata,

459 1364 482 1389 ιι
513 1351 661 1409 omni
693 1348 1052 1418 semetipsum
1081 1343 1446 1401 taciturnitate
1486 1341 1785 1411 contineat,
1826 1348 1882 1397 et
1930 1340 2063 1398 illud

408 1466 411 1467 ν
462 1442 610 1516 quod
652 1440 940 1498 Psalmista
989 1440 1394 1494 commemorat
1439 1434 1734 1506 diligenter
1772 1434 2058 1491 observet:

462 1539 726 1596 Turbatus
753 1551 873 1590 sum
893 1536 1059 1588 etnon
1073 1547 1189 1587 sum
1211 1531 1411 1586 locutus
1441 1529 1666 1601 (Psalm.
1692 1529 1928 1601 Lxxvl).
1957 1532 2023 1583 Et
2048 1548 2059 1584 :

460 1632 612 1694 Diaei,
631 1627 928 1683 custodiam
956 1628 1074 1680 uias
1090 1639 1251 1693 meas,
1269 1628 1330 1678 ut
1353 1638 1457 1678 non
1474 1622 1787 1693 delinquam
1802 1624 1858 1675 in
1879 1622 2065 1689 lingua

460 1738 597 1790 mea,
617 1722 781 1792 posui
805 1721 888 1774 ori
908 1733 1019 1773 meo
1043 1716 1362 1785 custodiam,
1393 1716 1523 1771 dum
1551 1717 1853 1771 consisteret
1875 1730 2061 1785 pecca-

462 1821 547 1871 tor
574 1814 860 1870 adversum
876 1827 990 1878 me;
1018 1811 1280 1874 obmutui,
1298 1813 1348 1865 et
1367 1809 1691 1865 humiliatus
1711 1822 1849 1877 sum,
1876 1812 1929 1863 et
1940 1809 2070 1863 silui

2161 498 2339 549 servat
2374 489 2684 547 concordia:
2714 504 2846 545 mox
2893 486 3110 554 futurae,
3150 482 3582 540 amaritudinem
3622 499 3768 557 prae-

2161 583 2396 641 sentium
2421 598 2533 640 non
2561 582 2761 640 sentiet
2780 581 3115 655 jurgiorum,
3140 584 3191 633 et
3229 577 3302 633 ita
3326 591 3390 633 ea
3416 576 3775 649 potissimum

2162 676 2541 751 respondebit,
2587 694 2618 735 e
2646 677 2845 751 quibus
2872 677 2954 733 vel
2986 692 3018 732 a
3055 674 3350 747 semetipso
3379 689 3508 730 reus
3532 673 3650 732 ﬁeri
3689 676 3776 733 vel

2166 773 2235 830 ab
2275 772 2379 829 alio
2425 771 2768 845 reprehendi,
2810 771 3064 829 restituta
3101 768 3382 837 charitate,
3412 784 3527 824 non
3561 770 3770 841 possit;

2167 869 2352 941 sicque
2386 866 2702 940 adimplehit
2740 864 3117 940 propheticum
3162 861 3301 919 illud
3334 861 3620 934 eloquium
3656 882 3668 919 :
3709 867 3775 922 In

2170 964 2277 1025 ira,
2308 962 2695 1017 misericordia
2722 976 2922 1016 memor
2944 961 3048 1015 eris
3078 957 3351 1030 (Abacuc.
3373 956 3483 1028 nt).

2703 1097 2940 1155 CAPUT
2990 1096 3231 1151 XXVII.

2313 1215 2771 1291 Quemadmodum
2795 1216 2865 1270 sit
2892 1198 3181 1270 iracundia
3205 1213 3627 1284 wmprimeavla.

2242 1340 2517 1397 Cohibere
2558 1356 2689 1414 ergo
2721 1355 2823 1396 nos
2851 1347 3069 1413 Oportet
3104 1354 3295 1396 omnes
3325 1337 3627 1395 iracundia:
3653 1354 3781 1396 mo-

2172 1443 2279 1502 tus,
2308 1442 2363 1490 et
2400 1434 2783 1507 gubernatrice
2829 1432 3151 1490 discretione
3186 1432 3486 1501 moderari,
3519 1449 3591 1490 ne
3620 1433 3676 1489 in
3712 1434 3781 1490 il-

2173 1527 2265 1585 lud
2286 1527 2433 1600 quod
2448 1545 2477 1585 a
2502 1529 2796 1585 Salomone
2814 1526 3129 1598 damnatur,
3157 1528 3427 1600 praecipiti
3452 1528 3638 1584 furore
3658 1544 3782 1602 rap-

2172 1622 2358 1677 temur
2383 1642 2396 1678 :
2425 1615 2452 1653 ¹³
2484 1625 2671 1677 Totam
2702 1626 2843 1678 iram
2870 1639 3023 1678 suam
3057 1623 3281 1694 profert
3307 1624 3519 1685 stultus,
3553 1626 3780 1693 sapiens

2170 1721 2350 1771 autem
2375 1716 2649 1788 dispensat
2669 1733 2771 1787 per
2782 1721 2969 1788 partes
2992 1718 3178 1787 (Prov.
3210 1716 3377 1786 xxxx)
3398 1736 3410 1767 :
3431 1715 3486 1772 id
3505 1724 3610 1785 est,
3629 1715 3783 1772 stul-

2171 1817 2262 1865 tus
2317 1808 2538 1882 quidem
2590 1809 2659 1867 ad
2719 1810 2984 1866 ultionem
3038 1810 3155 1880 sui,
3214 1810 3312 1866 im
3363 1808 3783 1883 perturbatione

460 1926 495 1965 a
526 1909 671 1965 bonis
708 1906 875 1976 (Psal.
919 1904 1187 1975 xxxm);
1231 1917 1332 1958 nec
1361 1908 1687 1975 praesentem
1714 1900 2062 1976 considerans
2091 1902 2137 1963 B
2171 1901 2541 1971 succenditur,
2591 1902 2809 1975 sapiens
2848 1912 3033 1960 autem
3072 1903 3334 1976 paulatim
3380 1918 3494 1959 eam
3532 1901 3779 1958 maturi-

460 2010 685 2069 statum,
716 2016 777 2056 ea
802 1996 1045 2072 proferat
1069 2012 1191 2069 quae
1223 1994 1289 2053 ad
1319 1994 1516 2053 horam
1548 1993 1899 2051 turbulentus
1926 2009 2060 2067 sug-

461 2098 602 2171 gerit
642 2093 820 2162 furor,
861 2092 1139 2163 dictatque
1183 2090 1402 2145 animus
1438 2092 1808 2160 exasperatus,
1841 2085 1937 2143 sed
1980 2087 2061 2142 vel

460 2189 664 2247 recolat
689 2185 920 2262 gratiam
950 2183 1236 2257 praeteritae
1263 2181 1563 2250 cbaritatis,
1589 2179 1670 2236 vel
1696 2178 2063 2237 reformandaz

462 2283 605 2356 pacis
650 2278 1170 2351 redintegrationem
1215 2284 1399 2331 mente
1441 2274 1759 2347 prospiciat,
1810 2289 2063 2346 eamque,

463 2376 610 2433 velut
638 2373 895 2430 continuo
926 2384 1297 2437 reversuram,
1325 2367 1491 2424 etiam
1515 2367 1570 2422 in
1597 2367 1716 2439 ipso
1743 2367 2067 2422 commotio-

2170 2004 2280 2051 tate
2328 1994 2542 2052 consilii
2586 2012 2650 2052 ac
2686 1995 3082 2054 moderationis
3118 2003 3387 2052 extenuat
3432 2003 3487 2051 et
3528 1994 3774 2066 expellit.

2171 2089 2303 2144 Tale
2330 2096 2413 2144 est
2438 2096 2493 2147 et
2522 2087 2655 2145 illud
2680 2088 2831 2162 quod
2866 2089 2934 2145 ab
2964 2089 3230 2162 Apostolo
3260 2087 3484 2155 dicitur,
3524 2091 3640 2144 Non
3660 2103 3781 2142 eos-

2171 2184 2421 2251 metipsos
2440 2184 2827 2249 cvindicantes,
2863 2184 3187 2248 charissimi,
3219 2184 3312 2237 sed
3340 2183 3471 2238 date
3493 2182 3664 2237 locum
3684 2183 3779 2237 ira:

2174 2277 2364 2341 (Rom.
2396 2279 2536 2345 xu):
2566 2275 2625 2333 id
2652 2284 2754 2345 est,
2782 2291 3125 2349 nequaquam
3149 2275 3220 2332 ad
3232 2275 3530 2331 vindictam
3562 2276 3778 2331 iracun-

2172 2366 2257 2423 dia
2288 2378 2516 2442 cogente
2542 2368 2805 2440 tendatis,
2834 2368 2931 2427 sed
2952 2370 2978 2406 ά
3002 2368 3129 2426 date
3160 2369 3344 2425 locum
3378 2368 3477 2425 ira:
3507 2389 3519 2424 :
3545 2368 3648 2424 hoc
3671 2375 3775 2436 est,

1560 2473 1816 2529 ALARDI
1855 2473 2075 2528 ΕΑΖᾸΞΙ
2116 2473 2674 2534 COMMENTARIUS.

460 2592 635 2658 magis
651 2603 810 2658 quam
826 2585 1198 2658 discindendw
1209 2587 1362 2650 sunt;
1381 2585 1491 2637 nisi
1503 2578 1974 2658 quddamadmod
1980 2595 2067 2632 um

462 2655 816 2716 intolerabilis
833 2658 1099 2713 erarserit
1120 2657 1349 2725 injuria,
1376 2659 1437 2709 ut
1465 2667 1633 2723 neque
1660 2655 2065 2725 rectumneque

460 2733 729 2787 honestum
746 2733 837 2794 sit,
867 2743 1036 2799 neque
1059 2723 1182 2797 ﬁeri
1185 2729 1358 2798 possit
1386 2730 1447 2780 ut
1466 2741 1572 2780 non
1596 2724 1783 2779 statim
1807 2723 2065 2776 alienatio

382 2866 403 2873 I
461 2804 851 2873 disjunctioque
875 2799 1131 2868 facienda
1158 2801 1249 2854 sit.
1264 2800 1372 2873 Sin
1393 2801 1574 2873 autem
1588 2799 1698 2873 aut
1721 2808 1932 2873 morum
1969 2800 2067 2873 aut

461 2865 1110 2929 stu'diorum'commutatio
1121 2870 1371 2938 quaedam
1390 2871 1469 2935 (ut
1480 2868 1598 2936 ﬁeri
1604 2865 1752 2935 solet)
1767 2866 1921 2938 facta
1937 2866 2061 2938 erit,

461 2945 757 2998 carendum
774 2958 840 2995 ne
859 2957 963 2995 non
977 2935 1147 2994 solum
1170 2941 1422 2992 amicitia:
1452 2935 1725 3005 depositae,
1757 2935 1850 2990 sed
1875 2936 2065 2988 inimi-

462 3016 604 3067 citiw
645 3015 806 3065 etiam
832 3013 1091 3077 suscepta:
1132 3009 1448 3072 vidcantur;
1490 3005 1630 3077 nihil
1672 3007 1814 3077 enim
1848 3008 2062 3075 turpius

463 3097 627 3151 quam
648 3096 767 3133 cum
786 3095 847 3151 eo
878 3075 1070 3133 bellum
1090 3093 1270 3146 gerere
1298 3092 1523 3151 quocum
1545 3075 1905 3151 familiariter
1923 3079 2065 3151 uipe-

460 3148 558 3204 ris.
589 3150 891 3206 Cavendum
910 3163 1033 3202 vero
1061 3153 1137 3202 est
1158 3162 1225 3202 ne
1251 3150 1414 3202 etiam
1440 3148 1500 3202 in
1521 3162 1706 3216 graves
1734 3149 2056 3202 inimicitias

462 3223 769 3275 convertant
808 3235 861 3275 se
900 3220 1170 3287 amicitice,
1201 3235 1226 3273 c
1266 3219 1461 3289 quibus
1492 3218 1708 3289 jurgia,
1745 3218 2060 3289 maledicta,

463 3289 790 3347 contumeliae
807 3293 1136 3360 gignuntur;
1160 3286 1292 3360 qua;
1301 3296 1477 3345 tamen
1496 3286 1549 3345 si
1570 3286 1866 3360 telerabiles
1879 3292 2062 3360 erunt,

462 3362 699 3430 ferenda:
717 3358 845 3417 sunt
856 3358 882 3428 ς’
899 3366 948 3417 et
970 3362 1057 3416 hic
1080 3358 1238 3418 honos
1266 3365 1434 3418 veteri
1460 3362 1723 3418 amicitia:
1747 3358 2060 3414 tribuendus

462 3439 559 3501 est,
584 3437 646 3488 ut
676 3435 721 3486 is
744 3434 803 3487 in
831 3434 991 3503 culpa
1007 3434 1078 3488 sit
1096 3436 1191 3503 qui
1208 3435 1402 3502 faciat,
1424 3451 1529 3488 non
1545 3433 1643 3503 qui
1658 3432 1911 3503 patiatur
1926 3430 2062 3503 inju-

460 3500 621 3576 riam.
655 3503 886 3576 Hancine
907 3500 926 3557 ς’
944 3500 1160 3576 qumfin
1182 3500 1447 3576 plerisque
1469 3500 1685 3571 saltem,
1707 3517 1739 3557 a
1759 3500 2059 3558 Christiana

462 3573 808 3646 philosophia
831 3590 947 3630 non
960 3573 1249 3646 dissident.

533 3656 558 3682 ιι
588 3640 874 3717 Optimum
903 3659 1029 3700 sane
1062 3644 1350 3717 consilium
1385 3660 1416 3717 a
1444 3643 1538 3717 SS.
1585 3640 1842 3717 Patribus
1876 3641 2060 3717 itidem

463 3711 932 3791 commendatum,
975 3722 1036 3770 ut
1069 3715 1310 3771 convicio
1330 3714 1419 3791 vel
1451 3713 1556 3791 alia
1586 3711 1781 3791 injuria
1830 3712 2061 3791 lacessiti

464 3789 707 3861 linguam
731 3787 1126 3861 contineamus,
1145 3792 1219 3861 ⁵οἱ
1243 3784 1385 3861 taciti
1412 3782 1729 3861 patientiam
1755 3781 1945 3861 animo
1975 3798 2060 3861 re-

461 3851 730 3915 tineamus
755 3880 770 3927 ;
795 3855 1259 3929 quemadmodum
1296 3855 1362 3913 de
1404 3851 1501 3912 SS.
1544 3851 1874 3923 martyribus
1911 3853 2061 3909 canit

462 3929 699 3987 Ecclesia
728 3948 740 3983 :

619 4043 887 4094 szluntur
913 4042 1083 4107 gladiis
1103 4056 1239 4093 more
1271 4040 1537 4107 bidentium
1560 4058 1574 4102 ;

618 4111 727 4158 Non
758 4104 980 4155 murmur
1002 4108 1215 4167 resonat,
1241 4118 1336 4155 non
1356 4104 1660 4167 querimonia

617 4169 711 4221 Sed
738 4169 884 4219 corde
903 4168 1046 4218 tacito
1071 4182 1209 4217 mens
1231 4168 1349 4218 bene
1372 4167 1579 4219 conscia.

744 4233 1011 4281 Conservat
1035 4231 1332 4295 patientiam.

461 4358 516 4430 S.
560 4354 890 4430 Ambrosius
924 4355 1113 4430 lib.__11
1141 4355 1224 4430 de
1267 4355 1473 4430 Ofﬁciis
1518 4358 1669 4430 (Cap.
1715 4364 1747 4414 2
1784 4364 1834 4415 et
1878 4358 2054 4428 seq.):

464 4426 709 4498 Quando,
742 4424 939 4494 inquit,
969 4426 1172 4498 aliquis
1186 4427 1343 4498 nobis
1361 4424 1707 4493 conviciatur,
1738 4424 1963 4498 lacessit,
1986 4424 2061 4485 ad

459 4494 769 4547 violentiam
787 4498 1056 4562 provocat,
1083 4495 1157 4547 ad
1165 4495 1413 4565 jurgium
1433 4505 1604 4563 vocat,
1635 4506 1759 4555 tunc
1787 4494 2057 4556 silentium

461 4579 816 4628 exerceamus,
841 4568 964 4617 tunc
978 4566 1117 4618 muti
1135 4567 1259 4632 ﬁeri
1274 4582 1376 4620 non
1400 4570 1783 4624 erubescamus.
1806 4576 2057 4627 Peccator

460 4638 604 4708 enim
631 4640 726 4700 est,
755 4636 975 4708 quinos
994 4640 1264 4708 provocat,
1294 4640 1393 4706 qui
1414 4638 1676 4707 injuriam
1700 4643 1857 4708 facit,
1889 4646 1944 4696 et
1962 4659 2054 4699 nos

457 4707 659 4765 similes
689 4711 780 4763 sui
791 4709 912 4779 ﬁeri
938 4707 1235 4763 desiderat.
1268 4710 1510 4779 Denique
1528 4712 1580 4765 si
1596 4707 1792 4776 taceas,
1813 4714 1864 4767 si
1890 4714 2053 4769 dissi-

457 4783 645 4871 mules,
688 4778 1020 4871 solet‘dlcere
1050 4797 1079 4871 τι
1093 4778 1235 4847 Quid
1277 4778 1455 4871 taces?
1492 4782 1734 4871 loquere,
1775 4786 1832 4868 si
1846 4785 2051 4871 "audes.
2082 4807 2134 4871 Ι)

457 4853 563 4928 Sed
602 4867 709 4906 non
735 4852 921 4928 audes,
964 4855 1144 4928 mutus
1182 4867 1264 4928 es,
1290 4852 1553 4922 elinguem
1593 4858 1643 4909 te
1679 4856 1806 4923 feci.
1840 4856 1905 4913 Si
1930 4872 2054 4928 ergo

457 4926 669 4993 taceas,
691 4923 814 4988 plus
866 4926 1181 4993 rumpitur:
1209 4925 1405 4978 rictum
1438 4940 1494 4980 se
1530 4931 1768 4993 reputat,
1808 4923 2051 4993 irrisum,

450 4989 821 5069 posthabitam
837 4989 1007 5069 atquew
1020 4992 1259 5047 illusum.
1286 4997 1348 5051 Si
1366 4989 1703 5067 respondeas,
1728 4989 2054 5069 superiorem

454 5060 508 5119 Sc
529 5063 735 5132 factum
764 5060 1091 5125 arbitratur,
1115 5079 1244 5131 quia
1266 5060 1467 5134 parem
1480 5060 1704 5126 invenit.
1723 5060 1942 5127 Si‘enim
1965 5078 2055 5127 ta-

454 5134 846 5213 ceas,_dicetur
875 5151 891 5186 :
935 5134 1028 5213 Ille
1071 5137 1393 5213 conuiuatus
1421 5142 1498 5192 est
1545 5140 1707 5213 huic,
1738 5145 2054 5213 contempsit

450 5209 568 5263 iste.
594 5206 656 5263 Si
680 5207 888 5273 referas
907 5205 1301 5269 contumeliam,
1319 5206 1524 5263 dicetur
1547 5228 1563 5263 :
1579 5205 1749 5267 Ambo
1765 5205 2055 5271 conviciati

450 5282 597 5354 sunt.
638 5281 888 5354 Uterque
909 5276 1309 5354 condemnatur,
1344 5286 1538 5354 neuter
1553 5282 1874 5354 absolvitur.
1902 5286 2049 5354 Ergo

451 5350 598 5421 illius
636 5354 711 5404 est
736 5348 998 5415 studium,
1014 5351 1084 5421 ut
1115 5349 1308 5412 irritet,
1332 5355 1391 5403 ut
1411 5352 1618 5405 similia
1646 5352 1730 5407 illi
1751 5353 1960 5421 loquar,
1984 5348 2048 5411 ut

447 5420 655 5497 similia
664 5436 853 5497 agam.
877 5420 1020 5497 Iusti
1037 5424 1220 5473 autem
1238 5424 1315 5497 est
1329 5420 1698 5497 dissimulare,
1717 5420 1855 5497 nihil
1873 5426 2043 5497 loqui,

450 5493 621 5543 tenere
647 5492 884 5565 fructum
910 5492 1061 5565 bona:
1081 5492 1426 5560 conscientiae,
1451 5492 1577 5562 plus
1597 5492 2041 5555 committere—b0;

448 5574 637 5633 norum
642 5560 869 5633 judicio,
897 5562 1059 5632 quam
1085 5564 1419 5619 eruninantis
1443 5560 1758 5633 insolentia,
1786 5577 1888 5625 etc.
1919 5572 2041 5626 Hoc

446 5625 1102 5710 eodem’remedidusam
1119 5632 1303 5710 fuisse
1331 5635 1387 5689 in
1412 5635 1643 5710 aliorum
1666 5625 1866 5710 jurgiis
1892 5625 2041 5696 Pati;

446 5697 574 5777 iam;
593 5696 1097 5777 Rprnanarntradit
1119 5706 1189 5777 ξ).
1220 5704 1592 5777 Hieronymus
1630 5696 1686 5761 iri
1714 5696 1941 5777 epistola
1970 5710 2038 5767 ad

443 5762 806 5833 Eustochium
829 5782 841 5817 :
860 5769 928 5840 _Si
960 5771 1310 5840 q_uando,ait,
1327 5762 1606 5839 procacior
1625 5762 1821 5840 fuisset
1840 5762 2037 5835 intimi:

443 5841 608 5902 cus,et
622 5850 788 5905 usque
802 5835 876 5889 ad
887 5835 1369 5906 verborumjurgia
1381 5835 1720 5908 prostitisset,
1730 5847 1865 5902 illud
1873 5852 2036 5918 psal-

2177 2582 2304 2634 terii
2329 2582 2686 2640 decantabat:
2716 2585 2845 2643 Cum
2862 2586 3165 2641 consisteret
3182 2583 3475 2638 adversum
3499 2598 3583 2637 me
3599 2597 3777 2653 pecca-

2176 2653 2281 2723 tor,
2307 2654 2566 2719 obmutui,
2586 2660 2635 2711 et
2659 2657 2791 2712 silui
2814 2674 2848 2712 a
2875 2658 3041 2723 bonis,
3072 2664 3175 2711 etc.
3209 2655 3380 2723 (Psal.
3418 2656 3703 2723 xxxvm).

2245 2722 2371 2797 b_lta
2399 2727 2634 2783 correxit
2660 2728 2947 2784 Ciaconius
2983 2722 3049 2782 ex
3077 2722 3275 2797 (Erectio
3294 2734 3354 2797 et
3386 2724 3649 2797 Dionysio
3667 2722 3775 2795 pa—

2174 2793 2486 2877 Eapbraste,
2535 2814 2663 2854 cum
2714 2798 2770 2854 in
2821 2798 3075 2877 antiquis.
3111 2796 3394 2877 codicibus
3441 2793 3708 2877 legeretur
3756 2813 3769 2877 ξ

2179 2866 2362 2951 ilo-tam
2377 2869 2698 2951 iramsuam
2712 2872 2930 2951 profert
2939 2865 3157 2951 impius:
3175 2867 3272 2951 Qui
3293 2865 3611 2951 correctioni
3632 2865 3777 2922 favet

2174 2937 2394 3011 vulgata
2423 2938 2601 3007 lectio,
2627 2937 2752 3011 quae
2781 2937 2857 2996 sic
2890 2937 3074 3005 habet,
3110 2943 3295 2995 Totum
3324 2941 3589 3008 spiritum
3617 2953 3772 2992 suum

2166 3010 2379 3082 profert
2394 3011 2593 3066 stultus
2615 3010 2862 3082 :sapicns
2877 3012 3079 3081 differt,
3107 3016 3167 3082 et
3184 3014 3422 3066 reservat
3437 3012 3496 3063 in
3506 3015 3774 3082 posterum

2173 3078 2357 3161 (“Pro-c.-
2374 3082 2536 3161 xxiii)
2546 3125 2556 3136 .
2566 3078 2737 3161 Cujus
2748 3078 3039 3161 senteptiag
3046 3097 3113 3161 ex
3124 3081 3173 3153 pl
3181 3082 3477 3138 icationem
3482 3078 3680 3161 {quam
3690 3079 3777 3136 af-

2171 3144 2279 3230 ξεττ
2306 3151 2390 3230 hic
2425 3144 2805 3230 abbasLetiam
2831 3170 2861 3210 a
2888 3156 2959 3210 D.
2994 3144 3335 3230 Hiq'onymo
3361 3144 3771 3230 estinntuatus.

2173 3218 2264 3275 Sic
2293 3222 2453 3297 enim
2499 3226 2568 3297 D.
2592 3218 2974 3297 Hieronymus
3012 3243 3025 3280 :
3081 3218 3269 3297 Totu'm
3310 3226 3568 3294 spiritum
3616 3238 3774 3278 suum

2167 3294 2381 3366 profert
2401 3296 2599 3352 stultus
2623 3315 2639 3350 :
2656 3294 2995 3366 impatientia
3008 3295 3316 3366 impellente
3333 3298 3538 3363 agitur,
3554 3300 3616 3347 ut
3628 3299 3774 3366 totus

2173 3362 2315 3438 foris
2330 3368 2557 3434 spiritus
2576 3362 2915 3438 proferatur.
2933 3362 3304 3435 Queniidciroo
3318 3362 3476 3420 cilius
3488 3365 3777 3436 perturba-

2173 3435 2247 3508 tio
2267 3435 2316 3508 ej
2321 3438 2431 3499 icit,
2454 3435 2751 3507 quianulla
2767 3441 2924 3495 citius
2944 3438 3235 3508 disciplina
3253 3435 3531 3506 sumentur:
3547 3438 3773 3491 circum-

2173 3506 2359 3561 cludit.
2376 3506 2604 3577 Sapiens
2624 3515 2803 3564 autem
2822 3511 3025 3579 differt,
3056 3506 3159 3564 e'tc.
3187 3512 3369 3564 Laesus
3390 3511 3532 3562 enim.
3556 3510 3610 3561 in
3627 3523 3774 3578 prie-

2173 3591 2293 3630 sens
2317 3593 2372 3632 se
2390 3580 2579 3635 ulcisci
2593 3596 2699 3635 non
2714 3581 3004 3648 desiderat,
3026 3584 3160 3650 quia
3183 3583 3347 3634 etiam
3363 3581 3602 3633 tolerans
3616 3579 3777 3648 parci

2174 3652 2356 3716 Optat;
2379 3650 2472 3704 sed
2487 3655 2665 3705 tamen
2678 3652 2953 3707 vindicari
2976 3653 3157 3706 omnia
3181 3654 3416 3705 extremo
3430 3650 3654 3719 judicio
3670 3665 3774 3703 non

2173 3719 2588 3786 ignorat-Hunc
2612 3723 2781 3777 locum
2805 3725 3037 3791 antiqua
3057 3722 3337 3776 translatio
3348 3723 3423 3773 sic
3440 3721 3600 3791 habet
3621 3738 3639 3772 :
3670 3722 3773 3773 To-

2174 3792 2285 3842 tam
2306 3791 2447 3844 iram
2465 3806 2619 3846 suam
2639 3794 2857 3862 profert
2881 3788 3111 3863 impius:
3134 3793 3521 3863 sapiensautem
3537 3788 3769 3857 dimen-

2173 3864 2260 3932 sat
2276 3876 2377 3929 per
2392 3866 2576 3932 partes
2600 3882 2616 3916 :
2638 3860 2770 3932 quia
2786 3860 3051 3918 nimirum
3069 3860 3261 3919 stultus
3277 3860 3347 3914 ad
3365 3860 3622 3932 ultionem
3646 3863 3762 3924 sui,

2171 3930 2269 3984 ira:
2279 3930 3029 4000 perturbatioriesuccenditur
3041 3953 3057 4001 ;
3068 3935 3277 4005 sapiens
3296 3937 3472 4005 autem
3491 3930 3775 4000 paulatim

2174 4018 2292 4055 eam
2310 4007 2654 4127 [maturitate
2680 4007 2893 4061 consilii
2914 4023 2977 4063 ac
3012 4004 3399 4062 moderationis
3437 4007 3693 4059 externati
3719 4007 3775 4057 ct

2174 4086 2306 4127 carne
2353 4094 2371 4127 ι
2401 4117 2414 4127 .

2174 4076 2414 4131 eJrJeIlit.

2238 4091 2267 4178 ί
2297 4146 2487 4228 Gyeece
2525 4147 2877 4231 txctxoﬁvrej,
2927 4148 2981 4205 id
3021 4155 3133 4216 est,
3182 4147 3536 4229 ulciscentes,
3573 4145 3775 4231 scilicet

2173 4222 2393 4289 propria
2417 4222 2760 4276 auctoritate.
2806 4222 2908 4276 Pro
2934 4236 3046 4289 quo
3070 4227 3255 4276 noster
3295 4222 3565 4289 interpres
3592 4222 3773 4279 vertit.

2171 4287 2536 4360 defendentes,
2565 4306 2665 4346 nec
2685 4290 2844 4347 male.
2871 4287 3018 4347 Solet
3042 4291 3188 4347 enim
3207 4291 3261 4345 in
3280 4287 3577 4360 Scripturis
3595 4297 3651 4344 et
3672 4303 3773 4345 usu

2169 4358 2437 4433 Ecclesiae
2462 4363 2748 4430 defendere
2780 4362 2907 4433 poni
2936 4377 3033 4433 pro
3074 4361 3284 4417 ulcisci.
3320 4358 3459 4416 Psal.
3496 4373 3656 4433 vin:
3688 4361 3772 4433 ⁸[τι

2169 4429 2414 4504 destruas
2438 4435 2710 4487 inimicum
2734 4429 2792 4488 et
2808 4429 3054 4497 ultorem,
3077 4448 3172 4504 pro
3202 4447 3312 4503 quo
3334 4429 3774 4504 Augustinusle-

2168 4498 2265 4570 git,
2292 4502 2642 4576 defensorem.
2674 4508 2739 4558 Et
2765 4520 2862 4575 pro
2887 4518 2951 4560 eo
2982 4498 3132 4576 quod
3160 4498 3518 4576 Apocalypsis
3553 4516 3611 4556 vr
3632 4498 3772 4556 dici-

2165 4577 2256 4626 tur
2282 4590 2295 4626 :
2332 4574 2624 4644 Usquequo,
2641 4574 2878 4638 Doniine,
2904 4574 3267 4645 izonjudicas,
3295 4578 3347 4628 et
3372 4574 3611 4627 vindicas
3629 4586 3768 4645 san-

2164 4644 2378 4711 guinem
2405 4640 2686 4703 nostrum?
2722 4646 2958 4702 Ecclesia
2989 4640 3142 4702 canit
3173 4663 3185 4699 ί
3216 4648 3497 4715 Usquequo
3529 4657 3629 4696 non
3651 4640 3759 4695 de-

2162 4715 2346 4787 fendis
2368 4720 2684 4787 sanguinem
2710 4722 2949 4773 nostrum
2965 4721 2992 4772 ?
3016 4725 3119 4772 etc.

2233 4773 2441 4872 dSicut
2462 4773 2543 4872 in“
2562 4789 2841 4872 inferenda
2883 4788 3083 4872 injuria
3122 4789 3227 4871 tria
3254 4782 3585 4872 epnsidegari
3617 4796 3764 4872 p287

2165 4866 2314 4939 sunt,
2342 4859 2421 4942 ira
2460 4859 2773 4942 inferentis,
2802 4854 3024 4942 ira'ejus
3064 4860 3157 4942 qui
3190 4860 3500 4942 patitur,_et
3528 4854 3633 4911 ira

2165 4930 2257 4999 qui
2304 4929 2631 4997 offenditur;
2664 4924 3039 5001 ita'tripliciter
3079 4924 3209 4986 harie-
3234 4929 3503 5001 sententia
3530 4924 3772 4999 exponi-

2163 5006 2256 5073 tur
2284 5017 2313 5055 a
2354 5003 2621 5058 Patribus.
2656 5005 2739 5058 De
2775 4999 2852 5056 ira
2878 5002 3113 5073 propria,
3142 5010 3202 5057 ut
3224 5016 3417 5057 sensus
3446 4999 3545 5067 sit,
3570 5001 3767 5055 Locum

2165 5072 2290 5125 date
2315 5076 2432 5137 ircc,
2456 5073 2507 5128 id
2529 5082 2630 5138 est,
2659 5073 2740 5129 ira
2778 5080 2951 5128 vestra
2978 5072 3135 5129 facile
3174 5080 3419 5127 transeat
3449 5079 3505 5126 et
3538 5080 3769 5124 evanes-

2162 5150 2273 5208 cat,
2306 5144 2451 5200 sicut
2478 5142 2657 5201 fumus
2687 5145 2932 5215 protinus
2958 5143 3250 5215 evanescit.
3271 5148 3378 5215 ,De
3406 5142 3625 5215 aliena:
3659 5139 3773 5192 Lo-

2159 5224 2277 5285 cum
2311 5216 2434 5270 date
2462 5219 2572 5285 irae,
2599 5216 2654 5272 id
2683 5212 2783 5282 est,
2818 5215 3046 5272 libenter
3067 5214 3240 5271 cedite
3270 5213 3489 5270 homini
3509 5212 3776 5285 irato,_-et

2158 5284 2279 5355 ejus
2331 5280 2707 5343 inﬁrmitatem
2758 5280 3047 5355 sustinete,
3077 5294 3138 5342 ut
3172 5285 3301 5341 alibi
3348 5286 3427 5341 ait
3466 5280 3781 5355 Apostolus

2159 5351 2331 5429 (Rom.
2363 5357 2487 5425 xv).
2519 5358 2805 5429 Duplicem
2842 5357 2989 5414 hunc
3016 5351 3236 5429 sensum
3255 5355 3427 5429 tradit
3471 5351 3779 5429 bic_abb_as

2151 5421 2373 5499 Joseph.
2405 5421 2477 5504 At
2502 5421 2933 5504 Chr'ysostomus
2980 5438 3034 5487 et
3073 5428 3162 5504 alii
3205 5426 3274 5504 ad
3300 5425 3587 5504 iram__pei
3619 5421 3778 5504 refe-

2151 5493 2303 5554 runt-
2314 5508 2368 5572 et
2396 5500 2476 5556 sic
2508 5493 2788 5572 exponunt
2817 5517 2831 5554 :
2864 5503 3057 5556 Locum
3085 5501 3211 5572 date
3238 5502 3354 5563 ira,
3385 5495 3593 5572 scilicet
3615 5493 3782 5549 divi-

2149 5584 2257 5639 nae,
2309 5571 2361 5628 id
2395 5579 2504 5639 est,
2537 5565 2829 5643 relinquite
2868 5574 2986 5628 Deo
3018 5571 3285 5643 ultionem
3327 5577 3381 5625 et
3421 5565 3778 5643 vindictam.

2148 5636 2406 5716 Numqui
2432 5636 2809 5716 se’ulcisci'tur,
2843 5657 2953 5699 non
2986 5641 3271 5716 permittit,
3312 5654 3414 5716 nec
3437 5636 3781 5716 datiocugn

2146 5712 2245 5785 ira:
2274 5707 2499 5783 divinae,
2525 5714 2619 5771 sed
2647 5707 3003 5785 praeoccupat
3015 5723 3069 5770 et
3094 5712 3405 5768 antevertit.
3436 5707 3605 5785 [Inde
3630 5707 3787 5762 sub-

2143 5782 2225 5838 dit
2246 5781 2545 5856 Apostolus
2569 5805 2580 5841 :
2603 5781 2871 5855 Scriptum
2887 5781 2966 5843 est
2983 5789 3122 5842 enim
3141 5803 3157 5840 :
3176 5785 3314 5841 Mihi
3330 5781 3597 5849 vindicta,
3623 5785 3744 5834 etc.
3759 5797 3780 5848 ;

2145 5855 2389 5924 quod’de
2422 5860 2541 5913 Dee
2570 5856 2908 5927 intelligitur.
