4014 6202
266 328 385 383 1041

1357 326 1695 385 COLLATIO
1734 329 1870 385 XVI.
1910 357 1980 368 —
2020 328 2108 384 DE
2145 329 2470 386 AMICITIA.

3435 332 3569 386 i042

259 467 366 511 non
388 451 500 509 sint
522 452 686 508 corda
711 459 888 507 vestra
916 450 996 507 sic
1018 450 1375 524 impatientite
1408 468 1471 508 ac
1501 450 1852 524 pusillanimi-
1885 457 1939 519 Α
1969 457 2074 509 tem
2103 454 2456 523 ignominiam
2482 458 2641 511 suam
2662 457 2872 511 astutus
2904 453 3083 526 (Prov.
3108 453 3243 521 ΧΠ).
3262 456 3390 510 Non
3421 453 3568 509 enim

262 548 386 605 tatis
409 546 669 621 angustiis
706 553 1001 616 coarctata,
1031 555 1096 603 ut
1124 546 1420 604 violentam
1458 548 1859 605 commotionis

260 640 569 714 procellam,
598 655 724 697 cum
758 639 1009 712 irruerit,
1036 639 1301 698 sustinere
1337 655 1450 697 non
1476 640 1720 712 possint;
1761 640 1856 698 sed

257 733 557 792 dilatamini
586 734 643 790 in
676 734 932 792 cordibus
958 735 1172 804 vestris,
1203 733 1561 807 suscipientes
1597 732 1857 792 adversos

260 827 552 886 iracundia:
583 827 783 886 ﬂuctus
811 829 868 884 in
908 828 1012 885 illis
1040 829 1274 886 extentis
1297 828 1510 886 sinibus
1548 828 1856 900 charitatis,

256 937 381 995 quae
409 922 598 978 omnia
638 920 858 991 suffert,
889 922 1075 979 omnia
1103 922 1332 980 sustinet
1360 923 1405 995 (I
1429 924 1551 982 Cor.
1583 927 1727 992 xm)
1752 942 1769 979 :
1800 932 1858 980 et

256 1014 328 1071 ita
360 1030 516 1071 mens
556 1024 732 1072 vestra
780 1015 1139 1088 amplitudine
1174 1016 1607 1090 longanimitatis
1650 1032 1714 1073 ac
1755 1030 1856 1089 pa-

256 1108 458 1165 tientiae
504 1108 742 1180 dilatata,
792 1108 988 1167 habeat
1017 1111 1073 1167 in
1110 1125 1169 1167 se
1199 1110 1556 1168 consiliorum
1594 1110 1855 1168 salutares

252 1216 529 1266 recessus,
576 1203 633 1257 in
677 1201 877 1274 quibus
929 1212 1176 1276 receptus
1226 1203 1635 1277 quodammodo
1694 1211 1856 1276 atque

253 1292 492 1350 diffusus
525 1294 839 1350 tcterrimus
875 1294 1170 1351 iracundiae
1205 1294 1395 1353 fumus
1445 1296 1693 1370 protinus
1728 1312 1853 1354 eva—

247 1397 454 1447 nescat.
499 1389 597 1446 Vel
627 1398 771 1445 certe
809 1389 883 1445 ita
913 1390 1329 1464 intelligendum
1367 1398 1449 1449 est
1479 1411 1491 1447 :
1524 1396 1736 1449 Damus
1764 1392 1847 1448 lo-

248 1498 374 1539 cum
404 1483 523 1552 irte,
548 1483 799 1554 quotiens
826 1484 1192 1539 commotioui
1208 1482 1436 1540 alterius
1457 1483 1654 1541 humili
1686 1492 1851 1557 atque

246 1575 540 1647 tranquilla
571 1581 754 1633 mente
774 1577 1204 1647 succumbimus,
1230 1585 1286 1635 et
1317 1577 1731 1650 quodammodo
1758 1577 1852 1635 di-

245 1684 383 1743 gnos
428 1684 530 1725 nos
567 1669 810 1741 qualibet
848 1670 1049 1743 injuria
1094 1671 1447 1743 proﬁtentes,
1496 1671 1852 1744 impatientia:

243 1764 489 1836 saevienti
536 1764 913 1837 obsequimur.
964 1766 1239 1823 Caterum
1276 1765 1332 1822 hi
1383 1765 1476 1839 qui
1511 1764 1583 1821 ita
1627 1780 1853 1822 sensum

1965 546 2383 621 ignominiosam
2410 547 2702 606 iracundiae
2729 546 3037 620 passionem
3063 547 3136 603 ita
3174 563 3205 604 a
3233 544 3569 619 sapientibus

1966 642 2226 700 occultari
2253 642 2453 701 debere
2477 640 2759 711 decernit,
2797 652 2861 700 ut
2888 641 3187 699 iracundia:
3231 640 3567 698 velocitatem

1964 736 2212 809 culpans,
2238 752 2355 794 non
2373 736 2663 810 prohibeat
2689 735 3002 807 tarditatem
3037 754 3051 790 :
3084 751 3252 809 quam
3278 736 3488 806 utique,
3517 733 3566 791 si

1965 844 2061 902 per
2086 830 2475 887 necessitatem
2500 828 2761 887 humana:
2790 827 3125 885 inﬁrmitatis
3154 827 3403 891 irruerit,
3438 825 3566 901 ideo

1963 924 2174 981 censuit
2209 922 2624 993 occultandam,
2659 931 2721 979 ut
2758 922 2894 980 dum
2926 921 2995 978 ad
3024 936 3266 994 praesens
3298 918 3567 991 sapienter

1962 1017 2256 1090 obtegitur,
2288 1020 2345 1074 in
2388 1025 2709 1090 perpetuum
2738 1016 3000 1074 deleatur.
3036 1018 3171 1072 Haec
3197 1012 3343 1070 enim
3371 1018 3568 1069 natura

1962 1119 2046 1168 est
2086 1111 2202 1175 iraa,
2234 1118 2295 1166 ut
2320 1109 2482 1167 dilata
2523 1112 2834 1183 languescat
2861 1118 2915 1166 et
2944 1116 3160 1181 pereat,
3192 1106 3400 1180 prolata
3431 1120 3568 1175 vero

1963 1203 2134 1277 magis
2159 1203 2440 1276 magisque
2460 1203 2783 1275 conﬂagret.
2810 1200 3099 1258 Dilatanda
3125 1215 3254 1271 ergo
3279 1208 3438 1271 atque
3456 1212 3568 1255 am-

1961 1294 2179 1368 plianda
2216 1303 2346 1352 sunt
2383 1303 2639 1368 pectora,
2673 1310 2742 1352 ne
2794 1294 3061 1367 angustiis
3108 1290 3568 1365 pusillanimitatis

1960 1397 2191 1458 arctata,
2214 1388 2513 1445 iracundiae
2541 1387 2868 1443 turbulentis
2892 1385 3115 1443 aestibus
3145 1371 3491 1456 oppleantur,
3512 1389 3570 1438 et

1939 1486 2195 1558 .recipere
2231 1484 2550 1542 'secundum
2618 1483 2939 1556 prephetam
2987 1482 3120 1538 illud
3169 1480 3338 1536 nimis
3396 1479 3571 1534 latum

1959 1578 2280 1637 mandatum
2313 1578 2409 1634 Dei
2433 1585 2665 1650 augusto
2694 1575 2859 1634 corde
2889 1588 3241 1647 nequeamus,
3268 1588 3369 1629 nec
3388 1571 3572 1627 dicere

1959 1687 2085 1729 cum
2114 1670 2377 1744 propheta
2409 1688 2422 1726 :
2461 1673 2619 1727 Viam
2670 1671 3049 1725 mandatorum
3078 1674 3293 1723 tuorum
3333 1666 3569 1730 cucurri,

1961 1782 2082 1822 cum
2110 1766 2371 1821 dilatares
2395 1780 2483 1820 cor
2502 1780 2674 1821 meum
2701 1764 2859 1835 (Psal.
2886 1761 3114 1833 cxvm).
3134 1762 3273 1816 Nam
3296 1758 3418 1832 quia
3444 1757 3574 1813 lon-

245 1858 563 1930 apostolicm
596 1857 943 1930 perfectionis
975 1859 1263 1929 inclinant,
1310 1866 1371 1916 ut
1397 1859 1582 1916 locum
1606 1858 1701 1916 iraa
1732 1859 1854 1916 illos
1892 1875 1939 1938 Β
1962 1857 2253 1933 ganimitas
2282 1856 2542 1929 sapientia
2566 1856 2663 1924 sit,
2688 1853 3108 1912 evidentissimis
3136 1852 3432 1924 Scriptura:
3468 1857 3576 1906 tes-

245 1950 378 2007 dare
409 1951 748 2018 existiment,
769 1951 861 2022 qui
878 1950 951 2018 ab
991 1951 1262 2008 irascente
1293 1950 1584 2007 discedunt
1606 1993 1621 2021 ,
1652 1951 1852 2008 viden-

249 2049 342 2099 tur
371 2042 506 2098 mihi
533 2042 936 2100 dissensionum
958 2042 1215 2101 fomitem
1237 2058 1350 2097 non
1383 2034 1697 2100 abscindere
1716 2087 1731 2112 ,
1758 2043 1857 2100 sed

243 2136 482 2192 nutrire.
513 2134 631 2192 Nisi
670 2134 817 2192 enim
840 2134 1121 2193 iracundia
1163 2135 1403 2207 proximl
1441 2134 1638 2191 humili
1669 2136 1858 2193 statim

248 2227 625 2285 satisfactione
658 2229 923 2293 vincatur,
979 2237 1234 2302 provocat
1264 2243 1385 2284 eam
1428 2227 1641 2301 fugiens
1679 2228 1860 2302 potius

246 2335 421 2393 quam
471 2321 721 2393 declinat.
767 2321 906 2379 Illud
936 2337 1150 2396 quoque
1199 2321 1330 2379 huic
1371 2322 1546 2379 simile
1589 2330 1671 2379 est
1711 2321 1859 2395 quod

242 2414 516 2470 Salomon
550 2416 624 2471 ait
663 2437 675 2472 :
706 2426 731 2451 α
754 2418 883 2475 Noli
919 2418 1182 2485 festinare
1208 2418 1266 2471 in
1294 2416 1498 2486 spiritu
1538 2420 1629 2473 tuo
1668 2419 1852 2481 irasci,

239 2510 378 2579 quia
392 2511 485 2562 ira
511 2511 569 2563 in
591 2512 717 2564 sinu
734 2511 1087 2581 insipientum
1111 2512 1595 2582 requiescit(Eccle.
1610 2509 1719 2581 v11)
1739 2517 1854 2579 get:

238 2596 267 2634 δ
285 2606 425 2661 Noli
441 2620 761 2674 procurrere
781 2609 839 2661 in
858 2609 1045 2661 rimam
1062 2609 1184 2675 cito,
1199 2621 1269 2661 ne
1283 2608 1544 2677 poeniteat
1564 2610 1613 2660 te
1626 2607 1682 2659 in
1691 2606 1861 2660 novis.

233 2698 379 2752 sima
413 2700 593 2766 (Prov.
647 2700 824 2769 xxv).
874 2703 1115 2774 °.Neque
1162 2700 1310 2757 enim
1347 2701 1419 2760 ita
1459 2699 1859 2758 festinationem

204 2791 370 2848 'rixae
420 2792 503 2848 vel
533 2793 1081 2865 iracundiaa‘culpat,
1122 2803 1184 2849 ut
1228 2793 1546 2851 earumdem
1589 2791 1862 2865 approbet

232 2884 580 2942 tarditatem.
601 2883 862 2941 Similiter
885 2894 939 2942 et
966 2884 1098 2942 illud
1116 2885 1522 2958 suscipiendum
1535 2893 1617 2940 est
1633 2902 1645 2939 :
1661 2885 1686 2919 ά
1701 2885 1855 2941 Stul-

235 2983 328 3036 tus
347 2979 541 3035 eadem
561 2981 677 3048 ipsa
693 2979 825 3033 hora
834 2983 1158 3049 pronuntiat
1172 2982 1314 3035 iram
1325 2996 1495 3042 suam,
1515 2979 1741 3034 occultat
1757 2995 1857 3033 au-

1965 1951 2211 2011 timoniis
2238 1949 2537 2007 edocemur
2560 1971 2573 2007 :
2599 1954 2623 1983 ⁸
2648 1950 2990 2019 Longanimis
3020 1948 3167 2004 enim
3188 1948 3273 2001 vir
3295 1946 3496 2001 nimius
3516 1946 3571 1999 in

1958 2044 2277 2116 prudentia,
2285 2045 2605 2115 pusillanim
2613 2046 2660 2099 is
2673 2048 2849 2099 autem
2861 2043 3018 2097 valde
3026 2042 3289 2112 insipiens
3300 2044 3376 2095 est
3395 2038 3569 2111 (Prov.

1964 2139 2159 2211 xxxv).
2196 2140 2266 2194 Et
2295 2137 2499 2196 idcirco
2528 2138 2594 2194 de
2614 2138 2707 2195 illo
2729 2139 2821 2211 qui
2849 2136 3125 2209 sapientia:
3144 2134 3357 2192 donum
3384 2132 3576 2189 lauda-

1966 2230 2202 2313 bilitcra
2231 2230 2480 2287 Domino
2503 2230 2795 2303 postulavit
2816 2230 3092 2301 Scriptura
3124 2230 3530 2283 commemorat
3555 2240 3569 2276 :

1965 2326 2036 2380 Et
2056 2324 2208 2380 dedit
2226 2326 2479 2380 Dominus
2496 2325 2769 2381 Salomoni
2783 2324 3109 2394 sapientiam
3119 2321 3572 2393 prudentiamque

1966 2420 2195 2474 multam
2222 2421 2405 2483 nimis,
2445 2423 2497 2474 et
2531 2419 2875 2474 latitudinem
2906 2418 3112 2484 cordis,
3147 2417 3308 2487 quasi
3348 2428 3570 2470 arenam

1967 2516 2135 2569 maris
2160 2508 2608 2569 innumerabilem
2640 2513 2731 2583 (lll
2756 2516 2881 2581 Reg.
2917 2512 3023 2583 ιν).

2504 2647 2743 2703 CAPUT
2768 2647 3031 2702 XXVIII.

1969 2762 2258 2818 Amicitias
2284 2761 2654 2833 conjuratione
2692 2765 2861 2818 initas
2893 2763 3080 2832 ﬁrmas
3108 2774 3215 2816 esse
3254 2772 3362 2813 non
3398 2770 3570 2826 posse.

2043 2884 2183 2941 Illud
2226 2901 2443 2958 quoque
2488 2887 2672 2943 multis
2722 2895 2805 2943 est
2846 2884 3232 2959 experimentis
3274 2879 3576 2953 saepissime

1968 2978 2414 3050 comprobatum,
2464 2979 2616 3036 nullo
2662 2980 2831 3037 modo
2872 2995 2968 3037 eos
3009 2972 3028 3012 '
3066 2978 3159 3051 qui
3211 2974 3576 3033 amicitiarum

1348 3131 1604 3185 ALARDl
1643 3130 1865 3184 GAlel
1906 3130 2470 3189 COMMENTARIUS.

312 3265 341 3291 δ
385 3254 657 3327 Vulgatus
687 3261 871 3310 textus
905 3255 1036 3327 :Ne
1068 3256 1142 3308 sis
1171 3254 1324 3309 velox:
1369 3254 1443 3327 ad
1488 3254 1865 3327 irascciulum;
1897 3256 1940 3320 C
1968 3253 2311 3327 juramento,
2335 3271 2444 3327 quo
2466 3266 2712 3313 mutuam
2732 3256 2894 3312 fidem
2923 3256 3327 3326 arctioremque
3349 3268 3575 3327 consuc-

233 3323 594 3398 quiaira'in
630 3328 758 3379 sinu
784 3326 945 3398 stulti
968 3327 1271 3398 requiescit.
1300 3324 1507 3398 Quibus
1541 3323 1717 3398 verbis
1756 3339 1866 3378 non

276 3395 615 3452 rohibemur
644 3395 872 3451 omnino
903 3395 1094 3464 irasci;
1121 3394 1215 3449 sed
1234 3411 1301 3450 ne
1326 3393 1395 3452 ad
1414 3393 1752 3451 irascendum
1770 3409 1860 3449 ve-

257 3481 402 3522 oces
428 3465 758 3549 simushhoc
789 3474 892 3548 est,
932 3465 1089 3549 juxta
1119 3464 1865 3549 Qlympi‘odqrilesplana‘tio-l

229 3552 407 3599 nem,
440 3552 505 3591 ne
530 3538 729 3590 malum
745 3536 1100 3607 conetpiamus
1117 3536 1409 3607 iracundia:
1429 3536 1693 3607 habitum,
1715 3537 1790 3589 ita
1804 3540 1863 3590 ut

232 3612 501 3663 transeat
527 3609 587 3662 in
608 3605 1076 3677 aﬂectumbordis.
1110 3607 1225 3677 Qua
1257 3606 1414 3661 etiam
1440 3605 1760 3663 discretione
1789 3608 1859 3661 D.

223 3677 492 3735 Iacobus
531 3676 808 3748 apostolus
836 3676 909 3732 ait
941 3698 954 3733 :
992 3680 1074 3735 Sit
1102 3676 1280 3733 autem
1311 3679 1480 3732 omnis
1519 3679 1670 3732 homo
1706 3679 1860 3732 veloa:

224 3750 312 3806 ad
332 3750 710 3804 audiendum:
733 3749 927 3804 tardus
943 3753 1121 3806 autem
1141 3750 1215 3804 ad
1235 3750 1580 3819 loquendum,
1597 3754 1648 3804 et
1664 3750 1856 3804 tardus

223 3822 311 3878 ad
345 3824 499 3875 iram
526 3821 656 3891 (Jac.
682 3825 745 3886 ι).

302 3893 332 3927 ³³
364 3891 604 3963 Vulgata
635 3891 809 3947 versio
842 3909 855 3944 :
886 3892 1014 3958 Qua:
1038 3891 1291 3947 viderunt
1317 3892 1459 3963 oculi
1495 3892 1597 3953 tui,
1629 3907 1693 3944 ne
1716 3907 1853 3960 pro-

218 3962 501 4033 fer-asin
522 3963 708 4032 jurgio
734 3964 837 4016 cito
868 3979 884 4014 :
910 3977 976 4015 ne
998 3967 1185 4031 postea
1220 3962 1645 4033 emendarenon
1658 3964 1851 4033 possit,

217 4029 357 4092 cum
378 4029 817 4088 dehonestavcris
842 4029 1075 4086 amicum
1093 4036 1267 4086 tuum.
1288 4034 1348 4085 In
1370 4029 1559 4086 Bibliis
1578 4029 1743 4102 regiis
1763 4030 1856 4087 de-

1974 3325 2219 3397 tudinem
2237 3341 2301 3380 ac
2321 3325 2775 3397 necessitudinem
2796 3328 3222 3397 paciscebantur.
3239 3325 3408 3397 Unde
3432 3339 3572 3397 con;

1964 3393 2240 3466 juratores
2292 3404 2348 3451 et
2403 3393 2812 3466 conspiratores‘
2858 3396 3195 3451 dicebantur.
3248 3394 3571 3466 Cujusmodi

1972 3465 2343 3538 amicitiarum
2377 3465 2566 3538 genus,
2600 3474 2661 3522 ut
2685 3466 2929 3538 religioni
2950 3465 3398 3538 perniciosumet
3419 3466 3570 3520 mul-

1971 3535 2041 3608 tis
2072 3534 2326 3608 periculis
2356 3533 2682 3608 obnoxium,
2706 3533 3053 3608 vch'emeriter
3080 3538 3240 3593 etiam
3261 3533 3485 3592 damnat
3509 3551 3572 3593 ac

1968 3605 2268 3680 detestatur
2295 3610 2360 3663 D.
2404 3606 2652 3676 Basilius,
2672 3605 2778 3664 nec
2801 3624 2910 3664 uno
2950 3607 3001 3663 in
3033 3608 3151 3664 loco
3184 3608 3371 3680 (Serm.
3407 3621 3430 3662 ῐ
3462 3612 3512 3661 et
3537 3613 3570 3663 2

1968 3679 2237 3755 de__Instit.
2278 3680 2541 3755 monach.)
2577 3682 2670 3755 :_In
2698 3683 2978 3745 communi,
3002 3679 3199 3755 inquit,
3226 3680 3571 3755 contubernio

1965 3748 2183 3824 (scilicet
2196 3748 2608 3824 monachorum)
2629 3756 2939 3822 neutiquam
2956 3748 3171 3824 patitur
3195 3751 3570 3824 charitatislca:

1963 3823 2098 3875 coiri
2131 3836 2365 3878 seorsum
2392 3826 2487 3876 aut
2511 3820 2901 3877 amicitias—aut
2928 3820 3260 3876 sodalitates.
3288 3820 3568 3889 Siquidem

1962 3893 2112 3947 nullo
2149 3893 2303 3949 modo
2342 3895 2468 3963 ﬁeri
2500 3897 2673 3963 potest
2714 3896 2846 3963 quin
2872 3893 3176 3963 affectiones
3214 3892 3330 3963 ista;
3358 3905 3478 3963 qtae
3506 3892 3565 3944 in

1964 3962 2063 4017 hac
2076 3966 2254 4032 magis
2268 3961 2433 4033 quam
2454 3961 2516 4018 in
2521 3965 2673 4018 illam
2684 3961 3016 4035 propendent
3020 3967 3252 4035 partem,
3265 3961 3567 4035 plurimum

1961 4031 2344 4088 incommodent
2363 4038 2629 4088 communi
2644 4031 2879 4089 omnium
2889 4031 3198 4090 concordiis.
3215 4031 3567 4100 Quamobrem

1963 4103 2249 4171 atqualiter
2273 4118 2327 4157 se
2352 4104 2580 4172 diligere
2614 4108 2757 4159 inter
2785 4121 2839 4160 se
2874 4121 3048 4159 omnes
3077 4105 3286 4165 debent,
3316 4103 3566 4172 idemque

1964 4174 2226 4227 adversus
2235 4171 2539 4228 universum
2554 4174 2795 4240 fratrum
2809 4176 2993 4229 caelum
3008 4175 3292 4227 charitatis
3306 4171 3564 4226 tenendus

1963 4249 2040 4298 est
2056 4244 2263 4299 modus.
2287 4244 2439 4311 Quod
2452 4246 2631 4315 siquis
2650 4247 2896 4300 inventus
2911 4246 3087 4313 fuerit
3103 4245 3200 4315 qui
3212 4243 3413 4313 majore
3432 4258 3564 4313 qua-

1961 4316 2091 4371 dam
2126 4317 2302 4370 animi
2321 4317 2669 4386 propensione
2706 4317 3022 4372 monachum
3045 4318 3295 4385 fratrem,
3320 4315 3403 4369 vel
3423 4329 3564 4385 pro-

1950 4387 2356 4460 pinquum,_vel
2372 4387 2542 4441 alium
2569 4391 2825 4458 quemvis,
2848 4390 3036 4460 quavis
3054 4388 3119 4444 de
3139 4402 3301 4443 causa
3314 4387 3565 4460 videatur

213 4112 367 4164 sunt
389 4102 485 4159 illa
515 4102 677 4159 verba
707 4122 717 4158 :
753 4105 879 4171 Quae
906 4103 1162 4157 viderunt
1188 4104 1327 4157 oculi
1358 4104 1458 4157 tui.

300 4186 325 4212 ο
345 4177 432 4231 Et
457 4173 563 4230 hoc
599 4173 667 4229 ad
695 4169 1058 4246 imitationem
1101 4176 1166 4230 D.
1190 4171 1541 4246 Hieronymi,
1570 4171 1664 4246 qui
1691 4169 1759 4226 ad
1776 4170 1850 4226 il-

213 4249 351 4306 lum
394 4247 584 4320 locum
613 4244 947 4320 Ecclesiaste
979 4244 1054 4320 ita
1087 4243 1289 4320 scribit
1318 4262 1330 4297 :
1355 4242 1473 4320 Non
1500 4242 1852 4320 qu9d_conce-

208 4322 327 4376 dat
345 4315 581 4374 tardius
603 4317 960 4380 irascendum,
985 4315 1177 4372 idcirco
1190 4332 1333 4372 nunc
1355 4316 1522 4371 dicit:
1539 4315 1615 4370 Ne
1634 4315 1852 4382 festines

204 4392 277 4446 in
307 4390 537 4461 spiritu
567 4391 656 4461 tuo
680 4389 843 4442 irasci
871 4407 887 4442 :
914 4388 1009 4461 sed
1036 4388 1180 4457 quod
1220 4404 1339 4443 cum
1363 4389 1553 4461 furens
1594 4390 1644 4461 et
1672 4399 1851 4461 recens

200 4457 411 4531 fuefit
459 4461 547 4512 ira
574 4460 772 4527 dilata,
792 4459 1013 4526 facilius
1036 4461 1279 4515 sedatam
1306 4459 1476 4531 possit
1496 4457 1753 4531 auferre.
1776 4459 1849 4511 Et
1958 4459 2210 4528 diligere,
2242 4458 2380 4513 hunc
2400 4457 2667 4531 castigare
2690 4457 2915 4531 oportet,
2947 4465 3009 4515 ut
3037 4460 3301 4531 injurium
3331 4458 3561 4531 publica:

198 4529 355 4604 quia
368 4533 469 4584 ira
482 4544 686 4604 semper
688 4531 719 4600 j
724 4534 883 4604 uncta
894 4531 1159 4604 superbire
1172 4529 1442 4585 desiderat
1452 4529 1726 4604 ultionem,
1739 4533 1844 4604 etc.
1958 4531 2239 4604 chai'itati.
2255 4530 2531 4604 Siquidem
2546 4533 2603 4585 in
2616 4547 2692 4595 eo,
2713 4529 2857 4603 quod
2873 4534 2995 4603 quis
3012 4529 3243 4602 aliquem
3256 4546 3421 4585 unum
3432 4530 3561 4604 plus

199 4597 336 4662 Ubi
382 4597 704 4697 magiis—ste
726 4597 1049 4697 loquitur—.06
1084 4601 1452 4682 Hieronymus
1480 4598 1548 4655 de
1591 4598 1668 4682 ira
1702 4597 1843 4680 mala
1878 4636 1931 4697 Β
1956 4600 2156 4697 diligit,
2197 4597 2363 4697 f'acile
2394 4597 2860 4697 indicat'relzquiqs
2880 4597 2943 4659 se
2975 4607 3028 4658 in
3051 4597 3249 4697 Ja'm‘ore
3278 4597 3563 4697 infqi‘iores

197 4683 263 4734 et
307 4670 613 4744 culpabili,
649 4669 816 4744 quam
851 4669 1232 4744 dicit_Sapiens
1262 4669 1603 4744 requiescere
1638 4670 1692 4724 in
1721 4669 1845 4744 sinu
1880 4669 1931 4697 υ
1957 4669 2173 4727 habere.
2197 4673 2354 4744 (Item
2385 4673 2492 4728 alio
2520 4674 2575 4729 in
2609 4669 2942 4744 loco—(Orat.
2975 4689 2994 4730 ι
3043 4674 3109 4728 de
3140 4674 3334 4744 Amore
3366 4672 3466 4744 pet
3511 4673 3563 4722 et

197 4739 569 4823 stulti,-_hoc
587 4739 698 4823 est,
720 4741 787 4823 de
817 4740 1067 4823 appetitu
1082 4739 1325 4823 'prOprize
1345 4739 1615 4823 vindictae,
1645 4748 1739 4823 aut
1768 4740 1848 4823 ira
1949 4742 2220 4823 prox-imi)
2266 4762 2278 4795 :
2327 4745 2437 4823 _Qui
2468 4747 2523 4798 in
2550 4739 2815 4823 conventu
2830 4761 3002 4823 unum
3034 4743 3308 4823 praealtis
3333 4740 3560 4823 charum

193 4812 608 4873 immoderata
653 4820 709 4867 et
732 4810 961 4878 furiosa,
989 4813 1072 4868 vel
1095 4810 1177 4870 'de
1197 4810 1327 4867 'rixa
1357 4819 1411 4865 et
1452 4810 1751 4879 iracundia,
1790 4818 1851 4866 ut
1949 4810 2138 4876 liabet,
2172 4810 2219 4868 is
2257 4817 2337 4869 sei
2352 4810 2492 4868 sum
2524 4832 2675 4869 roum
2699 4818 2870 4882 facit,
2897 4830 3015 4867 cum
3034 4810 3278 4882 perfecta
3302 4811 3563 4865 charitate

194 4886 306 4937 hic
337 4882 592 4937 habetur
626 4900 639 4934 :
671 4882 979 4937 cuiusmodi
1000 4881 1110 4937 iras
1135 4889 1352 4937 constat
1378 4896 1594 4937 semper
1623 4895 1740 4936 esse
1767 4881 1852 4935 vi-
1957 4900 2065 4937 non
2085 4887 2155 4937 sit
2181 4830 2469 4937 prcedlitus.
2494 4886 2831 4937 Ouam'ovter
2851 4885 2920 4937 ab
2949 4886 3093 4937 omni
3108 4885 3352 4937 societate
3374 4884 3424 4936 et
3443 4897 3562 4936 con-

192 4886 306 4963 h_ic
337 4882 592 4939 habetur
626 4900 639 4934 :
671 4882 982 4963 cuiusmodi
992 4881 1110 4963 iras
1135 4889 1352 4941 constat
1371 4896 1594 4963 semper
1623 4895 1740 4963 esse
1767 4881 1852 4963 vi-

1957 4900 2065 4938 non
2085 4887 2155 4937 sit
2178 4884 2469 4953 prceditus.
2494 4886 2831 4954 Quapropter
2851 4885 2920 4938 ab
2949 4886 3093 4938 omni
3108 4885 3352 4938 societate
3374 4884 3424 4936 et
3443 4897 3562 4954 con-

191 4959 401 5015 tiosas
422 4993 441 5019 ,
488 4967 588 5007 nec
626 4950 812 5007 earum
844 4953 1154 5012 tarditatem
1198 4950 1517 5026 approbari,
1538 4966 1666 5007 cum
1699 4950 1849 5007 festi-
1962 4969 2147 5024 gressu
2165 4950 2357 5024 procul
2375 4950 2933 5025 arceatursingulan's
2961 4958 3065 5010 ista
3084 4955 3318 5025 affectio,
3338 4953 3559 5024 perinde

191 5028 378 5087 natio
418 5023 697 5095 culpatur.
745 5093 753 5095 _
1504 5094 1507 5095 ν
1956 5040 2018 5080 ac
2042 5040 2230 5094 pugna
2260 5025 2508 5093 quaedam
2542 5026 2803 5081 indecens.
2848 5029 2984 5084 Nam
3012 5031 3074 5081 ut
3101 5028 3210 5081 lucc
3237 5026 3559 5091 manifestas

189 5035 378 5087 natio
418 5035 697 5087 culpatur.

1956 5040 2018 5080 ac
2042 5040 2230 5094 pugna
2260 5025 2508 5093 quaedam
2542 5026 2803 5081 indecens.
2848 5029 2984 5084 Nam
3012 5031 3074 5081 ut
3101 5028 3210 5081 lucc
3237 5026 3559 5091 manifestas

274 5100 306 5136 ει
342 5093 611 5169 Vulgata
634 5093 792 5169 lectio
812 5114 826 5169 ς
851 5098 1055 5169 Fatuus
1066 5098 1251 5150 statim
1268 5095 1473 5169 indicat
1489 5094 1631 5169 iram
1659 5108 1848 5149 suam:
1952 5093 2213 5169 praducit
2235 5097 2573 5169 inimicitias,
2600 5100 2675 5153 sic
2697 5099 2792 5152 illa
2809 5100 3046 5154 invidias
3077 5103 3129 5153 et
3145 5099 3447 5169 simultates
3467 5111 3558 5165 ge-

191 5174 312 5245 qui
341 5166 549 5245 autem
574 5166 885 5245 dissimulat
905 5166 1198 5245 _injuriam,
1223 5166 1454 5245 callidus
1484 5168 1580 5245 est.
1658 5241 1666 5245 _
1956 5166 2145 5245 uerat,
2186 5167 2404 5245 Rursus
2425 5166 2483 5245 _in
2529 5169 2825 5245 Constitut.
2873 5169 3197 5245 monasticis
3226 5167 3372 5245 (Qap.
3417 5168 3508 5245 302
3538 5181 3579 5219 ε⁴

1960 5238 2286 5295 Charitatem
2306 5239 2520 5308 quidem
2539 5244 2782 5295 mutuam
2795 5242 2987 5295 habere
3012 5243 3152 5296 inter
3175 5254 3228 5293 se
3248 5239 3451 5306 fratres
3471 5237 3561 5291 dc-

1962 5308 2113 5375 bent;
2154 5325 2261 5364 non
2292 5312 2370 5365 ita
2410 5314 2585 5366 tamen
2620 5314 2682 5365 ut
2716 5313 2821 5366 duo
2846 5316 3013 5368 tresve
3038 5326 3269 5367 seorsum
3292 5327 3326 5364 a
3358 5309 3561 5364 caeteris

1960 5381 2303 5454 sodalitatem
2338 5384 2482 5436 inter
2508 5398 2562 5438 se
2599 5387 2810 5448 coeant;
2841 5383 3277 5454 quandoquidem
3315 5382 3409 5435 hoc
3453 5396 3560 5435 non

274 5457 298 5494 τ
327 5451 605 5524 Dionysii
634 5451 977 5524 paraphrasis
1015 5472 1031 5507 :
1064 5452 1171 5520 Qui
1201 5452 1441 5524 inierunt
1470 5452 1722 5524 amicitia
1754 5452 1853 5524 [φο
1962 5451 2210 5507 Charitas
2253 5457 2349 5520 est,
2379 5454 2472 5509 sed
2512 5454 2704 5509 seditio
2743 5459 2794 5509 et
2820 5451 3031 5518 divisio,
3065 5451 3116 5509 et
3151 5468 3330 5508 eorum
3357 5454 3457 5522 qui
3481 5454 3558 5507 sic

188 5531 314 5587 dus
344 5540 489 5596 cum
503 5522 814 5594 iuramento
833 5543 851 5578 :
873 5524 1034 5594 Quod
1051 5523 1406 5596 sequentibus
1420 5522 1552 5596 satis
1580 5522 1850 5596 congruit,
1961 5528 2145 5596 coeunt
2165 5524 2526 5596 improbitatis
2549 5525 2829 5580 indicium.
2843 5527 2907 5582 Si
2925 5528 3067 5580 enim
3085 5525 3373 5580 communis
3392 5523 3559 5579 disci-

188 5601 304 5658 ubi
331 5595 567 5655 dicitur
592 5617 604 5651 :
627 5599 731 5652 Eos
746 5593 1183 5666 prcevaricatores
1202 5596 1291 5651 sui
1309 5595 1488 5661 faciat
1505 5594 1851 5661 sacramenti,
1959 5593 2126 5719 plina:
2154 5593 2312 5649 decus
2328 5610 2509 5650 verum
2536 5596 2789 5651 haberent
2811 5599 2907 5667 qui
2922 5598 3054 5652 tales
3080 5602 3227 5660 sunt,
3251 5596 3442 5667 procul
3462 5596 3560 5651 du-

188 5672 250 5719 ίιι
314 5677 446 5719 est-
484 5665 798 5719 iuramenti.
843 5664 946 5719 vel.
987 5673 1048 5719 ut
1086 5666 1229 5719 idem
1270 5663 1569 5719 Dionvsius
1604 5663 1856 5719 exnonit.
1999 5666 2392 5719 iocommunem
2422 5668 2785 5719 waualemaue
2804 5684 2927 5719 craa
2953 5684 3129 5719 omnes
3152 5669 3471 5719 charitatem
3493 5670 3558 5718 te-

188 5672 253 5730 id
314 5677 447 5734 est,
480 5664 798 5737 jurament'i,
843 5664 946 5733 vel,
969 5673 1048 5738 _ut
1086 5666 1229 5738 idem
1270 5664 1569 5738 Dionysius
1604 5664 1856 5738 exponit,
1965 5664 2050 5719 bio
2065 5679 2392 5723 communem
2422 5668 2785 5737 azqualemque
2804 5664 2927 5738 Erga
2953 5684 3129 5724 omnes
3152 5664 3471 5723 chatitatem
3493 5670 3558 5718 te-

191 5734 562 5812 ηἰηίιίλοιιὰιίἶ
588 5741 838 5812 Apparet
869 5752 932 5793 ex
969 5736 1075 5792 hoc
1105 5737 1222 5812 loco
1254 5734 1523 5812 quosdam
1550 5734 1856 5791 monachos
1962 5741 2174 5812 nerant.
2204 5738 2267 5812 Si
2292 5753 2414 5792 vero
2436 5734 2581 5812 ipsis
2598 5734 2803 5812 caeteris
2826 5734 2923 5795 sua
2966 5744 3150 5812 sponte
3176 5739 3439 5812 disiuncti
3456 5750 3561 5812 cce-

189 5814 259 5873 id
290 5802 808 5881 tefnporis‘s'olcre
823 5807 966 5863 inter
993 5822 1050 5863 se
1087 5802 1322 5881 privatas
1351 5802 1612 5881 quasdam
1641 5813 1696 5862 et
1724 5821 1856 5881 par—
1964 5811 2078 5881 tum
2089 5802 2545 5878 efﬁcient,vitiosa
2561 5810 2871 5879 hujusmodi
2886 5802 3443 5881 amicitiaconéiliatio
3459 5806 3556 5863 est.

191 5877 508 5943 ticulares
540 5879 675 5936 inire
697 5879 983 5937 societates
1011 5885 1065 5935 et
1090 5877 1383 5946 amicitias;
1417 5877 1660 5934 adhibito
1691 5877 1855 5934 etiam

276 5252 303 5279 θ
340 5239 600 5310 Vulgata
631 5258 643 5293 :
675 5240 784 5306 Qui
814 5240 1032 5309 patiens
1070 5242 1167 5300 est,
1207 5237 1377 5310 multa
1403 5238 1734 5306 gubernatur
1760 5251 1850 5289 sa-

185 5314 448 5388 pientia
470 5309 614 5380 {-qui
654 5313 834 5366 autem
882 5310 1192 5380 impatiens,
1232 5309 1445 5363 exultat
1482 5310 1853 5381 insipientiam

189 5400 405 5444 suam.

1964 5883 2015 5935 et
2039 5879 2307 5936 diversam
2350 5878 2643 5952 quamdam
2674 5899 2708 5938 a-
2736 5885 3099 5939 communibus
3144 5878 3409 5936 institutis
3448 5887 3559 5928 rem
