4014 6202
365 297 497 354 104⁵1
1211 347 1222 354 _
1435 283 1720 342 JOANNIS
1755 281 1985 340 CASSIA

2109 279 2590 338 COLLATIONES.
3533 286 3674 342 1048

368 423 510 480 citer
528 421 780 489 docet,et
809 418 1004 491 eligere
1041 415 1096 472 id
1126 414 1277 489 quod
1304 411 1547 486 expedit,
1580 409 1704 468 data
1733 407 1965 465 seniori-
1992 413 2046 474 Α
2073 405 2424 465 sermonibus
2447 421 2481 464 a
2531 414 2723 463 sancto
2751 405 2948 462 abbate
2993 405 3266 462 Germano
3301 420 3362 460 ea
3399 406 3676 464 alacritate

362 517 466 574 bus
486 513 708 587 sponsio
737 527 848 568 non
874 507 1132 588 admittit.
1153 507 1370 566 Etenim
1399 505 1684 580 potuimus
1707 501 1968 574 exemplis
2071 501 2358 574 susceptis,
2392 517 2456 558 ac
2481 500 2526 557 si
2559 515 2654 558 eos
2692 515 2806 556 non
2831 513 2864 556 a
2884 498 3232 572 memetipso,
3265 497 3364 555 sed
3412 500 3682 558 instinctu

369 609 565 668 talium
595 623 659 664 ac
701 613 980 663 tantorum
1005 602 1248 660 virorum
1275 600 1342 658 ad
1371 597 1756 674 perfectiorem
1803 595 1969 652 vitam
2074 593 2302 650 Domini
2332 593 2706 666 protulisscm,
2731 590 3028 649 adventum
3056 590 3201 647 senis
3227 599 3396 662 atque
3422 601 3445 627 ο
3473 591 3684 652 inm-

366 703 822 778 propositumque
851 697 1107 767 formari,
1137 695 1240 753 nisi
1265 709 1368 751 nos
1395 694 1661 750 instanter
1683 690 1752 748 ad
1777 705 1970 748 cceno-
2077 693 2194 742 tem
2219 684 2334 757 jam
2362 684 2561 741 horam
2601 692 2884 742 nocturna:
2912 697 3181 778 synaxeos
3208 682 3494 755 paululum
3533 701 3680 758 prae-

369 777 524 855 bium
563 807 844 851 recurrere
873 790 1134 864 promissi
1165 789 1347 862 pactio
1379 793 1700 844 coarctaret.
1733 781 1894 855 Quod
1919 782 1965 838 si
2072 779 2274 846 stolati,
2315 785 2604 852 postquam
2625 794 2750 835 eum
2768 777 2928 836 solita
2955 777 3288 835 salutatione
3317 778 3682 852 suscepimus,

363 890 564 949 reversi
593 887 880 957 fuerimus,
912 885 1074 958 copia
1096 883 1262 941 nobis
1301 882 1526 939 ulterius
1554 879 1664 937 huc
1684 875 1965 936 remeandi

365 985 513 1044 nulla
543 983 832 1041 tribuetur.
865 981 962 1038 Sin
1011 994 1138 1037 vero
1179 977 1268 1033 hic
1316 973 1612 1032 residentes
1638 969 1968 1030 desiderium

365 1089 616 1139 nostrum
646 1076 999 1135 maluerimus
1036 1073 1271 1146 explere,
1295 1069 1430 1144 quid
1458 1069 1672 1140 agimus
1699 1065 1768 1123 de
1798 1080 1970 1138 spon-

366 1171 535 1231 sionis
586 1170 720 1237 ﬁde,
751 1182 917 1240 quam
960 1163 1274 1222 senioribus
1319 1159 1524 1216 nostris
1567 1156 1967 1214 velocissimum

363 1265 611 1324 reditum
664 1259 996 1332 pollicentes,
1050 1254 1262 1312 dedisse
1307 1267 1411 1309 nos
1448 1251 1740 1318 novimus,
1788 1257 1852 1306 ut
1887 1247 1970 1304 vel

367 1353 570 1413 cursim
599 1351 787 1406 liceret
811 1347 974 1404 nobis
997 1347 1157 1416 hujus
1185 1343 1479 1418 provincia;
1507 1351 1728 1400 sanctos
1751 1357 1813 1398 ac
1841 1355 1968 1398 mo-

365 1446 600 1506 nasteria
641 1442 974 1500 circumire?
1037 1440 1285 1516 Cumque
1335 1437 1412 1495 sic
1455 1443 1749 1494 mstuantes
1772 1475 1788 1504 ,
1837 1433 1970 1506 quid

368 1556 534 1614 super
559 1547 702 1596 statu
723 1535 916 1593 salutis
935 1540 1138 1590 nostrae
1166 1529 1541 1590 deﬁniendum
1569 1537 1735 1598 esset,
1759 1543 1972 1601 nequa-

2074 882 2132 930 et
2151 871 2426 946 legitimus
2478 872 2788 930 orationum
2825 879 2990 944 atque
3032 870 3378 944 psalmorum
3422 871 3687 947 impletus

2075 973 2159 1022 est
2179 980 2466 1035 numerus,
2497 965 2692 1022 iisdem
2720 979 2910 1022 rursus
2932 965 3129 1037 quibus
3157 963 3227 1020 ad
3249 963 3481 1036 quietem
3509 982 3678 1023 com-

2075 1058 2237 1131 positi
2263 1058 2545 1116 fueramus
2573 1051 2590 1090 ¹
2614 1057 2859 1132 psiathiis
2882 1073 2949 1115 ex
2977 1073 3134 1115 more
3159 1057 3537 1116 consedimus.

2699 1162 2942 1220 CAPUT
2979 1163 3076 1218 ιν.

2078 1261 2435 1329 Interrogatio
2493 1258 2708 1332 abbatis
2761 1260 2984 1330 Joseph,
3042 1264 3336 1331 nostraque
3376 1264 3683 1332 responsio,

2509 1331 2654 1386 unde
2669 1333 2919 1386 anxietas
2933 1333 3250 1387 emersisset.

2147 1436 2289 1492 Tum
2350 1434 2670 1493 venerabilis
2716 1435 2922 1509 Ioseph
2968 1433 3292 1506 deiectiores
3345 1451 3451 1492 nos
3499 1435 3693 1493 animo

2079 1527 2506 1600 contemplatus,
2543 1537 2709 1600 atque
2739 1528 2846 1585 hoc
2871 1526 3034 1584 nobis
3076 1543 3188 1585 non
3214 1527 3332 1585 sine
3361 1543 3518 1584 causa
3543 1545 3686 1586 con-

368 1651 538 1708 quam
591 1631 840 1690 invenire
875 1642 1159 1702 possemus
1188 1667 1204 1696 ,
1242 1627 1361 1684 solo
1391 1624 1598 1699 gemitu
1639 1623 1974 1681 testabamur
2073 1620 2274 1694 jiciens
2301 1620 2577 1690 accidisse,
2605 1621 2698 1678 illo
2729 1637 2828 1678 nos
2845 1621 3174 1694 patriarcha:
3201 1622 3395 1694 Joseph
3415 1637 3682 1680 sermone

377 1729 689 1789 durissimae
712 1724 1048 1784 conditionis
1075 1721 1480 1790 necessitatem,
1511 1727 1824 1778 accusantes
1847 1727 1872 1753 ει
1897 1725 1976 1774 te-
2083 1713 2377 1786 compellat
2408 1732 2423 1772 :
2465 1715 2492 1756 ε
2515 1713 2662 1785 Quid
2703 1715 2895 1788 utique
2935 1715 3113 1772 vultus
3143 1717 3309 1772 vestri
3349 1713 3522 1772 tristes
3545 1724 3680 1773 sunt

374 1823 746 1884 neritudinem
803 1819 1002 1879 frontis
1055 1826 1299 1889 nostrae,
1351 1824 1406 1873 et
1458 1816 1756 1888 ingenitam
1815 1813 1976 1869 nobis
2007 1808 2054 1871 Β
2083 1807 2280 1866 hodie?
2311 1808 2411 1866 Cui
2450 1823 2554 1866 nos
2592 1828 2606 1864 :
2636 1809 2761 1865 Non
2794 1809 2936 1866 sicut
2973 1809 3234 1866 vinculati
3272 1808 3348 1864 illi
3382 1807 3687 1866 Pharaonis

373 1916 753 1976 verecundiam
775 1913 1106 1971 detestantes
1124 1953 1140 1981 ,
1169 1912 1196 1946 ι’
1221 1910 1378 1984 cujus
1415 1923 1580 1965 onere
1600 1904 1926 1980 praegravati
1955 1946 1972 1974 ,

372 2013 539 2071 etiam
563 2019 752 2069 contra
777 2008 1070 2066 utilitatem
1092 2021 1156 2062 ac
1183 2003 1533 2078 propositum
1560 2009 1835 2066 nostrum,
1857 1997 1977 2094 reti-

373 2106 620 2163 nentium
651 2103 902 2177 precibus
932 2101 1066 2158 alias
1105 2114 1217 2154 non
1263 2095 1634 2171 potuissemus
1676 2092 1971 2158 obsistei'e,

375 2200 482 2256 nisi
511 2197 884 2254 maturissimo
912 2193 1093 2250 reditu
1122 2189 1457 2264 repromisso
1489 2188 1596 2244 huc
1612 2186 1974 2254 venissemus,

377 2291 521 2348 illius
538 2290 742 2347 scilicet
763 2303 865 2344 nos
898 2285 1121 2359 pudoris
1141 2283 1276 2340 vitio
1295 2281 1576 2339 laborasse
1601 2280 1881 2348 dedentes,
1911 2276 1980 2335 de

376 2401 486 2460 quo
505 2383 720 2447 dicitur,
739 2385 836 2440 Est
855 2383 878 2412 ο
887 2381 1068 2452 pudor
1083 2380 1327 2448 affererw
1337 2381 1612 2448 peccatum
1625 2375 1842 2445 (Eccles.
1869 2375 1977 2441 tv).

983 2482 1226 2539 CAPUT
1264 2481 1366 2536 Ill.

379 2587 632 2644 Cassiani
668 2585 970 2646 consilium,
1001 2586 1052 2638 et
1088 2581 1366 2652 responsio
1406 2578 1480 2634 ad
1517 2577 1982 2646 interrogationem

917 2654 1135 2710 abbatis
1161 2653 1438 2710 Germani.

449 2762 592 2818 Tum
619 2775 720 2836 ego
753 2779 766 2816 :
793 2756 1220 2832 Compendium,
1248 2756 1498 2827 inquam,
1540 2750 1831 2825 angoribus
1853 2747 1986 2806 affe-

381 2862 470 2913 rat
509 2857 710 2913 nostris
751 2853 1076 2919 consilium,
1121 2850 1300 2907 immo
1355 2846 1654 2904 auctoritas
1693 2843 1872 2911 senis,
1913 2841 1983 2898 ad

383 2965 550 3022 quem
593 2956 812 3021 oportet
841 2955 902 3002 ut
946 2955 1165 3002 nostras
1195 2939 1591 2999 sollicitudines
1637 2935 1981 3001 deferamus,

383 3048 440 3097 et
484 3038 748 3111 quidquid
783 3036 952 3093 fuerit
1001 3035 1120 3106 ejus
1169 3031 1436 3089 sententia
1477 3029 1802 3099 deﬁnitum,
1842 3027 1987 3084 velut

2084 1903 2349 1970 ministri,
2372 1903 2660 1960 somnium
2691 1901 2948 1973 vidimus,
2972 1911 3028 1962 et
3055 1903 3146 1976 qui
3171 1903 3560 1977 interpretetur
3577 1920 3688 1961 non

2083 2005 2186 2065 est,
2214 1995 2310 2053 ed
2334 1997 2669 2066 insomnem,
2706 1995 3235 2070 inquam,duximus
3257 2005 3479 2054 noctem
3502 2005 3588 2066 ;et
3600 1998 3691 2070 qui

2083 2099 2319 2147 aestuum
2349 2099 2674 2148 nostrorum
2699 2090 2878 2148 moles
2901 2089 3166 2158 sublevet,
3196 2107 3309 2149 non
3329 2099 3436 2161 est,
3467 2091 3575 2148 nisi
3601 2107 3694 2147 eas

2083 2183 2358 2241 Dominus
2398 2191 2492 2242 tua
2527 2183 2852 2242 discretione
2879 2185 3243 2242 submoverit.
3279 2186 3426 2240 Tum
3463 2184 3572 2249 ille,
3603 2185 3692 2257 qui

2086 2277 2404 2351 patriarchae
2423 2279 2710 2348 .virtutem,
2749 2285 2804 2334 et
2826 2278 3029 2334 merito
3056 2275 3306 2346 referret,
3347 2286 3406 2334 et
3433 2279 3688 2345 nomine,

2087 2376 2280 2430 Nonne
2309 2388 2405 2446 per
2423 2373 2748 2443 Dominum,
2769 2371 2966 2446 inquit,
2995 2380 3084 2446 est
3099 2371 3474 2430 humanarum
3496 2371 3694 2444 cogita-

2087 2467 2302 2524 tionum
2329 2467 2579 2524 curatio?
2621 2466 2969 2540 proferantur
3001 2467 3057 2523 in
3084 2465 3353 2535 medium,
3383 2475 3580 2540 potens
3609 2475 3692 2522 est

2077 2561 2234 2618 enim
2259 2560 2436 2617 divina
2478 2561 2767 2620 clementia
2799 2559 3104 2618 secundum
3121 2559 3300 2635 iidem
3324 2569 3559 2618 vestram
3584 2576 3691 2616 no-

2089 2664 2204 2712 stro
2222 2655 2300 2712 eis
2327 2653 2596 2713 medelam
2626 2663 2882 2730 praestare
2901 2653 3156 2711 consilio.
3209 2721 3218 2729 .

2709 2757 2953 2814 CAPUT
3001 2759 3072 2814 V.

2090 2859 2372 2928 Expositio
2387 2857 2598 2928 abbatis
2620 2857 2890 2928 Germani,
2912 2871 3009 2911 cur
3031 2857 3112 2910 uel
3129 2856 3187 2910 in
3203 2859 3436 2928 .{Egypto
3459 2856 3698 2912 residere

2267 2927 2578 2991 mallemus,
2603 2927 2694 2982 vel
2721 2927 3121 2982 retra-heremur
3157 2927 3233 2982 ad
3275 2929 3518 2998 Syriam.

2165 3027 2254 3084 Ad
2277 3027 2398 3085 haec
2426 3029 2737 3086 Germanus
2764 3047 2778 3084 :
2807 3027 3200 3100 Credebamus,
3231 3029 3438 3102 inquit,
3479 3046 3582 3088 nos
3608 3045 3702 3087 ve-

384 3129 636 3188 divinum
688 3137 742 3182 et
779 3127 999 3182 cceleste
1027 3129 1367 3196 responsum
1388 3161 1404 3191 ,
1453 3121 1662 3178 cunctis
1703 3121 1731 3158 ά
1761 3119 1988 3178 aestibus
2042 3201 2064 3204 ι
2093 3131 2222 3180 straa
2247 3122 2596 3180 beatitudinis
2619 3123 2844 3192 visione,
2875 3138 2990 3204 non
3018 3123 3198 3180 solum
3224 3123 3411 3181 latitia
3449 3125 3704 3196 spiritali,

386 3221 587 3278 nostris
609 3219 912 3275 terminum
939 3224 1128 3290 ponat.
1160 3215 1322 3286 Quod
1367 3213 1589 3288 quidem
1617 3213 1779 3271 nobis
1803 3230 1898 3287 per
1937 3229 1998 3271 os
2025 3201 2070 3264 (ἶ
2099 3215 2196 3274 sed
2218 3217 2384 3273 etiam
2413 3215 2662 3290 profectu
2683 3214 2902 3274 abunde
2917 3201 3178 3290 repletos,
3212 3217 3283 3275 ad
3319 3227 3568 3276 nostrum
3592 3235 3702 3276 cm-

387 3314 562 3374 sancti
588 3312 750 3388 hujus
778 3329 810 3370 a
843 3311 1091 3370 Domino
1110 3309 1490 3380 tribuendum,
1514 3317 1570 3366 et
1603 3307 1674 3365 ob
1705 3308 1850 3366 illius
1877 3323 1991 3366 me-

387 3409 559 3466 ritum
578 3417 630 3465 et
655 3408 726 3466 ob
742 3415 986 3464 nostram
1015 3405 1178 3463 fidem
1201 3404 1426 3461 minime
1451 3402 1786 3461 dubitemus.
1813 3403 1991 3475 Ipsius

389 3503 543 3558 enim
582 3515 812 3557 munere
860 3499 1078 3556 salubre
1107 3497 1400 3554 consilium
1429 3504 1489 3552 ot
1513 3496 1719 3554 creduli
1743 3495 1814 3552 ab
1844 3494 1991 3552 indi-

389 3595 547 3667 gnis,
579 3603 636 3648 et
680 3592 942 3648 increduli
973 3607 1004 3647 a
1035 3592 1240 3648 sanctis
1286 3590 1597 3663 frequenter
1623 3599 1948 3662 acceperunt
1973 3632 1988 3658 ,

390 3685 634 3743 Domino
649 3683 707 3741 id
735 3685 814 3739 vel
844 3691 1066 3756 propter
1105 3682 1371 3738 meritum
1411 3682 1878 3754 respondentium,
1907 3684 1990 3738 vel

394 3788 614 3855 propter
663 3777 832 3836 ﬁdem
877 3776 1279 3834 consulentium
1327 3775 1606 3849 largiente.
1652 3775 1753 3830 His
1808 3777 1990 3848 itaque

2097 3309 2328 3366 nobium
2348 3325 2703 3379 recursuros;
2736 3319 2792 3366 et
2817 3325 2878 3366 ea
2905 3325 3030 3382 qua:
3055 3309 3349 3368 fuissemus
3375 3320 3549 3368 vestro
3566 3327 3692 3368 ma-

2099 3404 2322 3476 gisterio
2365 3403 2638 3461 consecuti
2667 3445 2683 3472 ,
2720 3420 2750 3459 a
2801 3403 2964 3460 nobis
3001 3411 3123 3477 post
3161 3403 3406 3462 reditum
3443 3405 3524 3462 vel
3548 3407 3703 3464 tenui

2097 3497 2447 3554 aemulatione
2472 3497 2750 3554 sectanda.
2782 3498 2904 3553 Hoc
2927 3496 3076 3554 enim
3101 3506 3158 3554 et
3179 3499 3464 3556 seniorum
3481 3507 3708 3558 nostro-

2097 3607 2224 3647 rum
2252 3591 2467 3648 dilectio
2494 3593 2595 3648 sibi
2620 3591 2887 3664 spondere
2915 3607 3019 3650 nos
3041 3593 3327 3665 compulit,
3367 3594 3506 3652 dum
3533 3595 3705 3652 subli-

2099 3685 2347 3740 mitatem
2397 3684 2519 3740 vita:
2549 3693 2743 3741 vestra:
2771 3694 2937 3758 atque
2973 3685 3234 3742 doctrinae
3267 3701 3425 3758 posse
3469 3703 3571 3742 nos
3604 3688 3699 3742 ali-

2101 3786 2370 3850 quatenus
2396 3777 2604 3834 imitari
2635 3777 2688 3835 in
2727 3778 2819 3836 illo
2849 3780 3108 3838 emnobio
3141 3779 3493 3836 crederemus.
3525 3778 3693 3837 Unde

1489 3927 1746 3984 ALARDI
1784 3927 2010 3985 GAZzEI
2047 3925 2605 3985 COMMENTARIUS.

469 4084 494 4112 ι
523 4072 864 4130 Teneritudo
892 4071 1106 4142 frontis,
1137 4081 1198 4129 ut
1221 4079 1380 4128 notat
1401 4070 1714 4141 Ciaconius,
1739 4071 1998 4130 Cassiano

399 4145 596 4204 dicitur
626 4144 800 4217 pudor
825 4144 1050 4217 quidam
1081 4143 1442 4217 subrusticus,
1475 4159 1584 4214 quo
1612 4143 1859 4217 impediti
1881 4145 2000 4214 ple-

399 4213 642 4288 rumque
657 4213 926 4284 homines,
949 4216 1002 4272 id
1023 4213 1174 4288 quod
1203 4215 1303 4288 sibi
1332 4214 1462 4288 utile
1487 4213 1705 4288 sperant
1726 4213 1998 4282 futurum,

400 4303 514 4344 non
541 4285 927 4358 exsequuntur.
960 4285 1161 4344 Seneca
1187 4285 1282 4342 lib.
1329 4300 1350 4341 ι
1378 4285 1534 4356 epist:
1579 4299 1631 4358 η
1665 4305 1678 4340 :
1723 4288 1840 4342 Scio
1893 4301 2000 4358 esse

401 4361 651 4413 ruborem
666 4357 700 4424 ,ί
711 4360 809 4427 qui
829 4361 1160 4426 gravissimis
1173 4373 1380 4426 quoque
1389 4358 1521 4412 viris
1535 4357 1742 4411 subitus
1757 4357 2006 4425 offundi-

405 4434 517 4484 tur.
537 4430 708 4493 Magis
725 4429 937 4495 quidem
952 4431 1009 4480 in
1020 4429 1314 4497 juvenibus
1339 4432 1583 4498 apparet,
1609 4428 1800 4497 quibus
1815 4433 1864 4482 et
1878 4429 2005 4498 plus

2107 4073 2339 4127 tualium
2356 4075 2699 4146 retinentium
2721 4087 2810 4146 eos
2821 4077 3007 4129 contra
3013 4074 3320 4146 profectum
3339 4075 3506 4143 atque
3519 4090 3711 4146 propo-

2105 4146 2271 4198 situm
2289 4159 2465 4212 suum,
2487 4145 2598 4199 nisi
2614 4145 2974 4200 maturissime
2993 4145 3174 4200 reditu
3189 4147 3265 4199 eis
3279 4147 3568 4214 promisso.

2177 4217 2201 4246 ο
2225 4215 2584 4271 Ecclesiastici
2616 4229 2680 4272 tv
2725 4214 2920 4284 legitur
2963 4232 2976 4270 :
3009 4219 3106 4272 Est
3151 4217 3401 4284 confusio
3440 4216 3708 4272 adducens

2177 4231 2201 4246 υ
2225 4231 2584 4271 ιοοιθειειειιοι
2616 4231 2680 4272 tv
2727 4231 2774 4270 Ie
2813 4231 2920 4271 Itur
2963 4232 2976 4270 :
3009 4231 3106 4272 ES!
3151 4231 3401 4284 confusio
3440 4231 3708 4272 aaaucens

2101 4291 2376 4411 peccatum
2406 4305 2422 4342 :
2453 4292 2505 4343 et
2537 4290 2615 4342 est
2656 4231 2900 4355 con/iusto
2932 4286 3202 4343 adducens
3231 4287 3463 4356 gloriam
3497 4293 3547 4342 et
3577 4304 3712 4358 gra-

2131 4372 2258 4411 tam.

2183 4401 2438 4510 3_'.Btns
2490 4426 2706 4510 proprie
2750 4435 2832 4510 est
2873 4425 3082 4510 nimius
3127 4427 3275 4510 calpr
3310 4435 3368 4510 et
3413 4425 3590 4510 fervor
3621 4425 3702 4480 vel

405 4498 602 4552 caloris
632 4500 728 4558 est,
761 4501 811 4550 et
841 4495 1034 4568 tene-ra
1052 4500 1206 4564 frons
1241 4495 1636 4568 {nihilominus
1655 4495 1928 4552 ueteranos
1954 4502 2007 4553 ct
2112 4505 2297 4554 motus
2335 4507 2390 4554 et
2424 4495 2646 4568 agitatio
2674 4497 2959 4554 ﬂuctuum.
3011 4497 3154 4556 Hinc
3193 4497 3360 4556 ducta
3383 4495 3702 4568 metaphora

405 4582 550 4625 senes
574 4569 770 4641 tangit,
801 4571 851 4622 et
865 4567 1006 4622 nihil
1025 4571 1144 4641 erat
1170 4567 1382 4641 mollius
1403 4582 1490 4622 ore
1504 4569 2005 4641 PompeiiLContra
2112 4568 2349 4641 sumitur
2373 4567 2844 4641 pro’variisanimi
2873 4569 3309 4640 mgritudinihus,
3340 4571 3510 4634 curis,
3528 4567 3699 4641 anxie-

409 4654 534 4696 vero
565 4637 718 4714 frons
736 4638 869 4714 dura
893 4654 992 4714 pro
1017 4636 1366 4714 impudentia
1388 4636 1713 4714 ponitur.i$.
1734 4637 2010 4714 Hierony—
2115 4639 2336 4714 tatibus,
2373 4636 2893 4714 perturbationibus.
2921 4636 3010 4698 Sic
3041 4644 3109 4696 D.
3146 4636 3535 4714 Augustinusx
3561 4637 3698 4692 Con-

408 4726 536 4769 mus
563 4709 824 4769 adversus
851 4709 1201 4784 Pelagianos;
1237 4711 1305 4766 Ut
1329 4709 1480 4764 dura:
1501 4709 1702 4784 frontis
1729 4709 2011 4784 impuden-

2117 4709 2338 4766 fession.
2371 4709 2524 4782 (Cap.
2559 4711 2646 4782 3t)
2691 4731 2704 4766 :
2747 4716 2844 4768 His
2875 4709 3258 4768 mutationibus
3282 4712 3512 4783 quotidie
3537 4723 3696 4762 conor

519 4787 843 4864 conteratur.
882 4779 1410 4864 Ferreamjrontem
1440 4779 1758 4864 proneodem
1775 4780 2000 4864 scripsit
2027 4802 2078 4864 Ι)
2113 4779 2390 4864 resistere,
2408 4779 2662 4864 oet—invoco
2687 4783 2966 4839 dexteram
2990 4789 3138 4841 tuam
3161 4785 3236 4840 ad
3263 4779 3484 4840 salutem
3507 4795 3697 4842 meum.

409 4854 618 4927 Iflinius
653 4855 707 4908 in
735 4854 1101 4927 Panegyrico:
1135 4851 1485 4927 Ewsanguem
1508 4851 1663 4906 illam
1692 4857 1742 4908 et
1762 4851 2000 4927 fer-ream

409 4871 618 4909 rnmus
653 4871 707 4908 In
735 4871 1101 4978 ranefynco:
1135 4871 1478 4922 exsanguem
1508 4871 1663 4906 utam
1692 4871 1742 4908 et
1762 4871 2000 4920 [er-ream

409 4925 650 5001 frontem
668 4937 738 5001 ne
768 4929 880 5001 quit
905 4943 1069 5001 quam
1087 4924 1574 5001 convulnertmdam
1608 4926 2000 5001 punctisprce-

415 4994 694 5067 beant;_nt_
717 4993 1060 5067 in_Eu_nucho
1075 4996 1371 5067 Ierentius
1394 5011 1456 5052 os
1481 4993 1680 5052 durum
1706 5011 1803 5067 pro
1825 4993 2005 5067 impu-

410 5063 575 5137 dente
590 5060 740 5137 diitit.
765 5063 836 5118 Et
857 5064 1057 5120 Seneca
1074 5063 1166 5137 lib.
1198 5079 1286 5137 nu:
1311 5067 1462 5137 Quod
1490 5068 1550 5120 in
1578 5060 1869 5137 sapientem
1896 5060 2003 5123 non

417 5136 563 5192 cadit
591 5135 799 5206 injuria
827 5149 949 5207 cap.
977 5141 1054 5190 17
1084 5151 1098 5190 :
1124 5136 1184 5196 Si
1211 5135 1302 5191 ille
1325 5135 1614 5207 hoc'potuit
1636 5135 1843 5192 duritia
1867 5140 1998 5206 oris,

411 5209 514 5334 qui
539 5205 776 5294 assiduis
809 5205 1279 5290 conviciispudere
1303 5205 1636 5263 dedidicerat
1668 5205 2000 5290 {inﬁrmitas

437 5289 604 5334 ronns
633 5279 702 5334 ab
741 5279 934 5334 eodem
963 5277 1165 5334 dieitur
1189 5277 1284 5334 hb.
1315 5292 1364 5334 ιι
1381 5278 1448 5334 de
1475 5277 1758 5334 Beneficns
1783 5278 1996 5334 :Multi.

437 5275 604 5338 ’rontis
633 5279 702 5336 ab
741 5279 934 5337 eodem
963 5275 1165 5335 dicitur
1189 5277 1284 5336 lib.
1315 5292 1364 5334 ιι
1381 5278 1448 5335 de
1475 5275 1758 5334 Beneficiis
1783 5278 1996 5343 :Multi,

409 5348 604 5455 inquit,
632 5357 778 5416 sunt,
806 5365 938 5422 quos
969 5350 1218 5406 liberales
1235 5351 1372 5419 facit
1391 5351 1676 5428 inﬁrmitas
1703 5349 1924 5430 frontis.

542 5423 710 5455 (‘ninu
771 5422 972 5455 οηῖιῖηηι
1010 5420 1346 5455 ιωνοιιιιηιιῖω
1375 5434 1538 5455 Ληοιρα
1603 5418 1654 5455 ιιι
1685 5427 1766 5455 ραν
1822 5435 1924 5455 ιηιιπ

542 5418 731 5494 cujus,
771 5418 972 5480 scilicet
1010 5420 1346 5494 verecundiae
1375 5418 1569 5487 onere,
1603 5418 1660 5475 id
1685 5427 1788 5494 est,
1821 5419 1998 5493 impe-

301 5543 314 5552 .
405 5487 680 5576 diligenti):
705 5487 1322 5576 Quod_nielius_currit
1349 5505 1539 5576 quam,
1567 5498 1627 5574 ut
1654 5491 1740 5576 alii
1769 5487 1952 5566 legunt
1977 5511 1994 5549 :

407 5562 572 5636 Cujus
599 5565 680 5617 rei
733 5561 902 5636 interi,
957 5575 1063 5624 etc.
1102 5561 1645 5636 Conqueritur__enim
1687 5561 1995 5636 Germanus

401 5631 560 5709 quod
577 5645 688 5709 pra;
707 5633 876 5688 nimio
903 5637 1109 5709 pudore
1136 5643 1192 5691 et
1215 5631 1534 5709 verecundia
1560 5651 1672 5709 non
1710 5636 1826 5691 ausi
1863 5634 1995 5709 fuis-

399 5700 526 5758 sent
546 5700 848 5770 langiorem
871 5700 1131 5759 absentiae
1157 5718 1370 5757 moram
1399 5711 1454 5757 et
1485 5703 1798 5759 facultatem
1823 5719 1854 5758 a
1879 5705 1994 5760 suis

397 5768 710 5843 postulare;
769 5768 891 5843 vel,
935 5778 996 5822 ut
1036 5771 1353 5843 I_)_i_onysiu_s_
1389 5770 1706 5843 familiarius
1733 5772 1986 5840 exponit,

396 5838 538 5900 τιτιοά
563 5857 669 5898 non
690 5839 994 5910 potuissent
1016 5839 1174 5892 aliter
1197 5838 1444 5892 resistere
1485 5841 1733 5906 precibus
1768 5838 1991 5897 centen-

2113 4857 2163 4908 et
2185 4852 2259 4908 ad
2286 4857 2335 4909 te
2352 4856 2528 4922 refero
2555 4857 2714 4910 (estus
2742 4871 2901 4910 meos.

2182 4925 2206 4954 ε
2231 4925 2438 4998 Collige
2463 4925 2590 4981 hinc
2615 4933 2822 4982 certam
2845 4932 3157 4998 statamque
3189 4925 3292 4983 illis
3314 4923 3481 4982 fuisse
3505 4923 3701 4980 horam

2109 4997 2366 5068 nocturni
2379 4995 2696 5068 fconventus
2724 5005 2777 5068 et
2798 4995 2978 5052 officii.
3005 4995 3131 5052 Non
3151 4999 3295 5053 enim
3327 5013 3450 5068 eam
3477 5002 3694 5068 praesto-

2109 5065 2350 5141 larentur
2377 5067 2687 5141 instantem,
2719 5067 2901 5141 sinon
2928 5075 3069 5124 stata
3099 5077 3356 5141 certaque
3375 5065 3576 5141 fuisset.
3611 5068 3693 5141 I_)_e

2108 5151 2214 5208 qua
2241 5137 2528 5196 Cassianus
2569 5137 2662 5195 lib.
2691 5153 2740 5195 ιῐ
2764 5138 3004 5196 lnstitut.
3033 5155 3152 5212 cap.
3189 5135 3328 5196 17et
3359 5142 3437 5196 D.
3465 5135 3697 5193 Benedi-

2107 5214 2234 5282 ctus,
2253 5225 2374 5282 cap.
2395 5216 2440 5282 _8
2460 5218 2518 5282 et
2531 5215 2630 5282 A477.

2180 5271 2303 5354 ’ρο
2322 5271 2572 5354 'psiathiis
2595 5279 2789 5339 libitv
2813 5281 3225 5354 Institutionnm
3247 5297 3374 5354 cap.
3411 5286 3475 5338 13
3496 5287 3548 5336 et
3572 5277 3696 5354 alibi

2105 5349 2574 5426 smpiu.'Diqit.ur
2593 5361 2772 5410 autem
2804 5352 3070 5426 psiathus,
3101 5363 3155 5410 et
3174 5349 3469 5426 ’psiat'hius,
3496 5350 3700 5426 etipsiao

2106 5419 2308 5498 t_hi'um,
2350 5428 2405 5478 et
2437 5419 2747 5494 frequenter
2773 5419 2838 5481 ac
2861 5419 3412 5498 promiScue'legitur
3447 5423 3500 5478 in
3557 5419 3694 5476 Vitis

2105 5493 2335 5550 Patrum
2355 5500 2410 5550 et
2446 5493 2692 5551 veterum
2722 5493 3142 5553 monachorum.

2175 5565 2203 5604 ⁸
2231 5565 2296 5642 In
2317 5564 2530 5642 vulgata
2549 5565 2807 5642 _editione
2841 5567 2928 5625 hic
2962 5582 3147 5625 sermo
3197 5560 3699 5642 habeturqpatriar-

2104 5632 2222 5692 ch33
2265 5632 2468 5712 Ioseph
2503 5635 2570 5693 ad
2614 5637 2930 5712 pincernam
2981 5647 3035 5696 et
3065 5642 3346 5712 pistorem
3391 5632 3699 5712 Pharaonis

2101 5719 2287 5779 secum
2312 5707 2366 5762 in
2389 5707 2900 5779 carcere'detentos,
2925 5717 2980 5766 et
2994 5707 3107 5768 suis
3143 5709 3377 5768 somniis
3406 5707 3696 5766 turbatos:

2103 5777 2211 5832 Cur
2238 5779 2446 5834 tristior
2466 5783 2543 5835 est
2573 5779 2726 5837 hodie
2748 5777 2903 5838 solito
2921 5783 3091 5851 facies
3109 5787 3284 5840 vestra
3299 5784 3328 5837 7
