4000 6206
222 289 348 345 1049

1247 278 1588 336 COLLATIO
1627 277 1787 336 XVII.
1828 307 1894 319 -—
1935 277 2026 332 DE
2061 277 2498 335 DEFINIENDO.

3394 281 3532 337 l030

215 433 335 476 cum
356 432 430 473 ex
449 415 556 472 hoc
573 413 735 470 nobis
754 427 976 468 omnem
993 412 1392 469 mstimaremus
1408 411 1653 469 laetitiam
1678 427 1811 468 con-
1840 411 1896 478 Α
1924 417 2130 469 vestrae
2155 409 2541 468 inimitabilem
2569 409 2883 484 puritatem,
2907 424 3076 482 quam
3116 408 3276 468 vobis
3297 425 3410 468 non
3437 425 3527 469 so-

211 508 514 577 ferendam,
545 503 874 563 intolerabili
909 503 1220 567 econtrario
1253 503 1444 562 dolore
1467 505 1811 576 conficimur,

213 602 614 662 considerantes
653 599 747 656 illo
772 614 875 656 nos
909 597 1098 656 ordine
1125 598 1182 656 id
1204 597 1352 673 quod
1377 600 1612 658 salutare
1649 601 1814 660 nobis

212 711 329 755 esse
365 693 749 768 cognoscimus
791 691 1036 750 obtinere
1075 707 1186 750 non
1224 707 1402 764 posse.
1449 695 1531 749 Ex
1575 700 1824 766 utroque.

209 801 339 860 ergo
373 801 520 843 nunc
567 785 735 842 latere
771 791 1133 842 coarctamur.
1172 783 1229 843 Si
1278 783 1425 843 enim
1463 785 1810 859 promissioni

207 895 374 953 quam
415 877 693 937 seniorum
725 877 985 935 charitate
1012 892 1116 935 nos
1152 879 1512 951 compellente
1547 879 1812 953 deprom-

207 973 436 1045 psimus,
467 979 522 1028 et
549 987 715 1044 quam
738 986 927 1029 coram
957 971 1170 1029 cunctis
1195 969 1460 1029 fratribus
1488 972 1544 1028 in
1571 975 1594 1005 ⁸
1610 972 1810 1046 spelan

207 1067 266 1123 in
293 1081 400 1138 quo
433 1065 712 1124 Dominus
753 1073 940 1124 noster
967 1081 1034 1122 ex
1073 1065 1196 1123 aula
1231 1065 1369 1124 uteri
1410 1065 1682 1139 virginalis
1724 1064 1812 1122 ef-

205 1157 376 1228 fulsit,
407 1159 526 1232 ipso
564 1166 703 1216 teste
736 1157 1206 1232 deprompsimus,
1231 1157 1542 1215 satisfacere
1571 1159 1811 1215 volueri—

203 1268 351 1322 mus,
390 1268 676 1310 summum
704 1251 967 1326 spiritalis
1009 1252 1131 1308 vita:
1163 1251 1492 1308 incurrimus
1519 1251 1812 1308 detrimen-

201 1352 344 1403 tum.
373 1346 472 1403 Sin
495 1353 679 1404 autem
703 1345 1010 1419 sponsionis
1036 1346 1410 1413 immemores,
1441 1354 1498 1401 et
1521 1345 1578 1402 in
1609 1345 1693 1403 his
1719 1361 1810 1404 re-

199 1438 461 1512 gionibus
496 1438 794 1496 residentes
811 1481 828 1510 ,
861 1438 1080 1496 utilitati
1121 1437 1470 1512 perfectionis
1501 1447 1705 1496 nostrae
1739 1439 1809 1496 il-

199 1532 310 1590 lam
336 1531 676 1590 voluerimus
705 1540 1033 1606 postponere
1054 1531 1386 1606 pactionem,
1413 1532 1640 1606 abrupta
1665 1549 1810 1590 men.

205 1623 344 1683 dacii
364 1641 480 1683 non
495 1625 738 1697 impletae
761 1623 1137 1698 promissionis
1160 1624 1398 1698 pericula
1425 1623 1808 1685 formidamus.

202 1717 310 1776 Sed
334 1733 408 1776 ne
435 1717 541 1776 hoc
569 1717 789 1790 quidem
817 1727 984 1776 assure
1009 1725 1233 1775 nostros
1253 1733 1547 1790 possumus
1575 1719 1810 1778 relevare

1920 503 2035 562 lum
2056 503 2258 562 mentis
2282 519 2346 562 ac
2373 502 2636 578 propositi
2661 501 3000 562 districtione
3017 545 3034 573 ,
3058 503 3153 561 sed
3182 503 3348 562 etiam
3373 504 3528 562 loco-

1921 612 2051 654 rum
2086 595 2364 656 credimus
2383 597 2650 654 beneﬁcio
2672 596 3044 670 patrocinante
3067 595 3326 654 conferri.
3365 596 3526 654 Unde

1917 705 2030 746 non
2082 690 2402 748 dubitamus
2439 689 2508 748 ad
2557 689 2883 748 imitandam
2929 689 3282 762 perfectionis
3331 699 3524 748 vestra:

1918 782 2394 856 magniﬁcentiam,
2427 781 2568 839 hanc
2591 799 2717 856 quae
2735 782 2938 840 cursim
2956 782 3196 840 traditur
3217 781 3523 840 doctrinam

1915 895 2029 936 non
2055 895 2218 954 posse
2240 879 2513 950 sufﬁwre,
2553 879 2658 936 nisi
2689 879 2854 937 nobis
2881 880 3044 936 etiam
3071 881 3522 938 commorationis

1919 973 2090 1044 ipsius
2112 973 2368 1030 affuerint
2393 973 2732 1046 adjumenta,
2763 973 3018 1048 longique
3049 973 3314 1047 temporis
3339 975 3522 1032 erudi-

1922 1065 1998 1122 tio
2053 1065 2376 1138 quotidiana
2421 1067 2762 1124 institutione
2817 1074 3098 1139 torporem
3137 1067 3306 1124 nostri
3345 1066 3524 1126 cordis

1919 1167 2217 1234 utcumque
2245 1159 2578 1217 discusserit.

2491 1260 2731 1318 CAPUT
2783 1261 2938 1315 Vlll.

1920 1359 2071 1428 Quod
2113 1360 2350 1428 perfecti
2389 1361 2514 1414 uiri.
2543 1360 2684 1416 nihil
2719 1359 2960 1415 absolute
3003 1359 3228 1414 debeant
3275 1359 3523 1428 definire,-

1980 1430 2064 1486 oel
2085 1435 2270 1486 utrum
2292 1432 2406 1484 sine
2423 1434 2638 1500 peccato
2655 1431 2866 1500 possint
2893 1430 3116 1499 deﬁnita
3142 1429 3462 1486 rescindere.

1991 1530 2198 1605 Joseph
2230 1551 2243 1586 :
2271 1533 2476 1589 Sanum
2505 1531 2726 1606 quidem
2762 1539 2844 1588 est
2875 1539 3036 1604 atque
3072 1529 3391 1604 perfectum,
3417 1546 3522 1587 no-

1919 1632 2157 1698 straeque
2184 1623 2510 1698 professioni
2551 1626 2779 1684 omnino
2829 1625 3175 1693 conveniens,
3214 1634 3277 1682 ut
3316 1639 3378 1680 ea
3403 1640 3524 1697 quas

1918 1719 2022 1776 sub
2076 1719 2257 1792 aliqua
2305 1719 2598 1793 sponsione
2641 1719 3022 1788 decernimus,
3076 1718 3364 1775 efficaciter
3415 1717 3528 1774 im-

204 1811 462 1881 consilio,
491 1819 554 1868 ut
581 1819 878 1884 postquam
922 1809 1263 1868 velocissimo
1291 1811 1471 1868 reditu
1504 1812 1815 1892 sponsionis
1841 1829 1889 1892 Β
1919 1812 2186 1886 pleamus.
2215 1813 2300 1870 Ob
2335 1828 2499 1887 quam
2523 1828 2640 1870 rem
2669 1811 2802 1870 nihil
2835 1819 3054 1886 oportet
3078 1811 3305 1883 abrupte
3327 1825 3523 1866 mona-

203 1903 374 1962 fuerit
401 1905 622 1978 impleta
647 1903 889 1962 conditio
909 1945 925 1974 ,
953 1903 1074 1961 hac
1095 1903 1276 1962 denuo
1306 1905 1428 1962 loca
1454 1887 1620 1962 celeri
1651 1921 1811 1979 repe-

204 2002 393 2054 tamus
429 2013 674 2055 recursu.
701 1999 884 2054 Nam"
925 1996 1182 2070 quamvis
1217 1995 1288 2055 ad
1316 1997 1620 2070 profectum
1656 1999 1813 2072 spiri-

201 2087 400 2144 talium
427 2104 618 2146 rerum
654 2089 1020 2162 virtutemque
1048 2089 1396 2146 tendentibus
1423 2092 1722 2162 periculosa
1749 2109 1813 2149 ac

199 2180 372 2236 noxia
403 2180 475 2238 sit
513 2181 676 2255 etiam
718 2195 882 2253 prava
909 2179 1129 2250 dilatio,
1155 2188 1342 2239 tamen
1368 2181 1811 2254 pollicitationem

200 2273 330 2331 ﬁdei
382 2282 592 2332 nostrae
635 2275 889 2349 quamvis
910 2275 934 2306 ο
966 2289 1190 2336 moroso
1236 2273 1577 2332 solveremus
1611 2275 1808 2344 reditu,

197 2367 308 2425 nisi
351 2379 457 2426 nos
497 2385 610 2426 non
640 2369 823 2427 solum
851 2367 1143 2435 charitate,
1168 2382 1360 2424 verum
1389 2368 1552 2425 etiam
1580 2371 1816 2428 auctori-

198 2467 314 2518 tate
361 2461 648 2519 seniorum
697 2467 1022 2518 nostrorum
1069 2458 1332 2518 sciremus
1386 2461 1814 2520 inexsolubiliter

196 2554 562 2628 colligandos,
592 2557 665 2612 ita
698 2563 758 2612 ut
776 2555 1054 2613 remeandi
1083 2554 1154 2612 ad
1177 2554 1299 2612 haec
1329 2554 1447 2612 loca
1474 2556 1634 2614 nobis
1653 2565 1810 2630 pote-

196 2656 312 2706 stas
342 2648 600 2722 deinceps
623 2649 777 2706 nullo
799 2649 972 2706 modo
993 2647 1282 2706 tribuatur.

807 2752 1049 2810 CAPUT
1107 2749 1202 2806 VI.

197 2847 559 2916 Interrogatio
611 2849 826 2904 abbatis
863 2848 1074 2918 Ioseph,
1130 2863 1204 2902 an
1253 2849 1310 2900 in
1353 2849 1588 2918 Egypto
1629 2849 1812 2919 major

331 2920 609 2984 profectus
634 2921 806 2981 nobis,
833 2935 996 2988 quam
1018 2921 1078 2972 in
1102 2919 1264 2988 Syria
1293 2920 1676 2986 conferretur?

272 3015 367 3072 Ad
402 3015 523 3072 haec
564 3017 758 3074 beatus
801 3017 1036 3090 Joseph,
1074 3017 1396 3090 interposito
1426 3019 1813 3093 aliquantisper

196 3109 428 3167 silentio
445 3151 460 3179 ,
487 3112 657 3180 Certi,
689 3111 883 3184 inquit,
910 3111 1038 3168 estis
1064 3112 1332 3184 majorem
1361 3113 1684 3185 Spiritalium
1723 3129 1811 3172 re-

1919 1905 2084 1962 chum
2117 1904 2372 1974 definire;
2397 1921 2466 1962 ne
2489 1915 2584 1962 aut
2619 1906 2674 1962 id
2710 1905 2858 1979 quod
2884 1905 3100 1962 incaute
3121 1903 3402 1978 promisit,
3427 1903 3526 1959 im-

1919 2000 2067 2073 plere
2114 2007 2359 2072 cogatur.
2390 2007 2488 2057 aut
2520 1999 2952 2057 consideratione
2985 1996 3317 2055 honestioris
3355 1995 3528 2052 intui-

1917 2101 2010 2150 tus
2043 2101 2356 2162 revocatus,
2384 2093 2696 2166 sponsionis
2725 2101 2840 2150 suae
2883 2091 3274 2165 praevaricator
3309 2091 3522 2148 existat.

1920 2185 2024 2243 Sed
2054 2186 2178 2259 quia
2205 2201 2355 2242 nunc
2378 2187 2724 2259 propositum
2751 2185 2916 2242 nobis
2953 2192 3054 2254 est,
3074 2199 3188 2240 non
3212 2191 3324 2238 tam
3344 2181 3411 2240 de
3443 2197 3529 2238 sa-

1919 2278 2108 2336 nitatis
2129 2285 2275 2335 statu
2297 2293 2472 2350 quam
2493 2277 2562 2334 de
2592 2277 2924 2334 infirmitatis
2945 2276 3228 2333 curatione
3257 2282 3525 2343 tractare;

1919 2387 2032 2428 non
2057 2372 2188 2444 quid
2218 2372 2393 2444 priore
2429 2372 2552 2428 loco
2579 2388 2610 2428 a
2647 2371 2808 2430 vobis
2841 2370 3008 2429 fuerit
3039 2368 3401 2448 actitandum,
3431 2367 3529 2425 sed

1919 2465 2382 2538 quemadmodum
2415 2465 2480 2523 de
2513 2467 2742 2540 scopulo
2784 2465 2948 2539 hujus
2975 2465 3265 2539 perniciosi
3301 2461 3530 2524 naufra-

1917 2559 1988 2632 gii
2034 2559 2250 2632 possitis
2294 2560 2542 2627 evadere,
2580 2559 2794 2618 salubri
2850 2569 2935 2616 est
2974 2559 3200 2616 consilio
3241 2557 3528 2630 requiren-

1919 2653 2074 2710 dum.
2111 2652 2345 2726 Quando
2383 2653 2546 2726 igitur
2571 2654 2787 2710 nullum
2828 2668 2933 2710 nos
2963 2661 3206 2708 coarctat
3229 2651 3527 2714 vinculum,

1919 2759 2023 2798 nec
2045 2743 2154 2800 ulla
2175 2742 2415 2800 conditio
2440 2743 2785 2818 constringit,
2809 2743 2877 2801 de
2905 2743 3309 2818 comparatione
3332 2757 3528 2799 secun-

1918 2835 2115 2893 darum
2144 2852 2328 2893 rerum
2354 2837 2578 2911 optiqne
2613 2837 2912 2911 proposita,
2943 2837 2994 2894 id
3019 2835 3166 2910 quod
3191 2835 3416 2909 majoris
3445 2841 3531 2890 est

1916 2927 2193 2984 commodi
2228 2908 2570 3004 praeeligafur
2606 2908 2631 2984 ξ
2667 2908 2887 3002 quando
2923 2908 3054 2987 vero
3090 2908 3290 3001 aliqua,
3313 2927 3532 3000 dispen-

1916 3019 2132 3077 diorum
2167 3019 2384 3078 obsistit
2419 3021 2748 3093 adversitas,
2777 3023 2834 3078 in
2873 3023 3275 3094 comparatione
3299 3021 3529 3078 damno-

1915 3128 2042 3168 rum
2069 3117 2092 3146 ε
2119 3113 2254 3170 illud
2277 3121 2360 3170 est
2385 3114 2754 3187 appetendum
2789 3115 2936 3188 quod
2964 3113 3260 3172 levioribus
3290 3113 3531 3186 subjacet

193 3220 326 3262 rum
350 3203 664 3277 profectum
702 3203 756 3260 in
783 3204 1004 3277 regione
1022 3203 1130 3261 hac
1155 3203 1310 3261 vobis
1345 3219 1503 3277 posse
1539 3205 1813 3264 conferri?
1841 3214 1886 3278 ρ
1919 3204 2273 3262 detrimentis.
2317 3207 2554 3264 Proinde
2607 3217 2874 3281 quantum
2920 3217 3096 3266 vestra
3135 3206 3391 3282 patefecit
3437 3221 3531 3263 as-
3584 3234 3590 3240 -

820 3303 1061 3362 CAPUT
1083 3307 1211 3364 VII.

427 3399 718 3470 Responsio
743 3399 810 3455 de
831 3399 1158 3468 differentia
1177 3401 1579 3458 institutionum

688 3473 974 3541 utriusque
994 3474 1311 3542 provinciis.

262 3575 582 3632 Germanus
612 3593 624 3630 :
651 3573 912 3646 Quamvis
938 3575 1106 3631 etiam
1129 3573 1353 3632 illorum
1373 3574 1644 3633 doctrinae
1667 3590 1812 3633 sum-

187 3685 312 3726 mas
341 3678 531 3744 grates
567 3669 865 3742 rependere
902 3669 1223 3738 debeamus,
1253 3668 1349 3741 qui
1377 3685 1480 3725 nos
1503 3667 1809 3727 docuerunt

185 3751 216 3796 ά
260 3779 292 3820 a
342 3763 584 3837 parvulis
623 3779 822 3837 magna
851 3763 1067 3833 conari,
1097 3751 1306 3820 et’dato
1333 3763 1464 3820 boni
1495 3765 1579 3820 sui
1617 3772 1804 3836 gustu,

184 3859 472 3932 egregiam
513 3855 864 3928 perfectionis
901 3856 1050 3912 sitim
1085 3855 1286 3912 nostris
1329 3856 1633 3913 visceribus
1666 3857 1808 3916 indi-

183 3949 397 4008 derunt
415 3967 434 4016 ;
451 3949 498 4004 si
517 3947 652 4018 quid
673 3955 862 4002 tamen
874 3945 1080 4016 judicio
1101 3953 1296 4001 nostro
1313 3947 1574 4016 creditur,
1601 3948 1808 4005 nullam

183 4043 461 4102 ducimus
497 4038 970 4111 comparationem
1016 4037 1160 4092 inter
1203 4034 1322 4092 haec
1365 4045 1529 4109 atque
1571 4037 1654 4094 illa
1685 4055 1809 4110 quae

180 4135 297 4193 illic
330 4131 679 4209 percepimus
706 4130 978 4200 instituta,
1008 4115 1355 4195 utisileamus
1382 4133 1810 4190 conversationis

1918 3297 2107 3368 sertio,
2136 3313 2265 3354 cum
2300 3298 2369 3356 ad
2413 3299 2470 3355 id
2511 3315 2608 3357 vos
2641 3301 2748 3356 loci
2784 3302 3006 3372 sponsio
3055 3300 3365 3358 inconsulta
3403 3313 3531 3370 pcr-

1917 3389 2150 3458 duxerit,
2174 3399 2235 3447 ut
2264 3406 2330 3446 ex
2369 3398 2603 3462 utroque
2625 3393 2778 3448 vobis
2807 3395 2984 3466 gravis
3017 3391 3355 3448 incommodi
3396 3391 3528 3447 sub-

1918 3481 2098 3538 eunda
2131 3481 2344 3554 jactura
2387 3481 2478 3553 sit,
2521 3481 2576 3540 in
2620 3498 2740 3540 eam
2777 3491 2992 3558 partem
3036 3483 3407 3542 inclinandum
3445 3492 3529 3540 est

1919 3574 2194 3633 electionis
2233 3576 2544 3643 arbitrium,
2575 3592 2702 3651 quae
2726 3579 2807 3635 vel
2847 3578 3216 3636 tolerabiliora
3241 3578 3522 3650 dispendia

1917 3667 2136 3742 inferat,
2158 3671 2237 3728 vel
2263 3671 2648 3730 satisfactionis
2673 3673 2918 3732 remedio
2942 3673 3152 3732 facilius
3167 3674 3433 3747 expietur.
3464 3673 3520 3730 Si
3597 3731 3606 3735 _

1914 3777 2042 3836 ergo
2073 3765 2284 3838 majora
2315 3767 2532 3839 spiritui
2556 3776 2737 3826 vestro
2778 3769 2926 3826 lucra
2969 3785 3032 3826 ex
3067 3769 3169 3825 hac
3213 3784 3522 3826 commora-

1914 3856 2063 3914 tione
2083 3859 2302 3917 creditis
2321 3859 2666 3928 conferenda,
2693 3876 2858 3934 quam
2885 3860 2974 3918 illa
2996 3869 3123 3917 sunt
3136 3875 3258 3932 quae
3277 3860 3432 3915 vobis
3455 3860 3522 3916 de

1916 3954 2325 4011 conversatione
2353 3955 2496 4013 illius
2521 3955 2756 4012 cmnobii
2787 3957 3173 4024 nascebantur,
3203 3969 3378 4026 neque
3403 3953 3522 4008 sine

1910 4043 2125 4114 jactura
2166 4046 2472 4118 ingentium
2503 4050 2928 4106 commodorum
2952 4057 3133 4122 potest
3158 4047 3402 4105 conditio
3427 4061 3520 4102 vc-

1916 4141 2046 4192 straa
2087 4137 2392 4208 sponsionis
2439 4139 2717 4210 impleri,‘
2745 4141 2916 4196 satius
2964 4150 3047 4196 est
3088 4140 3194 4196 hoc
3231 4151 3326 4196 vos
3367 4153 3520 4194 men-

1298 4268 1559 4324 ALARDI
1599 4267 1825 4326 GAZ/EI
1863 4269 2420 4330 COMMENTARlUS.

260 4414 288 4440 ι
319 4405 411 4459 De
440 4401 548 4459 hoc
574 4403 797 4476 spelazo,
808 4401 867 4476 id
895 4409 997 4476 est,
1013 4401 1289 4476 spelunca,
1316 4401 1369 4458 in
1399 4419 1504 4475 qua
1528 4403 1800 4476 Dominus

179 4481 387 4532 noster
414 4482 575 4530 natus
604 4471 722 4541 'est,
752 4471 1128 4544 aliasdictum
1148 4475 1302 4544 ,(Lib.
1333 4471 1472 4530 ινδ.
1527 4480 1657 4544 12);
1706 4475 1797 4532 cui

178 4545 441 4604 vicinum
467 4554 585 4602 erat
611 4543 1006 4602 monasterium
1026 4543 1164 4600 illud
1187 4543 1678 4615 Bethleemiticum,
1703 4545 1797 4602 ubi

181 4617 486 4676 Cassianus
527 4633 654 4674 cum
692 4618 970 4674 Germano
1012 4614 1406 4672 monachatum
1435 4614 1700 4690 suscepit,
1736 4626 1799 4674 ut

181 4690 309 4744 inse
339 4697 576 4744 testatur
601 4687 844 4744 pluribus
870 4687 927 4742 in
959 4687 1108 4743 locis.

181 4690 309 4762 ipse
339 4697 576 4744 testatur
601 4689 844 4760 pluribus
870 4689 927 4742 in
959 4689 1108 4743 locis.
1600 4689 1616 4690 ί

254 4763 284 4798 δ
317 4761 505 4816 Nescit
524 4763 665 4830 enim
679 4760 839 4815 tarda
857 4759 1134 4814 molimina
1148 4759 1386 4828 Spiritus
1405 4762 1580 4815 sancti
1592 4761 1798 4830 gratia,

1905 4405 2037 4474 ﬁdei
2062 4406 2390 4480 rudimenta,
2413 4407 2814 4465 succedentibus
2843 4410 3190 4480 aliquatenus
3216 4411 3516 4468 incremen-

1907 4480 2000 4541 tis,
2031 4477 2287 4548 majorem
2303 4481 2652 4550 perfectionis
2681 4477 2992 4538 desiderare
3015 4483 3254 4553 gratiam
3279 4486 3518 4555 sapisse-

1904 4557 2178 4694 st???
2194 4619 2312 4678 haec
2339 4621 2509 4678 verba
2541 4621 2600 4678 in
2626 4621 2865 4680 editione
2891 4623 3180 4681 Basileensi
3206 4632 3262 4680 et
3287 4623 3513 4694 Lugdu-

1907 4691 2064 4747 nensi
2091 4692 2490 4750 intersemntur
2525 4696 2808 4766 sequentia
2841 4714 2854 4749 :
2885 4698 2952 4750 Ut
2989 4713 3024 4749 a
3049 4696 3286 4766 quodam
3309 4691 3514 4766 dictum

1909 4767 1987 4819 est
2004 4767 2110 4819 :De
2130 4767 2386 4820 maximis
2404 4765 2564 4820 malis
2591 4762 2826 4820 minima
2848 4762 3076 4833 deligas:
3097 4763 3234 4833 Quae
3248 4762 3512 4833 quoniam

179 4831 264 4890 ait
305 4833 393 4906 Ι)Δ
433 4829 760 4906 A_r_nbrosiu_s
799 4831 878 4906 (In
907 4845 1027 4906 cap.
1060 4845 1083 4886 1
1109 4826 1306 4906 Lucra).
1337 4831 1488 4906 EtS.
1526 4826 1800 4906 Hierony-
1831 4826 1883 4890 D
1912 4849 2020 4906 nec
2036 4833 2094 4888 in
2121 4833 2482 4906 mss._nostri_s
2507 4835 2832 4906 reperimus,
2855 4826 3381 4906 nec'apud'_Dioi1ys.
3410 4849 3512 4906 pas

175 4917 318 4961 mus
351 4899 649 4972 Paulinum
675 4899 744 4956 ad
781 4899 1101 4972 religionem
1141 4900 1378 4955 imitans
1409 4901 1601 4971 (Epist.
1639 4899 1798 4972 108):

173 4973 434 5034 Festi-na,
475 4969 571 5037 ait,
609 4985 788 5040 quaeso
813 4969 910 5033 te,‘
922 4977 973 5026 et
1013 4973 1268 5028 haerentis
1293 4972 1354 5024 in
1380 4969 1496 5027 salo
1540 4969 1802 5030 navicula:

173 5048 382 5115 funem
415 5046 592 5112 magis
609 5041 843 5115 prcecide
865 5057 1027 5115 quam
1037 5045 1207 5115 solve.

253 5123 275 5148 °
297 5115 368 5187 Id
390 5121 498 5182 est,
514 5111 888 5187 'tardo,_sero,_
901 5111 996 5167 diu
1023 5113 1192 5187 dilato
1217 5130 1232 5168 :
1258 5111 1344 5187 c_u_i
1369 5115 1666 5187 opponitur
1686 5130 1800 5187 ma-

178 5186 510 5271 turissimus
547 5193 604 5241 et
643 5182 1016 5241 velocissimus
1051 5182 1262 5242 reditus
1288 5184 1374 5242 hic
1408 5182 1464 5243 et
1491 5185 1638 5258 apud
1665 5185 1800 5243 Dio-

175 5275 255 5412 11y
251 5272 444 5384 3‘33;
467 5333 569 5394 est,
595 5341 626 5382 a
647 5325 877 5412 pueritia
900 5343 929 5412 :_
943 5341 1046 5412 qua
1061 5334 1222 5412 aetate
1244 5327 1532 5412 Cassianus
1551 5343 1678 5412 cum
1691 5343 1800 5412 suo

175 5403 480 5461 Germano
507 5398 812 5456 monachus
853 5407 939 5456 est
961 5398 1154 5456 "factus
1188 5399 1242 5456 in
1277 5399 1529 5457 coenobio
1565 5400 1660 5456 illo
1691 5402 1799 5457 Be-

175 5469 555 5542 thleemitico,
583 5477 640 5524 ut
663 5468 887 5542 ipsemet
918 5478 1174 5542 testatur.
1204 5470 1372 5528 Unde
1401 5471 1457 5526 in
1483 5470 1800 5541 praefatione

175 5559 279 5602 sua
305 5542 384 5600 ad
417 5541 702 5615 castorem
734 5545 880 5615 :rEa,‘
911 5541 1106 5615 inquit,
1137 5558 1260 5614 quae
1293 5559 1328 5596 a
1345 5544 1586 5612 pum‘itia
1611 5546 1799 5597 nostra

174 5619 330 5673 inter
354 5613 568 5670 eosdem
603 5613 897 5685 constituti,
922 5613 1086 5683 atQue
1112 5616 1352 5685 ipsorum
1374 5615 1592 5668 incitati
1618 5615 1797 5682 quoti-

175 5689 371 5744 dianis
394 5683 868 5740 adhortationibus
893 5687 942 5739 et
971 5683 1249 5755 exemplis,
1280 5685 1365 5740 uel
1396 5699 1556 5754 agere
1575 5686 1799 5755 tentavi-

175 5774 327 5828 mus,
358 5756 448 5828 vel
474 5756 801 5828 didicimus,
821 5761 927 5828 etc.
968 5756 1037 5828 Et
1063 5754 1250 5812 rursus
1276 5755 1460 5812 collat.
1491 5754 1798 5812 undecima:

173 5845 266 5903 ap.
302 5825 330 5886 Ῐ
359 5849 373 5886 ;
413 5827 545 5884 Cum
561 5827 624 5882 in
641 5825 868 5883 mobio
884 5826 1062 5897 Syrica
1084 5829 1442 5892 consistentes,
1469 5831 1594 5899 post
1607 5829 1797 5899 prima

1908 4903 2204 5030 raplhrast.,
2241 4903 2308 4960 iis
2345 4903 2995 4961 omissis‘Plantinianam
3016 4903 3326 4962 editionem
3356 4903 3510 4978 sequi

1910 4991 1998 5030 ma
2023 4987 2223 5030 ulmus.

1910 4987 2223 5032 malumtus.

1979 5039 1999 5078 ¹
2027 5044 2086 5101 ld
2104 5051 2192 5120 est
2218 5043 2566 5120 mendacium
2591 5045 2964 5120 committere,
2986 5047 3065 5105 vel
3089 5047 3510 5120 promissisnon

1907 5125 2070 5173 stare.
2102 5114 2410 5189 Ingreditur
2441 5115 2529 5189 hic
2568 5117 2734 5175 abbas
2761 5114 2966 5189 .loseph
2991 5121 3049 5174 in
3084 5114 3510 5189 disputationem

1907 5189 1976 5262 de
2003 5185 2305 5262 mendacio,
2337 5187 2482 5262 quod
2505 5190 2699 5262 multis
2717 5185 2982 5262 exemplis
3011 5197 3066 5262 et
3091 5185 3510 5262 auctoritatibus

1907 5259 2204 5332 Scriptura:
2235 5259 2681 5332 probarenititur
2697 5277 2810 5332 non
2837 5258 3001 5332 modo
3029 5259 3237 5315 licitum
3261 5273 3384 5332 esse
3409 5258 3508 5332 ali-

1907 5329 2387 5404 quando,_v_erum
2417 5329 2578 5386 etiam
2620 5330 2891 5404 laudabile
2917 5346 2980 5387 ac
3006 5329 3390 5404 necessarium,
3435 5329 3509 5386 id-

1905 5399 2010 5474 que
2037 5401 2236 5474 duplici
2257 5399 2338 5474 'e_x
2377 5416 2538 5474 causa
2575 5417 2672 5459 seu
2702 5401 2809 5458 fine
2837 5423 2850 5458 :
2889 5407 2944 5458 1°
2971 5401 3040 5474 ad
3072 5400 3360 5458 vitandum
3391 5416 3509 5458 ma-

1905 5471 2076 5598 gnum
2100 5471 2320 5544 aliquod
2338 5471 2552 5556 malum
2574 5481 2668 5555 aut
2693 5488 2952 5554 magnum
2973 5473 3184 5556 bonum
3207 5487 3506 5545 procuran-

1947 5558 2080 5598 um:
2106 5545 2170 5597 2°
2195 5557 2324 5598 cum
2357 5542 2675 5598 humilitatis
2704 5553 2874 5598 gratia
2903 5543 3276 5598 mentiendum
3313 5552 3416 5598 est.
3445 5553 3506 5598 ut

1947 5558 2080 5612 um;
2106 5545 2170 5597 2°
2189 5542 2324 5598 cum
2357 5542 2675 5600 humilitatis
2704 5542 2874 5612 gratia
2903 5542 3276 5601 mentiendum
3313 5552 3416 5611 est,
3445 5553 3506 5601 ut

1945 5611 2032 5689 uis
2061 5612 2282 5689 virtutes
2315 5628 2444 5689 suas
2465 5613 2534 5689 ad
2554 5611 2832 5689 vitandam
2859 5614 3078 5672 inanem
3100 5615 3328 5689 gloriam
3349 5631 3504 5672 men-

1945 5629 2032 5670 uts
2061 5629 2282 5670 virtutes
2315 5629 2438 5668 suas
2465 5629 2534 5669 au
2554 5629 2832 5672 vitandam
2859 5630 3078 5672 inanem
3103 5629 3328 5689 gloriam
3349 5631 3501 5672 men-

1903 5629 2070 5760 dacio
2116 5683 2369 5760 occultat.
2408 5679 2656 5760 Priorem
2714 5686 2878 5760 hujus
2924 5686 3240 5760 assertionis
3292 5695 3501 5760 partem

1903 5755 2098 5813 astruit
2140 5771 2170 5812 a
2211 5755 2388 5832 capite
2437 5759 2497 5812 I2
2539 5772 2714 5832 usque
2740 5755 2930 5832 ad_2t,
2961 5755 3383 5832 posteriorem_a
3411 5759 3488 5832 _2l

1903 5843 2026 5902 cap.
2065 5841 2238 5902 usque
2278 5825 2352 5886 ad
2386 5832 2476 5885 25.
2524 5825 2660 5902 Quae
2699 5825 2921 5902 quidem
2957 5825 3138 5904 opinio
3175 5845 3286 5886 non
3328 5825 3492 5896 hujus
3585 5891 3606 5904 Α
