4014 6202
271 292 400 346 i033

1298 282 1635 341 COLLATIO
1674 284 1838 340 XVII.
1876 313 1949 352 τ-
1985 283 2075 339 DE
2112 282 2547 341 DEFINIENDO.

3440 260 3576 347 tot;

263 410 464 482 dicitis,
505 417 681 466 status
726 407 1048 481 quotidiano
1102 422 1201 464 vos
1261 417 1425 481 atque
1476 406 1865 465 interminabili
1893 413 1947 478 Α
1974 417 2337 481 promeretur,
2402 407 2800 468 abscindendus
2861 409 3224 484 proculdubio
3291 411 3362 469 ab
3414 411 3577 487 hujus

267 504 471 563 afﬁciat
498 503 848 561 detrimento.
885 500 1242 559 Veniabiliter
1270 502 1439 572 enim,
1469 502 1641 560 immo
1674 517 1865 559 verum

260 599 431 656 etiam
449 607 475 634 ⁸
498 595 843 655 laudabiliter
865 594 1110 653 deﬁnitio
1129 596 1349 654 incauta
1370 597 1689 666 mutabitur,
1719 595 1765 653 si
1792 594 1864 654 ad

263 690 622 748 salubriorem
648 698 887 748 transeat
907 698 1141 762 partem,
1165 706 1271 749 nec
1293 691 1621 749 constantia:
1653 706 1862 764 praeva-

261 785 452 843 ricatio
489 801 610 844 esse
667 783 943 844 credenda
990 793 1093 855 est,
1141 787 1358 859 quoties
1404 785 1624 858 sponsio
1670 784 1863 843 vitiosa

256 882 578 955 corrigitur,
617 896 716 939 eu
754 879 1072 938 temeritatis
1114 881 1449 939 emendatio.
1500 882 1638 952 Quae
1677 880 1862 937 omnia

260 974 661 1047 Scripturarum
684 989 901 1048 quoque
923 982 1153 1047 possunt
1168 974 1503 1031 testimbniis
1520 973 1862 1046 apertissime

252 1067 628 1140 comprobari,
660 1084 825 1142 quam
852 1068 1039 1126 multis
1066 1068 1434 1142 perniciosum
1457 1067 1644 1137 fuerit,
1669 1066 1859 1125 deﬁni-

259 1160 502 1219 tionibus
545 1162 777 1235 propriis
815 1162 1115 1231 inhaesisse,
1148 1171 1204 1219 et
1229 1161 1301 1218 ab
1327 1163 1408 1218 eis
1429 1160 1735 1219 econtrario
1758 1159 1859 1217 de-

253 1252 477 1324 stitisse,
507 1255 863 1313 commodum
892 1253 1055 1311 fuerit
1079 1269 1144 1311 ac
1165 1252 1398 1311 salubre.

856 1358 1101 1415 CAPUT
1147 1358 1251 1414 IX.

250 1453 412 1520 Quod
428 1455 754 1525 plerumque
774 1454 851 1526 (id
879 1463 961 1511 est
982 1453 1295 1526 aliquando)
1318 1453 1513 1526 utilius
1545 1455 1615 1509 sit
1641 1456 1854 1509 statuta

663 1526 967 1590 dissolvere,
999 1525 1159 1597 quam
1187 1525 1437 1595 implere.

323 1624 486 1694 Quod
505 1624 863 1699 liquidissime
885 1627 1056 1684 sancti
1074 1626 1305 1699 apostoli
1320 1625 1465 1683 Petri
1486 1632 1541 1681 et
1564 1626 1595 1680 J
1599 1623 1722 1682 udae
1742 1633 1853 1681 tra-

244 1716 445 1775 ditoris
468 1722 715 1793 exempla
744 1729 1035 1778 testantur.
1088 1718 1185 1776 llle
1211 1720 1363 1777 enim
1399 1718 1528 1792 quia
1555 1720 1582 1755 δ
1611 1717 1853 1776 discessit

1975 501 2327 560 beatitudinis
2375 504 2567 578 gratia,
2596 504 2642 560 si
2686 504 2745 560 in
2774 506 3047 562 sermonis
3080 505 3165 564 sui
3203 505 3578 564 obstinatione

1974 598 2282 654 mansisset.
2326 596 2433 654 Hic
2456 612 2585 654 vero
2607 597 2965 670 pertinaciam
2992 614 3107 656 sua:
3132 600 3376 658 retinens
3402 614 3574 674 spon-

1970 690 2160 758 sionis,
2205 699 2464 764 perpetua
2494 698 2676 748 morte
2708 690 3028 762 damnatur,
3064 709 3173 765 qua
3214 691 3410 751 fuisset
3448 710 3576 767 pro-

1972 782 2232 840 culdubio
2259 783 2544 853 liberatus,
2564 784 2622 841 si
2654 784 2986 843 deﬁnitionis
3011 801 3128 843 suae
3162 786 3449 844 maluisset
3475 787 3573 845 de-

1970 876 2197 934 stitutor
2236 877 2419 949 potius
2460 893 2628 951 quam
2667 880 2909 951 pertinax
2950 879 3196 936 inveniri.
3245 880 3408 950 Quod
3452 890 3474 919 °
3520 881 3577 938 in

1970 968 2079 1026 illis
2113 985 2334 1043 quoque
2366 971 2584 1030 duobus
2609 971 2731 1031 ﬁliis
2760 973 2853 1047 qui
2882 974 2940 1029 in
2969 973 3258 1046 Evangelio
3284 972 3353 1029 ad
3375 989 3574 1046 opera-

1969 1062 2182 1120 tionem
2224 1064 2401 1121 vineae
2439 1065 2801 1136 destinantur,
2859 1064 3268 1123 evidentissime
3309 1063 3572 1139 perdoce-

1968 1171 2113 1227 mur,
2160 1171 2400 1229 quorum
2445 1172 2588 1214 unus
2652 1158 2820 1230 patris
2862 1159 3066 1215 restitit
3123 1158 3375 1230 imperio,
3435 1160 3571 1217 alius

1967 1265 2134 1321 prona
2163 1250 2516 1323 responsione
2555 1252 2830 1308 consensit
2874 1253 3091 1319 (Matth.
3124 1252 3294 1322 xxv).
3333 1252 3442 1309 Sed
3471 1269 3571 1311 nec

1964 1344 2039 1399 illi
2080 1343 2291 1417 profuit
2325 1344 2547 1403 humilis
2590 1345 3052 1418 obsequendaque
3088 1345 3391 1417 responsio,
3443 1346 3569 1418 quia

1964 1445 2303 1509 praeceptum
2347 1438 2518 1510 patris
2544 1454 2712 1510 opere
2739 1439 3061 1496 detrectavit
3085 1438 3333 1511 implere,
3363 1453 3467 1497 nec
3490 1439 3567 1497 illi

1963 1533 2140 1590 obfuit
2158 1532 2454 1607 refragatio
2474 1535 2768 1608 jussionis,
2799 1551 2865 1592 eo
2902 1535 3053 1608 quod
3099 1536 3262 1593 statui
3294 1537 3567 1595 sermonis

1941 1622 2329 1685 ‘obstinatione
2370 1634 2601 1698 mutata,
2638 1644 2848 1702 scopon
2879 1630 3072 1702 patris,
3117 1630 3299 1701 operis
3356 1645 3567 1688 exsecu-

1961 1720 2107 1777 tione
2140 1722 2470 1794 complevit;
2502 1731 2557 1781 et
2579 1721 2636 1780 id
2662 1723 2813 1795 quod
2839 1723 3334 1796 reprehensibiliter
3356 1731 3566 1780 statue-

245 1809 318 1866 ab
364 1810 687 1872 inconsulta:
748 1814 1082 1873 deﬁnitionis
1138 1813 1404 1872 sententia
1455 1829 1562 1886 qua
1617 1811 1850 1881 dixerat,
1882 1821 1930 1884 Β
1958 1821 2066 1884 rat,
2131 1814 2448 1874 deﬁnitione
2516 1827 2763 1875 correcta
2827 1817 3173 1876 laudabiliter
3233 1818 3561 1875 emendavit.

246 1906 363 1961 Non
384 1908 521 1962 mihi
549 1909 756 1965 lambis
778 1909 948 1982 pedes
969 1910 1033 1964 in
1051 1912 1315 1965 aeternum
1339 1911 1516 1977 (Joan.
1547 1907 1709 1980 xm),
1740 1907 1851 1963 im—

248 1999 486 2056 mortale
516 2000 719 2057 Cbristi
763 2001 1118 2074 omniumque
1145 2009 1463 2059 sanctorum
1506 2002 1852 2059 consortium

1958 1910 2186 1966 Necnon
2235 1920 2289 1967 et
2334 1910 2572 1970 Herodis
2616 1912 2985 1970 cruentissimi
3006 1912 3181 1986 ,regis
3226 1911 3561 1985 exemplum,

1959 2002 2048 2074 qui
2081 2002 2245 2060 ﬁdem
2294 2005 2602 2064 inconsulte
2648 2006 2889 2064 retinens
2911 2008 2939 2043 ά
2987 2006 3336 2073 sacramenti,
3368 2020 3562 2062 cruen-

1346 2116 1604 2172 AIARDI
1642 2117 1867 2176 ΕΑΖίΕΙ
1905 2116 2460 2177 COMMENTARIUS.

239 2216 467 2293 riorum
492 2220 659 2293 signis
705 2220 1001 2279 factorum.
1031 2226 1173 2279 Nam
1201 2223 1360 2281 sicuti
1409 2223 1752 2280 mendacium
1794 2224 1853 2281 in

244 2288 457 2376 verbis,
501 2288 576 2376 ita
619 2293 900 2376 simulatio
930 2293 996 2375 in
1026 2292 1189 2376 fictis
1218 2295 1488 2376 consistit.
1537 2295 1855 2376 Hypocrisis

237 2363 460 2441 species
499 2372 584 2418 est
610 2363 991 2441 simulationis.
1025 2368 1171 2422 Nam
1214 2366 1397 2441 omnis
1426 2363 1747 2441 hypocrisis
1768 2366 1851 2441 si-

236 2430 473 2509 mulatio
500 2443 583 2509 es;
611 2452 624 2490 :
650 2450 767 2491 non
791 2436 976 2509 omnis
1002 2445 1187 2509 autem
1221 2430 1847 2509 simulatio'hypocrisis,

234 2501 329 2579 sed
363 2503 507 2579 sola
521 2502 620 2579 illa
638 2521 746 2579 qua
774 2506 894 2579 quis
923 2506 1145 2579 s_imulat
1169 2506 1514 2579 sanctitatem
1544 2501 1707 2579 quam
1736 2501 1851 2579 non

235 2571 857 2649 habet-_Dissimulafio
887 2576 1205 2649 nihilaliud
1250 2586 1333 2634 est
1360 2594 1526 2649 quam
1557 2571 1849 2633 occultatio

236 2644 515 2725 veritatis,
560 2661 682 2717 qum
722 2663 818 2725 per
862 2663 921 2704 se
960 2647 1283 2725 indifferens
1312 2644 1397 2725 esi
1424 2648 1743 2725 nullumque
1771 2649 1852 2704 vi-

229 2718 364 2786 tium
392 2725 595 2786 sonat,
626 2726 682 2773 et
703 2718 944 2774 multum
972 2719 1157 2777 differt
1181 2736 1213 2776 a
1239 2719 1588 2776 simulatione
1612 2718 1672 2775 ef
1692 2734 1848 2776 men-

230 2784 386 2843 dacio
433 2805 446 2842 :
470 2784 791 2861 Sicutenim
808 2788 1025 2860 aliquis
1052 2791 1511 2858 verbomentitur,
1547 2791 1768 2861 quando
1785 2793 1851 2845 si-

226 2860 469 2932 gnificat
493 2859 647 2932 quod
682 2876 788 2915 non
817 2859 924 2924 est,
945 2876 1053 2916 non
1081 2865 1260 2917 autem
1287 2863 1503 2932 quando
1528 2859 1669 2915 tacet
1705 2862 1852 2931 quod

232 2933 312 2983 est
333 2929 507 3003 (quod
538 2932 834 2999 aliquando
865 2933 1026 2999 licet),
1057 2935 1136 2986 ita
1165 2929 1326 2987 etiam
1355 2949 1413 2988 re
1440 2934 1564 3003 ipsa
1586 2929 1850 2988 mentitur

241 3004 289 3053 et
303 3002 533 3056 simulat
556 3003 653 3070 qui
672 3017 770 3068 per
795 3005 1068 3055 anteriora
1091 3004 1250 3069 signa
1271 3004 1537 3069 factorum
1557 3003 1642 3057 vel
1650 3018 1848 3057 rerum

236 3071 509 3140 signiﬁcat
534 3072 751 3141 aliquid
777 3072 1042 3140 quodnon
1066 3077 1162 3143 est,
1193 3088 1301 3127 non
1340 3078 1522 3128 autem
1556 3076 1607 3128 si
1631 3074 1849 3143 aliquid

237 3144 630 3209 praetermittat
656 3143 965 3211 signiﬁcare
984 3142 1131 3211 quod
1150 3146 1227 3196 est
1251 3161 1267 3196 :
1290 3144 1433 3197 unde
1456 3144 1656 3213 aliquis
1672 3148 1851 3213 potest

233 3218 516 3279 peccatum
556 3229 715 3267 suum
743 3214 1009 3267 occultare
1042 3213 1244 3279 absque
1271 3214 1630 3267 simulatione.
1678 3216 1756 3267 lta
1786 3215 1844 3269 S.

542 3252 1041 3355 Δἷίυὸῖιεξ[ιῖωίκεῖζιἱιιεει
1068 3252 1324 3354 ambigua
1361 3297 1455 3355 seu
1480 3252 1850 3355 pamphibolo:
1878 3252 1924 3315 (ἶ

239 3352 358 3421 gica
386 3352 614 3420 locutio,
642 3368 772 3407 cum
808 3352 932 3423 quis
960 3367 1074 3407 non
1105 3352 1321 3423 tenetur
1347 3352 1417 3408 ad
1445 3352 1666 3408 alterius
1691 3367 1844 3408 men-

241 3429 356 3494 tem
385 3431 441 3477 et
462 3437 682 3494 sensum
710 3422 861 3494 loqui
886 3422 1351 3494 antirespondere.
1377 3425 1501 3480 Non
1523 3423 1668 3494 enim
1694 3438 1846 3494 men-

241 3491 379 3566 titur
405 3491 496 3562 qui
520 3493 691 3566 utitur
719 3491 1135 3566 amphibolog‘ia
1157 3494 1238 3550 vel
1281 3494 1447 3550 tacita
1464 3493 1845 3566 restrictione,

238 3561 370 3631 quia
405 3561 518 3619 non
568 3561 1020 3636 intendit'dicere
1050 3561 1269 3621 'falsum
1320 3573 1417 3621 aut
1461 3564 1614 3636 loqui
1657 3561 1847 3621 contra

240 3641 489 3708 mentem
521 3674 535 3699 ,
588 3634 684 3708 sed
731 3635 812 3708 vel
865 3644 1105 3708 mentem
1156 3650 1315 3692 suam
1373 3634 1548 3708 aliter:
1578 3649 1848 3708 exponere

236 3718 409 3778 quam
437 3703 579 3760 alter
620 3705 902 3777 intelligat,
938 3705 1018 3761 vel
1047 3722 1158 3778 non
1187 3715 1364 3778 totam
1396 3703 1722 3778 exprimere,
1751 3706 1847 3763 sed

236 3773 421 3849 solum
445 3790 510 3830 ex
540 3783 707 3846 parte.
750 3773 925 3849 Porro
948 3775 1289 3849 sponsionis,
1302 3793 1399 3834 seu
1425 3773 1695 3849 pactionis
1713 3773 1844 3834 eor-

236 3844 410 3920 rectio
456 3844 553 3920 aut
580 3847 854 3920 revocatio
885 3844 996 3920 non
1022 3844 1498 3920 estmepdacium,
1530 3864 1630 3920 nec
1667 3864 1846 3920 oppo-

238 3914 393 3972 nitur
422 3917 656 3985 veritati,
686 3919 785 3976 sed
825 3917 1005 3989 potius
1050 3917 1169 3972 ﬁdei
1199 3914 1294 3974 seu
1335 3918 1604 3983 ﬁdelitati,
1638 3914 1845 3973 ut'no-

236 3995 356 4058 tum
377 3998 464 4044 est
489 3989 660 4055 (Vide
687 3990 742 4044 S.
776 3991 1031 4044 Thomam
1060 3992 1180 4056 2-2,
1199 4005 1253 4058 q.
1283 3993 1404 4053 uo,
1438 3995 1543 4044 art.
1576 3995 1632 4055 2,
1670 3989 1842 4057 ad5).

234 4057 360 4114 Non
389 4058 537 4131 enim
564 4059 826 4131 mentitur
849 4058 1085 4131 proprie,
1112 4060 1204 4130 qui
1243 4067 1460 4130 pactum
1492 4068 1587 4114 aut
1608 4060 1847 4130 promis-

232 4144 359 4185 sum
388 4130 583 4203 violat,
608 4130 736 4203 quia
768 4130 882 4186 non
906 4130 1145 4203 loquitur
1160 4139 1351 4203 contra
1377 4138 1615 4186 mentem
1641 4145 1803 4186 suam
1826 4149 1841 4186 :

231 4212 390 4273 secus
429 4202 481 4258 si
511 4200 800 4273 promittat
827 4217 942 4273 non
976 4200 1195 4273 habens
1225 4200 1562 4258 voluntatem
1610 4202 1848 4273 promit-

226 4272 382 4345 tendi
428 4271 531 4329 aut
577 4272 930 4345 exsequendi.
987 4271 1225 4345 Proinde
1276 4272 1540 4345 mendacii
1579 4272 1844 4345 vocabulo

230 4341 486 4416 abutitur
535 4344 702 4400 abbas
720 4341 941 4416 ‘Joseph
991 4343 1094 4416 hoc
1132 4344 1271 4414 loco,
1308 4343 1440 4416 dum
1483 4343 1846 4416 mutationem

233 4415 462 4496 consilii
502 4423 597 4471 aut
638 4414 1150 4496 sponsiguishfactai
1195 4414 1539 4496 mendacium
1587 4414 1841 4496 appellat,

230 4492 292 4559 ut
335 4485 506 4559 docte
544 4485 892 4559 explicat_D.
945 4485 1243 4559 Cuychius,
1272 4485 1426 4559 cujus
1446 4485 1742 4559 censuram
1786 4487 1842 4542 in

228 4553 380 4613 hunc
422 4553 629 4613 locum'
645 4557 811 4613 simul
843 4572 971 4613 cum
998 4553 1354 4614 annotatione
1394 4557 1635 4617 Ciaconii
1665 4558 1842 4615 lector

226 4627 419 4685 videre
450 4643 565 4684 non
592 4628 834 4683 omittat.

301 4703 329 4732 ³
360 4699 550 4779 Multa
594 4698 652 4779 in
679 4699 829 4779 hanc
839 4697 1168 4779 sententiam
1180 4697 1350 4779 _apud_
1361 4699 1695 4779 _Gratianum
1736 4715 1835 4779 er-

223 4776 383 4823 stant
409 4769 663 4838 capitula,
693 4779 756 4826 ut
797 4768 931 4826 illud
961 4768 1248 4841 Augustini
1270 4787 1291 4841 κε
1320 4771 1534 4838 Magna:
1562 4774 1836 4841 sapientia:

230 4842 315 4910 est
338 4852 583 4910 revocare
618 4841 901 4910 hominem,
931 4839 1075 4910 quod
1098 4839 1237 4894 male
1263 4840 1467 4894 locutus
1500 4843 1576 4896 est
1592 4839 1710 4906 {et
1734 4842 1832 4898 Isi-

231 4906 357 4963 dori
400 4925 416 4960 :
461 4910 523 4964 In
558 4909 716 4983 malis
747 4906 1026 4979 promissis
1063 4910 1307 4966 rescinde
1342 4911 1535 4980 ﬁdem;
1584 4913 1645 4965 in
1690 4916 1841 4983 turpi

228 4984 355 5054 voto
391 4982 552 5054 muta
576 4979 1083 5054 decretum.__1mpia
1125 4987 1202 5037 est
1230 4979 1371 5037 enim
1398 4985 1680 5052 promissio
1716 4979 1837 5054 quin

227 5052 428 5106 scelere
455 5052 805 5122 adimpletur.
836 5052 984 5107 Illud
1001 5069 1107 5108 non
1129 5059 1207 5109 est
1227 5054 1620 5109 observandum
1646 5052 1838 5111 sacra-

232 5128 474 5177 men/um
503 5139 608 5193 quo
633 5124 840 5178 malum
868 5125 1079 5178 incaute
1096 5126 1454 5193 promittitur.
1478 5125 1580 5181 His
1602 5140 1833 5182 consen-

230 5201 395 5266 tanea
421 5193 582 5266 docet
608 5193 777 5251 abbas
801 5193 1007 5266 Ioseph
1030 5193 1173 5250 infra
1199 5211 1319 5266 cap.
1345 5200 1430 5252 l4.

302 5212 395 5250 nea
421 5212 582 5251 nocet
608 5212 777 5251 annas
801 5212 1007 5266 Josepn
1030 5212 1173 5250 intra
1199 5212 1260 5251 ca
1306 5236 1319 5251 .
1345 5212 1430 5252 ιιι.

302 5265 330 5301 ³³
368 5265 752 5339 Αρρρξὶῑθιθᾱ
795 5266 942 5323 hunc
990 5266 1173 5339 locum
1202 5212 1368 5323 κεπτ
1396 5265 1741 5339 Sophronius
1781 5268 1837 5325 in

236 5335 400 5411 Prata
421 5326 692 5407 spirituali
716 5338 865 5411 (Cap.
892 5343 1019 5405 216)
1056 5336 1165 5411 hoc
1198 5326 1509 5410 exemplum
1547 5357 1560 5393 :
1592 5340 1723 5397 Cum
1754 5355 1834 5411 es-

224 5419 340 5481 sem
356 5409 427 5481 in
452 5413 639 5481 sancta
662 5409 897 5479 civitate,
922 5412 1067 5466 venit
1092 5410 1167 5464 ad
1184 5427 1264 5467 me
1281 5409 1607 5481 vir’quidam
1634 5409 1829 5481 ﬁdelis,

230 5481 281 5553 et
297 5478 451 5534 dixit
476 5474 618 5535 mihi
641 5499 658 5538 :
687 5482 825 5548 Quia
839 5474 1090 5553 quadam
1115 5474 1419 5552 indignatio
1442 5474 1727 5538 oborta'est
1747 5474 1831 5538 in;

235 5550 317 5602 ter
344 5565 428 5605 me
453 5555 506 5606 et
526 5553 761 5619 fratrem
788 5550 982 5620 meum,
1008 5559 1058 5610 et
1094 5554 1186 5608 ille
1212 5550 1317 5609 non
1349 5555 1468 5608 vult
1495 5554 1835 5609 reconciliari

234 5619 392 5694 mihi,
418 5623 695 5694 alloquere
728 5624 901 5692 illum,
926 5619 978 5679 et
1010 5625 1085 5680 ad
1119 5625 1602 5681 reconciliationem
1636 5624 1833 5679 exhor-

235 5692 369 5771 tare.
393 5692 649 5771 Quod’ego
667 5695 1013 5771 libentissime
1032 5698 1342 5767 suscipiens,
1365 5697 1584 5771 conveni
1595 5695 1828 5771 fratrem

235 5760 409 5838 illius,
445 5760 752 5838 locutusque
786 5782 905 5822 cum
948 5766 1040 5822 illo
1083 5760 1199 5822 sum
1226 5784 1289 5824 ea
1316 5760 1437 5838 qua:
1464 5767 1540 5822 ad
1576 5760 1829 5823 charita-

230 5834 337 5886 tem
361 5837 414 5889 et
440 5834 770 5893 concordiam
788 5838 1061 5910 pertinere
1087 5834 1429 5897 videbantur.
1469 5841 1730 5912 Visusque
1750 5844 1829 5897 est

1960 2228 2179 2281 interim
2208 2227 2570 2298 obtemperare
2598 2230 2754 2283 mihi.
2786 2229 3131 2284 Postmodum
3161 2245 3281 2285 vero
3311 2229 3459 2285 dixit
3486 2229 3562 2285 ad

1956 2313 2040 2353 me
2064 2316 2080 2351 :
2106 2300 2459 2354 Reconciliari
2482 2314 2702 2368 nequeo,
2743 2302 2873 2369 quia
2898 2300 3095 2369 juravi
3116 2315 3217 2369 per
3244 2314 3447 2355 crucem
3470 2302 3560 2354 ul-

1956 2374 2043 2422 tra
2069 2369 2157 2423 illi
2177 2385 2284 2425 non
2306 2370 2661 2426 reconciliari.
2698 2373 2811 2439 Quo
2836 2372 3027 2426 audito
3050 2371 3336 2428 subridens
3364 2373 3453 2425 aio
3477 2371 3560 2426 ad

1952 2439 2110 2494 illum
2142 2459 2158 2495 :
2188 2444 2561 2497 Juramentum
2599 2445 2751 2497 tuum
2789 2442 2948 2497 talem
2988 2443 3146 2497 habet
3168 2444 3278 2497 vim
3309 2458 3371 2497 ac
3393 2444 3444 2497 si
3469 2442 3560 2497 di-

1952 2511 2123 2566 an‘sses
2155 2530 2171 2565 :
2197 2515 2299 2568 Per
2325 2513 2623 2581 pretiosam
2652 2528 2859 2567 crucem
2885 2518 3054 2581 tuam,
3087 2512 3319 2579 Christe,
3345 2527 3451 2567 non
3471 2512 3560 2567 ob-

1953 2581 2174 2634 servabo
2205 2583 2467 2637 mandata
2489 2587 2605 2645 tua,
2632 2583 2725 2637 sed
2748 2584 2958 2638 inimici
2980 2586 3066 2638 tui
3085 2584 3301 2639 diaboli
3319 2583 3559 2639 volunta-

1957 2655 2061 2705 tem
2089 2652 2292 2717 faciam
2315 2671 2331 2706 :
2363 2668 2469 2706 non
2490 2654 2664 2708 solum
2692 2656 2833 2708 enim
2854 2670 2957 2708 non
2979 2655 3225 2709 debemus
3253 2670 3316 2707 ea
3341 2669 3558 2709 servare

1955 2735 2077 2790 qua:
2098 2737 2132 2775 a
2159 2722 2310 2776 nobis
2334 2725 2564 2791 pessime
2604 2724 2823 2793 deﬁnita
2846 2726 3072 2791 fuerint,
3101 2725 3195 2779 sed
3235 2727 3397 2778 etiam
3433 2740 3558 2778 ma-

1960 2793 2493 2861 an'mepcenitentiam
2519 2810 2693 2863 agere,
2725 2800 2775 2849 et
2798 2796 2984 2863 afﬂigi
3008 2797 3065 2848 in
3103 2796 3187 2848 his
3220 2810 3341 2863 qua:
3372 2798 3557 2849 contra

1953 2877 2047 2944 nos
2052 2867 2200 2944 tram_
2208 2864 2436 2944 salutem
2447 2864 2667 2944 difﬁniv
2674 2867 2813 2944 imus
2820 2905 2832 2918 .
2847 2866 2983 2923 Nam
2993 2866 3041 2919 si
3052 2865 3284 2944 Herodes
3289 2865 3553 2944 perniten-

1954 2934 2089 2987 tiam
2113 2936 2322 3002 egisset,
2336 2950 2506 3004 neque
2511 2934 2926 3004 jusjurandum,
2949 2935 3093 3005 quod
3104 2936 3265 2989 stulte
3284 2934 3552 2998 emiserat,

1953 3008 2236 3071 servasset,
2280 3019 2575 3074 numquam
2598 3008 2841 3075 profecto
2870 3008 3170 3061 maximum
3214 3006 3355 3060 illud
3387 3006 3554 3060 scelus

1956 3075 2285 3147 admisisset,
2317 3079 2379 3130 ut
2405 3091 2789 3147 praeursorem
2823 3078 3028 3132 Christi
3052 3076 3356 3131 decollaret.
3404 3076 3555 3147 Quod

1958 3146 2175 3213 quidem
2202 3147 2377 3216 ipsius
2406 3146 2599 3203 Basilii
2623 3151 2884 3203 sententia
2906 3150 3280 3215 conﬁrmatur,
3307 3161 3469 3215 quam
3488 3146 3554 3200 de

1958 3218 2244 3288 Evangelio
2266 3220 2515 3288 sumpsit,
2539 3219 2755 3287 quando
2778 3219 2947 3273 voluit
2972 3220 3226 3274 Dominus
3247 3218 3437 3271 lavare
3466 3232 3554 3287 pe-

1957 3286 2048 3358 des
2075 3287 2222 3341 beati
2246 3286 2478 3356 apostoli
2502 3286 2691 3354 Petri,
2719 3304 2838 3342 cum
2870 3290 2960 3342 ille
2995 3291 3169 3357 primo
3195 3289 3554 3358 pertinaciter

1957 3356 2235 3423 obsistens,
2261 3362 2445 3425 postea
2480 3360 2800 3411 sententiam
2831 3356 3082 3412 mutavit.
3127 3356 3251 3411 Haéc
3275 3357 3381 3412 ille.
3415 3359 3550 3412 Sen-

1955 3425 2186 3507 tmeritiam
2227 3435 2413 3507 autem
2442 3425 2605 3507 ‘illam
2656 3428 2726 3507 Di
2773 3426 2964 3507 Basilii
3013 3425 3153 3507 vide
3185 3426 3241 3507 in
3280 3426 3551 3507 prommio

1957 3494 2303 3568 Ethicorum.
2345 3495 2555 3568 Eodem
2585 3504 2792 3568 spectat
2815 3496 3084 3553 sententia
3113 3494 3311 3553 Gelasii
3338 3510 3494 3567 papae
3521 3512 3552 3552 a

1957 3567 2217 3623 Gratiano
2255 3567 2417 3623 citata
2455 3567 2590 3639 (Ubi
2610 3567 2777 3639 supra
2802 3584 2846 3623 c.
2875 3567 3085 3637 Beatus)
3115 3586 3132 3622 :
3170 3570 3364 3624 Beatus
3404 3570 3551 3623 Pau-

1957 3639 2041 3692 lus
2065 3639 2335 3709 apostolus
2374 3654 2479 3694 non
2509 3638 2626 3694 ideo
2660 3638 2830 3709 (quod.
2853 3640 3014 3707 absit)
3041 3640 3301 3708 fefellisse
3330 3639 3553 3695 creden—

1955 3709 2057 3764 dus
2075 3714 2174 3778 est,
2194 3713 2293 3764 aut
2312 3712 2420 3765 sibi
2434 3713 2707 3766 exstitisse
2719 3714 3040 3772 contrarius,
3066 3713 3322 3781 quoniam
3340 3727 3459 3767 cum
3478 3712 3553 3767 ad

1953 3782 2249 3850 Hispanias
2279 3796 2335 3837 se
2365 3783 2700 3852 promisisset
2723 3784 2952 3849 iturum,
2986 3782 3332 3851 dispositione
3362 3783 3551 3837 divina

1952 3851 2251 3920 majoribus
2295 3851 2578 3923 oceupatus
2629 3867 2697 3906 ex
2738 3855 2912 3905 causis
2959 3853 3180 3920 implere
3224 3866 3330 3905 non
3369 3855 3554 3919 potuit

1953 3924 2097 3991 quod
2119 3925 2395 3994 promisit.
2416 3922 2691 3990 Quantum
2711 3926 2852 3977 enim
2880 3923 3050 3993 ipsius
3072 3922 3553 3994 voluntatisinter-

1952 3995 2088 4060 fuit,
2116 3993 2215 4049 hoc
2244 3997 2622 4065 pronuntiavit
2643 3995 2788 4063 quod
2822 4009 3006 4050 revera
3038 3993 3291 4049 voluisset
3312 3993 3545 4065 efﬁcere.

1955 4066 2223 4134 Quantum
2244 4063 2443 4119 autem
2487 4065 2561 4118 ad
2596 4065 2777 4118 divini
2806 4070 3005 4119 secreta
3041 4065 3256 4119 consilii
3301 4063 3458 4134 (quae,
3489 4066 3551 4117 ut

1955 4133 2133 4201 homo,
2179 4137 2358 4188 omnia
2401 4150 2507 4188 non
2542 4136 2745 4202 potuit,
2793 4135 2913 4188 licet
2957 4136 3159 4202 spiritu
3194 4136 3294 4187 Dei
3331 4134 3546 4202 plenus,

1955 4204 2277 4274 agnoscere),
2315 4219 2549 4274 superna
2565 4205 2921 4274 prcetermisit
2942 4204 3303 4274 dispositione
3311 4218 3551 4274 prceven-

1956 4279 2064 4328 tus.
2094 4276 2195 4329 Nec
2223 4277 2357 4345 quia
2377 4273 2580 4330 beatus
2608 4278 2792 4332 Petrus
2815 4274 3090 4346 apostolus
3104 4289 3208 4343 pro
3238 4273 3436 4341 affectu
3455 4273 3547 4346 di-

1955 4348 2443 4417 vinaret-eventus
2475 4348 2583 4417 ipsi
2615 4348 2837 4401 Domino
2861 4345 3140 4416 respondit
3156 4347 3330 4409 (Joan.
3355 4345 3496 4414 xm)
3523 4364 3540 4417 ξ

1895 4410 1899 4415 ’
1954 4419 2071 4490 Non
2100 4416 2309 4473 Iavabis
2350 4410 2668 4490 mihi-pedes
2691 4420 2747 4473 in
2789 4410 3062 4485 catervatim,
3101 4416 3361 4484 fefellisse
3382 4410 3550 4486 (quod

1949 4489 2109 4560 absit)
2134 4493 2233 4544 aut
2254 4493 2317 4544 in
2343 4504 2443 4545 sua
2456 4491 2749 4560 putabitur
2773 4492 2994 4545 minime
3013 4490 3313 4544 constitisse
3332 4491 3550 4545 senten-

1948 4561 2049 4628 tia,
2072 4559 2207 4630 quia
2225 4577 2351 4617 moa:
2376 4559 2541 4617 eadem
2562 4561 2758 4616 divina:
2779 4563 3049 4617 voluntati
3072 4562 3308 4627 cesserit,
3333 4564 3383 4615 et
3406 4559 3548 4630 quod

1866 4630 1916 4695 D
1944 4645 1999 4686 se
2015 4632 2240 4688 dixerat
2258 4648 2363 4689 non
2382 4648 2491 4688 esse
2508 4634 2807 4700 facturum,
2827 4636 3001 4688 causis
3020 4635 3275 4688 astrictus
3295 4630 3547 4684 humana:

1943 4704 2157 4765 salutis,
2178 4719 2376 4774 passus
2401 4709 2481 4760 est
2501 4719 2676 4774 prona
2698 4706 2970 4774 voluntate
2998 4703 3329 4774 faciendum:

2298 4766 2618 4846 parabolam
2659 4773 2945 4846 proposuit
2985 4766 3266 4846 Christus,
3303 4766 3546 4846 Mattheei

2341 4846 2565 4914 quidam
2594 4838 2822 4914 habebat
2857 4841 2988 4914 duos
3023 4842 3184 4910 ﬁlios,
3217 4843 3269 4893 et
3302 4838 3545 4914 accedens

2016 4784 2037 4809 ε
2094 4774 2254 4829 Hanc

1945 4858 2052 4899 xxI
2086 4862 2099 4898 :
2133 4848 2297 4900 Homo

1947 4915 2021 4968 ad
2042 4917 2310 4983 primum,
2338 4910 2485 4970 dixit
2510 4932 2526 4968 :
2548 4914 2672 4976 Fili,
2698 4913 2836 4968 vade
2854 4911 3031 4978 hodie,
3054 4926 3276 4981 operare
3297 4912 3357 4964 in
3385 4910 3545 4964 vinea

1946 5000 2084 5039 mea.
2113 4986 2209 5039 Ille
2226 4988 2405 5040 autem
2449 4983 2793 5052 respondens,
2831 4985 2946 5039 ait:
2982 4984 3134 5041 Nolo.
3156 4985 3343 5038 Postea
3366 4985 3543 5036 autem

1944 5057 2267 5125 poenitentia
2294 5061 2469 5112 motus
2491 5053 2648 5111 abiit.
2682 5056 2950 5111 Accedens
2979 5059 3161 5110 autem
3190 5055 3264 5109 ad
3287 5053 3540 5118 alterum,

1950 5127 2107 5203 divit
2121 5125 2392 5203 similiter.
2416 5129 2493 5183 At
2510 5127 2944 5203 fllerespondens
2955 5129 3042 5203 ait
3057 5145 3085 5203 Δε
3101 5129 3198 5203 Bo,
3222 5125 3473 5203 Dominf;
3488 5126 3545 5203 ﬁt

1947 5213 2053 5254 non
2088 5200 2204 5254 ivit.
2236 5200 2368 5266 Quis
2392 5215 2461 5255 ea:
2488 5197 2695 5255 duobus
2706 5192 2854 5269 "fecit
2878 5197 3210 5254 voluntatem
3227 5195 3444 5266 patris?
3466 5192 3543 5249 dl-

1946 5272 2150 5347 cunt_e_i
2178 5273 2453 5347 :Primus.
2565 5341 2576 5347 _
2653 5343 2705 5347 __
2821 5304 2875 5347 ,η
3319 5336 3349 5347 ._
3395 5335 3430 5347 -.

2018 5341 2045 5377 ά
2077 5340 2137 5397 ω
2175 5350 2261 5398 est
2288 5341 2598 5398 iuramenti.
2652 5340 2902 5398 Herodes
2949 5347 3225 5397 recreatus
3252 5336 3540 5394 sanatione

1949 5410 2072 5485 tilia:
2114 5408 2460 5485 Herodiadis,
2510 5428 2638 5470 cum
2677 5413 2992 5485 juramento
3041 5409 3308 5485 pollicitus
3357 5416 3439 5485 est
3490 5408 3538 5464 ei

1945 5480 2076 5538 dare
2113 5479 2498 5555 quodcumque
2543 5479 2882 5558 postulasset
2903 5484 2979 5558 ab
3003 5479 3111 5558 eo._
3130 5480 3320 5558 Atille
3348 5479 3540 5558 edocta

1945 5567 1976 5607 a
2017 5561 2190 5609 matre
2232 5568 2328 5609 sua
2377 5552 2517 5611 :‘Da
2544 5552 2702 5621 mihi,
2736 5552 2929 5625 inquit,
2960 5555 3044 5609 hic
3090 5555 3147 5608 in
3192 5552 3335 5609 disco
3377 5554 3541 5625 caput

1944 5625 2167 5696 Joannis
2205 5627 2467 5696 Baptista:
2504 5627 2719 5694 (Matth.
2759 5621 2954 5693 λᾶαν).
3001 5627 3082 5680 Ex
3112 5639 3221 5696 quo
3252 5621 3541 5681 temerario

1936 5694 2256 5768 juramento
2282 5694 2444 5770 longe
2478 5696 2708 5769 majora,
2724 5712 2911 5770 quam
2939 5696 3113 5769 ipsum
3130 5694 3537 5770 'jufamentum,

1944 5765 2237 5825 consecuta
2264 5765 2408 5825 sunt'
2428 5765 2781 5844 incommosz
2814 5777 2869 5824 et
2902 5765 3186 5844 ‘péccata':
3220 5771 3275 5822 1°
3298 5765 3540 5844 enimet

1944 5853 2012 5896 eo
2053 5848 2239 5898 secuta
2290 5847 2372 5898 est
2427 5856 2578 5919 mors
2642 5839 3071 5900 innocentissimi
3120 5846 3175 5895 et
3220 5839 3539 5892 sanctissimi
