4014 6202
400 261 534 316 1055

1476 255 1755 314 JOANNlS
1793 254 2100 312 CASSIANI
2138 251 2629 311 connmouns.
2668 234 2685 247 '

3578 256 3595 307 l
3609 253 3723 309 056

399 387 643 445 tissimus
682 387 1047 445 Praecursoris
1090 385 1311 443 Domini
1363 386 1577 443 exstitit
1622 385 1999 456 interemptor,
2026 387 2078 449 Α
2107 382 2330 450 reversi,
2367 397 2479 438 non
2506 382 2686 438 solum
2716 395 2820 437 nos
2859 379 2927 436 ab
2956 379 3061 435 hoc
3100 386 3219 435 tam
3241 375 3468 433 sublimi
3512 394 3719 452 propo-

398 497 647 554 vanoque
669 481 868 538 timore
890 480 1137 553 perjurii,
1168 479 1502 536 damnationi
1528 479 1890 552 semetipsum
1922 486 2000 534 at-

399 591 506 649 que
548 574 829 648 suppliciis
878 581 1153 648 perpetuae
1203 572 1397 630 mortis
1451 572 1727 629 immersit
1778 572 2000 644 (Matth.

399 668 552 741 xxv).
583 668 835 724 Primum
862 666 1064 723 etenim
1084 674 1167 722 est
1184 666 1394 737 optima
1425 672 1670 722 statuere
1701 683 1716 719 :
1750 664 1904 737 quod
1949 674 2008 722 et

400 762 443 818 si
477 762 633 817 aliter
669 760 913 832 cesserit,
940 775 1172 833 sequens
1199 768 1280 816 cst
1305 760 1365 815 in
1404 758 1603 816 melius
1640 774 1701 816 ea
1726 774 1850 832 qum
1878 769 2007 817 sunt

400 863 602 912 statuta
644 863 882 925 mutare,
924 852 1462 927 ordinationibusque
1513 853 1721 911 nostris
1752 854 1872 926 jam
1919 853 2004 926 ja-

401 949 673 1019 centibus,
700 958 760 1006 ut
787 949 859 1006 ita
901 948 1154 1017 dixerim,
1186 963 1414 1005 manum
1454 947 1840 1020 dexteramque
1883 962 2006 1020 por-

401 1044 604 1117 rigere.
642 1044 752 1101 Ubi
792 1043 1052 1116 principia
1073 1042 1282 1100 consilii
1304 1059 1418 1099 non
1445 1041 1836 1114 approbantur,
1870 1058 2004 1113 pru-

402 1136 587 1194 dentia
621 1146 722 1205 est,
770 1146 833 1193 ut
859 1137 980 1193 utili
1018 1136 1200 1192 addita
1233 1135 1543 1207 provisione
1572 1141 1912 1206 reparentur.
1946 1134 2004 1190 Si

406 1231 671 1288 claudicat
703 1231 771 1287 ad
799 1231 969 1302 prima
999 1235 1202 1285 statuta
1228 1228 1540 1300 dispositio,
1587 1225 1907 1283 adhibeatur
1933 1225 2006 1281 td

398 1324 634 1383 secunda
672 1324 962 1381 correctio.
994 1327 1060 1379 In
1100 1322 1363 1379 omnibus
1391 1336 1522 1393 ergo
1560 1322 1725 1378 rebus
1754 1320 2007 1377 conside-

399 1418 603 1479 randus
639 1428 722 1475 est
749 1418 897 1490 ﬁnis,
928 1426 985 1474 et
1023 1418 1326 1475 secundum
1369 1431 1499 1474 eum
1538 1414 1798 1488 propositi
1827 1414 2005 1471 nostri

399 1511 715 1585 dirigendus
754 1519 835 1567 est
869 1526 1092 1579 cursus;
1125 1525 1291 1581 quem
1328 1509 1397 1579 si,
1426 1508 1837 1581 superveniente
1866 1507 2008 1564 salu-

401 1606 581 1663 briorc
609 1605 855 1674 consilio,
897 1605 968 1662 ad
1000 1604 1335 1661 deteriorem
1364 1610 1578 1676 partem
1603 1617 1820 1675 vergere
1862 1601 2008 1658 vide-

401 1701 596 1769 rimus,
628 1700 828 1757 rectius
850 1708 951 1767 est,
985 1700 1281 1774 incongrua
1309 1698 1704 1755 constitutione
1730 1696 2006 1764 submota,

2111 476 2218 533 sito
2246 476 2581 546 relapsuros,
2610 474 2706 531 sed
2736 473 2924 539 etiam,
2949 487 3049 544 pro
3076 468 3458 527 mediocritate
3481 485 3729 529 conver-

2111 568 2340 627 sationis
2369 566 2537 635 illius,
2569 567 2759 623 multis
2794 574 3007 622 certum
3036 573 3121 621 est
3142 563 3443 633 dispendiis
3467 565 3726 637 quatien-

2114 661 2233 719 dos.
2262 665 2468 719 Verum
2498 660 2629 718 illud
2656 676 2756 718 nos
2797 659 3173 732 evangelicum
3206 657 3533 716 mandatum
3561 660 3728 719 vehe-

2114 764 2327 813 menter
2348 755 2634 825 absterret,
2660 758 2683 788 ο
2701 757 2793 812 Sit-
2802 770 2971 810 sermo
2991 756 3181 816 vester,
3206 756 3284 808 est
3307 757 3407 822 est,
3435 770 3544 811 non
3572 770 3674 812 non
3694 774 3720 810 .-

2112 850 2256 920 quod
2281 854 2459 907 autem
2475 850 2561 905 his
2579 849 2945 905 abundantius
2964 850 3062 911 est,
3082 862 3118 902 a
3140 846 3283 902 malo
3300 850 3379 901 est
3395 846 3614 919 (Matth.
3637 854 3694 916 ν)
3706 892 3722 905 .

2112 942 2403 1002 Credimus
2423 943 2572 1000 enim
2601 942 2738 1000 tanti
2763 941 3254 1014 transgressionem
3286 942 3538 1013 praecepti
3565 942 3725 1000 nulla

2114 1052 2273 1108 posse
2310 1036 2655 1111 compensari
2678 1035 2912 1109 iustitia,
2944 1050 3047 1093 nec
3074 1033 3133 1091 in
3162 1033 3423 1091 extremis
3448 1043 3601 1093 recte
3620 1051 3724 1093 ce-

2112 1131 2261 1197 dere,
2288 1130 2436 1205 quod
2468 1133 2615 1189 malo
2643 1130 2795 1188 initio
2814 1129 2981 1187 semel
3011 1127 3175 1185 fuerit
3198 1127 3538 1185 inchoatum.

2729 1231 2970 1289 CAPUT
3014 1232 3107 1287 XI.

2113 1331 2425 1400 Responsio,
2459 1329 2604 1399 quod
2625 1331 2959 1456 pmsitum
2986 1329 3247 1397 gerentis,
3291 1342 3399 1383 non
3433 1329 3637 1397 negotii
3651 1330 3730 1383 sit

2558 1415 2651 1455 con
2803 1400 2979 1455 andus
3009 1399 3257 1456 effectus.

2558 1399 2979 1456 considerandus
3009 1399 3257 1466 effectus.

2186 1501 2389 1574 Joseph
2425 1523 2437 1558 :
2485 1505 2547 1557 In
2576 1501 2857 1569 omnibus,
2901 1510 2961 1557 ut
3004 1500 3263 1568 diximus,
3299 1500 3496 1569 causis,
3546 1494 3574 1532 ι’
3610 1515 3724 1557 non

2114 1609 2402 1668 processus
2428 1594 2606 1667 operis
2624 1634 2640 1663 ,
2668 1594 2765 1652 sed
2792 1594 3044 1652 voluntas
3074 1594 3346 1666 operantis
3387 1602 3470 1651 est
3502 1593 3725 1650 intuen-

2113 1688 2202 1759 da,
2229 1705 2333 1746 nec
2374 1689 2559 1745 statim
2586 1688 2706 1761 quis
2727 1688 2858 1761 quid
2885 1689 3082 1761 egerit,
3111 1688 3208 1746 sed
3243 1705 3344 1762 quo
3372 1697 3499 1745 voto
3535 1689 3721 1762 egerit

408 1795 475 1851 ad
500 1794 787 1851 meliorem
818 1795 1052 1852 transire
1078 1794 1427 1859 sententiam,
1456 1808 1624 1866 quam
1645 1792 1857 1849 statutis
1885 1806 2006 1863 per-
2040 1805 2088 1867 Β
2119 1783 2526 1856 inquirendum,
2557 1784 2633 1841 ita
2658 1792 2720 1841 ut
2743 1784 3040 1842 nonnullos
3066 1800 3168 1859 pro
3194 1782 3283 1841 his
3316 1783 3475 1841 factis
3496 1783 3567 1841 de
3593 1784 3729 1855 qui-

410 1887 660 1945 tinaciter
703 1886 1047 1958 inhaerendo,
1094 1886 1330 1961 peccatis
1382 1885 1718 1959 gravioribus
1763 1884 2006 1956 obligari.

1032 1991 1276 2048 CAPUT
1319 1992 1396 2046 X.

405 2089 768 2157 Interrogatio
792 2091 978 2142 nostra
1001 2088 1066 2143 de
1084 2092 1234 2169 metu.
1246 2087 1490 2170 presbiter
1513 2087 1571 2140 in
1590 2081 1815 2140 coenobio
1838 2083 2013 2153 Syria

1050 2172 1368 2227 sponswms.

480 2256 789 2313 Germanus
820 2278 831 2311 :
871 2256 1157 2325 Quantum
1189 2262 1399 2328 spectat
1429 2253 1499 2313 ad
1541 2252 1867 2311 desiderium
1915 2268 2011 2310 no-

410 2355 592 2405 strum
618 2347 765 2421 quod
794 2365 823 2403 a
850 2347 1008 2405 nobis
1037 2364 1136 2421 pro
1173 2348 1435 2420 spiritalis
1461 2347 1745 2405 commodi
1776 2345 2008 2403 utilitate

412 2450 727 2513 susceptum
765 2449 867 2511 est,
917 2449 1233 2514 optaremus
1275 2440 1531 2498 aediﬁcari
1570 2439 1732 2497 vestri
1775 2439 2011 2511 jugitate

410 2535 691 2592 consortii.
722 2534 776 2592 Si
804 2535 948 2592 enim
983 2533 1053 2592 ad
1088 2533 1409 2592 coenobium
1451 2540 1698 2590 nostrum
1748 2531 2013 2590 fuerimus

2120 1877 2222 1934 bus
2248 1877 2390 1934 bona
2429 1885 2616 1949 postea
2660 1883 2783 1934 orta
2825 1885 2955 1936 sunt
2981 1877 3323 1951 reperiamus
3362 1876 3522 1957 fuisse
3562 1876 3727 1934 dam-

2116 1980 2294 2042 natos,
2365 1979 2422 2029 et
2466 1971 2770 2029 econtrario
2811 1971 3079 2047 quosdam
3128 1987 3226 2044 per
3270 1970 3731 2044 reprehensibiles

2115 2074 2270 2123 actus
2306 2065 2377 2122 ad
2421 2080 2697 2123 summam
2734 2066 3041 2139 pervenisse
3073 2065 3370 2140 justitiam.
3420 2067 3493 2120 Et
3525 2080 3626 2121 nec
3652 2063 3729 2120 illi

2116 2160 2268 2217 utilis
2313 2174 2499 2217 rerum
2543 2161 2722 2239 exitus
2767 2158 2992 2233 profuit,
3040 2158 3131 2232 qui
3173 2159 3413 2232 pessimo
3451 2173 3729 2231 regressus

2117 2253 2422 2326 proposito,
2466 2268 2580 2309 non
2622 2253 2769 2309 illam
2799 2268 2923 2325 quae
2958 2252 3244 2310 subsecuta
3292 2259 3376 2307 est
3405 2252 3726 2319 utilitatem,

2115 2347 2211 2405 sed
2253 2346 2510 2419 quiddam
2555 2348 2898 2404 contrarium
2943 2347 3113 2404 voluit
3159 2345 3409 2420 operari;
3449 2362 3551 2403 nec
3592 2346 3729 2401 huic

2116 2440 2307 2498 nocuit
2337 2440 2841 2513 reprehensibiliter
2870 2441 3174 2510 inchoasse,
3201 2441 3294 2513 qui
3318 2456 3436 2497 non
3454 2456 3556 2514 pro
3582 2455 3725 2495 con-

2119 2542 2333 2606 temptu
2371 2534 2493 2604 Dei,
2535 2551 2638 2591 nec
2677 2533 3030 2608 delinquendi
3074 2534 3383 2608 proposito,
3417 2534 3514 2592 sed
3542 2547 3731 2591 neces-

1500 2696 1756 2751 ALARDI
1794 2695 2019 2752 GAZEI
2059 2695 2617 2753 COMMENTARIUS.

409 2839 721 2924 Prophetas,
776 2855 907 2923 quo,
953 2841 1122 2895 etiam
1169 2847 1307 2896 teste
1346 2840 1619 2924 veritate,
1665 2840 1804 2924 inter
1845 2847 2015 2924 patos

409 2908 709 2979 mulierum
737 2908 919 2981 major)
938 2926 1103 2981 nemo
1129 2919 1459 2981 surrexerat.
1485 2916 1540 2981 2°
1568 2908 1816 2981 Herodes
1839 2908 2016 2981 factus

410 2989 494 3035 est
517 2996 641 3037 reus
678 2978 1005 3036 atrocissimi
1037 2979 1324 3034 homicidii
1356 2998 1367 3032 :
1399 2979 1571 3033 satius
1598 2979 1744 3033 enim
1785 2986 1903 3034 erat
1923 2978 2016 3035 hic

411 3050 654 3120 pejerare
705 3064 874 3120 quam
922 3051 1295 3120 juramentum
1350 3055 1629 3120 praestare.
1663 3051 1782 3120 iEst
1828 3054 2015 3104 contra

410 3116 671 3186 ofﬁcium,
702 3116 876 3186 inquit
899 3116 962 3191 Β.
998 3118 1320 3191 Ambrosius
1354 3116 1485 3189 (Lib.
1514 3133 1533 3172 Ι
1553 3118 1619 3173 de
1641 3119 1795 3187 Ofﬁc.
1822 3136 1867 3175 c.
1901 3121 2009 3191 50),

411 3202 816 3255 nonnumquam
844 3188 1044 3241 solvere
1064 3190 1412 3257 promissum,
1435 3194 1829 3244 sacramentum
1850 3188 2015 3247 custo-

412 3257 550 3327 dire,
579 3262 641 3311 ut
669 3257 922 3331 Herodes,
944 3260 1043 3328 qui
1057 3258 1273 3331 juravit
1296 3262 1551 3328 quoniam
1581 3261 1851 3330 quidquid
1869 3266 2009 3331 peti-

415 3332 530 3385 tum
559 3333 710 3396 esset,
741 3328 900 3384 daret
920 3331 1048 3400 ﬁlia:
1066 3330 1397 3385 Herodiadis
1413 3349 1438 3400 ,ο
1462 3336 1513 3386 et
1531 3328 1704 3387 necem
1723 3328 2008 3401 prastitit,

412 3415 479 3455 ne
503 3402 826 3472 promissum
846 3405 1086 3471 negaret.
1107 3401 1196 3458 Sic
1214 3402 1416 3472 Jephtw
1443 3404 1635 3458 melius
1654 3405 1844 3471 fuerat
1872 3405 2014 3459 nihil

413 3473 521 3543 tale
528 3474 861 3543 promittere,
881 3489 1044 3541 quam
1056 3475 1379 3541 promissum
1393 3476 1691 3543 parricidio
1704 3476 1920 3530 solvere.
1946 3477 2013 3529 Et

413 3542 755 3611 Augustinus
794 3542 988 3611 (Serm.
1016 3546 1070 3596 ll
1109 3543 1175 3596 de
1191 3542 1424 3608 Sanctis)
1457 3564 1468 3598 :
1498 3546 1731 3600 Herodes
1752 3562 1818 3600 ne
1843 3550 2010 3601 Deum

412 3609 704 3687 offenderet
707 3610 800 3687 pej
803 3612 1035 3687 erando,_
1046 3617 1217 3687 Deum
1218 3615 1453 3687 offendit
1469 3616 1749 3687 swpiendo.
1770 3618 1837 3671 Et
1846 3617 2009 3687 paulo
2025 3618 2029 3637 '

416 3687 542 3750 post
580 3677 798 3754 subjicit
829 3683 1142 3754 exemplum
1189 3677 1414 3736 Davidis
1443 3685 1604 3754 regis,
1647 3685 1739 3754 qui
1766 3677 1895 3741 cum
1923 3695 2008 3743 te-

415 3764 564 3820 mere
603 3750 840 3820 jurasset
880 3765 938 3806 se
986 3750 1294 3807 Occisurum
1342 3750 1535 3820 Nabal',
1572 3750 1796 3810 exorari
1838 3772 1896 3812 se
1942 3757 2011 3812 ab

415 3819 625 3892 Abigail
649 3821 963 3897 uxoreejus
992 3837 1184 3897 passus
1220 3830 1320 3887 est,
1360 3840 1427 3879 ne
1458 3819 1833 3897 juramentum
1874 3842 2010 3897 prae-

415 3841 625 3892 Aulgau
649 3841 816 3877 uxore
847 3841 963 3893 ejus
993 3841 1184 3894 passus
1220 3841 1320 3887 εδει,
1360 3841 1427 3879 ne
1447 3841 1833 3950 iuramentum
1874 3842 2010 3897 prae-

414 3898 618 3967 staret:
651 3895 880 3967 Juravit,
905 3893 1095 3963 inquit,
1123 3898 1317 3949 temere
1344 3913 1364 3949 :
1392 3911 1446 3951 se
1511 3911 1618 3950 non
1646 3898 1891 3966 implevit
1908 3898 2012 3967 ju-

415 3965 681 4038 rationem
710 3965 912 4038 majore
932 3966 1181 4038 pietate:
1213 3967 1373 4021 immo
1403 3969 1612 4037 gratias
1636 3983 1697 4023 ea
1725 3965 1794 4022 de
1817 3984 1874 4022 re
1902 3965 2013 4038 egit

416 4034 596 4109 dicens
608 4053 634 4109 _:
662 4035 975 4090 Benedictus
995 4036 1249 4091 Dominus
1277 4034 1422 4093 Deus
1446 4039 1640 4105 Israel,
1670 4041 1770 4109 qui
1787 4034 1949 4095 misit
1961 4046 2011 4095 te

416 4106 656 4181 hodiein
677 4121 952 4181 occursum
975 4122 1183 4181 meum;
1213 4112 1263 4181 et
1294 4109 1565 4164 benedicta
1586 4114 1664 4177 tu,
1676 4106 1810 4181 qua:
1828 4112 2012 4181 prohi-

420 4178 586 4232 buisti
611 4193 691 4232 me
714 4178 890 4245 hodie,
922 4193 988 4232 ne
1016 4180 1149 4233 irem
1175 4178 1249 4233 ad
1282 4184 1618 4251 sanguinem,
1648 4178 1716 4236 et—
1727 4178 2012 4251 ulciscerer

415 4264 499 4322 me
538 4264 704 4322 manu
725 4265 868 4322 mea.
921 4251 980 4304 3°
1008 4252 1123 4304 Rea
1166 4250 1401 4322 quoque
1426 4250 1706 4308 homicidii
1747 4250 1887 4308 facta
1930 4262 2014 4309 est

415 4317 528 4388 ipsa
557 4318 824 4399 iteremus
849 4326 1023 4399 mater
1049 4317 1332 4389 cum—ﬁlia,
1374 4322 1503 4399 quia
1528 4338 1622 4394 per
1650 4323 1821 4399 ipsam
1865 4326 2017 4395 petiit

416 4395 580 4457 caput
618 4388 878 4465 Joannis;
917 4388 1089 4465 immo
1118 4388 1325 4465 omnes;
1345 4388 1610 4465 céqvifae,
1639 4388 1763 4465 quia
1789 4388 2017 4465 propter

415 4470 498 4510 eos
528 4459 628 4537 qui
642 4459 857 4537 pariter
883 4459 1284 4527 accumbebant,
1308 4460 1484 4537 inquit
1505 4459 1820 4537 Mattliteusf,
1844 4459 2017 4520 voluit

412 4532 914 4599 rexgjuramentum
951 4543 1111 4584 suum
1153 4532 1355 4586 servari
1386 4532 1447 4587 ’et
1482 4534 1808 4589 exsecutioni
1854 4551 2015 4591 man-

2112 2841 2310 2909 phetaz,
2350 2844 2413 2894 ut
2440 2841 2631 2895 habeat
2675 2843 2733 2895 in
2757 2844 3018 2911 potestate
3054 2841 3305 2911 linguam
3350 2857 3464 2911 qua:
3497 2842 3728 2898 illicitas

2118 2912 2337 2984 nuptias
2379 2911 2685 2984 arguebat?
2727 2913 2865 2984 Haec
2885 2915 2953 2966 D.
2991 2913 3393 2984 Hieronymus._
3428 2915 3521 2968 Est
3557 2928 3729 2984 porro

2116 2979 2526 3055 advertendum
2542 2980 2691 3052 quod
2727 2981 2833 3055 hoc
2862 2984 3172 3055 exemplum
3194 2979 3448 3055 Herodis
3493 2979 3725 3055 praeter-

2117 3050 2270 3125 misit
2299 3050 2597 3125 Dionysius
2632 3050 3041 3125 Paraphrastes,
3066 3069 3241 3125 quam
3272 3054 3343 3110 ob
3368 3050 3592 3111 causam
3628 3070 3726 3111 nc-

2116 3121 2249 3197 scio,
2275 3122 2377 3197 nisi
2402 3121 2540 3197 (orte
2576 3122 2721 3197 (quia
2749 3121 2816 3197 de
2837 3121 3149 3197 juramen‘to
3178 3124 3457 3197 agebatur)
3500 3142 3569 3181 ne
3593 3142 3723 3197 per-

2109 3191 2369 3317 jluriOOvel
2410 3193 2464 3249 in
2497 3191 2733 3265 speciem
2763 3191 2960 3276 favere.
2984 3191 3276 3277 videretur.
3321 3201 3395 3252 At
3422 3191 3633 3253 constat
3655 3197 3726 3279 il-

2142 3263 2213 3317 ud
2262 3273 2635 3317 iuramentum
2678 3265 2748 3317 ad
2786 3280 2901 3317 rem
2946 3266 3186 3317 illicitam
3230 3266 3539 3317 nullatenus
3582 3267 3725 3317 obli-

2142 3263 2213 3318 ud
2254 3263 2635 3336 juramentum
2678 3265 2748 3322 ad
2786 3280 2901 3321 rem
2946 3266 3187 3322 illicitam
3230 3266 3539 3323 nullatenus
3582 3267 3725 3323 obli-

2156 3335 2295 3409 asse,
2327 3342 2383 3391 et
2411 3335 2587 3409 potius
2616 3337 3085 3409 perjuriicrimen
3130 3338 3433 3394 admissum
3475 3337 3637 3395 fuisse
3660 3338 3730 3394 il-

2143 3404 2214 3479 ud
2255 3404 2810 3479 exseq’uendofqu'am
2844 3405 3043 3465 fuisset
3083 3409 3413 3479 omittendo,
3454 3418 3515 3466 ut
3548 3409 3728 3467 modo

2120 3474 2326 3553 dictum
2360 3474 2475 3553 est;
2521 3486 2576 3533 et
2614 3474 2773 3553 longe
2811 3479 2954 3553 aliud
2980 3486 3061 3553 est
3106 3480 3324 3536 mentiri
3373 3474 3458 3551 (de
3482 3497 3590 3553 quo
3634 3480 3727 3537 hic

2120 3547 2403 3624 quaeritur)
2432 3556 2488 3603 et
2512 3547 2841 3624 promissum
2876 3550 2985 3605 sive
3021 3547 3399 3624 juramentuni
3428 3547 3729 3609 retractare

2119 3624 2214 3672 aut
2240 3616 2458 3691 violare,
2490 3616 2551 3674 ut
2572 3633 2643 3691 ex
2673 3619 2832 3691 dictis
2861 3616 3023 3691 patet.

2188 3696 2214 3764 ξ
2245 3688 2336 3764 Sic
2365 3689 2435 3743 illi
2474 3689 2646 3764 verba
2685 3688 2887 3764 Christi
2923 3691 3068 3764 apud
3105 3692 3440 3764 Matthmum,
3489 3691 3558 3747 de
3585 3708 3723 3763 pro-

2119 3757 2300 3832 missis
2357 3758 2677 3832 prazstaudis
2731 3757 3239 3832 interpretabantur,
3290 3761 3440 3831 quasi
3511 3757 3716 3819 sensus

2118 3827 2190 3884 sit
2222 3847 2237 3883 :
2268 3827 2415 3899 quod
2446 3844 2541 3885 vos
2543 3827 2897 3955 (prom'pisﬁs'
2920 3831 3187 3915 facturos,
3204 3827 3366 3888 facite
3388 3852 3405 3897 ς
3426 3832 3577 3913 quod
3594 3848 3722 3914 non

2118 3898 2381 3955 facturos.
2426 3915 2497 3955 ne
2567 3910 2752 3955 ncne:
2805 3905 3087 3955 aunmodn
3119 3913 3278 3955 etiam
3318 3903 3555 3955 lnnmtur
3603 3905 3722 3955 div-

2118 3898 2381 3976 @cturos,
2426 3915 2497 3976 ne
2528 3898 2714 3976 facite
2730 3898 2752 3957 Ξ
2805 3905 3087 3976 quomodo
3119 3898 3278 3960 etiam
3318 3898 3555 3974 loquitur
3603 3904 3726 3960 div.

2118 3971 2317 4027 Paulus
2351 3986 2398 4027 ll
2422 3971 2489 4027 ad
2514 3972 2754 4031 Corinth.
2784 3971 2852 4029 1‘:
2882 3977 3158 4046 Numquid
3185 3971 3410 4031 levitate
3426 3992 3555 4031 usus
3577 3990 3726 4039 sum,

2120 4046 2218 4096 aut
2247 4058 2365 4112 qua:
2394 4046 2582 4112 cogito,
2613 4046 2904 4118 secundum
2931 4064 3143 4102 carnem
3168 4048 3360 4117 cogito,
3388 4053 3453 4102 ut
3478 4050 3549 4102 sit
3572 4050 3729 4118 apud

2118 4128 2221 4189 me,
2247 4118 2421 4189 est,_et_
2458 4118 2606 4189 non?
2633 4116 2831 4189 Eidelis
2856 4122 3035 4173 autem
3068 4116 3241 4181 Deus,
3258 4122 3391 4189 quia
3425 4116 3731 4175 sermo—no-

2118 4188 2247 4247 ster,
2272 4186 2369 4255 qui
2390 4186 2505 4252 fuit
2527 4187 2678 4257 apud
2692 4203 2802 4251 vos,
2831 4204 2938 4244 non
2963 4194 3041 4244 est
3058 4192 3118 4244 in
3146 4186 3394 4257 illofest,
3421 4195 3473 4244 et
3500 4207 3623 4245 noti.
3647 4198 3727 4247 At

2119 4259 2367 4327 proprius
2407 4264 2459 4311 et
2486 4271 2777 4327 germanus
2816 4274 3009 4315 sensus
3051 4260 3343 4316 verborum
3393 4260 3592 4316 Christi
3640 4269 3730 4317 est

2125 4324 2193 4381 de
2222 4324 2342 4407 non
2373 4324 2633 4407 jura'udo,
2681 4328 2785 4407 hoc
2826 4338 2929 4397 est,
2961 4338 3021 4407 ut
3058 4330 3132 4407 ab
3174 4330 3327 4387 omni
3368 4332 3545 4407 specie
3572 4331 3729 4407 jura:-

2125 4400 2295 4451 menti
2322 4406 2481 4474 extra
2511 4400 2882 4474 necessitatem
2931 4401 3301 4458 abstineamus
3341 4417 3355 4455 :
3399 4400 3461 4458 et
3486 4400 3725 4474 simplici

2121 4482 2403 4533 sermone,
2437 4468 2668 4545 simplici
2718 4469 3086 4545 afﬁrmatione
3130 4481 3225 4529 aut
3273 4474 3562 4545 negatione
3595 4468 3728 4531 "uta-

2122 4552 2267 4600 mur,
2284 4545 2460 4616 prout
2496 4538 2693 4616 veritas
2730 4557 2788 4598 se
2839 4543 3018 4616 habet.
3051 4544 3298 4616 Quodsi
3329 4538 3622 4616 p'leniorem
3657 4553 3723 4599 et

411 4596 1205 4696 loluit‘uei'ngﬂotutuotat
1225 4600 1342 4696 div.
1373 4603 1745 4687 Elieronymus
1774 4604 1833 4659 in
1860 4621 2012 4696 com-
2044 4633 2095 4696 Β
2125 4596 2464 4696 εξξιοίἱὸηρῐῃ
2503 4610 2618 4696 ejus
2664 4596 2963 4695 sementim
2986 4596 3718 4696 exag'iéatiénédifiéaaims;

411 4669 707 4740 mentario,
744 4669 920 4727 omnes
949 4673 1193 4726 convivas
1220 4674 1431 4730 sceleris
1457 4677 1548 4729 sui
1584 4669 1699 4731 esse
1726 4682 2006 4734 consortes.

411 4746 473 4796 4ο
518 4744 891 4818 Spectaculum
938 4743 1238 4818 egohiln'tum
1285 4750 1381 4809 est,
1428 4745 1601 4818 inquit
1657 4745 2007 4816 Ambrosius,

411 4815 556 4883 quod
571 4817 735 4869 etiam
763 4831 939 4872 omnes
962 4816 1185 4871 barbari
1207 4819 1421 4873 horrere
1442 4815 1837 4874 consueverunt.
1865 4815 2011 4876 Inter

411 4886 595 4961 epulas
616 4890 778 4961 atque
795 4890 1035 4942 convivia
1064 4889 1494 4945 consummandte
1517 4889 1855 4946 crudelitatis
1878 4907 2006 4961 pro-

409 4955 593 5034 fertur
621 4955 871 5034 edictum:
901 4961 976 5034 Et
988 4974 1027 5034 _a
1047 4962 1284 5034 conuiuio
1305 4962 1380 5016 ad
1398 4977 1676 5030 carcerem,
1707 4963 1773 5034 de
1799 4955 2008 5018 carcere
2104 4955 2293 5034 furare

410 5023 486 5115 ad
507 5025 805 5115 conuitium
831 5026 1024 5115 feralis
1042 5029 1247 5115 ﬂagitii
1271 5023 2000 5115 cireumfeer-pbsequium.

410 5096 627 5175 Quanta
645 5097 703 5151 in
732 5112 836 5152 uno
861 5097 1104 5175 facinore
1122 5105 1250 5175 sunt
1275 5096 1536 5175 crimina!
1563 5107 1633 5161 Et
1657 5104 1713 5160 S.
1751 5096 2007 5175 Hierony-

406 5182 533 5244 mus
576 5168 630 5244 in
692 5168 1093 5244 commentario
1141 5190 1153 5225 :
1202 5173 1470 5241 Legimus,
1511 5175 1606 5244 ait,
1658 5178 1717 5228 in
1763 5168 2007 5231 Romana

409 5240 643 5315 historia
678 5242 1007 5298 Flaminium
1050 5242 1238 5299 ducem
1274 5240 1602 5309 Romanum,
1636 5244 1778 5315 quod
1805 5261 2006 5301 accum-

409 5312 556 5368 benti
564 5314 738 5384 juxta
759 5329 813 5369 se
832 5315 1185 5387 meretriculae
1198 5331 1320 5387 quae
1338 5332 1632 5386 numquam
1642 5312 1701 5371 se
1717 5316 1913 5372 vidisse
1931 5318 2007 5373 di-

405 5389 543 5458 ceret
574 5387 839 5441 hominem
876 5386 1227 5453 decollatum,
1251 5403 1499 5443 assensus
1526 5389 1619 5455 sit,
1650 5391 1716 5442 ut
1742 5401 1864 5442 reus
1892 5392 2006 5458 qui.

403 5452 536 5535 dant
560 5458 810 5535 capitalis
840 5459 1085 5535 criminis
1111 5461 1172 5514 in
1187 5461 1427 5535 convivio
1450 5452 1811 5535 truncaretur,
1841 5476 1876 5513 ας
1895 5452 2006 5516 ὅρη-

402 5523 849 5601 8ῳιίὂυξ-Ριιιεῑιηι
863 5531 1039 5596 curia,
1059 5531 1203 5600 quod
1221 5531 1407 5601 epulas
1426 5533 1690 5601 sanguini
1704 5523 2002 5601 miscuerit,

402 5598 453 5647 et
474 5598 960 5674 mot'tetn__quamu_is
979 5598 1145 5674 parii
1165 5598 1413 5670 hoininis,
1441 5604 1502 5657 in
1528 5598 1751 5659 alterius
1787 5598 2005 5658 delicias

400 5666 739 5741 Ρνίεεᾷιθνίζ,
769 5671 831 5718 ut
860 5668 1026 5741 libido
1050 5676 1100 5724 et
1127 5666 1472 5726 homicidium
1492 5677 1707 5741 pariter
1725 5676 2003 5728 misceren-

407 5738 515 5789 tur.
546 5734 1084 5810 Quantosceleratior
1102 5741 1333 5793 Herodes
1361 5746 1411 5794 et
1430 5734 1713 5803 Hérodias,
1738 5758 1801 5795 ac
1820 5744 2005 5810 puella

404 5820 525 5875 quce
541 5803 787 5866 saltavit,
809 5804 865 5856 in
880 5807 1118 5873 pretium
1137 5811 1412 5873 sanguinis
1434 5813 1594 5878 caput
1610 5803 1853 5880 postulat
1871 5827 2005 5881 pro-

2124 4678 2263 4755 vide,
2308 4688 2508 4755 praeter
2528 4678 2681 4755 :alios
2700 4684 3042 4755 interpretes,
3064 4678 3391 4743 decretalem
3411 4678 3721 4741 lnnécmtii

2117 4751 2258 4827 tertii
2290 4751 2357 4827 de
2385 4751 2753 4824 Jurejurando
2782 4751 2919 4827 (Lib.
2956 4772 3002 4813 II
3025 4751 3321 4827 Decreta!”
3354 4759 3435 4813 tit.
3464 4755 3528 4811 de
3555 4759 3726 4827 Jure-

2106 4820 2372 4889 jurando,
2405 4820 2537 4900 cap.
2565 4827 2685 4900 Etsi
2711 4820 2997 4896 Christus),
3029 4844 3133 4900 qua
3159 4845 3275 4900 non
3301 4820 3481 4900 minus
3509 4826 3734 4885 erudite

2350 4969 2486 5043 iceat
2523 4974 2769 5043 autnon
2812 4969 2996 5043 liceat;
3028 4970 3222 5043 (cujus;
3246 4979 3467 5042 partem
3517 4980 3736 5043 postre-

2114 5049 2288 5114 mam,
2308 5038 2438 5114 nsive
2465 5036 2799 5114 coronidem‘,
2830 5040 2899 5114 ad
2941 5036 3227 5114 religiésos
3246 5036 3595 5114 spectantem
3624 5040 3727 5098 ha-

2116 5104 2210 5185 bes
2243 5104 2481 5185 interius
2493 5109 2709 5185 citatam
2728 5109 2855 5185 (Ad
2880 5127 3000 5182 cap.
3032 5104 3148 5185 f7).

2182 5179 2208 5213 δ
2252 5178 2553 5259 Alibi_a_liis
2597 5178 2769 5259 verbis
2800 5178 3009 5249 (Collat.
3064 5178 3127 5241 ιϐ
3158 5201 3286 5259 cap.
3338 5186 3427 5259 ιε)
3482 5204 3497 5241 ;
3552 5187 3737 5255 Quasi

2112 5263 2235 5328 vero
2259 5250 2413 5328 apud
2439 5254 2609 5328 Deum
2638 5254 2798 5328 uerba
2837 5257 3204 5311 tantummodo
3223 5250 3284 5312 et
3307 5250 3419 5313 non
3449 5250 3743 5328 pra'cipue

2111 5321 2359 5403 voluntas
2389 5326 2597 5403 vocetur
2626 5325 2682 5377 in
2707 5325 2937 5394 culpam,
2961 5331 3021 5403 et
3056 5344 3188 5403 opus
3209 5329 3383 5403 solum
3406 5321 3640 5403 psccati;
3674 5334 3739 5403 et

2110 5406 2215 5445 non
2240 5394 2414 5473 etiam
2424 5397 2623 5473 quotum
2657 5411 2719 5450 ac
2748 5394 3102 5473 propositum"
3129 5394 3425 5473 habeatur"
3444 5403 3502 5453 in
3540 5400 3741 5473 crim_z'-

2109 5478 2194 5524 ne,
2225 5467 2330 5545 etc.
2376 5464 2465 5545 Et_
2486 5462 2634 5545 infra
2670 5484 2682 5521 :
2721 5462 3153 5545 gift/ectasenim
3180 5472 3407 5545 peccati,
3438 5485 3541 5523 non
3582 5469 3743 5545 ordg

2109 5533 2530 5611 considerandus
2557 5533 2908 5611 estadmissi.
2949 5540 3037 5596 Sic
3062 5541 3158 5597 ibi.
3180 5533 3256 5597 Ἐι
3292 5533 3398 5597 hoc
3438 5547 3521 5596 est
3563 5541 3741 5611 quod

2111 5604 2269 5684 vulgo
2294 5604 2529 5684 dici_tur_:
2559 5609 2822 5684 Voluntas
2835 5610 3062 5684 habetur
3076 5629 3179 5683 pro
3197 5615 3366 5681 facto,
3389 5627 3545 5684 supp.
3572 5604 3745 5684 apud

2112 5677 2288 5800 ?eum
2316 5685 2371 5732 et
2401 5678 2453 5733 in
2484 5677 2603 5735 foro
2642 5682 3011 5741 conscientiae.
3057 5677 3209 5740 Idem
3246 5677 3439 5739 rursus
3458 5677 3744 5739 inculca-

2141 5762 2204 5801 ur
2231 5761 2344 5819 seq.
2369 5764 2487 5819 cap.
3556 5811 3563 5815 .

2141 5762 2204 5801 ur
2231 5762 2344 5819 seq.
2369 5764 2487 5820 cap.

2115 4907 2280 4974 quam
2324 4894 2606 5020 perspicue
2652 4895 2812 4953 docet
2847 4894 3116 4971 quatenus
3156 4899 3369 4956 homini
3410 4899 3732 4958 Christiano

2116 4978 2293 5020 Iurare
2350 4973 2486 5020 lceat
2523 4974 2619 5020 aut
2658 4983 2769 5020 non
2813 4969 2995 5020 liceat:
3044 4970 3219 5020 cuius‘
3249 4979 3462 5020 nar-tem
3517 4980 3732 5020 nostra-
