4000 6206
235 277 361 332 1057

1253 268 1590 328 COLLATIO
1630 270 1793 328 XV".
1832 297 1902 313 --
1941 269 2032 325 DE
2067 268 2503 326 DEFINIENDO.

3409 279 3545 334 1058

225 398 348 454 sarii
381 405 436 454 et
470 397 642 454 sancti
679 395 801 453 linis
831 367 1058 466 intuitu,
1087 395 1456 469 vituperabilis
1483 393 1620 452 initii
1657 395 1823 453 susti-
1853 398 2033 462 A'nec
2060 394 2161 452 iste
2196 393 2432 451 salutem
2465 395 2655 452 statuit
2681 393 2915 468 operari.
2953 395 3095 454 Illud
3121 396 3272 454 enim
3313 411 3415 469 pro
3449 413 3542 456 re-

229 491 352 547 nuit
380 489 776 548 necessitatem.

819 627 1064 686 CAPUT
1108 629 1241 686 XII.

231 758 384 828 Quod
414 759 540 814 boni
553 762 846 829 proventus
870 759 1127 828 malignis
1156 758 1464 816 auctoribus
1489 774 1596 814 non
1613 757 1834 829 profue-

480 833 615 898 rint,
643 845 736 886 nec
768 830 916 886 bonis
940 831 1089 886 mala
1113 835 1262 900 gesta
1289 832 1585 886 nocuerint.

301 972 376 1027 Et
401 976 461 1026 ut
489 967 608 1027 haec
646 967 838 1026 eadem
866 967 934 1026 de
971 975 1287 1026 sanctarum
1317 967 1720 1042 Scripturarum
1748 965 1832 1024 di-

233 1062 540 1122 lucidemus
581 1062 867 1136 exemplis,
917 1061 1050 1136 quid
1096 1062 1368 1119 salubrius
1413 1061 1610 1134 quidve
1651 1060 1836 1118 utilius

231 1156 487 1216 universo
513 1156 634 1214 orbi
667 1156 851 1229 potuit
873 1156 1155 1230 procurari
1182 1170 1351 1228 quam
1379 1153 1685 1212 Dominicai
1711 1169 1834 1226 pas-

232 1249 405 1308 sionis
426 1251 664 1308 salutare
688 1248 1030 1307 remedium?
1050 1259 1074 1286 ³
1093 1251 1162 1305 Et
1186 1258 1370 1307 tamen
1391 1265 1502 1306 non
1521 1248 1704 1307 solum
1721 1263 1833 1305 non

230 1343 456 1417 profuit,
495 1359 683 1402 verum
713 1344 882 1401 etiam
924 1343 980 1400 in
1014 1351 1227 1400 tantum
1265 1343 1342 1399 illi
1373 1341 1551 1400 obfuit
1580 1341 1830 1399 tradituri

228 1436 388 1509 cujus
405 1436 712 1494 ministerio
732 1436 997 1509 probatur
1023 1436 1328 1507 impletum,
1348 1443 1410 1492 ut
1432 1434 1681 1492 absolute
1708 1449 1834 1507 pro-

227 1529 510 1587 nuntietur
536 1529 604 1586 de
632 1529 746 1600 illo,
775 1533 976 1587 Bonum
1002 1533 1120 1585 erat
1143 1531 1212 1592 ei,
1244 1531 1295 1584 si
1318 1533 1484 1584 natus
1508 1545 1614 1584 non
1640 1531 1836 1598 fuisset

231 1625 390 1680 homo
427 1625 520 1679 ille
560 1623 776 1696 (Matth.
813 1623 1013 1695 xxvr).
1045 1623 1173 1678 Non
1200 1621 1347 1678 enim
1384 1621 1689 1679 secundum
1729 1621 1836 1680 hoc

155 1737 168 1750 π
225 1715 376 1790 quod
403 1715 605 1786 evenit,
637 1715 848 1774 fructus
877 1716 953 1772 illi
1004 1724 1085 1773 est
1111 1716 1194 1772 sui
1234 1715 1414 1788 operis
1442 1715 1834 1789 repensandus,

1939 487 2238 546 tributione
2258 487 2526 546 mercedis
2544 488 2693 562 juste
2718 488 3012 562 unicuique
3033 498 3371 562 repensatur,
3393 490 3542 564 quod

1939 579 2314 653 principaliter
2356 587 2542 636 mente
2595 581 2933 654 conceperit,
2986 596 3098 638 non
3146 581 3296 655 quod
3343 582 3541 641 exinde

1939 673 2078 731 bene
2121 673 2205 730 vel
2247 673 2390 730 male
2428 682 2621 731 contra
2673 681 2863 731 votum
2917 675 3191 747 operantis
3235 677 3540 735 emerserit.

1940 766 2180 840 ideoque
2195 767 2533 841 justissimus
2549 768 2721 841 judex
2739 768 3137 839 excusabilem,
3166 769 3337 827 immo
3359 769 3550 828 lauda-

1939 861 2107 920 bilem
2135 861 2258 920 talis
2283 856 2311 895 δ
2349 861 2618 920 mendacii
2651 862 2866 920 censuit
2904 870 3385 936 pr‘acsumptorem,
3421 863 3548 937 quia

1941 957 2059 1014 sine
2087 974 2153 1014 eo
2182 955 2252 1014 ad
2279 956 2712 1015 benedictionem
2744 958 3154 1031 primitivorum
3190 975 3301 1016 non
3337 967 3551 1032 poterat

1943 1050 2238 1123 pervenire.
2281 1059 2302 1088 ⁸
2331 1053 2447 1109 Nec
2475 1051 2662 1109 debuit
2701 1052 2758 1108 in
2781 1051 2992 1110 crimen
3023 1053 3202 1111 vocari
3230 1052 3378 1126 quod
3405 1053 3551 1112 desi-

1938 1144 2092 1201 derio
2121 1143 2518 1203 benedictionis
2545 1154 2798 1203 exortum
2827 1155 2926 1204 est.
2955 1147 3218 1220 Alioquin
3240 1163 3352 1204 non
3379 1147 3547 1206 modo

1940 1237 2161 1310 iniquus
2201 1237 2258 1294 in
2295 1237 2525 1296 fratrem
2553 1238 2856 1310 patriarcha
2895 1240 3210 1311 praedictus,
3248 1239 3344 1297 sed
3383 1240 3550 1298 etiam

1942 1331 2354 1388 circumventor
2395 1331 2452 1388 in
2493 1340 2704 1406 patrem
2732 1339 2786 1389 et
2824 1331 3122 1406 sacrilegus
3149 1332 3464 1401 exstitisset,
3505 1332 3550 1390 si

1941 1425 2148 1484 habens
2173 1426 2342 1482 aliam
2375 1427 2517 1483 viam
2552 1441 2657 1498 qua
2697 1426 2768 1484 ad
2794 1426 3192 1484 benedictionis
3228 1425 3371 1484 illius
3413 1443 3534 1500 gra-

1941 1523 2074 1575 tiam
2114 1519 2435 1592 perveniret,
2477 1519 2621 1576 hanc
2659 1535 2782 1593 qua:
2821 1519 2977 1576 fratri
3007 1519 3274 1577 damnosa
3317 1527 3459 1578 esset
3484 1535 3550 1577 ac

1943 1612 2129 1682 noxia,
2167 1619 2418 1686 expetere
2449 1613 2744 1670 maluisset.
2777 1611 2989 1670 Videtis
3024 1628 3154 1684 ergo
3199 1611 3340 1685 apud
3369 1615 3550 1669 Deum

1943 1719 2058 1760 non
2088 1721 2408 1777 processum
2436 1707 2640 1778 operis,
2667 1704 2762 1762 sed
2787 1704 3212 1763 destinationem
3243 1703 3444 1760 mentis
3475 1704 3547 1759 in-

229 1808 328 1866 sed
363 1808 665 1866 secundum
697 1807 750 1866 id
785 1808 932 1882 quod
962 1807 1141 1864 facere
1171 1807 1366 1878 voluit,
1397 1807 1482 1865 vel
1510 1807 1663 1882 quod
1691 1807 1829 1866 effe-

1945 1796 2102 1868 quiri.
2162 1797 2265 1852 His
2324 1799 2504 1870 itaque
2561 1798 2918 1869 praestructis,
2969 1803 3032 1853 ut
3087 1796 3158 1853 ad
3215 1795 3549 1869 propositam

232 1911 452 1959 cturum
483 1917 542 1959 se
569 1917 689 1959 esse
714 1901 962 1960 credidit.
994 1905 1066 1958 Et
1095 1917 1306 1972 rursus,
1331 1901 1464 1974 quid
1491 1901 1837 1960 criminosius

239 1995 371 2052 dolo
409 2005 570 2068 atque
599 1995 908 2064 mendacio,
936 1995 1098 2052 etiam
1129 1996 1185 2051 in
1211 2003 1551 2065 extraneum,
1579 2011 1650 2052 ne
1678 1995 1837 2054 dixe-

235 2089 344 2146 rim
384 2090 440 2146 in
487 2104 806 2162 germanum
850 2098 1128 2162 patremve
1169 2090 1499 2147 commisso?
1543 2093 1614 2146 Et
1649 2099 1834 2148 tamen

232 2198 350 2238 non
377 2181 555 2238 solum
587 2181 802 2238 nullam
831 2197 930 2253 pro
963 2180 1051 2238 his
1080 2181 1494 2238 damnationem
1531 2190 1626 2238 aut
1649 2198 1835 2255 repre-

236 2276 558 2332 hensionem
585 2275 755 2332 Jacob
785 2274 1092 2348 patriarcha
1125 2276 1422 2345 contraxit,
1452 2291 1644 2332 verum
1671 2276 1834 2334 etiam

229 2376 493 2440 perpetua
517 2367 914 2425 benedictionis
940 2368 1260 2426 haereditate
1282 2368 1486 2426 ditatus
1515 2376 1603 2426 est
1625 2369 1832 2441 (Gates.

233 2465 458 2530 xxvn).
509 2464 622 2519 Nec
663 2462 964 2534 immerito,
1007 2463 1132 2536 quia
1181 2471 1238 2520 et
1265 2464 1367 2522 iste
1399 2462 1834 2524 benedictionem

230 2557 602 2630 primogenito
630 2557 957 2616 destinatam
991 2573 1104 2615 non
1133 2573 1199 2615 ex
1230 2559 1512 2632 prasentis
1545 2558 1679 2614 lucri
1707 2575 1832 2615 ava-

229 2651 378 2720 ritia,
418 2651 514 2708 sed
541 2668 606 2709 ex
651 2651 758 2709 ﬁde
787 2650 1232 2710 sanctiﬁcationis
1261 2661 1536 2725 perpetua:
1566 2653 1834 2723 concupi-

227 2744 337 2812 vit;
375 2752 432 2800 et
458 2744 546 2801 ille
573 2759 689 2800 non
721 2743 978 2802 humanae
1007 2745 1195 2802 salutis
1225 2745 1476 2814 obtentu,
1509 2744 1607 2802 sed
1633 2745 1838 2818 philar-

229 2838 404 2910 gyriai
423 2838 656 2895 crimine
677 2837 839 2896 morti
861 2837 1086 2896 tradidit
1109 2839 1359 2894 omnium
1383 2837 1832 2910 Redemptorcm.

230 2931 303 2984 Et
345 2929 549 2986 idcirco
587 2930 802 3001 utrique
838 2945 1031 2988 eorum
1075 2930 1287 2988 fructus
1321 2931 1652 3003 operationis
1696 2947 1831 3002 suae,

231 3021 539 3078 secundum
564 3022 982 3080 destinationem
1020 3023 1223 3080 mentis
1258 3039 1449 3080 eorum
1480 3040 1544 3081 ac
1583 3005 1835 3098 proposi-

232 3124 355 3171 tum
394 3113 694 3174 voluntatis
718 3113 986 3252 a/scriptus
1023 3123 1104 3171 est
1145 3117 1272 3188 quia
1310 3131 1409 3172 nec
1437 3116 1524 3173 ille
1560 3117 1831 3188 fraudem,

1946 1890 2314 1962 qumstionem
2355 1890 2428 1948 ob
2463 1907 2632 1964 quam
2666 1891 2784 1948 haec
2821 1891 3074 1948 universa
3108 1890 3389 1964 praemissa
3421 1899 3551 1948 sunt

1947 1992 2307 2055 revertamur,
2340 1984 2715 2058 respondeatis
2738 1985 2873 2042 mihi
2901 1986 3159 2059 primitus
3187 1985 3368 2055 velim,
3394 1983 3552 2058 cujus

1947 2076 2026 2133 rei
2062 2091 2226 2134 causa
2249 2093 2346 2136 vos
2374 2077 2516 2137 illius
2543 2078 2853 2152 sponsionis
2879 2077 3112 2136 nexibus
3141 2079 3440 2137 vinxeritis.

2529 2219 2768 2276 CAPUT
2799 2220 2962 2274 XIII.

1945 2351 2238 2420 Responsio
2264 2354 2472 2413 nostra,
2503 2365 2624 2419 qua:
2653 2364 2814 2404 causa.
2844 2366 2878 2404 a
2905 2348 3057 2421 nobis
3084 2351 3322 2418 eregerit
3355 2363 3550 2405 sacra-

2448 2425 2686 2476 mentum
2712 2422 3030 2491 sponsionis.

2015 2559 2324 2616 Germanus
2349 2579 2362 2614 :
2389 2557 2601 2626 Prima,
2625 2566 2685 2613 ut
2710 2557 2970 2621 diximus,
2995 2557 3202 2614 exstitit
3231 2571 3413 2627 causa,
3441 2572 3549 2630 qua

1943 2662 2164 2710 nostros
2208 2651 2558 2709 mmstilicare
2606 2651 2850 2709 seniores
2904 2667 2967 2708 ac
3018 2652 3304 2724 praeceptis
3355 2666 3549 2708 eorum

1947 2745 2212 2803 obsistere
2234 2746 2578 2802 verebamur.
2601 2745 2872 2813 Secunda,
2899 2760 3005 2818 qua
3025 2744 3070 2801 si
3089 2743 3218 2816 quid
3247 2743 3548 2815 perfectum

1945 2850 2110 2912 atque
2136 2838 2491 2912 magniﬁcum
2525 2838 2608 2896 vel
2639 2839 2759 2895 visu
2788 2839 2872 2894 vel
2899 2837 3087 2895 auditu
3119 2838 3550 2910 percepissemus

1943 2947 1975 2988 a
2007 2933 2176 3000 vobis,
2207 2947 2335 2988 cum
2373 2931 2572 2988 reversi
2597 2930 2665 2988 ad
2702 2931 3018 2988 coenobium
3047 2930 3358 2999 fuissemus,
3388 2945 3552 2986 exer-

1945 3039 2066 3082 cere
2106 3040 2208 3082 nos
2237 3039 2397 3098 posse
2429 3024 2892 3082 inconsultissima
2929 3024 3280 3098 persuasione
3308 3022 3550 3082 credidi-

1946 3133 2092 3174 mus.

1339 3269 1594 3326 ALARDI
1633 3271 1855 3328 ΟΑΖίΕΙ
1895 3271 2451 3328 COMMENTARIUS.

303 3412 328 3442 ³
370 3407 527 3464 Idem
567 3407 731 3464 etiam
768 3407 953 3483 docuit
991 3408 1160 3467 abbas
1187 3409 1514 3468 Theodorus
1550 3412 1734 3468 collat.
1778 3419 1836 3483 6,
1874 3415 1920 3480 C
1949 3416 2093 3475 tuus,
2130 3425 2242 3466 non
2276 3423 2396 3466 esse
2429 3393 2738 3483 mentitam,
2769 3405 2865 3483 sed
2893 3407 3330 3483 verum_dixi_sse,
3355 3417 3409 3465 at
3434 3410 3544 3483 alio

225 3496 350 3552 cap.
379 3485 416 3537 9
449 3499 460 3534 :
489 3483 668 3550 Neque
691 3483 852 3544 enim,
877 3481 971 3550 ait,
987 3484 1264 3552 patientia
1291 3484 1386 3538 Job
1417 3485 1704 3538 mercedem
1727 3481 1838 3539 dial

230 3553 368 3614 bolo,
393 3554 498 3622 qui
521 3567 642 3606 eum
662 3553 1009 3608 illustriorem
1029 3555 1143 3608 suis
1165 3554 1551 3610 tentationibus
1571 3555 1836 3619 reddidit,

221 3625 323 3679 sed
353 3619 451 3677 illi
472 3624 586 3692 ipsi
610 3625 710 3694 qui
731 3638 818 3679 eas
846 3625 1085 3679 viriliter
1113 3626 1363 3695 pertulit,
1395 3627 1716 3694 acquisivit;
1745 3641 1838 3682 nec

223 3695 398 3752 Judas
442 3697 633 3750 atomi
667 3695 927 3766 supplicii
971 3698 1308 3750 immunitate
1340 3695 1664 3766 donabitur,
1705 3700 1836 3766 quia

221 3766 476 3837 proditio
499 3766 612 3836 eius
635 3765 711 3820 ad
732 3767 959 3820 salutem
983 3767 1192 3835 generis
1209 3765 1428 3837 profuit
1446 3767 1690 3821 humani.
1714 3765 1836 3824 Non

224 3841 372 3893 enim
388 3842 684 3908 proventus
704 3837 1125 3908 considerandus
1145 3843 1222 3892 est
1236 3838 1439 3908 operis,
1455 3837 1550 3892 sed
1564 3841 1835 3908 operantis

220 3905 480 3979 aﬂ’ectus.
505 3907 618 3963 Ubi
634 3911 924 3980 proventus
947 3905 1090 3960 idem
1109 3905 1259 3978 quod
1268 3905 1556 3976 processus
1573 3905 1756 3980 supra,
1779 3908 1833 3966 id

223 3975 332 4044 est,
367 3975 677 4042 successus,
701 3975 783 4031 vel
812 3982 1060 4044 eventus.

300 4043 329 4080 ι’
382 4051 472 4102 De
525 4045 706 4101 verbis
763 4043 934 4101 Jacob
985 4043 1328 4116 patriarcha},
1385 4060 1512 4116 qua:
1567 4045 1836 4104 habentur

227 4119 382 4176 Gen.
410 4131 616 4185 xxvu,
641 4124 752 4171 tres
770 4123 901 4171 sunt
921 4115 1221 4172 sententiae.
1245 4115 1428 4172 Prima
1447 4118 1641 4174 asserit
1661 4119 1833 4176 Jaeob

225 4203 360 4245 vere
390 4186 848 4259 essementitum,
875 4201 986 4259 neu
1017 4194 1199 4259 tamen
1223 4201 1496 4259 peccasse,
1521 4188 1644 4259 quia
1675 4205 1832 4245 men-

225 4259 458 4317 dacium
494 4256 627 4314 illud
666 4272 779 4312 non
819 4256 987 4313 modo
1025 4256 1130 4314 fuit
1169 4256 1492 4326 excusabile,
1535 4256 1631 4315 sed
1668 4259 1832 4316 etiam

225 4328 515 4402 laudabile
550 4337 605 4402 et
647 4331 762 4384 Deo
802 4335 1104 4402 acceptum.
1145 4328 1677 4402 lta_abbasiJoseph
1729 4329 1833 4402 hoc

225 4405 379 4484 loco.
413 4399 519 4484 Sed
549 4399 671 4484 haec
693 4399 954 4484 sententia
971 4399 1052 4484 ab
1081 4399 1336 4484 omnibus
1364 4399 1628 4484 rejicitur,
1661 4409 1722 4456 ut

222 4481 387 4529 ctum
419 4479 520 4527 est.
565 4471 672 4527 Alii
711 4479 932 4527 censent
969 4470 1054 4526 illa
1093 4471 1257 4528 verba
1289 4470 1569 4529 continere
1606 4473 1834 4530 menda-

224 4544 380 4600 cium
409 4541 748 4616 ofﬁciosum,
767 4550 822 4598 et
847 4541 1072 4616 proinde
1097 4557 1127 4597 a
1145 4542 1302 4616 culpa
1329 4543 1514 4616 veniali
1537 4558 1649 4599 non
1673 4559 1833 4616 posse

223 4614 502 4672 excusari.
528 4615 610 4669 Ita
627 4611 898 4684 Lj'ranus,
923 4611 1560 4684 Abulensis,'Cajetanus.
1587 4618 1662 4670 At
1675 4611 1832 4672 com-

223 4686 459 4742 munior
513 4693 598 4742 est
645 4683 740 4741 SS.
778 4685 1026 4756 _Patrum
1084 4683 1374 4756 sententia,
1422 4685 1515 4756 qui
1575 4685 1832 4756 praedicta

224 4757 398 4814 verba
433 4756 602 4812 Jacob
635 4752 918 4812 mendacio
945 4768 1130 4810 carere
1153 4752 1456 4822 afﬁrmant,
1485 4763 1544 4810 ut
1575 4752 1684 4811 div.
1714 4760 1830 4811 Au-

266 4797 611 4882 ἷιὶῖῖηιῖἔῖἷιῖ.
635 4797 1466 4896 ῖόιῖᾰοῖἒῆρῖἆεῖὀῖυἷιὶ”ἑέὖῗῖι’ὀ
1487 4797 1550 4881 Ei
1575 4797 1684 4880 iii}:
1714 4797 1831 4882 3E3:
1861 4797 1912 4860 D

266 4843 489 4882 usunus
518 4843 611 4880 un.
651 4843 844 4881 contra
872 4843 1212 4881 mendacium
1241 4843 1361 4896 cap.
1400 4843 1466 4880 w
1494 4843 1550 4881 et
1581 4843 1677 4880 un.
1719 4843 1831 4882 xvr

224 4843 298 4954 de
324 4895 490 4968 Civit.
520 4909 640 4966 cap.
660 4899 762 4968 _37,
793 4896 1011 4968 tametsi
1037 4895 1184 4968 quod
1205 4895 1355 4964 dicit,
1385 4894 1592 4968 factum
1618 4895 1736 4968 ejus
1763 4897 1832 4954 ad

223 4965 562 5034 mysterium
588 4963 934 5020 referendum
961 4963 1098 5034 esse,
1131 4983 1311 5023 revera
1341 4963 1694 5034 quaestionem
1722 4983 1832 5024 non

224 5037 420 5096 solvit.
446 5037 596 5109 _Nam
640 5050 833 5092 sensus
862 5038 1144 5109 mysticus,
1186 5038 1330 5094 sicut
1357 5037 1694 5109 historicum
1724 5055 1835 5094 non

224 5109 402 5177 tollit,
439 5107 663 5180 itarem
688 5113 898 5180 gestam
922 5107 1037 5180 non
1063 5117 1304 5180 excusat.
1330 5110 1529 5180 Reque
1551 5108 1728 5180 simile
1755 5118 1837 5166 est

223 5181 295 5252 de
330 5177 714 5252 ωειιψὶιοήεξ
733 5177 1026 5252 parabolis,
1056 5178 1284 5250 aliisque
1321 5177 1570 5252 ﬁguratis
1602 5179 1834 5238 locutio-

225 5251 396 5308 nibus
429 5269 444 5306 :
478 5248 820 5322 uniaiserino
849 5248 1342 5322 tropicustantum
1365 5248 1674 5308 secundum
1712 5259 1837 5322 Vtro-

223 5338 368 5396 pum
403 5319 624 5405 intelligi
659 5320 839 5385 debet,
875 5319 1240 5405 etlparaboola:
1280 5322 1530 5405 nonnisi
1571 5321 1840 5405 paraboli-

222 5389 363 5472 cum
403 5389 610 5472 habent
637 5405 859 5472 sensum
891 5389 1176 5472 :historia
1213 5406 1346 5472 vera_
1374 5389 1589 5472 etiamsi
1627 5402 1838 5467 myste-

225 5465 378 5521 rium
423 5463 718 5538 contineat,
755 5479 880 5538 vera
917 5471 1102 5538 tamen
1129 5478 1239 5520 non
1268 5463 1392 5533 erit,
1423 5465 1529 5538 nisi
1557 5463 1838 5538 quaa'inar;

225 5533 540 5608 ranturjta
573 5541 736 5608 gesta
758 5534 1336 5608 siniiutinarrantur.
1379 5537 1555 5608 Quale
1575 5533 1837 5608 est_illud

226 5605 300 5680 de
329 5604 552 5663 duobus
574 5602 809 5680 Abrahae
837 5604 962 5680 [iliis
989 5606 1192 5680 (Galat.
1222 5607 1330 5680 Iv),
1361 5602 1531 5680 altero
1552 5622 1618 5680 ex
1643 5605 1833 5680 libera,

222 5677 411 5762 aitero
439 5691 504 5732 ex
535 5675 1005 5762 ancillazogenitis,
1028 5686 1083 5733 et
1109 5679 1218 5762 alia
1243 5675 1412 5751 quam
1433 5677 1694 5762 plurima:
1726 5675 1831 5762 Yeé

228 5748 349 5822 [ἑοι-
370 5748 562 5822 itaque
586 5765 650 5822 a_c
673 5747 894 5822 solidior
917 5747 1150 5804 aliorum
1179 5747 1404 5807 Patrum
1431 5747 1832 5822 interpretatio,

229 5817 406 5876 Jacob
454 5817 672 5892 quando
712 5818 893 5876 dixit:
941 5822 1052 5889 Ego
1089 5836 1208 5876 sum
1250 5825 1397 5878 Esau
1439 5817 1835 5894 priniogenitus

1947 3497 2112 3538 sensu
2149 3495 2314 3554 quam
2358 3485 2509 3551 pater
2542 3477 2665 3554 _ejus
2700 3477 3057 3554 intelligebati
3084 3479 3358 3554 Intellexi;
3398 3481 3545 3540 enim

1945 3568 2005 3625 se
2037 3567 2154 3609 esse
2163 3548 2378 3625 'Esau,'_
2396 3564 2508 3625 non
2540 3548 2611 3625 in
2623 3548 3023 3625 persona,'sedA
3042 3549 3098 3625 in
3118 3554 3258 3625 jure
3270 3550 3545 3625 primoge-

1943 3623 2140 3680 niturae
2167 3621 2268 3679 sibi
2294 3619 2481 3692 debito
2512 3627 2568 3676 et
2598 3619 2836 3692 legitime
2870 3619 3136 3692 acquisito'
3163 3640 3175 3676 :
3215 3619 3360 3679 sicut
3386 3619 3540 3682 Cliri-

1941 3703 2060 3750 stus
2081 3691 2408 3764 Matthaaixr
2426 3697 2479 3747 et
2494 3705 2632 3749 xvn
2655 3691 2794 3764 dixit
2811 3691 3077 3747 Joannem
3099 3693 3403 3764 Baptistam
3427 3710 3546 3756 esse

1953 3764 2146 3832 Eliam,
2175 3778 2290 3819 non
2325 3761 2382 3818 in
2409 3776 2660 3834 persona,
2686 3762 2780 3817 sed
2803 3765 2863 3834 in
2897 3765 3102 3833 spiritu
3125 3761 3422 3824 et'virtute.
3458 3769 3546 3825 Sic

1944 3834 2320 3908 Theodoretus
2345 3832 2595 3908 q.'_80_in
2623 3832 2928 3908 Genesimiz’
2963 3834 3053 3908 4n
3083 3850 3188 3888 non
3217 3842 3314 3897 est,
3343 3837 3540 3908 inquit,

1946 3923 2077 3963 usus
2103 3905 2264 3983 Jacob
2281 3903 2594 3983 _méndqcio,
2613 3919 2728 3959 cum
2752 3903 2900 3960 dixit
2931 3921 2946 3957 :
2973 3907 3086 3983 Ego
3107 3919 3225 3983 sum
3251 3903 3543 3983 1_43_s_au'pri§

1943 3981 2242 4046 mogenitus
2267 3979 2433 4031 tuus?
2455 3978 2673 4048 Minime
2695 3990 2838 4038 vero,
2865 3977 3062 4029 emerat
3090 3977 3234 4030 enim
3262 3977 3352 4032 ille
3373 3977 3542 4048 privi-

1943 4049 2085 4116 legia
2103 4048 2546 4118 primogenitum:
2559 4046 2627 4100 ab
2640 4048 2784 4118 Esau
2791 4067 2814 4112 ,-
2835 4061 2953 4118 vere
2975 4047 3147 4118 igitur
3164 4062 3220 4102 se
3233 4046 3542 4118 appellabat

1937 4113 2374 4188 primogenitum.
2404 4115 2606 4188 Eadem
2627 4115 2838 4188 ratione
2861 4113 2969 4188 div.
2994 4113 3486 4188 Gregorius-Iacob
3509 4136 3541 4177 a

1943 4183 2229 4244 mendacio
2261 4193 2480 4241 excusat
2506 4183 2696 4240 homil.
2735 4189 2769 4239 6
2798 4183 2854 4254 in
2889 4183 3252 4254 Ezechielem,
3296 4196 3350 4243 et
3377 4191 3542 4247 Inno-

1941 4258 2152 4315 centius
2177 4258 2258 4312 lII
2279 4271 2399 4328 cap.
2428 4255 2757 4328 Gaudemus,
2783 4252 2850 4309 de
2882 4254 3143 4310 Divortiis
3175 4252 3311 4328 (Lib.
3341 4274 3409 4317 ιν
3434 4265 3542 4319 De-

1939 4330 2126 4385 cretal.
2150 4331 2236 4384 tit.
2265 4325 2372 4399 19))
2400 4325 2522 4381 Div.
2545 4325 2806 4399 Thomas,
2830 4330 2954 4394 2-2,
2975 4325 3222 4398 quaest!
3239 4332 3324 4399 10,
3342 4339 3445 4386 art.
3472 4338 3536 4390 3:

1940 4401 2120 4464 Jacob,
2156 4397 2350 4470 inquit,
2389 4399 2611 4471 mystice
2639 4396 2788 4471 dixit
2823 4411 2878 4452 se
2901 4396 3008 4471 esse
3032 4399 3178 4471 Esau
3201 4396 3539 4471 priﬂtogeni.

1943 4476 2058 4544 tum
2078 4469 2251 4544 isaac,
2274 4471 2403 4539 quia
2425 4469 2666 4544 videlicet
2690 4469 3054 4544 primegenita
3071 4469 3226 4544 illius
3251 4469 3464 4544 dejure
3490 4477 3540 4532 ei

1941 4543 2270 4598 debebantur
2313 4560 2330 4596 :
2366 4555 2499 4616 usus
2535 4543 2613 4616 esi
2638 4543 2817 4616 autem
2844 4539 2942 4616 hoe
2965 4540 3119 4595 modo
3159 4539 3416 4613 loquendi
3443 4563 3543 4616 per

1939 4615 2199 4684 spiritum
2215 4613 2517 4684 prophetae
2536 4610 2612 4684 ad
2635 4610 3032 4684 designandum
3054 4610 3396 4684 mysterium,
3428 4610 3536 4673 etc.

2011 4694 2033 4757 ε
2073 4680 2438 4757 Εκοιῐεειῐὴὶο
2463 4680 2646 4757 abbas
2664 4680 3028 4757 patriarcham
3055 4682 3248 4752 Jacob,
3273 4680 3422 4757 quod
3449 4685 3543 4757 de-

1941 4753 2140 4826 siderio
2185 4751 2582 4826 consequendw
2632 4750 3048 4826 benedictionis,
3096 4750 3242 4810 cum
3271 4750 3390 4811 eam
3433 4756 3539 4814 alia

1943 4825 2151 4882 ratione
2174 4823 2431 4896 consequi
2469 4838 2578 4879 non
2606 4831 2810 4896 posset,
2849 4823 3001 4896 quasi
3027 4832 3246 4881 coactus
3275 4827 3542 4886 mentitus

1942 4896 2130 4969 fuerit._
2169 4892 2483 4969 Qumeerte
2512 4892 2798 4969 excusatio
2841 4892 3033 4969 debiiis
3076 4903 3160 4952 est
3197 4904 3253 4969 et
3293 4897 3536 4969 inﬁrma,

1941 4967 2056 5041 nisi
2087 4967 2165 5022 sic
2195 4962 2468 5041 intelligas
2505 4962 2677 5041 iacob
2701 4965 3022 5041 _pecessario
3065 4967 3358 5026 mentitum
3396 4962 3537 5041 esse,

1943 5045 2006 5122 ut
2041 5033 2478 5122 benedictionem
2492 5121 2499 5122 γ
2503 5035 2627 5122 jure
2649 5033 2774 5122 _sibi
2811 5035 3054 5122 debitam
3095 5033 3538 5122 consequeretur;

1943 5111 2062 5164 Hac
2102 5106 2249 5164 enim
2274 5106 2533 5178 ratione:
2553 5115 2764 5164 certum
2801 5115 2882 5164 est
2923 5110 3191 5178 excusari,
3239 5106 3295 5164 si
3321 5125 3440 5166 non
3469 5111 3538 5168 ab

1944 5179 2096 5236 omni
2127 5177 2433 5250 mendacio,
2457 5176 2750 5250 saltemiab
2771 5193 2845 5250 eo
2869 5178 3016 5250 quod
3046 5176 3244 5250 dicitur
3275 5181 3542 5250 pernicio-

1945 5267 2092 5320 sum,
2121 5251 2248 5322 quia
2286 5249 2517 5322 justitiae
2542 5256 2594 5304 et
2623 5248 2904 5322 _charitati
2923 5248 3293 5322 contrarium,
3313 5249 3540 5322 ideoque

1945 5318 2312 5402 mortiféruni'.
2329 5323 2528 5402 iNeque
2549 5318 2718 5402 reﬂert
2744 5319 3361 5402 qq0d_gl'il,"e_dm9°9m
3385 5318 3542 5402 nam

1947 5409 2048 5450 suo
2086 5394 2191 5450 hoc
2234 5391 2382 5450 facto
2427 5389 2688 5460 intulerit,
2731 5389 2858 5464 quia
2895 5389 2949 5448 id
2987 5392 3136 5464 juste
3168 5390 3541 5464 ‘fecit,rutens

1941 5465 2066 5546 j‘ure
2099 5480 2222 5546 suo,
2253 5479 2364 5546 quo
2392 5479 2450 5520 se
2497 5465 2634 5545 lisau
2665 5461 3005 5546 spoliaverat
3027 5461 3220 5544 :uude
3251 5463 3462 5546 nullam
3493 5467 3541 5546 ei

1949 5532 2076 5610 fecit
2115 5532 2391 5610 injuriain,
2436 5533 2559 5610 quia
2595 5532 2741 5610 nulla
2782 5532 2975 5604 injuria
2996 5533 3132 5610 _nisi_
3155 5543 3344 5610 contra
3377 5536 3543 5610 justi-

1951 5606 2102 5662 tiam.
2133 5602 2254 5680 Div_.
2295 5602 2596 5680 Gregdrius
2620 5602 2714 5660 ubi
2748 5602 2909 5676 supra
2944 5604 3164 5680 :AJacob,
3196 5602 3398 5680 inquit;
3415 5611 3547 5679 pri-

1946 5679 2215 5750 mogenitii
2231 5677 2661 5750 benedictionem,
2691 5691 2796 5730 non
2827 5691 2929 5746 per
2956 5677 3212 5744 fraudem
3242 5677 3540 5750 surrupuit;

1947 5751 2039 5806 sed
2065 5754 2124 5806 ut
2147 5749 2256 5804 sibi
2282 5749 2520 5805 debitam
2549 5750 2768 5818 accepit,
2799 5763 2986 5819 quam,
3013 5750 3321 5810 concedente
3340 5749 3540 5820 fratre,

1948 5822 2080 5878 data
2111 5821 2268 5878 lentis
2298 5820 2531 5878 mercede
2559 5825 2778 5878 emerat.
