4014 6202
476 280 497 332 l
507 276 611 331 059

1061 394 1297 451 CAPUT
1327 393 1479 448 XIV.

472 500 782 569 Disputatio
799 498 940 553 senis
961 496 1108 569 quod
1127 498 1242 550 sine
1262 496 1421 569 _culpa
1435 495 1658 569 actionis
1670 493 1800 569 ordo
1809 484 2071 561 mutetur,

686 568 971 624 dummodo
1000 568 1123 621 boni
1147 567 1323 623 studii
1346 568 1597 635 capiatur
1620 565 1856 635 effectus.

540 672 744 745 Ioseph
775 692 787 726 :
821 671 974 730 Sicut
1002 669 1215 743 praefati
1248 685 1462 739 sumus,
1492 673 1519 702 ⁸
1547 668 1841 727 destinatio
1870 668 2072 726 mentis

473 767 556 824 vel
594 773 912 824 remunerat
937 764 1222 821 hominem
1265 764 1346 820 vel
1375 762 1727 833 condemnat,
1767 762 2069 829 secundum

472 858 604 917 illud
628 879 640 914 :
672 860 743 915 Et
765 860 910 915 inter
932 874 987 915 se
1007 859 1234 914 invicem
1262 858 1679 928 cogitationibus
1699 857 2070 915 accusantibus

472 960 570 1012 aut
584 958 749 1012 etiam
770 955 1204 1023 defendentibus,
1225 955 1284 1009 in
1308 954 1396 1009 die
1415 969 1526 1025 qua
1532 953 1807 1024 judicabit
1825 956 1965 1008 Deus
1984 969 2072 1008 oc-

470 1047 619 1105 culta
658 1049 932 1104 hominum
970 1046 1139 1117 (Rom.
1174 1046 1264 1116 11).
1307 1045 1453 1102 Illud
1493 1045 1711 1101 etiam:
1753 1048 1864 1114 Ego
1890 1049 2066 1101 autem

470 1160 631 1215 opera
659 1148 709 1201 et
734 1144 1085 1213 cogitationes
1124 1156 1306 1197 eorum
1328 1142 1482 1196 vetito
1517 1145 1580 1196 ut
1613 1155 1921 1209 congregem
1949 1156 2068 1196 cum

471 1233 710 1294 carnibus
721 1238 970 1307 gentibus
993 1240 1045 1290 et
1064 1236 1268 1303 linguis
1291 1233 1463 1304 (Isaae
1484 1233 1667 1304 wa).
1694 1233 2068 1304 Quamobrem

469 1330 732 1388 desiderio
772 1327 1138 1400 perfectionis,
1169 1334 1231 1384 ut
1266 1326 1450 1396 video,
1499 1326 1604 1383 hoc
1637 1340 1737 1383 vos
1761 1326 2071 1398 sponsionis

468 1422 684 1478 vinculo
726 1420 1038 1494 colligastis,
1079 1420 1215 1477 dum
1260 1417 1568 1476 credidistis
1598 1417 1693 1475 illo
1744 1433 1864 1475 eam
1908 1434 2072 1491 posse

470 1514 663 1572 ordine
700 1511 1113 1584 comprehendi,
1159 1527 1268 1584 quo
1296 1527 1463 1579 nunc,
1507 1510 1919 1583 superveniente
1957 1510 2068 1582 ple-

1546 266 1827 324 JOANNIS
1864 266 2167 325 csssmm
2207 246 2698 324 COLLATIONES.

2108 396 2154 459 Α
2185 391 2261 448 hil
2282 391 2440 449 vobis
2468 388 2645 447 oberit
2667 393 2899 444 extortae
2925 382 3153 443 mutatio
3177 382 3783 457 pactionis,dummodo

3644 261 3782 317 l060

2182 485 2494 558 principalis
2533 484 2675 540 illius
2702 480 2965 555 perfectio
2991 477 3389 552 puritatis,.pro
3416 492 3526 550 qua
3563 480 3779 550 sponsio

2182 588 2359 636 vestra
2409 584 2770 650 processerat,
2825 572 3129 632 secundum
3171 569 3394 627 Domini
3437 570 3780 630 voluntatem

2180 673 2456 731 maturius
2494 670 2824 745 acquiratur.
2849 668 2974 725 Non
2999 666 3148 723 enim
3167 680 3232 721 ex
3260 663 3367 721 hac
3395 664 3781 724 immutatione

2177 768 2354 825 ullum
2382 763 2812 840 potestjudicari
2830 760 3201 827 mendacium,
3231 757 3328 814 sed
3345 757 3670 816 inconsultae
3693 759 3782 817 de-

2177 861 2436 918 ﬁnitionis
2460 858 2697 933 prudens
2730 857 3095 928 salutarisque
3120 853 3404 911 correctio.
3432 854 3503 909 Et
3524 860 3589 910 ut
3614 856 3777 911 etiam

2177 955 2246 1013 de
2272 954 2514 1030 physicis
2531 997 2547 1025 ,
2577 953 2728 1026 quod
2754 951 2965 1009 nodum
3002 940 3321 1023 propositio
3338 948 3657 1020 quastionis
3686 949 3778 1007 ab-

2174 1049 2371 1119 solvat,
2399 1046 2605 1119 aliquid
2630 1045 2947 1108 inferamus,
2976 1050 3170 1099 natura
3198 1041 3314 1113 ipsa
3341 1040 3396 1097 in
3420 1041 3583 1098 nobis
3611 1057 3777 1115 opera

2176 1160 2273 1200 sua
2298 1143 2366 1201 de
2394 1140 2623 1199 consilio
2657 1139 2855 1197 divina:
2888 1135 3190 1210 majestatis
3227 1134 3499 1193 immutat.
3540 1138 3681 1193 Nam
3709 1136 3776 1194 ab

2177 1237 2405 1295 infantia
2431 1236 2489 1293 in
2530 1234 2820 1309 pueritiam
2839 1274 2855 1303 ,
2885 1231 2952 1289 de
2977 1229 3208 1304 pueritia
3234 1228 3288 1284 in
3312 1227 3687 1300 juventutem,
3716 1230 3778 1287 de

2170 1331 2462 1405 juventute
2489 1328 2545 1385 in
2572 1325 2869 1385 senectutis
2898 1323 3154 1380 ulteriora
3171 1320 3598 1389 transferimur;
3626 1331 3778 1395 atque

2178 1424 2251 1480 ita
2277 1423 2396 1481 haec
2418 1422 2479 1478 in
2505 1420 2669 1478 nobis
2698 1415 3012 1478 Conditoris
3033 1414 3203 1472 nostri
3237 1414 3645 1471 consummatio
3667 1431 3777 1488 per-

2177 1517 2314 1590 egit,
2364 1522 2426 1572 ut
2465 1531 2532 1571 ex
2574 1513 2681 1570 hac
2724 1511 3127 1587 permutatione
3173 1508 3391 1566 nullum
3436 1509 3775 1567 mendacium

470 1609 624 1666 uiorc
654 1606 882 1681 judicio,
925 1606 991 1664 ad
1036 1606 1431 1663 sublimitatem
1470 1606 1587 1678 ejus
1625 1605 1918 1662 conscendi
1957 1620 2068 1661 non
2179 1610 2491 1669 ascribatur
2551 1607 2720 1665 astuti.
2751 1609 2833 1662 Ita
2871 1605 3038 1662 etiam
3092 1603 3320 1661 interior
3373 1601 3549 1660 homo
3598 1612 3778 1661 noster

469 1716 629 1774 posse
663 1700 954 1774 respicitis.
990 1702 1116 1757 Non
1145 1715 1276 1772 ergo
1306 1698 1627 1772 praejudicat
1654 1697 1918 1772 quidquid
1956 1697 2069 1755 dis-
2179 1704 2488 1762 ablactatus
2511 1718 2540 1758 a
2568 1699 3000 1773 primordiorum
3021 1696 3335 1753 tenerrimis
3350 1696 3774 1766 institutis,cum

472 1810 700 1869 crepans
727 1795 794 1852 ab
823 1794 911 1850 illa
932 1793 1287 1867 dispositione
1320 1794 1496 1850 visum
1530 1792 1690 1849 fuerit
1719 1791 1998 1861 accidisse,
2024 1792 2068 1847 si
2101 1791 2148 1853 B
2183 1815 2281 1873 per
2323 1797 2560 1854 diversas
2606 1801 2895 1868 provectus
2939 1800 3131 1848 aetates
3184 1790 3253 1846 ad
3295 1790 3664 1847 robustiorem
3712 1791 3775 1848 de

469 1889 641 1947 modo
667 1888 815 1948 nulla
843 1887 1156 1961 principalis
1179 1889 1322 1946 illius
1357 1887 1620 1960 propositi
1645 1886 1923 1944 diversitas
1949 1885 2069 1943 sub-
2179 1906 2502 1968 unaquaque
2530 1888 2838 1963 profecerit,
2860 1895 3022 1960 atque
3055 1884 3248 1943 exinde
3274 1886 3343 1941 ad
3367 1885 3614 1942 canitiem
3643 1901 3773 1943 seu-

468 1988 745 2055 sequatur.
788 1982 979 2053 Neque
1024 1979 1169 2036 enim
1218 1978 1419 2051 opiﬁcii
1463 1977 1783 2051 cujusquam
1830 1976 2066 2033 desertio
2178 2001 2339 2043 suum
2359 2000 2423 2041 ac
2439 1986 2619 2039 virum
2635 1982 2935 2053 perfectum
2951 1986 3008 2036 et
3022 1993 3332 2034 mensuram
3348 1981 3519 2033 ωιαείε
3533 1978 3768 2048 plena“-

470 2083 553 2132 est
575 2074 875 2132 demutatio
900 2070 1241 2142 ferramenti,
1270 2080 1365 2129 aut
1387 2070 1670 2144 segnitiem
1694 2070 1869 2142 arguit
1889 2070 2066 2127 viato-
2173 2081 2317 2136 diuis
2358 2079 2561 2135 Christi
2587 2074 2903 2148 perveniens
2947 2073 3163 2144 (Ephes.
3205 2075 3309 2143 ιν),
3356 2071 3673 2144 deposuerit
3713 2087 3773 2129 ea

469 2171 545 2226 ris
592 2170 691 2225 viae
734 2167 1223 2238 compendiosioris
1265 2182 1329 2223 ac
1372 2164 1676 2222 directioris
1723 2165 1940 2221 electio.
1984 2166 2065 2220 Ita
2175 2187 2298 2244 qua;
2345 2177 2499 2227 erant
2541 2167 2767 2241 parvuli,
2810 2166 3080 2239 numquid
3126 2165 3443 2223 varietatem
3486 2164 3773 2223 incurrisse

470 2261 634 2333 igitur
660 2270 715 2315 et
744 2262 801 2316 in
825 2261 925 2315 hac
951 2267 1102 2330 parte
1129 2258 1441 2315 emendatio
1478 2258 1841 2330 dispositionis
1870 2260 2069 2332 impro-

469 2353 611 2410 vides
643 2368 759 2408 non
794 2351 1051 2423 spiritalis
1095 2351 1204 2407 voti
1238 2360 1321 2407 est
1356 2351 1647 2425 iudicanda
1685 2353 2065 2426 transgressio.

470 2445 743 2519 Quidquid
776 2445 923 2502 enim
954 2461 1053 2517 pro
1087 2444 1347 2502 charitate
1380 2445 1481 2501 Dei
1526 2452 1581 2501 et
1621 2444 1838 2517 pietatis
1879 2461 2068 2502 amore

469 2542 768 2617 perﬁcitur,
788 2555 913 2614 quae
934 2543 1341 2613 promissionem
1365 2542 1526 2597 habet
1544 2542 1670 2596 vita
1691 2557 1814 2611 qua:
1831 2556 1972 2596 nunc
1991 2546 2068 2597 cst

473 2641 523 2694 et
547 2638 755 2705 futurae
780 2638 828 2704 (Ι
1011 2636 1120 2706 Iv),
1142 2634 1357 2692 tametsi
1379 2634 1530 2692 duris
1555 2644 1718 2706 atque
1738 2634 1979 2692 adversis
1998 2635 2069 2690 vi-

473 2733 667 2790 deatur
706 2731 986 2805 principiis
1021 2730 1291 2801 inchoari,
1329 2744 1443 2786 non
1482 2728 1662 2786 solum
1701 2728 1848 2785 nulla
1880 2743 2068 2801 repre-

470 2826 749 2898 hensione,
794 2827 891 2885 sed
919 2826 1084 2883 etiam
1120 2825 1279 2883 laude
1317 2824 1707 2898 dignissimum
1743 2830 1847 2880 est.
1876 2825 1948 2879 Et
1985 2822 2068 2879 id-

471 2923 614 2980 circo
647 2922 780 2979 nihil
818 2921 1136 2994 praajudicat
1167 2919 1454 2991 refragatio
1483 2918 1790 2990 sponsionis
1817 2917 2067 2985 incautae,

469 3017 514 3072 si
552 3016 794 3087 quolibet
825 3030 1019 3086 genere
1056 3028 1260 3084 scapus
1297 3019 1538 3079 tantum,
1567 3010 1619 3065 id
1658 3017 1762 3075 est,
1788 3010 2067 3081 proposita

468 3107 681 3177 pietatis
722 3106 1014 3163 destinatio
1055 3113 1323 3160 teneatur.
1354 3102 1554 3160 Omnia
1585 3097 1826 3175 namque
1848 3102 1919 3159 ob
1958 3102 2064 3161 hoc

2175 2264 2460 2335 mendacii,
2501 2271 2557 2322 et
2596 2278 2708 2320 non
2758 2262 2942 2334 potius
2986 2260 3337 2333 perfectionis
3382 2259 3770 2332 plenitudinem

2172 2365 2497 2415 consecutus
2538 2370 2656 2413 esse
2696 2354 3003 2412 credendus
3045 2357 3166 2412 est?
3196 2354 3287 2411 Sic
3332 2352 3646 2410 rudimenta
3684 2369 3769 2410 ve-

2176 2450 2306 2507 teris
2333 2449 2688 2506 Instrumenti
2708 2490 2724 2516 ,
2753 2447 3161 2520 dispensatione
3198 2446 3528 2519 legislatoris
3557 2448 3678 2515 Dei,
3704 2447 3768 2505 ad

2175 2542 2560 2616 perfectionem
2596 2541 2947 2598 beatitudinis
2987 2541 3310 2615 evangelicae
3345 2538 3770 2611 transferuntur,

2178 2651 2279 2692 nec
2313 2644 2494 2697 tamen
2524 2650 2592 2691 ex
2629 2634 2737 2692 hoc
2775 2635 3089 2692 immutatio
3130 2642 3224 2691 aut
3250 2634 3536 2692 diversitas
3576 2643 3771 2707 praete—

2177 2726 2295 2784 ritae
2320 2727 2620 2783 sanctionis
2656 2727 3007 2785 intervenisse
3033 2726 3304 2785 credenda
3341 2737 3446 2795 est,
3468 2726 3564 2785 sed
3593 2726 3771 2785 adim-

2176 2820 2344 2891 pletio
2371 2828 2424 2876 et
2452 2820 2702 2877 cumulus
2730 2820 3110 2878 sublimiorum
3148 2830 3204 2878 et
3232 2822 3538 2878 caelestium
3560 2835 3771 2893 praece-

2176 2921 2436 2986 ptorum;
2472 2929 2570 2969 nec
2598 2929 2767 2971 sacrae
2796 2915 3254 2989 promulgationis
3282 2916 3429 2973 illius
3455 2914 3766 2973 aestimanda

2175 3015 2257 3064 est
2283 3006 2534 3072 abolitio,
2578 3008 2673 3066 sed
2702 3025 2997 3081 ascensus;
3029 3027 3134 3069 nec
3161 3012 3413 3080 varietas,
3442 3011 3544 3070 sed
3587 3010 3767 3085 profe-

2172 3108 2311 3158 ctus.
2338 3100 2506 3160 Unde
2533 3110 2587 3158 et
2631 3104 2904 3162 Dominus
2937 3106 3378 3177 noster,’_Nolite,
3408 3107 3611 3178 inquit,
3642 3108 3767 3162 asti-

466 3199 703 3269 agimus,
728 3205 793 3252 ut
822 3199 932 3251 Deo
955 3212 1051 3251 cor
1075 3195 1349 3251 mundum
1367 3182 1625 3250 exhibere
1649 3194 1953 3265 possimus;
1978 3212 2065 3252 cu-
2092 3183 2136 3248 C
2169 3210 2316 3251 mare
2344 3197 2490 3267 quod
2530 3200 2654 3253 rent
2678 3201 2880 3256 solvere
2918 3200 3085 3270 legem
3114 3206 3213 3257 aut
3248 3205 3573 3273 prophetas;
3601 3204 3627 3236 δ
3665 3217 3761 3256 non

460 3290 551 3363 jus
573 3289 976 3347 consummatio
997 3288 1039 3346 si
1073 3288 1128 3344 in
1149 3287 1236 3345 his
1260 3287 1391 3345 locis
1425 3286 1635 3344 facilior
1653 3286 1950 3360 judicatur,
1971 3288 2061 3344 ni-

2170 3294 2294 3345 rem:
2331 3293 2549 3356 solvere,
2579 3294 2672 3350 sed
2716 3296 3012 3366 adimplere
3041 3297 3259 3365 (Matth.
3290 3300 3391 3366 v);
3432 3296 3486 3353 id
3523 3304 3625 3363 est,
3657 3310 3767 3351 non

1566 3429 1823 3488 ALARDI
1860 3431 2086 3488 ΕΑΖᾸΞΙ
2121 3431 2680 3491 COMMENTARIUS.

534 3574 559 3600 ι
601 3563 906 3618 Destinatio
949 3560 1167 3629 mentis,
1217 3560 1270 3616 id
1313 3569 1415 3626 est,
1456 3560 1705 3627 intentio,
1736 3569 2069 3631 remunerat,

464 3632 520 3688 id
554 3640 658 3704 est,
689 3631 825 3704 facit
851 3631 1145 3704 hominem
1179 3634 1644 3704 Deo_acceptum,
1685 3640 1740 3687 et
1777 3646 1913 3702 opus
1951 3632 2068 3704 ejus
2178 3631 2330 3704 blasp

463 3701 827 3770 meritoriam,
841 3700 1149 3772 juxtaillud
1170 3699 1371 3755 Matth.
1394 3699 1490 3755 vr}
1519 3704 1781 3756 Siccqu
1800 3699 1925 3757 tuus
1948 3699 2065 3769 fue-

465 3777 542 3829 rit
562 3774 814 3844 simplex,
841 3776 1010 3844 totum
1042 3787 1226 3844 corpus
1245 3775 1397 3844 tuum
1417 3772 1657 3827 lucidum
1685 3773 1812 3827 erit.
1841 3774 2063 3829 Oculum

471 3848 633 3913 enim,
660 3842 737 3900 ait
763 3843 1098 3917 Augustinus
1117 3843 1255 3911 (Lib.
1280 3857 1328 3898 ιι
1362 3842 1427 3897 de
1445 3858 1604 3897 scrm.
1625 3847 1779 3898 Dom.
1801 3859 1920 3913 cap.
1945 3844 2059 3971 Ξῖ),

471 3919 696 3971 accipere
718 3918 964 3971 debemus
988 3916 1331 3968 intentionem
1358 3918 1615 3971 nostram.
1644 3929 1765 3971 auos
1778 3917 1829 3968 si
1852 3930 1943 3968 mu
2024 3933 2058 3970 a

463 3919 696 3987 accipere
718 3918 964 3971 debemus
988 3916 1331 3968 intentionem
1358 3918 1615 3979 nostram,
1644 3929 1765 3983 quae
1778 3917 1829 3968 si
1852 3916 2058 3971 munda

455 3990 631 4055 fuerit
670 3992 720 4042 et
760 3991 926 4052 recta,
962 3988 1142 4040 omnia
1179 4000 1337 4054 opera
1371 3988 1557 4039 nostra
1575 4026 1590 4047 ,
1621 4001 1742 4055 qua:
1767 3987 2057 4041 secundum

458 4074 576 4113 eam
604 4072 916 4129 operamur,
945 4057 1079 4111 bona
1107 4061 1267 4120 sunt;
1299 4070 1425 4129 qua:
1442 4055 1669 4129 quidem,
1680 4059 1857 4111 omnia
1884 4061 2053 4112 totum

456 4128 647 4200 corpus
668 4130 981 4200 appellavit,
999 4130 1131 4199 quia
1144 4131 1194 4182 et
1208 4128 1493 4197 Apostolus
1513 4128 1748 4182 membra
1762 4132 1945 4184 nostra
1969 4130 2054 4184 di-

457 4204 529 4256 cit
560 4200 810 4272 quaedam
829 4215 987 4270 opera
1002 4201 1097 4254 ubi
1112 4201 1229 4253 ait:
1259 4200 1825 4269 Mortiﬁcatemembra
1853 4204 2048 4272 vestra,

455 4271 586 4341 qua!
603 4278 732 4328 sunt
773 4286 933 4342 super
974 4276 1200 4332 terram,
1233 4271 1646 4342 fornicationem
1678 4276 1729 4325 et
1753 4271 2051 4325 immundi-

457 4346 610 4409 tiam,
653 4347 753 4398 etc.
797 4341 919 4398 Non
960 4356 1085 4409 ergo
1131 4341 1263 4410 quid
1304 4342 1533 4410 quisque
1572 4343 1771 4409 faciat,
1813 4342 1907 4408 sed
1947 4358 2051 4410 quo

455 4416 634 4465 animo
662 4414 855 4478 faciat,
881 4411 1320 4466 considerandum
1345 4416 1442 4465 est.
1467 4415 1740 4467 Caeterum
1787 4412 2047 4468 admonet

456 4480 963 4552 idequugustinus
977 4481 1033 4534 in
1060 4480 1200 4552 libro
1227 4488 1417 4552 contra
1442 4481 1790 4538 Mendacium
1819 4484 1969 4552 (Cap.
1994 4488 2048 4549 7)

454 4549 574 4607 haec
605 4549 950 4623 intelligenda
1122 4550 1189 4604 de
1217 4550 1472 4623 operibus
1490 4593 1505 4617 ,
1530 4566 1653 4621 qum
1678 4567 1790 4623 non
1826 4549 2047 4623 suntex

453 4636 511 4678 se
554 4620 871 4694 mala,quae
902 4620 1048 4694 nulla
1090 4620 1393 4676 intentione
1435 4629 1529 4677 aut
1548 4620 1774 4694 mentis
1808 4622 2046 4681 destina-

451 4694 597 4752 tione
622 4693 743 4751 ﬁeri
761 4691 1000 4766 possunt
1020 4691 1160 4748 bona
1185 4711 1197 4746 :
1230 4694 1455 4748 Interest
1479 4693 1697 4762 quidem
1718 4693 2041 4764 plurimum,

450 4766 648 4837 inquit,
678 4782 786 4837 qua
815 4780 1001 4833 causa,
1028 4780 1130 4836 quo
1158 4766 1281 4834 ﬁne,
1300 4779 1409 4834 qua
1437 4766 1730 4820 intentione
1746 4766 1882 4835 quid
1913 4768 2037 4835 ﬁat.

2179 3579 2299 3619 vero
2316 3562 2439 3634 jam
2472 3580 2632 3634 opera
2660 3565 2776 3634 ipsa
2796 3568 3013 3635 peccata
3032 3568 3178 3633 stmt,
3197 3567 3335 3620 sicut
3350 3566 3536 3635 furta,
3554 3573 3760 3638 stupra,

2179 3634 2519 3695 blasphemiae
2542 3636 2623 3690 vel
2644 3640 2835 3690 caetera
2861 3635 3018 3695 talia,
3041 3638 3161 3695 auis
3192 3640 3268 3691 est
3290 3639 3392 3695 oui
3414 3638 3566 3693 dicat
3592 3642 3767 3695 causis

2178 3652 2519 3704 omspnemue
2542 3652 2621 3690 vel
2644 3652 2835 3690 caetera
2861 3652 3018 3699 rana,
3041 3652 3161 3706 quis
3192 3652 3268 3691 est
3290 3652 3388 3706 qui
3414 3652 3566 3693 awat
3592 3654 3767 3695 causis

2176 3705 2333 3778 bonis
2350 3706 2731 3778 essefacienda
2743 3726 2764 3773 ,-
2791 3709 2853 3760 ut
2878 3707 2961 3761 vel
2980 3712 3197 3777 peccata
3216 3723 3319 3761 non
3340 3710 3469 3774 sint,
3492 3710 3592 3771 vel,
3616 3711 3769 3778 quod

2172 3779 2249 3830 est
2277 3776 2589 3839 absurdius,
2610 3776 2765 3845 justa
2780 3776 2993 3846 peccata
3020 3780 3165 3833 sint?
3186 3780 3312 3844 Quis
3335 3783 3414 3831 est
3434 3780 3537 3846 qui
3557 3776 3711 3834 dicat
3739 3800 3760 3836 :

2176 3846 2244 3920 Ut
2256 3847 2544 3920 habeamus
2571 3848 2715 3917 quod
2740 3847 2925 3904 demus
2942 3848 3286 3920 pauperibus,
3304 3849 3571 3914 faciamus
3585 3851 3760 3916 furta

2167 3917 2429 3973 divitibus
2453 3937 2470 3985 ;
2490 3923 2588 3973 aut
2615 3921 2917 3975 testimonia
2941 3917 3091 3988 falsa
3116 3920 3418 3981 uerulamus,
3446 3922 3692 3976 maxime
3711 3926 3768 3977 si

2165 4003 2271 4062 non
2310 3989 2438 4044 inde
2490 3991 2786 4062 innocentes
2832 3991 3120 4059 laedantur,
3171 3990 3264 4046 sed
3309 3997 3547 4046 nocentes
3582 3996 3770 4062 potius

2164 4059 2510 4135 damnaturis
2532 4060 2806 4130 judicibus
2834 4067 3132 4135 eruantur?
3154 4066 3261 4119 Deo
3284 4064 3425 4117 enim
3456 4059 3603 4118 bona
3625 4067 3768 4135 ﬁunt

2162 4130 2671 4205 huiusrrenditione
2711 4133 2999 4205 mendacii,
3040 4138 3105 4188 ut
3141 4138 3192 4188 et
3213 4137 3446 4203 pecunia
3490 4130 3762 4205 sumatur,

2161 4203 2304 4276 unde
2317 4204 2486 4276 inops
2502 4203 2689 4258 alatur
2711 4222 2727 4269 ;
2757 4204 2998 4276 etjudea:
3022 4205 3280 4272 fallatur,
3307 4221 3373 4259 ne
3392 4206 3547 4261 homo
3567 4203 3767 4276 punia-

2160 4276 2264 4347 tur.
2284 4274 2417 4328 Haec
2434 4273 2542 4347 div.
2575 4275 2931 4347 Augustinus,
2962 4284 3017 4331 et
3036 4290 3162 4347 quae
3184 4285 3496 4347 sequuntur
3515 4273 3744 4334 in'eam-

2158 4342 2283 4398 dem
2312 4342 2692 4400 sententiam.‘
2752 4382 2755 4385 γ

2226 4416 2253 4492 ξ)
2284 4414 2577 4492 Quomodo
2598 4414 2847 4492 Christus
2875 4414 3025 4473 dicat
3045 4431 3104 4473 se
3119 4432 3229 4473 non
3255 4418 3467 4492 venisse
3490 4427 3551 4492 _ut
3579 4420 3759 4492 legem

2153 4483 2406 4561 solveret,
2460 4483 2571 4561 sed
2609 4485 3143 4561 adimplerethum
3196 4488 3371 4561 reipsa
3417 4483 3662 4561 solverit'
3704 4497 3760 4545 et

2155 4556 2455 4628 abrogarit,
2481 4555 2847 4627 pulcherrime
2869 4555 3101 4628 explicat
3122 4555 3365 4616 Joannes
3408 4560 3759 4616 Maldonatus

2154 4629 2237 4694 (In
2271 4641 2485 4700 _cap._v
2516 4628 2737 4700 Matth.)
2767 4638 2890 4700 post
2929 4628 2986 4687 S.
3034 4630 3310 4687 Thomam
3354 4635 3486 4699 (1-2,
3521 4648 3572 4700 q.
3618 4636 3749 4699 107,

2152 4698 2311 4773 a.__2),
2342 4697 2505 4773 cujus
2512 4697 2643 4773 (haec
2679 4697 2811 4755 sunt
2846 4701 3008 4757 verba
3041 4719 3054 4757 :
3085 4697 3371 4773 Praecepta
3395 4697 3578 4757 veteris
3608 4697 3753 4773 legis

2150 4769 2463 4844 adimplevit
2478 4771 2721 4844 Christus
2731 4775 2782 4827 et
2799 4787 2952 4843 opere
2971 4778 3022 4828 et
3036 4769 3290 4828 doctrina
3306 4791 3326 4828 :
3338 4788 3480 4844 opere
3497 4772 3745 4842 quidem,

448 4836 559 4922 ξοᾷ
580 4855 643 4893 ea
663 4836 783 4922 qua:
811 4842 1141 4922 constetesse
1158 4840 1396 4922 peccata,
1416 4837 1564 4922 pullo
1768 4852 1940 4922 causae
1959 4839 2041 4892 ob-
2067 4859 2118 4922 D
2150 4842 2281 4909 quia
2294 4836 2906 4922 fcircumctdi‘uozgitht
2923 4844 3037 4922 αιςα
3059 4836 3595 4922 ιεςαιίαροδῲτραξεὶ

449 4908 1828 4998 {33'3"}.‘1‘3533??§?_?°T_ﬁ?93-7?3‘1.’9-Pfl‘f‘.99??“
1858 4912 2039 4998 ξηιέηέ
2067 4908 2115 4995 .u
2148 4908 2567 4998 timaram
2587 4914 2679 4998 37’?
2709 4908 3052 4998 obseram
3083 4908 3376 4998 εέομηρίίξτπ
3394 4915 3535 4998 ’πτίίὲ
3556 4908 3747 4998 θίξιθέ

450 4978 590 5030 tione
628 4979 805 5044 faciem

448 5061 635 5103 causas
679 5046 964 5101 habuerint
997 5048 1177 5109 bonas,
1204 5046 1524 5114 seu—12mins,
1557 5066 1694 5107 nunc
1718 5056 1846 5108 sunt
1876 5053 2033 5118 bona,

444 5134 586 5175 nunc
614 5118 782 5186 mala,
813 5133 933 5193 gula
972 5132 1078 5173 non
1100 5122 1226 5193 sunt
1262 5124 1566 5193 periseipsa
1589 5129 1807 5193 peccata
1849 5142 1865 5177 :
1898 5126 2037 5179 sicut

442 5193 642 5249 victum
691 5191 929 5263 prabere
972 5191 1329 5261 pauperibus,
1359 5191 1551 5248 bonum
1579 5191 1710 5263 opus
1750 5199 1849 5256 est,
1889 5197 1939 5248 si
1973 5197 2038 5263 ﬁt

442 5278 605 5321 causa
643 5264 1023 5319 misericordia
1062 5278 1179 5318 cum
1224 5267 1369 5318 recta
1393 5265 1525 5333 ﬁde;
1555 5267 1695 5319 sicut
1731 5266 2035 5321 concubitus

440 5338 740 5407 conjugalis
763 5335 977 5407 quando
1000 5338 1063 5405 fit
1090 5349 1252 5407 causa
1279 5335 1593 5407 generandi,
1628 5337 1682 5388 si
1705 5349 1767 5388 ea
1787 5334 1894 5407 ﬁde
1913 5337 2031 5405 ﬁat,

440 5412 503 5462 ut
529 5405 829 5479 gignantur
843 5406 1202 5479 regenerandi
1223 5406 1389 5472 (Vide
1412 5407 1536 5479 diu.
1554 5405 1819 5479 Bernard.
1845 5407 1938 5462 lib.
1971 5410 2038 5464 de

439 5475 671 5551 praep.
702 5495 820 5551 cap.
854 5475 916 5534 11
944 5483 995 5533 et
1023 5477 1125 5549 t8).
1165 5480 1292 5533 Hcec
1318 5480 1480 5551 atque
1516 5475 1827 5551 huiusmodi
1858 5493 2037 5535 secun-

437 5548 568 5622 dum
599 5548 952 5622 Suae—causas
987 5565 1146 5621 opera
1174 5553 1300 5604 sunt
1328 5549 1465 5604 bona
1494 5550 1577 5604 vel
1596 5550 1759 5613 mala,
1780 5552 1913 5622 quia
1939 5567 2034 5607 ea-

437 5618 556 5673 dem
581 5621 700 5693 ipsa
728 5624 778 5674 si
805 5618 1041 5677 habeant
1065 5623 1237 5677 malas
1259 5636 1470 5691 causas,
1497 5624 1553 5677 in
1572 5618 2034 5693 peccata'uertun-

439 5694 531 5765 tur
548 5707 574 5765 ί
614 5691 762 5765 relut
803 5696 852 5745 si
866 5695 1150 5761 jactantia:
1178 5709 1340 5749 causa
1374 5691 1592 5765 pauper
1626 5696 1905 5763 pascitur;
1935 5697 2034 5747 aut

434 5762 667 5818 lascivire
690 5775 852 5816 causa
875 5778 995 5816 cum
1023 5778 1193 5819 umore
1212 5762 1608 5828 concuinbitur;
1627 5762 1723 5818 aut
1748 5765 1855 5832 ﬁlii
1879 5778 2033 5832 gene-

434 5839 649 5898 rantur,
674 5847 781 5888 non
809 5837 869 5886 ut
901 5834 1031 5894 Deo,
1068 5833 1179 5887 sed.
1197 5837 1257 5886 ut
1292 5832 1503 5888 diabolo
1530 5831 1866 5889 nutriantur.
1889 5831 2031 5892 Cum

904 4983 1048 5050 sunt.
1087 4982 1167 5034 Ea
1195 4982 1393 5049 quippe
1418 4995 1581 5050 opera
1619 4980 1915 5044 hominum,
1944 4996 2038 5037 seu
2082 4989 2087 4995 ”

2147 4996 2213 5037 1v
2239 5001 2255 5036 :
2282 4985 2500 5057 Factum
2517 4985 2616 5039 sub
2642 4985 2774 5057 lege.
2796 4985 2908 5041 Sua
2936 4989 3117 5041 autem
3143 4987 3399 5042 doctrina
3428 4986 3751 5057 adimth

2140 5058 2410 5128 praecepta
2427 5056 2553 5124 legis
2563 5056 2869 5128 tripliciter.
2887 5059 3063 5112 Primo
3079 5058 3318 5128 quidem,
3336 5072 3527 5113 verum
3547 5056 3752 5112 intelle-

2144 5129 2285 5199 clinn
2322 5127 2451 5196 legis
2493 5126 2859 5196 exprimendo,
2904 5130 3045 5183 sicut
3076 5126 3225 5199 patet
3260 5131 3319 5184 in
3367 5128 3653 5185 honu'cidio
3693 5130 3751 5183 et

2144 5195 2435 5263 adulterio,
2467 5199 2523 5251 in
2546 5195 2781 5267 quorum
2794 5195 3158 5269 prohibitione
3172 5200 3376 5257 Scriba;
3405 5206 3460 5255 et
3486 5200 3758 5258 Pharisan’

2143 5282 2249 5322 non
2277 5269 2668 5338 intelligebant,
2696 5270 2808 5324 nisi
2824 5273 3141 5328 exteriorem
3167 5276 3349 5327 actum
3366 5272 3713 5338 prohibitum
3732 5287 3754 5324 .-

2142 5339 2285 5393 unde
2298 5342 2557 5395 Dominus
2573 5340 2735 5409 legem
2745 5342 3079 5412 adimplevit,
3097 5339 3423 5399 ostendendo
3439 5346 3607 5398 etiam
3619 5345 3759 5397 intc-

2143 5412 2311 5486 riores
2344 5414 2495 5486 actus
2529 5416 2862 5486 peccatorum
2886 5413 3073 5470 cadere
3115 5414 3214 5471 sub
3238 5414 3623 5486 prohibitione.
3652 5415 3762 5486 se-

2143 5481 2332 5549 cundo,
2350 5481 2666 5556 adimplevit
2682 5486 2937 5541 Dominus
2951 5490 3225 5556 praecepta
3238 5481 3406 5556 legis,
3431 5484 3759 5540 ordinando

2143 5553 2403 5623 quomodo
2422 5555 2594 5610 tutius
2617 5553 2986 5611 observaretur
2998 5553 3144 5627 quod
3161 5559 3251 5612 lea:
3270 5553 3416 5613 uetus
3427 5558 3709 5627 statuerat
3733 5572 3759 5608 :

2141 5627 2279 5700 sicut
2302 5627 2390 5700 lca;
2408 5629 2557 5681 retas
2569 5630 2833 5683 statuerat
2853 5632 2915 5681 ut
2939 5626 3089 5684 hoino
3113 5645 3218 5685 non
3238 5630 3505 5700 pejeraret
3529 5646 3544 5691 ;
3567 5629 3618 5681 et
3646 5626 3763 5700 hoc

2143 5698 2316 5771 tutius
2334 5698 2644 5754 observatur
2662 5700 2714 5753 si
2728 5701 2941 5755 omnino
2953 5698 3766 5771 ajuramento’abstineatmisi

2144 5768 2199 5822 in
2214 5783 2373 5844 causa
2389 5771 2736 5826 necessitatis.
2749 5773 2956 5844 _1_'ertio,
2970 5768 3285 5844 adimplevit
3304 5772 3568 5828 Dominus
3588 5784 3761 5840 prte-

2142 5843 2289 5909 cepta
2317 5841 2465 5911 legis,
2492 5856 2651 5912 super
2686 5841 3211 5913 addendo'quaadam
3231 5843 3577 5915 perfectionis
3605 5854 3758 5895 con-
