4014 6202
215 285 337 340 1061

1236 274 1577 334 COLLATIO
1616 274 1777 331 XVII.
1818 304 1888 316 —
1927 275 2014 331 DE
2054 274 2492 333 DEFINIENDO.

3387 291 3525 345 1062

211 406 486 493 antiquare
511 403 715 477 priora,
740 401 837 459 sed
859 401 931 459 ad
958 401 1343 474 perfectionem
1370 400 1671 475 perducere
1699 399 1810 456 im—
1839 404 1892 467 A
1920 398 2167 457 deorum
2205 400 2494 458 inﬁdelitas
2532 402 2860 472 obduratur,
2893 405 2974 463 vel
3004 414 3191 464 tumor
3235 410 3515 482 sapientiae

212 499 473 573 perfecta.

816 589 1057 647 CAPUT
1094 588 1222 644 XV.

219 695 596 763 Interrogatio,
616 708 688 747 an
716 692 918 764 absque
940 694 1150 762 peccato
1176 692 1267 758 sit,
1293 690 1436 760 quod
1464 691 1695 764 inﬁrmis
1713 704 1815 745 no-

322 761 443 821 stra
470 766 785 823 conscientia
808 761 1131 819 occaSionem
1158 764 1358 833 ingerit
1380 761 1709 817 mentiendi?

289 871 600 929 Germanus
632 887 646 925 :
680 870 960 939 Quantum
990 874 1203 938 spectat
1238 865 1307 923 ad
1354 866 1466 922 vim
1495 879 1814 923 sermonum

124 1014 132 1024 .
216 963 311 1035 qui
354 960 747 1019 rationabiliter
787 959 1194 1033 prudenterque
1239 960 1433 1035 digesti
1480 969 1628 1027 sunt,
1668 959 1815 1018 haud

216 1054 440 1112 difficile
474 1052 786 1125 sponsionis
815 1060 1016 1110 nostra:
1041 1053 1329 1127 scrupulus
1355 1071 1386 1112 a
1412 1053 1572 1112 nobis
1600 1055 1816 1128 potuis-

214 1153 297 1204 set
343 1144 584 1213 extrudi,
632 1144 736 1201 nisi
782 1143 915 1202 illud
957 1161 1062 1203 nos
1103 1146 1581 1204 vehementissime
1635 1146 1814 1204 deter-

213 1248 378 1307 reret,
409 1239 559 1312 quod
597 1238 997 1297 inﬁrmioribus
1028 1240 1335 1314 quibusque
1376 1240 1662 1297 intromitti
1695 1229 1817 1296 for-

212 1342 351 1391 tasse
400 1349 503 1407 per
544 1332 666 1389 haec
708 1332 925 1390 videtur
951 1334 1205 1406 exempla
1243 1333 1460 1392 occasio
1489 1332 1813 1401 mentiendi,

212 1428 255 1485 si
276 1428 390 1485 ullo
418 1428 590 1486 modo
621 1428 762 1501 pacti
790 1427 957 1485 ﬁdem
981 1427 1198 1486 dissolvi
1230 1442 1389 1501 posse
1423 1427 1818 1500 cognoverint;

210 1521 413 1595 quippe
438 1536 568 1580 cum
594 1521 757 1579 tantis
773 1521 879 1579 hoc
906 1520 1084 1595 ipsum
1110 1529 1293 1578 ettam
1322 1519 1632 1577 minacibus
1650 1520 1820 1576 inter-

209 1615 422 1674 dicatur
464 1615 713 1689 eloquiis,
754 1614 1028 1689 Propheta
1082 1614 1325 1684 dicente,
1355 1623 1381 1651 ⁸
1404 1615 1597 1670 Perdes
1642 1629 1822 1669 omnes

212 1715 313 1782 qui
366 1714 664 1783 loquuntur
707 1712 1044 1768 mendacium
1098 1712 1270 1779 (Psal.
1320 1724 1359 1767 v
1378 1710 1427 1779 );
1469 1717 1540 1778 et,
1576 1711 1644 1767 Os
1680 1710 1824 1779 quod

211 1810 501 1875 mentitur,
530 1806 720 1862 occidit
754 1808 994 1861 animam
1023 1804 1173 1878 (Sap.
1203 1808 1283 1873 1).

810 1912 1058 1968 CAPUT
1092 1912 1246 1967 XVI.

212 2017 538 2085 Responsio,
576 2013 721 2084 quod
748 2027 853 2067 non
891 2016 1113 2083 propter
1152 2015 1492 2085 inﬁrmorum
1514 2013 1826 2070 scandalum

512 2086 911 2153 Scripturan
938 2087 1136 2139 veritas
1164 2087 1235 2139 sit
1259 2084 1541 2138 mutanda.
1572 2145 1580 2151 _

284 2185 503 2256 Joseph
550 2204 564 2242 :
598 2179 626 2218 δ
655 2184 986 2242 Occasiones
1027 2200 1316 2257 causasque
1344 2184 1716 2258 perditionum
1742 2181 1830 2239 his

209 2277 305 2351 qui
330 2278 568 2351 perituri
590 2287 738 2348 sunt,
768 2279 943 2335 immo
973 2279 1065 2350 qui
1093 2279 1268 2351 perire
1291 2277 1622 2347 desiderant,
1646 2278 1832 2335 deesse

209 2387 327 2428 non
358 2379 616 2443 possunt.
643 2375 835 2444 Neque
862 2373 1007 2429 enim
1032 2372 1334 2446 abjicienda
1357 2380 1485 2429 sunt
1518 2371 1831 2428 testimonia

210 2464 660 2537 Scripturarum,
693 2479 759 2520 ac
784 2465 853 2522 de
878 2481 979 2522 suo
1009 2480 1238 2538 corpore
1264 2464 1476 2537 penitus
1495 2461 1827 2528 abradenda,

209 2556 421 2632 quibus
458 2557 544 2613 vel
584 2556 971 2616 haereticorum
1008 2558 1243 2632 pravitas
1268 2559 1580 2629 animatur,
1606 2557 1690 2614 vel
1726 2559 1828 2613 Ju—

1925 494 2143 567 gentilis
2183 495 2512 568 offenditur;
2552 498 2648 554 sed
2685 499 2873 573 utique
2915 507 2972 557 et
3005 503 3109 573 pie
3143 502 3441 575 credenda,
3470 513 3525 563 et

1900 587 2287 645 'immobiliter
2333 596 2463 645 sunt
2499 590 2732 648 tenenda
2760 635 2775 658 ,
2815 601 2870 649 et
2925 593 3229 652 secundum
3281 598 3522 656 veritatis

1923 681 2168 755 regulam
2193 681 2555 755 praedicanda.
2581 687 2653 740 Et
2677 684 2880 744 idcirco
2898 702 3015 745 non
3043 688 3305 747 debemus
3330 692 3522 752 alienae

1928 774 2267 833 inﬁdelitatis
2290 776 2517 833 obtentu
2546 780 2904 850 oeconomiae,
2934 780 2988 837 id
3017 791 3129 851 est,
3152 783 3522 855 dispensatio-

1925 883 2023 924 nes
2064 869 2452 942 prophetarum
2494 879 2659 945 atque
2694 882 3031 944 sanctorum,
3061 890 3197 949 quas
3233 878 3513 951 Scriptura

1927 972 2348 1031 commemorat,
2378 963 2648 1033 abdicare,
2692 980 2761 1023 ne
2798 966 2932 1024 dum
2972 968 3271 1026 inﬁrmitati
3320 986 3515 1029 eorum

1924 1055 2360 1113 condescendere
2408 1056 2611 1115 debere
2666 1073 2769 1115 nos
2825 1059 3129 1129 credimus,
3177 1077 3291 1120 non
3335 1065 3518 1121 solum

1925 1147 2216 1218 mendacii,
2245 1165 2434 1208 verum
2464 1152 2631 1209 etiam
2654 1153 2915 1226 sacrilegii
2934 1156 3160 1213 crimine
3174 1159 3513 1229 polluamur;

1927 1240 2046 1308 sed,
2071 1242 2538 1313 quemadmodum
2567 1242 2828 1314 diximus,
2860 1254 3077 1317 oportet
3099 1263 3203 1305 nos
3244 1265 3326 1316 ea,
3358 1259 3412 1305 et
3435 1265 3523 1307 se-

1930 1334 2173 1392 cundum
2216 1335 2503 1393 historiam
2541 1336 2811 1406 conﬁteri,
2853 1346 2909 1394 et
2944 1340 3406 1411 quemadmodum
3438 1344 3524 1415 pie

1928 1437 2073 1503 gesta
2113 1438 2243 1485 sunt
2281 1429 2587 1501 explanare.
2627 1431 2906 1488 Caeterum
2946 1431 3029 1487 his
3068 1432 3160 1504 qui
3206 1435 3355 1506 pravi
3399 1452 3526 1508 pro-

1930 1522 2093 1595 positi
2135 1529 2282 1590 sunt,
2326 1538 2441 1579 non
2483 1522 2561 1579 ex'
2592 1522 2697 1579 hoc
2737 1522 3030 1580 mentiendi
3058 1524 3239 1583 aditus
3266 1528 3524 1587 obstrue-

1930 1624 2041 1685 tur,
2065 1616 2108 1672 si
2144 1631 2333 1673 earum
2371 1631 2555 1673 rerum
2598 1630 2736 1689 quas
2773 1617 2854 1674 vel
2886 1617 3145 1690 prolaturi
3189 1634 3400 1687 sumus,
3443 1624 3531 1679 vel

1932 1708 2280 1779 protulimus,
2327 1710 2637 1778 veritatem,
2694 1718 2787 1766 aut
2837 1711 3053 1784 penitus
3101 1712 3388 1786 abnegare,
3437 1724 3530 1773 aut

1855 1829 1904 1891 Β
1939 1807 2231 1858 extenuare
2267 1798 2577 1875 allegoricis
2620 1801 3160 1876 interpretationibus
3200 1806 3526 1865 laboremus.

1936 1895 2078 1967 Quid
2104 1897 2250 1954 enim
2270 1897 2378 1981 illis
2405 1896 2605 1955 horum
2630 1900 3074 1957 testimoniorum
3102 1900 3320 1958 nocebit
3342 1910 3535 1960 aucto-

1934 1989 2090 2057 ritas,
2108 1988 2307 2061 quibus
2330 1990 2499 2049 etiam
2527 1990 2643 2049 sola
2667 1994 2946 2065 corruptio
2972 1993 3270 2051 voluntatis
3297 1994 3532 2053 sufﬁcit?

2505 2134 2746 2192 CAPUT
2783 2136 2965 2191 XVII.

1939 2256 2091 2322 Quod
2120 2256 2426 2312 renialiter
2466 2258 2740 2342 mendacio
2776 2260 2964 2385 ,δέξηστί
2999 2263 3275 2330 tamquam
3311 2260 3535 2317 elleboro

2611 2346 2695 2385 use
2733 2346 2818 2385 sin
2850 2371 2862 2384 .

2611 2346 2695 2385 πει
2733 2346 2862 2385 smt.

2010 2464 2199 2534 Itaque
2240 2461 2423 2518 taliter
2449 2462 2520 2519 de
2548 2463 2831 2519 mendacio
2874 2462 3217 2520 sentiendum
3234 2506 3249 2532 ,
3275 2472 3441 2536 atque
3466 2463 3539 2520 ita

1940 2570 2005 2612 eo
2035 2564 2055 2591 °
2095 2553 2367 2611 utendum
2415 2563 2518 2625 est,
2550 2557 2703 2628 quasi
2758 2564 2953 2613 natura
2995 2557 3044 2613 ei
3092 2557 3216 2614 insit
3264 2557 3525 2625 ellebori;

1325 2683 1580 2739 ALARDI
1621 2683 1846 2739 ΘΑΖᾸΞΙ
1885 2678 2447 2737 COMMENTARIUS;

208 2795 364 2855 sitia,
393 2796 461 2847 ut
484 2795 646 2862 patet
676 2791 876 2847 Matth.
908 2806 1033 2857 χιχ,
1068 2793 1169 2847 ubi
1210 2792 1414 2847 dicenti
1443 2806 1498 2847 se
1536 2792 1840 2847 observasse

200 2868 493 2935 prcecepta
518 2865 710 2917 veteris
740 2863 893 2935 legis,
924 2863 1059 2935 dicit
1091 2880 1106 2915 :
1142 2866 1317 2917 Unum
1349 2864 1451 2917 tibi
1466 2863 1622 2935 deest
1649 2880 1665 2915 :
1692 2866 1743 2916 si
1758 2864 1840 2916 vis

207 2933 495 3006 perfectus
536 2948 664 3006 esse,
688 2933 829 3006 uade
843 2938 894 2988 et
918 2933 1083 3006 vende
1106 2937 1285 2988 omnia
1310 2950 1432 3004 qua:
1458 2934 1638 2995 habes,
1664 2937 1763 2988 etc.

284 3015 311 3040 α
342 3007 455 3061 Ha:
492 3011 548 3059 et
576 3002 785 3058 similes
807 3004 1111 3069 sententiae,
1141 3002 1447 3059 secundum
1478 3018 1838 3060 communem

208 3074 757 3148 interpretationem,
784 3088 898 3127 non
927 3072 995 3148 de
1037 3088 1383 3148 quocumque
1403 3073 1717 3148 mendacio,
1744 3073 1839 3130 sed

211 3147 284 3204 de
309 3142 651 3219 pernicioso
663 3142 949 3219 dumtaxat
967 3142 1347 3219 intelliguntur
1362 3144 1534 3219 (Vide
1546 3146 1836 3219 infra‘cap.

1948 2789 2206 2852 hamum;
2233 2794 2285 2843 et
2313 2803 2433 2843 eum
2457 2789 2654 2858 piscem
2681 2792 2779 2859 qui
2813 2792 3024 2860 primus
3051 2791 3353 2847 ascenderit
3395 2793 3538 2857 tolle,

1948 2862 2000 2913 et
2023 2862 2212 2928 aperto
2235 2874 2323 2913 ore
2350 2860 2484 2928 ejus,
2502 2861 2736 2915 invenies
2754 2865 3027 2925 state-rem,
3055 2863 3209 2916 illum
3235 2878 3445 2918 sumens
3469 2862 3543 2918 da

1946 2931 2021 3003 eis
2032 2943 2231 3003 prome
2249 2934 2300 2984 et
2318 2934 2367 2984 te
2388 2929 2608 3003 (Matth.
2632 2932 2807 3002 XVII).
2830 2934 2936 3000 Qui
2949 2948 3164 2989 rursum
3182 2949 3301 2988 cum
3317 2935 3540 3003 diceret,

1949 3001 2086 3068 Quia
2115 3014 2266 3054 omne
2305 3002 2449 3075 quod
2482 3003 2537 3055 in
2580 3017 2635 3075 os_
2654 3074 2657 3075 ν
2678 3001 2849 3058 intrat
2886 3019 2993 3058 non
3021 3005 3337 3075 coinquinat
3369 3001 3544 3061 hami?

1947 3087 2084 3145 nem,
2111 3075 2246 3145 tunc
2264 3072 2562 3145 accedentes
2599 3073 2854 3143 discipuli
2873 3075 3130 3130 dixerunt
3148 3072 3202 3129 ei
3224 3093 3239 3128 :
3271 3077 3386 3131 Scis
3412 3079 3545 3145 quia

1948 3143 2214 3196 Pharisaei
2250 3143 2440 3197 audito
2475 3143 2567 3197 hoc
2588 3144 2743 3199 verbo
2780 3146 3137 3200 scandalizati
3158 3148 3326 3201 sunt?
3352 3143 3440 3201 At“
3455 3147 3547 3202 ille

214 3212 351 3285 18)":
394 3214 733 3295 praesertim_
751 3213 819 3270 de
844 3228 909 3295 eo
949 3212 1096 3294 quod
1124 3212 1310 3295 pietati
1341 3215 1422 3269 vel
1459 3213 1715 3295 religioni
1758 3212 1840 3269 fe-
1870 3216 1915 3278 C
1955 3212 2273 3295 respondens
2296 3216 2377 3267 ait
2401 3232 2417 3295 ξ
2442 3214 2627 3295 Omnis
2650 3215 2926 3295 planta-[io
2949 3232 3111 3295 quam
3138 3218 3546 3295 nonplantavit

209 3282 468 3361 pugnat;
499 3282 1139 3361 (quemadmodnm'enim
1164 3283 1360 3361 yeritas
1395 3282 1667 3356 principue
1694 3284 1841 3361 inve-

209 3353 372 3415 ἰιίιῖιι·
420 3359 482 3411 in
516 3353 774 3425 doctrina
821 3353 1124 3425 religionis,
1144 3354 1233 3425 ita
1267 3369 1363 3425 per
1393 3353 1843 3425 antonomasiam

210 3429 269 3486 id
312 3435 557 3497 vocatur
598 3423 970 3497 mendacium,
1013 3424 1160 3495 quod
1216 3423 1428 3480 veritati
1469 3423 1752 3497 religionis
1789 3433 1845 3480 et

208 3498 399 3555 verbo
437 3495 544 3551 Dei
572 3493 956 3550 contrariatur.

293 3571 322 3604 ι)
356 3567 494 3639 Hoc
530 3572 693 3636 caput
720 3580 846 3639 cum
890 3565 1063 3622 tribus
1096 3566 1469 3639 sequentibus,
1496 3565 1845 3638 praetermisit

210 3636 535 3709 Dionysius
555 3635 933 3709 paraphrastes
957 3641 976 3703 (
987 3651 1156 3709 quem
1169 3635 1234 3693 et
1262 3635 1606 3694 Lavardinus
1625 3647 1843 3694 secutus

208 3714 352 3775 est),
375 3706 454 3764 'et
490 3706 601 3780 pro
622 3706 877 3780 doctrina
905 3706 1069 3780 hujus
1088 3723 1232 3779 cap.,
1260 3722 1389 3780 quin
1432 3709 1712 3765 videbatur
1739 3709 1841 3767 ali-

209 3781 351 3864 quid
381 3776 771 3864 ambiguitatis
791 3776 1111 3864 continere,
1133 3776 1195 3864 et
1209 3776 1620 3864 adisequentem
1646 3781 1839 3864 dispu-

208 3846 504 3924 tationem
533 3846 590 3924 ξι
623 3846 996 3924 defensionem
1023 3846 1302 3924 mendacii
1350 3846 1561 3924 aditum
1587 3846 1836 3924 aperire,

206 3923 392 4002 haud
411 3918 717 4002 clariorem
750 3918 1076 4002 subjecitin
1102 3933 1335 3990 persona
1358 3921 1608 4002 _Josephi_
1629 3918 1838 4002 abbatis

208 3994 290 4067 ad
335 3990 725 4067 objectionem
767 3988 871 4067 sibi
908 3988 1123 4045 factam“
1142 3988 1548 4067 respondentis,
1576 3991 1840 4067 decerptis

205 4060 589 4122 solummodo
611 4060 934 4134 quibusdam
957 4060 1266 4134 sententiis,
1299 4075 1365 4117 ex
1393 4077 1512 4133 cap.
1536 4060 1788 4134 Sequenti
1822 4081 1837 4117 :

208 4140 323 4196 Nos
374 4139 497 4192 ista
532 4132 898 4204 prterita-imus
935 4132 1002 4187 de
1030 4135 1325 4187 mutatione
1353 4132 1725 4203 promissionis
1757 4137 1841 4189 in-

210 4213 422 4272 cautae,
457 4221 572 4261 non
597 4208 659 4259 ut
691 4205 875 4258 demus
898 4207 996 4258 aut
1022 4218 1314 4259 reseremus
1341 4207 1489 4259 viam
1516 4219 1609 4259 seu
1629 4205 1841 4260 aditum

200 4279 530 4353 prohibitis
554 4277 841 4353 noxiisque
860 4274 1190 4353 mendaciis;
1216 4277 1405 4353 utilius
1414 4351 1419 4353 Α
1421 4275 1452 4353 j
1457 4275 1755 4353 udicantes,
1767 4281 1843 4353 Aut

207 4347 263 4407 si
270 4354 433 4420 forte
447 4349 776 4419 pravenerit
791 4361 884 4420 nos
896 4347 1196 4420 inconsulta
1218 4350 1503 4420 sententia,
1523 4351 1846 4417 temperetur

207 4418 648 4495 superveniente
685 4418 1040 4495 moderatione
1070 4418 1416 4495 salubrior-is
1468 4419 1713 4495 consilii;
1756 4434 1849 4474 nec

208 4489 444 4566 oportet
464 4504 567 4566 nos
592 4489 808 4566 rigidos
821 4489 1301 4566 irrepocabilesque
1315 4505 1530 4566 manere
1548 4492 1607 4545 in
1627 4490 1715 4566 his
1726 4505 1847 4561 qua:

207 4562 383 4622 semel
413 4562 738 4627 statuimus,
757 4562 808 4614 si
830 4563 1055 4615 matura
1083 4576 1144 4615 ac
1153 4562 1393 4630 prudens
1420 4562 1667 4617 discretio
1693 4564 1845 4618 inve-

208 4638 370 4693 nerit
384 4638 589 4702 postea
610 4633 803 4686 rectius
825 4631 1234 4699 aliquid.AIiud
1250 4648 1484 4702 namque
1502 4636 1582 4688 est
1603 4635 1840 4696 mentiri,

209 4702 403 4764 aliud
418 4706 645 4774 statuta
678 4717 772 4758 seu
795 4704 1062 4774 promissa
1082 4706 1318 4774 mature,
1340 4702 1449 4757 etc:
1478 4703 1692 4759 Deinde
1714 4719 1843 4774 pro-

194 4777 495 4849 sequitur
520 4773 746 4849 Dionys.
776 4787 839 4827 ea
864 4787 986 4844 qua
1011 4772 1280 4849 habentur
1306 4787 1423 4845 cap.
1446 4776 1542 4849 _l9.
1575 4772 1846 4849 Caeterum

203 4842 502 4905 doctrina
534 4842 951 4914 hujus_cap.,‘ut
976 4843 1045 4898 ab
1074 4848 1317 4899 Auctore
1344 4842 1553 4914 prolata
1578 4851 1681 4911 est,
1710 4844 1846 4899 nihil

206 4918 495 4986 alienum
530 4925 562 4964 a
603 4911 825 4986 veritate
859 4914 1123 4986 continet,
1150 4922 1208 4969 et
1253 4911 1379 4970 vere
1419 4913 1581 4986 docet
1628 4914 1847 4986 quando

206 4984 575 5047 scandalum
604 4980 676 5036 sit
703 4981 984 5038 vitandum
1014 4992 1108 5040 aut
1129 4983 1611 5040 contemnendum.
1644 4980 1749 5041 Cui
1779 4985 1851 5041 si-

208 5058 375 5118 milis
406 5058 580 5127 locus
609 5060 691 5127 est
713 5051 857 5124 apud
881 5054 936 5127 S_.
969 5053 1300 5127 Gregorium
1324 5054 1546 5127 homilia
1571 5061 1601 5110 7
1629 5055 1683 5110 in
1713 5057 1850 5113 Eze-

212 5131 482 5189 chielem
540 5124 596 5180 in
636 5122 763 5182 hinc
808 5122 968 5179 verba
1001 5141 1015 5178 :
1055 5122 1119 5180 In
1156 5132 1334 5182 nostro
1391 5126 1522 5182 bono
1557 5141 1712 5189 opere
1742 5128 1851 5182 ali-

216 5202 469 5277 quando
502 5197 799 5277 cauendum
828 5199 906 5277 est
927 5196 1240 5277 scandalum
1269 5199 1542 5277 proripit,
1558 5196 1852 5277 aliquando

211 5267 348 5332 rem
383 5288 499 5345 pro
535 5270 713 5345 nihilo
760 5267 1219 5345 contemnendum.
1261 5269 1411 5345 Quod
1421 5270 1634 5345 inipso
1676 5273 1855 5345 nostro

214 5339 482 5405 Auctore
509 5340 818 5403 didicimus,
847 5340 947 5411 qui
966 5339 1102 5395 dum
1124 5339 1387 5395 tributum
1415 5343 1566 5396 Petro
1593 5342 1855 5411 inquisito

208 5420 546 5492 peteretur,
556 5414 712 5492 prius
718 5412 1051 5492 paradigma
1057 5413 1362 5492 proposuit,
1378 5426 1475 5482 per
1489 5412 1634 5492 quod
1647 5428 1702 5467 se
1716 5412 1857 5492 nihil

218 5482 432 5547 debere
468 5484 775 5554 respondit,
800 5482 979 5540 didens
1008 5502 1023 5538 :
1050 5482 1212 5553 Reges
1242 5486 1402 5540 terrae
1431 5482 1681 5554 aquibus
1711 5485 1855 5539 acci-

210 5564 394 5634 piunt
425 5555 818 5634 tributum,_cel
830 5570 1062 5634 censum,
1083 5572 1120 5634 ιι
1139 5558 1272 5634 ﬁliis
1288 5558 1419 5618 suis,
1446 5572 1517 5610 an
1537 5557 1608 5634 ab
1623 5557 1854 5634 alienis?

219 5626 333 5693 Cui
368 5644 509 5688 cum
542 5627 826 5690 diceretur,
856 5627 924 5682 ab
952 5626 1163 5691 alienis,
1188 5630 1326 5683 illico
1359 5626 1632 5698 respondit
1658 5646 1674 5681 :
1706 5630 1854 5696 Ergo

218 5706 400 5761 liberi
415 5703 561 5759 sunt
572 5700 678 5768 filii
688 5702 716 5753 ?
731 5698 835 5756 Sed
850 5702 1137 5769 postquam
1158 5700 1383 5756 liberum
1392 5715 1445 5754 se
1464 5712 1572 5755 esse
1590 5703 1853 5755 monstra-

215 5779 327 5841 vit,
359 5790 436 5829 ne
461 5773 705 5839 fortasse
723 5770 1039 5825 scandalum
1054 5772 1304 5841 cuiquam
1313 5774 1535 5841 faceret,
1551 5770 1735 5827 subdit
1754 5789 1769 5825 :
1788 5770 1855 5825 Ut

217 5852 424 5905 autem
458 5855 579 5898 non
603 5842 1024 5898 scandalizemus
1046 5855 1152 5911 eos,
1182 5844 1315 5899 vade
1335 5844 1408 5897 ad
1438 5858 1604 5906 mare,
1633 5846 1681 5898 et
1705 5843 1856 5897 mitte

1954 3284 2117 3339 Pater
2142 3297 2289 3337 meus
2325 3284 2548 3338 caelestis
2585 3284 2977 3341 eradicabitur:
3026 3289 3201 3343 Sinite
3226 3284 3345 3343 illos
3375 3307 3392 3341 :
3422 3291 3547 3344 cceci

1951 3358 2097 3425 sunt,
2129 3357 2181 3405 et
2218 3353 2376 3406 duces
2424 3368 2679 3408 caecorum
2706 3357 2926 3419 (Matth.
2957 3360 3076 3421 xv).
3111 3360 3263 3411 Ecce'
3282 3361 3548 3425 magistra

1958 3424 2178 3479 Veritas
2204 3435 2275 3497 ne
2294 3425 2352 3476 in
2376 3425 2735 3497 quorumdam
2753 3425 3007 3497 cordibus,
3023 3425 3339 3481 scandalum
3360 3424 3549 3497 gigne-

1950 3499 2118 3556 retur,
2132 3492 2275 3569 quod
2288 3508 2395 3569 non
2409 3494 2619 3569 debuit,
2634 3495 2894 3569 tributum
2904 3496 3072 3552 dedit.
3095 3497 3167 3569 Et
3187 3492 3406 3553 rursum
3416 3492 3550 3569 quia

1952 3563 2207 3635 generari
2215 3563 2532 3619 scandalum
2550 3568 2607 3621 in
2626 3567 2982 3636 quorumdam
3000 3568 3244 3623 cordibus
3259 3563 3445 3625 contrd
3456 3586 3552 3625 ve-

1952 3639 2170 3692 ritatem
2188 3636 2362 3711 vidit,
2375 3637 2435 3711 in
2462 3652 2555 3692 suo
2580 3652 2664 3711 eos
2700 3638 2954 3711 seandalo
2978 3654 3251 3695 remanere
3270 3640 3544 3711 permisit.

1948 3710 2037 3765 Ea:
2065 3723 2175 3779 qua
2193 3722 2253 3761 re
2269 3708 2421 3763 nobis
2449 3709 2888 3765 considerandum
2904 3713 3003 3774 est,
3031 3713 3185 3780 quia,
3202 3708 3544 3781 inquantum

1947 3781 2063 3835 sine
2090 3782 2304 3850 peccato
2316 3793 2621 3850 possumus,
2642 3783 2815 3836 vitare
2829 3784 3204 3851 promimon
3232 3784 3548 3838 scandalum

1947 3851 2215 3906 debemus.
2232 3852 2295 3906 Si
2313 3855 2493 3905 autem
2509 3851 2581 3905 de
2596 3853 2822 3906 veritate
2834 3852 3153 3906 scandalum
3163 3853 3419 3913 sumitur,
3440 3855 3548 3907 uti-

1948 3923 2055 3977 lius
2079 3923 2416 3993 permittitur
2444 3922 2596 3977 nasci
2611 3922 2948 3985 scandalum,
2972 3938 3149 3993 quam
3170 3923 3368 3976 ueritas
3388 3921 3551 3993 relin-

1946 3998 2171 4065 quatur.
2212 3992 2349 4065 Haec
2393 3992 2709 4065 Gregorius,
2753 4008 2876 4064 qua!
2915 3995 3096 4050 videre
3141 3992 3273 4048 licet
3333 3992 3547 4065 plenius

1948 4061 2210 4134 explicata
2248 4077 2278 4116 a
2305 4063 2382 4134 S.
2408 4061 2621 4134 Thdma
2663 4061 2796 4128 (2-21
2829 4080 2883 4134 q.
2919 4069 3013 4130 43,
3044 4069 3153 4119 art.
3186 4065 3260 4132 7).

2020 4130 2041 4168 ε
2072 4136 2288 4187 Ponam
2331 4130 2419 4186 hic
2446 4131 2691 4189 primum
2720 4130 2881 4188 verba
2910 4134 3052 4187 Petri
3078 4130 3277 4189 δίδωτι
3309 4132 3377 4188 ad
3401 4132 3547 4188 hunc

1947 4199 2150 4267 locum,
2179 4216 2251 4256 ne
2272 4201 2407 4275 quid
2443 4199 2628 4275 lectori
2642 4202 2891 4275 excidat.
2930 4202 3153 4275 Eadem,
3179 4202 3374 4275 inquit,
3414 4218 3551 4275 pene

1949 4288 2088 4329 usus
2115 4280 2198 4329 est
2232 4270 2603 4344 Asiinilitudine
2640 4273 2795 4329 Plato
2836 4273 2891 4329 in
2917 4288 2993 4329 ιιι
3023 4272 3092 4328 de
3134 4270 3463 4344 Republica,
3493 4282 3552 4330 et

1952 4345 2204 4402 Clemens
2232 4341 2332 4402 lib.
2357 4357 2425 4416 γι
2444 4343 2805 4416 Stromatum.
2835 4346 3110 4401 Caeterum
3137 4341 3386 4416 quamvis
3410 4360 3553 4416 non-

1952 4416 2087 4471 nulli
2117 4431 2198 4488 Aex
2229 4413 2400 4488 sacris
2442 4414 2773 4488 Doctoribus
2809 4416 3066 4488 existant,
3096 4413 3188 4488 qui
3211 4416 3431 4472 mentiri
3458 4415 3553 4471 ali-

1954 4485 2316 4559 quandoviro
2344 4484 2652 4559 Christiano
2682 4486 3021 4559 permittant,
3053 4484 3232 4559 potior
3259 4495 3340 4559 est
3363 4495 3552 4545 tamen

1963 4502 2172 4559 quando
2199 4502 2316 4541 viro
2344 4502 2652 4542 unrrsnano
2682 4502 3021 4559 permittant,
3123 4502 3232 4543 nor
3259 4502 3340 4543 est
3363 4502 3551 4545 tamen

1963 4556 2254 4631 Augustini
2292 4556 2348 4611 in
2387 4556 2600 4631 lib._de_
2625 4557 2906 4614 Mendacio
2931 4558 2999 4615 ad
3041 4502 3402 4631 signantium
3428 4574 3551 4631 cap.

1961 4633 2027 4702 5,,
2052 4627 2106 4687 Et
2136 4636 2326 4686 contra
2355 4627 2706 4702 mendacium
2734 4645 2855 4702 cap.
2884 4635 2936 4702 2.,
2968 4637 3023 4684 et
3040 4629 3253 4700 epistol.
3283 4635 3316 4684 8
3339 4628 3407 4684 ad
3436 4627 3547 4683 div.

2015 4701 2382 4775 ieronymum,
2402 4709 2458 4756 et
2488 4700 2597 4756 div.
2636 4700 2867 4757 Thomas
2892 4700 2945 4755 in
2971 4703 3077 4775 3-2,
3108 4715 3162 4770 q.
3211 4704 3465 4775 llo,_art.
3495 4703 3550 4763 3,

1957 4771 2088 4827 etin
2120 4768 2184 4837 3,
2219 4772 2345 4827 dist.
2389 4776 2481 4833 38,
2530 4779 2634 4826 art.
2668 4777 2721 4834 3,
2765 4770 3053 4835 sententia,
3084 4768 3253 4839 quam
3281 4768 3445 4824 etiam
3479 4782 3556 4823 se-

1994 4843 2139 4898 uitur
2164 4841 2276 4897 div.
2297 4840 2611 4896 Antoninus
2629 4840 2769 4895 intra
2798 4840 2906 4911 hoc
2930 4839 3125 4895 eodem
3140 4842 3190 4908 ς,
3217 4845 3273 4895 et
3288 4839 3342 4911 in
3370 4853 3418 4895 ιι
3432 4853 3551 4911 par.

1996 4927 2113 4968 um.
2140 4912 2223 4965 tit.
2258 4916 2321 4964 to
2340 4926 2458 4980 cap.
2499 4917 2546 4975 ι,
2580 4916 2672 4975 91,
2704 4909 2968 4965 nimirum
2993 4924 3157 4965 omne
3182 4909 3551 4978 mendacium,

1960 4982 2072 5039 sive
2121 4980 2252 5036 illud
2300 4978 2609 5054 ofﬁciosum
2646 4980 2762 5054 sit,
2793 4980 2906 5054 sive
2942 4980 3247 5054 jocosum,
3269 4995 3390 5054 esse
3428 4995 3553 5054 pec-

1959 5062 2166 5110 catum.
2212 5054 2325 5123 Pro
2354 5049 2552 5123 quibus
2588 5050 2753 5107 etiam
2794 5049 3319 5123 facit'lnnocentius
3348 5049 3446 5123 Ill,
3492 5052 3553 5123 in

1964 5123 2230 5181 Decretal.
2278 5121 2386 5178 libi
2408 5138 2442 5176 v
2477 5121 2565 5177 tit.
2612 5128 2674 5179 l9
2699 5124 2766 5179 de
2809 5123 2985 5180 usuris
3013 5140 3063 5180 c.
3098 5130 3154 5190 4,
3202 5122 3296 5177 ubi
3329 5122 3465 5178 dicit
3492 5121 3553 5176 in

1962 5196 2242 5269 Scriptura
2270 5208 2423 5269 sacra
2453 5192 2731 5264 prohiberi
2779 5210 2849 5250 ne
2878 5195 3001 5269 quis
3039 5209 3137 5266 pro
3181 5191 3405 5248 alterius
3445 5191 3554 5269 vita

1963 5261 2280 5325 mentiatur.
2322 5261 2470 5321 Vide
2502 5273 2699 5336 praeter
2742 5261 3056 5322 nominatos
3099 5272 3348 5336 auctores
3392 5261 3554 5336 etiam

1965 5339 2311 5412 Alphonsum
2333 5333 2591 5412 aCastro
2625 5335 2694 5392 de
2724 5335 3159 5412 Haeresibus,_in
3203 5333 3367 5412 verbo
3420 5333 3557 5390 Men-

1965 5406 2201 5478 dacium,
2230 5417 2284 5465 et
2320 5409 2528 5465 Sixtum
2557 5408 2779 5464 Senens.
2814 5407 2904 5462 lib.
2938 5424 2973 5462 v
3016 5406 3272 5478 Biblioth.
3306 5412 3551 5461 annotat.

1969 5488 2094 5539 107.
2135 5477 2270 5536 Haec
2316 5483 2507 5536 Petrus
2555 5478 2955 5550 Maturus.ASed
2982 5478 3099 5550 jam
3144 5477 3216 5550 ad
3261 5483 3559 5550 textumet

1962 5551 2269 5625 praecipuas
2292 5550 2636 5625 difﬁcultates
2664 5547 3017 5625 excutiendas
3039 5547 3398 5625 accedamus:
3420 5549 3560 5625 Men-

1963 5619 2413 5681 dacioutendum
2447 5625 2547 5691 est,
2585 5623 2746 5692 quasi
2772 5625 2972 5676 natura
2998 5625 3050 5677 ei
3071 5623 3205 5676 insit
3229 5622 3460 5692 ellebori.
3495 5619 3556 5692 id

1963 5704 2066 5760 est,
2093 5693 2377 5767 mendacio
2420 5690 2683 5749 utendum
2709 5692 3022 5767 aliquando,
3053 5701 3116 5767 ut
3141 5691 3404 5767 elleboro.
3438 5690 3562 5746 Pri-

1963 5782 2121 5824 mum
2152 5765 2511 5839 paradoxum,
2537 5779 2634 5839 seu
2677 5761 2854 5839 prima
2887 5761 3151 5839 sententia
3192 5762 3325 5839 falsa
3355 5769 3431 5839 .et
3464 5773 3564 5839 _er-

1964 5827 2319 5897 ronea'inter
2359 5852 2450 5895 eas
2492 5827 2697 5909 quibus
2735 5836 3035 5894 mentiendi
3076 5835 3287 5893 licentia
3352 5832 3408 5885 in
3464 5827 3565 5882 hac
