4014 6202
506 248 640 304 1063

1579 242 1860 299 JOANNIS
1896 242 2199 300 cassum
2237 198 2732 300 COLLATIONES.

3694 246 3833 303 1064

500 369 663 444 Quod
703 369 747 427 si
784 370 1103 427 imminente
1126 368 1331 426 exitiali
1359 368 1557 426 morbo
1592 377 1878 440 sumptum
1906 367 2089 439 fuerit,
2120 372 2173 435 Α
2202 367 2359 426 tifera
2404 369 2660 427 imminet
2685 366 2995 442 aegritudo;
3024 366 3110 424 sin
3155 382 3280 425 vero
3309 367 3521 439 integra
3552 378 3607 427 et
3628 371 3830 446 imper-

497 462 562 520 ﬁt
586 463 822 532 salubre,
852 472 1118 520 caeterum
1150 462 1355 534 absque
1381 461 1589 520 summi
1631 461 1961 523 discriminis
2002 477 2098 519 ne-

497 556 748 615 cessitate
782 564 1102 636 perceptum
1130 554 1414 627 praesentis
1441 555 1589 611 exitii
1615 563 1717 612 est.
1749 558 1835 612 Ita
1860 571 2099 628 namque

499 651 665 707 etiam
686 640 910 709 sanctos
931 665 996 706 ac
1027 648 1438 721 probatissimos
1467 650 1586 706 Deo
1604 649 1748 706 viros
1769 648 2100 706 veniabiliter

499 742 730 815 legimus
764 756 895 800 usos
929 740 1097 801 fuisse
1143 741 1452 813 mendacio,
1502 743 1689 800 sicuta
1719 743 1876 800 Raab
1915 747 2101 812 (Josue

498 841 591 906 ιι),
623 837 782 910 cujus
810 853 939 894 cum
969 853 1085 894 non
1105 837 1289 895 solum
1311 837 1464 894 nulla
1489 837 1779 908 virtutum,
1806 836 1906 894 sed
1929 837 2100 894 etiam

497 933 523 967 ι’
542 931 895 1005 impudicitia:
905 940 1270 990 monumenta
1282 931 1963 1003 commemoretScriptura
1973 973 1989 999 ,
2000 946 2098 1003 pro

422 1034 427 1041 '
496 1026 593 1082 tali
635 1024 946 1094 mendacio,
994 1041 1105 1099 quo
1157 1025 1524 1098 exploratores
1577 1026 1774 1082 maluit
1828 1026 2100 1082 occultare

495 1134 663 1191 quam
691 1118 942 1191 prodere,
983 1118 1273 1176 admisceri
1301 1118 1520 1197 populo
1551 1118 1652 1174 Dei
1697 1126 1901 1174 aeterna
1931 1118 2099 1174 bene-

494 1213 727 1269 dictione
741 1216 1060 1283 promeruit.
1082 1216 1216 1283 Quae
1240 1212 1286 1268 si
1306 1212 1591 1268 veritatem
1613 1211 1786 1284 loqui,
1814 1220 1911 1268 aut
1933 1214 2096 1269 saluti

491 1303 692 1360 civium
721 1304 1006 1361 consulere
1035 1304 1331 1374 maluisset,
1365 1304 1499 1360 nulli
1544 1303 1774 1362 dubium
1805 1304 1953 1376 quod
1997 1321 2098 1362 nec

494 1398 871 1454 imminentem
915 1412 1044 1453 cum
1084 1397 1335 1453 universa
1363 1397 1533 1454 domo
1569 1413 1667 1454 sua
1706 1397 1928 1471 fugisset
1969 1398 2100 1455 inte-

493 1492 682 1560 ritum,
712 1507 817 1548 nec
853 1489 1166 1549 auctoribus
1203 1491 1504 1548 Dominicae
1538 1492 1841 1549 Nativitatis
1872 1492 2094 1563 inserta,

492 1596 546 1643 et
583 1588 642 1643 in
674 1585 1107 1660 patriarcharum
1153 1593 1515 1643 annumerata
1553 1586 1828 1659 catalogo,
1861 1603 1958 1660 per
1984 1602 2098 1644 suc-

493 1679 802 1759 cessionem
830 1693 945 1736 suae
978 1677 1144 1751 prolis
1182 1677 1342 1735 edere
1381 1678 1669 1735 meruisset
1692 1680 1941 1735 omnium
1983 1679 2097 1735 Sal-

2208 461 2426 518 turbata
2451 460 2695 534 corporis
2723 459 2960 516 sanitate
2993 467 3263 530 sumatur,
3288 460 3483 517 statim
3512 459 3584 519 ad
3616 480 3828 536 prece.

2208 553 2457 626 cupanda
2497 553 2683 609 vitalia
2728 552 2811 609 vis
2861 552 3167 625 perniciosa
3208 552 3505 624 pertendit.
3553 555 3721 625 Quod
3757 559 3832 618 de

2208 647 2366 704 Raab
2412 646 2825 704 Hierichontina
2856 646 3052 720 (Iosue,
3098 646 3160 720 ιι)
3204 655 3257 704 et
3293 647 3363 705 de
3389 650 3565 707 Jacob
3606 653 3830 723 patriar.

2206 739 2311 796 cha
2335 740 2541 811 (Genes.
2573 742 2783 811 xxvrr)
2812 739 3094 798 evidenter
3119 747 3411 798 ostensum
3434 751 3541 813 est,
3568 759 3601 800 e
3626 747 3829 818 quibus

2204 850 2307 891 nec
2340 834 2433 892 illa
2460 844 2699 893 mortem
2732 835 2864 893 alias
2899 851 3067 920 quam
3108 834 3217 893 hoc
3256 836 3504 895 remedio
3554 842 3827 913 potuisset

2204 925 2452 995 evadere,
2477 943 2578 985 nec
2619 928 2719 986 iste
2745 928 2814 986 ad
2844 927 3288 987 benedictionem
3312 929 3665 1006 primogeniti
3691 951 3826 1008 per-

2206 1020 2412 1076 venire.
2428 1020 2556 1078 Non
2578 1020 2731 1078 enim
2749 1022 2895 1078 Deus
2919 1020 3216 1078 verborum
3236 1027 3453 1080 tantum
3472 1030 3829 1101 actuumque

2205 1122 2526 1172 nostrorum
2569 1115 2843 1174 discussor
2883 1124 2938 1172 et
2967 1115 3162 1189 judex,
3198 1115 3295 1174 sed
3336 1117 3497 1174 etiam
3541 1123 3828 1194 propositi

2205 1222 2268 1263 ac
2312 1206 2691 1266 destinationis
2731 1207 3004 1281 inspector
3032 1217 3134 1266 est.
3176 1209 3285 1281 Qui
3323 1210 3371 1266 si
3412 1209 3624 1284 aliquid
3650 1228 3826 1273 causa

2203 1301 2394 1359 salutis
2422 1310 2643 1361 aeternae
2669 1318 2734 1360 ac
2772 1302 2965 1360 divina:
2995 1303 3473 1375 contemplationis
3514 1305 3721 1364 intuitu
3745 1308 3822 1367 ab

2205 1412 2537 1469 unoquoque
2575 1397 2658 1453 vel
2687 1395 2897 1455 factum
2925 1395 3119 1453 viderit
3151 1395 3235 1453 vel
3274 1398 3639 1469 promissum,
3669 1407 3819 1458 tam-

2206 1491 2304 1546 etsi
2343 1490 2659 1552 hominibus
2680 1490 2881 1548 durum
2922 1498 3088 1562 atque
3121 1489 3373 1562 iniquum
3399 1506 3523 1548 esse
3546 1490 3821 1564 videatur,

2204 1582 2293 1638 ille
2317 1590 2501 1640 tamen
2536 1582 2788 1641 intimam
2821 1582 3003 1640 cordis
3041 1582 3335 1655 inspiciens
3371 1584 3656 1657 pietatem,
3695 1603 3819 1645 non

2204 1678 2502 1735 verborum
2548 1693 2767 1749 sonum,
2813 1677 2908 1735 sed
2956 1685 3146 1735 votum
3183 1677 3443 1750 dijudicat
3485 1680 3817 1751 voluntatis,

492 1781 760 1831 vatorem.
782 1773 1036 1847 Denique
1064 1772 1244 1829 Dalila
1268 1774 1481 1843 (Judic.
1509 1789 1621 1830 xvr
1646 1780 1687 1843 ),
1725 1789 1847 1845 quae
1877 1773 2095 1830 utilitati
2126 1777 2173 1839 Β
2202 1771 2330 1842 quia
2376 1771 2498 1829 ﬁnis
2524 1772 2704 1844 operis
2737 1780 2794 1830 et
2837 1771 3066 1830 affectus
3095 1771 3521 1830 considerandus
3550 1783 3633 1832 est
3671 1792 3816 1849 per-

494 1866 699 1924 civium
746 1867 1055 1931 consulens,
1106 1867 1444 1939 exploratam
1494 1866 1735 1938 prodidit
1786 1868 2092 1937 veritatem,

490 1969 766 2035 perpetuae
790 1960 1112 2035 perditionis
1130 1962 1563 2019 vicissitudinem
1590 1969 1900 2032 consecuta,
1923 1962 2099 2019 solam

491 2055 733 2113 criminis
760 2055 846 2112 sui
882 2054 1093 2112 cunctis
1130 2054 1460 2111 memoriam
1498 2052 1806 2126 dereliquit.
1857 2054 2095 2127 Quando

488 2147 652 2220 igitur
675 2162 835 2219 grave
858 2146 1079 2218 aliquod
1115 2146 1372 2203 imminet
1390 2146 1456 2203 de
1485 2145 1730 2202 veritatis
1753 2145 2094 2205 confessione

488 2238 801 2304 discrimen,
830 2246 962 2294 tunc
1004 2239 1423 2295 mendaciorum
1463 2246 1591 2295 sunt
1630 2239 1939 2313 recipienda
1976 2256 2097 2313 per-

488 2329 636 2402 fugia
665 2339 706 2400 ο,
740 2331 811 2386 ita
837 2338 1022 2387 tamen
1049 2338 1109 2386 ut
1138 2339 1293 2389 reatu
1317 2331 1538 2388 humilis
1572 2334 1927 2391 conscientia
1952 2335 2093 2391 salu-

488 2421 660 2480 briter
680 2423 1057 2483 mordeamur.
1079 2425 1193 2484 Ubi
1215 2435 1399 2483 autem
1420 2427 1565 2484 nulla
1595 2427 1839 2485 conditio
1859 2443 2092 2485 summae

486 2516 819 2574 necessitatis
871 2516 1170 2590 incumbit,
1221 2520 1376 2575 omni
1435 2521 1689 2578 cautione
1742 2521 2089 2579 mendacium

487 2608 633 2665 velut
669 2608 1017 2667 mortiferum
1059 2609 1412 2668 devitandum
1456 2622 1539 2670 est
1571 2633 1587 2667 :
1618 2613 2088 2686 quemadmodum

485 2697 553 2755 de
580 2697 799 2756 ellebori
845 2699 1088 2757 diximus
1114 2709 1281 2773 potu,
1313 2701 1461 2772 quod
1501 2702 1716 2758 salubre
1742 2712 1825 2760 est
1858 2704 2085 2777 quidem

483 2792 527 2849 si
557 2801 687 2850 tunc
710 2792 937 2851 demum
967 2803 1219 2850 sumatur
1257 2810 1381 2850 cum
1411 2794 1733 2853 inevitabilis
1759 2804 1920 2868 atque
1948 2812 2088 2854 mor-

2203 1863 2487 1935 petrantis,
2519 1853 2548 1897 ἀ
2566 1881 2676 1937 quo
2705 1873 3004 1938 potuerunt
3029 1866 3277 1939 quidam,
3307 1875 3367 1923 ut
3403 1883 3563 1940 supra
3589 1868 3816 1928 dictum

2202 1964 2304 2027 est,
2337 1957 2506 2015 etiam
2532 1973 2630 2030 per
2657 1957 3007 2016 mendacium
3027 1959 3310 2032 justiﬁcari
3333 2002 3348 2030 ,
3368 1970 3421 2017 et
3450 1961 3536 2017 alii
3578 1979 3682 2035 per
3710 1981 3814 2022 ve-

2202 2051 2375 2109 ritatis
2397 2051 2753 2109 assertionem
2777 2062 3061 2125 peccatum
3095 2062 3371 2126 perpetuae
3399 2055 3594 2112 mortis
3617 2057 3812 2114 incur-

2202 2161 2340 2203 rere.
2380 2131 2471 2205 Ad
2492 2163 2657 2221 quem
2686 2147 2849 2205 ﬁnem
2889 2148 3058 2206 etiam
3085 2150 3254 2206 Jacob
3278 2150 3591 2223 patriarcha
3622 2152 3811 2225 (Ibid)

2200 2239 2516 2312 respiciens,
2561 2239 2833 2314 hispidam
2883 2241 3104 2300 fraterni
3145 2244 3395 2317 corporis
3437 2247 3675 2319 speciem
3709 2248 3808 2306 ob-

2201 2335 2475 2393 volutione
2510 2335 2735 2409 pellium
2760 2335 3016 2395 simulare
3040 2354 3157 2395 non
3182 2338 3398 2410 timuit,
3439 2349 3496 2398 et
3527 2342 3806 2416 instiganti

2198 2429 2270 2486 ad
2328 2429 2434 2487 hoc
2492 2430 2841 2495 mendacium
2897 2433 3061 2490 matri
3122 2434 3462 2493 laudabiliter
3514 2439 3801 2512 acquievit.

2199 2522 2429 2580 Videbat
2452 2524 2601 2580 enim
2618 2540 2693 2602 ex
2727 2526 2833 2583 hoc
2860 2527 3077 2601 majora,
3092 2527 3194 2584 sibi
3233 2528 3387 2587 lucra
3413 2531 3806 2591 benedictionis

2197 2623 2359 2689 atque
2392 2616 2622 2690 justitiae
2657 2633 2820 2690 quam
2868 2635 2965 2693 per
2991 2620 3351 2693 simplicitatis
3396 2625 3802 2684 observantiam

2195 2708 2563 2778 conferenda;
2616 2725 2726 2767 non
2781 2710 2930 2768 enim
2977 2712 3260 2771 dubitabat
3309 2716 3579 2773 mendacii
3629 2718 3804 2792 hujus

2196 2799 2469 2855 maculam
2491 2799 2849 2858 inundatione
2874 2809 3116 2874 paterna:
3137 2804 3527 2861 benedictionis
3546 2808 3803 2879 protinus

1577 2955 1831 3010 ALARDI
1872 2954 2096 3012 (ΞΑΖᾸΞΙ
2136 2957 2691 3016 COMMENTARIUS.

481 3103 763 3187 collatione
816 3105 1094 3187 astruitur
1125 3112 1189 3184 .et
1238 3102 1572 3187 defenditur,
1620 3121 1756 3187 quas
1813 3107 2077 3187 dominus
2113 3116 2156 3179 C
2193 3113 2385 3187 bonum
2421 3119 2802 3187 remuneravit,
2829 3121 2901 3185 et,
2936 3121 3156 3187 propter
3190 3117 3289 3174 hoc
3330 3119 3549 3184 bonum,
3589 3122 3797 3179 malum

481 3172 755 3247 quychius
781 3173 1015 3247 collegit,
1043 3182 1103 3228 et
1122 3172 1177 3228 in
1208 3173 1453 3247 ordinem
1477 3172 1725 3247 digessit,
1757 3193 1867 3247 quo
1904 3180 2074 3237 lecto-

480 3241 630 3315 ribus
669 3243 843 3315 magis
872 3241 1087 3315 pateant
1115 3252 1171 3300 et
1202 3245 1370 3301 tutius
1404 3241 1720 3303 caveantur.
1751 3241 1922 3308 Porro
1948 3251 2075 3308 elle-

478 3313 708 3389 borum,
735 3313 815 3371 vel
834 3357 848 3384 ,
874 3313 939 3371 ut
979 3315 1082 3389 alii
1100 3316 1330 3389 malunt,
1362 3314 1733 3385 helleborum,
1763 3319 1931 3377 herba
1972 3332 2075 3389 est,

478 3386 748 3461 insignem
764 3386 1024 3461 purgandi
1038 3386 1145 3461 vim
1164 3385 1394 3461 habens,
1416 3404 1581 3461 quam
1599 3390 1777 3447 Latini
1800 3385 2078 3449 veratrum

476 3457 780 3528 appellanti
824 3457 1347 3515 Praestantissimum
1379 3457 1642 3517 nascitur
1701 3461 1756 3517 in
1818 3463 2073 3528 Anticyra

476 3528 673 3595 insula,
711 3528 803 3584 ubi
835 3536 890 3583 et
912 3528 1187 3604 tutissime
1209 3529 1537 3604 sumebatur
1561 3532 1827 3604 purgandi
1866 3528 2072 3591 cerebri

475 3612 658 3666 causa,
687 3598 1116 3672 au_ctore_Plinio_
1132 3597 1265 3669 (Lib.
1292 3616 1419 3657 xxv
1438 3597 1845 3672 cap.'5).'Unde
1871 3605 2073 3661 factum

474 3673 557 3722 est
586 3675 645 3723 ut
668 3666 760 3740 qui
792 3666 1016 3745 cerebro
1043 3666 1225 3745 minus
1247 3686 1379 3745 sano
1408 3666 1523 3745 esse
1543 3666 1884 3745 viderentur,
1915 3677 2072 3732 Anti-

472 3752 660 3815 cyram
684 3738 946 3815 navigare
973 3746 1093 3815 aut
1112 3738 1455 3815 helleborum
1502 3740 1691 3815 bibere
1719 3738 2070 3815 juberentur,

472 3753 660 3858 Evram
695 3754 946 3809 navigare
973 3753 1067 3794 aut
1113 3753 1455 3797 uenenorum
1502 3753 1686 3798 bibere
1719 3753 2067 3815 juberentur,

493 3816 539 3891 '_t
581 3808 726 3891 apud
766 3810 994 3891 Graecos
1018 3808 1480 3891 ἐλλεϐορὶζεινρῐο
1506 3813 1757 3891 insanire
1796 3816 2067 3891 sumitur;

470 3887 526 3961 et
550 3880 640 3961 qui
685 3880 1092 3961 pa_rur_n_animo
1121 3880 1480 3961 constringat
1506 3883 1741 3961 l_evit_a_tis
1781 3880 2068 3961 autvertil

463 3950 602 4032 ginis
618 3950 815 4032 morbo
831 3952 1097 4032 laborant,
1124 3951 1375 4032 ἑλζεῆόρὲ)
1394 3955 1604 4032 ξεῖσθαι,
1622 3954 1677 4011 id
1691 3965 1775 4011 est
1793 3955 2069 4015 helleboro

462 4021 1019 4099 indigeredicuntur,
1066 4022 1213 4099 quod
1259 4021 1618 4099 helleborum,
1644 4043 1876 4099 purgare
1926 4045 2068 4087 cere-

463 4091 654 4169 brum,
685 4092 914 4169 ideoque
960 4091 1151 4151 cura—re
1194 4095 1466 4169 insaniam
1512 4091 1778 4169 antiquis'
1794 4099 2067 4157 creditum

465 4163 553 4220 sit.
577 4165 741 4239 Unde
765 4165 1006 4239 lsidorus
1043 4170 1245 4237 (Etym.
1279 4168 1372 4222 lib.
1405 4183 1567 4235 xvu,
1595 4163 1714 4239 cap.
1745 4175 1800 4238 9)
1831 4190 1843 4225 :
1870 4173 2069 4229 Ellebo-

463 4252 609 4311 rum,
639 4235 841 4308 inquit,
862 4240 1097 4294 Romani
1120 4235 1229 4292 alio
1259 4240 1467 4295 nomine
1492 4235 1765 4296 verat-rum
1778 4235 1984 4311 dicunt,
2010 4259 2065 4299 eo

465 4277 476 4289 .
497 4277 585 4291 νοση
641 4277 841 4308 nulum,
862 4277 1094 4294 ιιυιηιυυυ
1121 4277 1171 4292 ut
1183 4277 1228 4292 ιυ
1259 4277 1465 4295 ιινυιιιῠιιυ
1496 4277 1568 4295 uw
1584 4277 1658 4295 ww
1679 4277 1765 4296 ιιιη
1778 4277 1984 4311 uwuru,
2010 4277 2061 4299 cu

462 4277 609 4374 quod
643 4312 916 4377 sumptum
938 4313 1137 4377 motam
1171 4314 1398 4364 mentem
1424 4312 1791 4368 insanitatem
1821 4314 2061 4370 reducat.

528 4386 553 4411 α
589 4376 761 4431 Raab
791 4376 1202 4433 Hierichontina
1265 4380 1466 4435 mulier
1518 4381 1771 4440 ofﬁcioso
1823 4399 1922 4440 usa
1976 4394 2060 4440 est

457 4444 765 4522 mendacio,
794 4445 929 4522 dum
950 4446 1103 4517 jussa
1131 4446 1366 4519 prodere
1395 4451 1764 4522 exploratores
1793 4455 2057 4512 Hebraeos

456 4514 549 4591 qui
598 4514 668 4573 ad
711 4502 779 4591 se
804 4502 1152 4591 diverterant;
1199 4502 1490 4591 responditr
1502 4502 1762 4591 Titani}:
2087 4502 2137 4563 Β

455 4587 529 4664 ad
552 4602 653 4664 me,
685 4587 779 4664 sed
792 4588 1090 4664 nesciebam
1114 4590 1255 4664 unde
1273 4587 1460 4646 essent.
1482 4592 1714 4663 Cumque
1727 4587 1891 4664 porta
1915 4597 2054 4652 clau-

453 4659 674 4733 deretur
697 4662 755 4715 in
780 4659 1030 4725 tenebris,
1049 4664 1098 4713 et
1124 4661 1210 4714 illi
1229 4664 1442 4731 pariter
1457 4659 1929 4733 Δεεέιθίθτνῖιηείπεδί)ίο
1951 4685 2052 4733 quo

450 4731 720 4803 abierunt,
744 4738 829 4787 etc
852 4733 1043 4803 (Josue,
1070 4735 1152 4798 ιι).
1178 4732 1295 4787 Hoc
1310 4730 1655 4790 mendacium
1672 4730 1800 4791 cum
1827 4730 2053 4796 menda-

449 4800 531 4856 cio
557 4800 918 4875 obstetricum
940 4803 1337 4875 Egyptiarum,
1361 4819 1503 4875 quae,
1537 4813 1593 4860 ut
1615 4805 1756 4863 ﬁlios
1781 4809 2047 4866 Hebraeo-

448 4886 579 4952 rum
623 4880 805 4952 morte
845 4873 1136 4952 eriperent,
1181 4873 1728 4952 Pharaoni_mcntita3
1771 4879 2043 4952 leguntur,

448 4938 739 5021 conferens
765 4946 834 5021 ρ.
892 4938 1225 5021 Αξυερεξίὴυδ
1270 4962 1427 5021 suam
1452 4946 1538 5021 de_
1565 4957 1802 5021 utroque
1820 4938 2046 5009 senteni

448 5009 601 5092 ῥεια]-
623 5010 698 5066 ita
727 5009 1131 5092 edisserit'tLib.
1163 5020 1349 5092 contra
1382 5009 1729 5092 mendacium.
1763 5038 1882 5092 cap.
1918 5026 2042 5091 l5):

447 5080 601 5157 Quod
646 5083 905 5157 scriptum
948 5080 1025 5139 est
1066 5084 1191 5139 bene
1223 5090 1394 5142 Deum
1424 5091 1611 5157 fecisse
1649 5108 1770 5148 cum
1807 5080 2044 5151 Πρω-(ἑὼ

443 5154 833 5231 obstetricibus,
865 5159 916 5211 et
951 5171 1070 5211 cum
1106 5158 1262 5231 Raab
1303 5154 1709 5218 Ilierichontina
1742 5168 2038 5231 meretrice,

439 5241 545 5303 non
565 5227 685 5303 ideo
710 5228 919 5303 factum
945 5232 1021 5303 est
1045 5230 1177 5303 quia
1198 5233 1433 5303 mentitis
1448 5237 1594 5297 sunt,
1614 5235 1707 5289 sed
1726 5236 1856 5303 quia
1878 5236 1935 5289 in
1950 5227 2041 5292 ho;

437 5300 607 5375 mines
653 5299 753 5354 Dei
794 5300 1157 5375 misericordes
1188 5301 1437 5375 fuerunt.
1485 5305 1603 5375 Non
1640 5299 1947 5375 est—itaque
1984 5309 2041 5364 in

438 5371 511 5423 eis
537 5376 878 5447 remunerata
898 5371 1153 5447 fallacia,
1180 5373 1273 5427 sed
1290 5371 1662 5447 benevolentia
1694 5394 1710 5428 :
1737 5371 2040 5447 benignitas

437 5444 646 5512 mentis,
687 5458 793 5497 non
825 5444 1088 5512 iniquitas
1129 5445 1449 5500 mentientis.
1490 5444 1641 5502 Sicut
1670 5449 1811 5502 enim
1840 5444 2035 5507 mirum

435 5509 836 5589 absurdumque
850 5509 953 5569 non
964 5518 1113 5589 esset,
1127 5516 1296 5571 sialio
1309 5517 1476 5587 prius
1501 5519 1731 5589 tempore
1757 5524 2036 5580 commissa

433 5579 500 5664 ab
519 5582 592 5633 eis
613 5579 802 5664 aliqua
817 5601 977 5654 opera
992 5579 1139 5664 mala
1147 5591 1289 5664 Deus
1308 5579 1535 5664 propter
1550 5579 1850 5660 posteriora
1871 5579 2034 5664 opera

434 5649 571 5734 bona
592 5649 745 5733 vellet
770 5649 1032 5721 ignoscere
1057 5676 1073 5711 :
1100 5660 1178 5734 ita
1193 5649 1504 5716 mirandum
1529 5649 1633 5718 non
1658 5669 1735 5719 est
1760 5649 2032 5734 quod‘uno

431 5724 681 5802 tempere,
708 5724 765 5775 in
793 5740 901 5802 una
930 5732 1251 5802 causapeus
1276 5735 1565 5802 utrumque
1595 5724 1939 5802 conspiciens,
1970 5738 2032 5794 id

426 5796 523 5854 est,
563 5793 769 5858 factum
810 5796 1244 5867 nzrsericorditer,
1276 5793 1589 5871 metumque
1623 5793 1935 5872 fallaciter,
1979 5793 2029 5866 et

2186 3184 2327 3263 illud
2351 3187 2675 3263 ignovit._Et
2708 3185 2849 3263 infra
2876 3184 2999 3263 post
3030 3184 3261 3263 longam
3305 3188 3375 3246 de
3404 3192 3650 3263 utrisque
3677 3194 3799 3251 dis-

2189 3255 2553 3330 putationem,
2577 3256 2648 3311 ita
2674 3255 2948 3314 concludit
2969 3278 2985 3313 :
3010 3255 3249 3314 Proinde
3268 3262 3421 3317 Raab
3450 3264 3504 3316 in
3522 3255 3796 3330 Hiericho,

2186 3327 2321 3394 quia
2342 3330 2651 3404 peregrinos
2670 3330 3028 3404 hominesDei
3050 3334 3287 3401 suscepit
3310 3334 3554 3403 hospitio,
3578 3337 3713 3404 quia
3736 3327 3799 3392 in

2185 3410 2370 3471 eorum
2388 3401 2713 3471 susceptione
2723 3402 3035 3470 periclitata
3054 3405 3150 3463 est,
3182 3405 3317 3471 quia
3338 3401 3606 3459 iri—eorum
3623 3410 3796 3463 lkum

2185 3469 2433 3547 credidit,
2486 3472 2615 3547 quia
2660 3470 2944 3547 diligenter
2980 3487 3091 3547 eos,
3115 3469 3213 3527 ubi
3229 3477 3442 3543 potuit,
3476 3478 3794 3547 occultavit;

2224 3540 2317 3615 uia
2336 3554 2445 3615 per
2459 3541 2627 3595 aliam
2647 3544 2789 3596 viam
2814 3540 3094 3597 remeandi
3109 3540 3387 3600 consilium
3411 3540 3796 3615 ﬁdelissimum

2181 3608 2353 3682 dedit,
2369 3612 2534 3665 etiam
2552 3626 2797 3682 superum
2808 3614 3148 3669 Hierusalem
3164 3617 3367 3671 civibus
3380 3608 3659 3674 imitanda
3680 3621 3797 3675 lau-

2183 3679 2371 3760 datur.
2391 3682 2544 3760 Quod
2558 3679 2739 3760 autem
2751 3690 2900 3760 ment
2907 3687 2984 3740 ita
2998 3689 3094 3760 est,
3106 3688 3316 3741 etiamsi
3323 3688 3545 3757 aliquid
3566 3690 3797 3760 z'bipro—

2174 3749 2446 3826 pheticum
2460 3753 2820 3822 intelligenter
2828 3771 2999 3826 ea'pon
3006 3758 3131 3818 itur,
3144 3772 3243 3811 non
3258 3749 3430 3811 tamet}
3443 3749 3797 3818 ὐηιϊιηιᾱῐιιτη

2179 3822 2450 3895 sapienter
2456 3827 2812 3894 proponitur;
2839 3822 3081 3895 quamvis
3094 3830 3220 3882 Deus
3230 3827 3322 3881 illa
3344 3826 3479 3881 bona
3506 3844 3796 3887 memora-

2184 3890 2281 3966 bili
2285 3896 2365 3966 ter
2375 3890 2666 3966 honordver
2672 3897 2732 3960 it,
2746 3890 2839 3952 hcc
2846 3890 3047 3966 malum
3055 3898 3321 3954 clementer
3332 3899 3617 3966 ignouerit.
3641 3901 3797 3961 Haec

2180 3962 2261 4053 ll:
2270 3962 2705 4053 .Auugustinus‘de
2726 3964 3009 4053 mendacio
3023 3969 3197 4053 Raab,
3214 3967 3281 4024 ad
3293 3962 3453 4053 hujus
3468 3970 3576 4051 loci
3596 3973 3798 4053 arpli-

2180 4032 2471 4102 cationém,
2511 4042 2565 4091 et
2603 4033 2753 4094 falsae
2779 4039 3099 4095 assertionis
3143 4032 3211 4096 de
3257 4032 3545 4096 meﬁdacio
3575 4032 3796 4101 utiliter

2178 4110 2231 4157 et
2285 4103 2635 4185 laudabiliter
2681 4117 2942 4180 usurpato
2989 4109 3452 4181 coniutationem,
3509 4127 3793 4185 perquam

2174 4176 2611 4234 accommodata.

2246 4238 2274 4276 ¹³
2302 4248 2385 4303 De
2414 4248 2567 4304 Raab
2595 4265 2707 4306 non
2747 4252 3235 4326 aliaimpudicitia:
3263 4252 3609 4311 monimenta
3639 4257 3793 4313 Serio

2176 4322 2339 4397 ptura
2371 4330 2788 4397 commemorat,
2820 4324 2921 4380 nisi
2945 4322 3110 4397 ‘quod
3138 4340 3260 4381 eam
3295 4326 3640 4397 meretricem
3670 4344 3792 4385 non

2171 4386 2361 4468 Solum
2389 4388 2621 4468 historia
2650 4386 2837 4468 Josue,
2869 4394 2964 4452 sed
2977 4386 3047 4452 ἐἰ
3075 4396 3375 4468 Apostolus
3403 4395 3475 4451 ad
3512 4397 3791 4455 Hebr-atas

2168 4457 2480 4541 undecimo,
2511 4468 2565 4517 et
2587 4457 2830 4521 Iacobus
2845 4482 2972 4541 _cap.
3005 4457 3246 4541 secundo
3285 4468 3558 4541 nominet.
3604 4469 3791 4541 Lyra-

2166 4543 2270 4583 nus
2308 4537 2489 4609 tamen
2522 4547 2631 4587 non
2656 4537 2891 4609 proprie
2919 4537 3299 4609 'meretricem,
3328 4537 3431 4594 sed
3459 4537 3793 4609 cauponam

2161 4614 2259 4679 _seu
2314 4599 2597 4679 hospitam
2640 4599 2808 4679 fuisse
2853 4607 3143 4665 contendit.
3203 4599 3342 4666 Vida
3393 4599 3788 4667 Maldobatum

2161 4673 2215 4725 in
2237 4686 2357 4744 cap.
2391 4687 2413 4729 ι
2442 4673 2706 4731 Mattbmi.
3276 4684 3281 4691 '

2232 4747 2354 4822 {At
2384 4754 2573 4822 contra
2600 4747 2863 4822 reclamat
2894 4750 3223 4822 Apostolus,
3241 4767 3346 4807 non
3368 4766 3469 4806 esse
3501 4752 3790 4822 facienda

2161 4815 2396 4893 malamt
2404 4819 2649 4893 eretriam
2661 4819 2796 4893 bona
2811 4815 2978 4890 (Rom.
2988 4822 3036 4893 3)
3048 4815 3404 4878 .ReclamatB
3414 4815 3534 4878 .Job
3549 4820 3787 4893 dicens:

2155 4886 2589 4962 Νηηηιιίίίρεῖῳ
2606 4886 3106 4959 ἰηὰίυρε’]ηριιάίι’ςίο
3126 4894 3454 4960 nostro(.lob.
3470 4892 3639 4962 xm}?
3665 4897 3782 4950 Be-

2155 4954 2394 5035 claJmant
2423 4959 2519 5035 S_S..
2550 4954 2770 5035 Patres,
2787 4977 2925 5032 quos
2953 4980 3117 5035 supra
3160 4954 3453 5035 citavi'mus
3498 4954 3652 5034 (Cap.
3692 4971 3777 5035 εχ

2226 5014 2254 5106 τί
2296 5029 2538 5106 Respicit
2559 5014 2711 5106 axem
2721 5014 2819 5106 pla]
2834 5014 3079 5106 Rdabﬁbt
3089 5014 3611 5106 “niiiiaﬁﬁieﬁ'u‘s‘
3629 5014 3791 5106 alie:-

2153 5105 2297 5178 gata.
2345 5102 2417 5155 At
2433 5100 2531 5178 _de
2565 5100 2735 5178 Raab’
2763 5104 2924 5177 longe
2960 5104 3121 5162 aliter
3167 5100 3440 5178 praedicat?
3479 5104 3793 5178 apostolus

2157 5170 2350 5248 Paulus
2382 5190 2395 5248 ξ
2426 5174 2557 5248 Fide
2584 5173 2733 5248 Raab
2765 5170 3025 5232 meretrix
3042 5193 3148 5233 non
3168 5170 3341 5248 'periit
3361 5194 3481 5233 cum
3508 5170 3792 5234 incredib-

2154 5239 2239 5321 lis,
2273 5244 2538 5321 exeipiens
2567 5247 2927 5321 emploratores
2950 5265 3069 5321 cum
3090 5239 3223 5319 pace
3244 5249 3441 5321 4(Hebr.
3472 5251 3582 5318 xr).
3606 5249 3789 5321 Fide,

2153 5311 2350 5387 inquit,
2379 5311 2488 5370 non
2517 5311 2805 5374 mendacio
2839 5338 2850 5374 ε
2886 5327 2942 5375 et
2964 5318 3070 5376 ﬁde
3090 5311 3205 5376 non
3234 5311 3363 5376 ﬁcta
3391 5327 3491 5377 aut
3518 5311 3795 5387 mortua,

2150 5381 2244 5463 sed
2284 5381 2501 5463 _viva__et
2529 5402 2626 5457 per
2658 5388 2980 5463 charitatem
3011 5399 3294 5462 operante,
3333 5399 3398 5447 ut
3436 5391 3694 5463 explicat
3722 5381 3796 5449 BI

2146 5453 2387 5512 Jacobus
2406 5453 2589 5514 dicens
2617 5477 2633 5513 :
2657 5462 2920 5517 Similiter
2934 5466 2982 5518 et
3007 5453 3159 5520 Raab
3185 5453 3469 5526 meretrix,
3497 5453 3692 5519 nonne
3719 5481 3801 5521 ea:

2144 5527 2403 5607 operibus
2416 5527 2727 5607 justzﬁcata
2755 5536 3162 5607 est__susmpiens
3191 5538 3411 5607 nuntios
3444 5539 3495 5590 et
3524 5534 3655 5589 alia
3690 5540 3804 5593 tria

2143 5597 2357 5670 cjiciens
2386 5597 2580 5666 (Iacob.
2615 5608 2726 5670 II)?
2754 5604 2931 5660 Dalila
2974 5597 3105 5663 vitro
3136 5605 3421 5663 Samsonis
3453 5618 3603 5661 uxor
3651 5622 3803 5664 non

2142 5669 2212 5749 ob
2240 5671 2483 5749 _veritat_is
2504 5671 2929 5749 confessionem,
2972 5676 3069 5749 sed
3105 5677 3175 5734 ob
3220 5676 3575 5749 perﬁdiosam
3626 5694 3805 5736 con-

2132 5740 2282 5813 jugis
2318 5742 2683 5822 proditionem
2713 5745 2768 5822 in
2797 5740 2991 5822 manus
3023 5740 3284 5822 hostium,
3308 5756 3603 5822 peccatum
3639 5766 3807 5822 per-

2138 5814 2537 5881 petum'mortis
2561 5815 2783 5875 incurrit
2808 5817 2997 5892 (Juclic.
3029 5818 3181 5893 xvr).
