  <div class='ocr_page' id='page_1' title='image "/cluster/home/n/w/nwhite01/storage/ocr_20150623/49/hvd.32044096580709/540.png"; bbox 0 0 4014 6202; ppageno 0'>
   <div class='ocr_carea' id='block_1_1' title="bbox 317 287 438 344">
    <p class='ocr_par' dir='ltr' id='par_1_1' title="bbox 317 287 438 344">
     <span class='ocr_line' id='line_1_1' title="bbox 317 287 438 344; baseline -0.033 0"><span class='ocrx_word' id='word_1_1' title='bbox 317 287 438 344; x_wconf 70' lang='grc'>1065</span> 
     </span>
    </p>
   </div>
   <div class='ocr_carea' id='block_1_2' title="bbox 1341 267 2582 339">
    <p class='ocr_par' dir='ltr' id='par_1_2' title="bbox 1341 267 2582 339">
     <span class='ocr_line' id='line_1_2' title="bbox 1341 267 2582 339; baseline -0.006 0"><span class='ocrx_word' id='word_1_2' title='bbox 1341 279 1678 339; x_wconf 83' lang='lat' dir='ltr'><strong>COLLATIO</strong></span> <span class='ocrx_word' id='word_1_3' title='bbox 1716 279 1877 336; x_wconf 80' lang='lat' dir='ltr'><strong>XVI].</strong></span> <span class='ocrx_word' id='word_1_4' title='bbox 1915 305 1990 318; x_wconf 88' lang='lat'><strong>-—</strong></span> <span class='ocrx_word' id='word_1_5' title='bbox 2025 267 2114 330; x_wconf 78' lang='lat' dir='ltr'><strong>DE</strong></span> <span class='ocrx_word' id='word_1_6' title='bbox 2153 272 2582 336; x_wconf 81' lang='lat' dir='ltr'><strong>DEFINIENDO.</strong></span> 
     </span>
    </p>
   </div>
   <div class='ocr_carea' id='block_1_3' title="bbox 3473 275 3610 331">
    <p class='ocr_par' dir='ltr' id='par_1_3' title="bbox 3473 275 3610 331">
     <span class='ocr_line' id='line_1_3' title="bbox 3473 275 3610 331; baseline 0.007 -1"><span class='ocrx_word' id='word_1_7' title='bbox 3473 275 3610 331; x_wconf 84' lang='grc'><strong>1066</strong></span> 
     </span>
    </p>
   </div>
   <div class='ocr_carea' id='block_1_4' title="bbox 310 395 3610 480">
    <p class='ocr_par' dir='ltr' id='par_1_4' title="bbox 310 395 3610 480">
     <span class='ocr_line' id='line_1_4' title="bbox 310 395 3610 480; baseline -0.003 -14"><span class='ocrx_word' id='word_1_8' title='bbox 310 406 654 477; x_wconf 85' lang='lat' dir='ltr'><strong>abluendam&#39;,</strong></span> <span class='ocrx_word' id='word_1_9' title='bbox 684 415 741 465; x_wconf 90' lang='lat' dir='ltr'><strong>et</strong></span> <span class='ocrx_word' id='word_1_10' title='bbox 768 406 916 465; x_wconf 86' lang='lat' dir='ltr'><strong>velut</strong></span> <span class='ocrx_word' id='word_1_11' title='bbox 941 406 1266 464; x_wconf 87' lang='lat' dir='ltr'><strong>uubeculam</strong></span> <span class='ocrx_word' id='word_1_12' title='bbox 1295 407 1585 480; x_wconf 80' lang='lat' dir='ltr'><strong>quamdam</strong></span> <span class='ocrx_word' id='word_1_13' title='bbox 1615 405 1748 461; x_wconf 84' lang='lat' dir='ltr'><strong>ﬂatu</strong></span> <span class='ocrx_word' id='word_1_14' title='bbox 1778 402 1898 474; x_wconf 87' lang='lat' dir='ltr'><strong>Spi-</strong></span> <span class='ocrx_word' id='word_1_15' title='bbox 1927 408 1980 472; x_wconf 79' lang='grc' dir='ltr'>Α</span> <span class='ocrx_word' id='word_1_16' title='bbox 2011 398 2268 473; x_wconf 81' lang='lat' dir='ltr'><strong>pingebat</strong></span> <span class='ocrx_word' id='word_1_17' title='bbox 2293 397 2348 454; x_wconf 90' lang='lat' dir='ltr'><strong>in</strong></span> <span class='ocrx_word' id='word_1_18' title='bbox 2371 397 2575 454; x_wconf 84' lang='lat' dir='ltr'><strong>ostium</strong></span> <span class='ocrx_word' id='word_1_19' title='bbox 2603 404 2798 469; x_wconf 68' lang='lat' dir='ltr'><strong>portae,</strong></span> <span class='ocrx_word' id='word_1_20' title='bbox 2834 395 3250 470; x_wconf 81' lang='lat' dir='ltr'><strong>defluebantque</strong></span> <span class='ocrx_word' id='word_1_21' title='bbox 3278 396 3462 456; x_wconf 69' lang='lat' dir='ltr'><strong>salivae</strong></span> <span class='ocrx_word' id='word_1_22' title='bbox 3490 397 3610 472; x_wconf 76' lang='lat' dir='ltr'><strong>eius</strong></span> 
     </span>
    </p>
   </div>
   <div class='ocr_carea' id='block_1_5' title="bbox 310 495 1900 572">
    <p class='ocr_par' dir='ltr' id='par_1_5' title="bbox 310 495 1900 572">
     <span class='ocr_line' id='line_1_5' title="bbox 310 495 1900 572; baseline -0.005 -12"><span class='ocrx_word' id='word_1_23' title='bbox 310 503 439 560; x_wconf 85' lang='lat' dir='ltr'><strong>ritus</strong></span> <span class='ocrx_word' id='word_1_24' title='bbox 447 501 616 559; x_wconf 85' lang='lat' dir='ltr'><strong>sancti</strong></span> <span class='ocrx_word' id='word_1_25' title='bbox 631 501 888 558; x_wconf 81' lang='lat' dir='ltr'><strong>velociter</strong></span> <span class='ocrx_word' id='word_1_26' title='bbox 903 499 1320 572; x_wconf 88' lang='lat' dir='ltr'><strong>absumendam,</strong></span> <span class='ocrx_word' id='word_1_27' title='bbox 1339 509 1504 572; x_wconf 86' lang='lat' dir='ltr'><strong>atque</strong></span> <span class='ocrx_word' id='word_1_28' title='bbox 1525 498 1778 555; x_wconf 77' lang='lat' dir='ltr'><strong>uberiora</strong></span> <span class='ocrx_word' id='word_1_29' title='bbox 1793 495 1900 554; x_wconf 83' lang='lat' dir='ltr'><strong>sibi</strong></span> 
     </span>
    </p>
   </div>
   <div class='ocr_carea' id='block_1_6' title="bbox 310 592 1901 672">
    <p class='ocr_par' dir='ltr' id='par_1_6' title="bbox 310 592 1901 672">
     <span class='ocr_line' id='line_1_6' title="bbox 310 592 1901 672; baseline -0.005 -18"><span class='ocrx_word' id='word_1_30' title='bbox 310 615 398 672; x_wconf 89' lang='lat' dir='ltr'><strong>per</strong></span> <span class='ocrx_word' id='word_1_31' title='bbox 421 598 561 654; x_wconf 90' lang='lat' dir='ltr'><strong>hanc</strong></span> <span class='ocrx_word' id='word_1_32' title='bbox 588 595 970 654; x_wconf 87' lang='lat' dir='ltr'><strong>affectaticiam</strong></span> <span class='ocrx_word' id='word_1_33' title='bbox 996 596 1408 653; x_wconf 79' lang='lat' dir='ltr'><strong>simulationem</strong></span> <span class='ocrx_word' id='word_1_34' title='bbox 1437 610 1606 667; x_wconf 89' lang='lat' dir='ltr'><strong>quam</strong></span> <span class='ocrx_word' id='word_1_35' title='bbox 1633 608 1731 666; x_wconf 91' lang='lat' dir='ltr'><strong>per</strong></span> <span class='ocrx_word' id='word_1_36' title='bbox 1753 592 1901 648; x_wconf 80' lang='lat' dir='ltr'><strong>illam</strong></span> 
     </span>
    </p>
   </div>
   <div class='ocr_carea' id='block_1_7' title="bbox 308 686 1897 766">
    <p class='ocr_par' dir='ltr' id='par_1_7' title="bbox 308 686 1897 766">
     <span class='ocr_line' id='line_1_7' title="bbox 308 686 1897 766; baseline -0.004 -17"><span class='ocrx_word' id='word_1_37' title='bbox 308 693 594 766; x_wconf 77' lang='lat' dir='ltr'><strong>ingenitam</strong></span> <span class='ocrx_word' id='word_1_38' title='bbox 611 692 919 760; x_wconf 82' lang='lat' dir='ltr'><strong>veritatem,</strong></span> <span class='ocrx_word' id='word_1_39' title='bbox 948 691 1274 748; x_wconf 88' lang='lat' dir='ltr'><strong>meritorum</strong></span> <span class='ocrx_word' id='word_1_40' title='bbox 1295 691 1523 764; x_wconf 66' lang='lat' dir='ltr'><strong>praemia</strong></span> <span class='ocrx_word' id='word_1_41' title='bbox 1549 686 1897 746; x_wconf 76' lang='lat' dir='ltr'><strong>conferenda.</strong></span> 
     </span>
    </p>
   </div>
   <div class='ocr_carea' id='block_1_8' title="bbox 856 795 1342 852">
    <p class='ocr_par' dir='ltr' id='par_1_8' title="bbox 856 795 1342 852">
     <span class='ocr_line' id='line_1_8' title="bbox 856 795 1342 852; baseline -0.008 0"><span class='ocrx_word' id='word_1_42' title='bbox 856 795 1098 852; x_wconf 81' lang='lat' dir='ltr'><strong>CAPUT</strong></span> <span class='ocrx_word' id='word_1_43' title='bbox 1131 795 1342 850; x_wconf 80' lang='lat' dir='ltr'><strong>XVIII.</strong></span> 
     </span>
    </p>
   </div>
   <div class='ocr_carea' id='block_1_9' title="bbox 312 888 1896 963">
    <p class='ocr_par' dir='ltr' id='par_1_9' title="bbox 312 888 1896 963">
     <span class='ocr_line' id='line_1_9' title="bbox 312 888 1896 963; baseline -0.006 -13"><span class='ocrx_word' id='word_1_44' title='bbox 312 893 559 963; x_wconf 80' lang='lat' dir='ltr'><strong>Objectio,</strong></span> <span class='ocrx_word' id='word_1_45' title='bbox 585 891 728 962; x_wconf 87' lang='lat' dir='ltr'><strong>quod</strong></span> <span class='ocrx_word' id='word_1_46' title='bbox 754 891 842 944; x_wconf 81' lang='lat' dir='ltr'><strong>illi</strong></span> <span class='ocrx_word' id='word_1_47' title='bbox 865 894 1077 963; x_wconf 77' lang='lat' dir='ltr'><strong>tantum</strong></span> <span class='ocrx_word' id='word_1_48' title='bbox 1099 892 1320 960; x_wconf 86' lang='lat' dir='ltr'><strong>impune</strong></span> <span class='ocrx_word' id='word_1_49' title='bbox 1349 888 1624 944; x_wconf 85' lang='lat' dir='ltr'><strong>mendacio</strong></span> <span class='ocrx_word' id='word_1_50' title='bbox 1653 888 1743 942; x_wconf 90' lang='lat' dir='ltr'><strong>usi</strong></span> <span class='ocrx_word' id='word_1_51' title='bbox 1767 888 1896 952; x_wconf 85' lang='lat' dir='ltr'><strong>sint,</strong></span> 
     </span>
    </p>
   </div>
   <div class='ocr_carea' id='block_1_10' title="bbox 761 961 1436 1032">
    <p class='ocr_par' dir='ltr' id='par_1_10' title="bbox 761 961 1436 1032">
     <span class='ocr_line' id='line_1_10' title="bbox 761 961 1436 1032; baseline -0.003 -16"><span class='ocrx_word' id='word_1_52' title='bbox 761 964 860 1032; x_wconf 87' lang='lat' dir='ltr'><strong>qui</strong></span> <span class='ocrx_word' id='word_1_53' title='bbox 893 961 990 1016; x_wconf 74' lang='lat' dir='ltr'><strong>sub</strong></span> <span class='ocrx_word' id='word_1_54' title='bbox 1020 963 1130 1030; x_wconf 89' lang='lat' dir='ltr'><strong>lege</strong></span> <span class='ocrx_word' id='word_1_55' title='bbox 1159 964 1436 1016; x_wconf 62' lang='lat' dir='ltr'><strong>vixerant.</strong></span> 
     </span>
    </p>
   </div>
   <div class='ocr_carea' id='block_1_11' title="bbox 376 1059 1898 1134">
    <p class='ocr_par' dir='ltr' id='par_1_11' title="bbox 376 1059 1898 1134">
     <span class='ocr_line' id='line_1_11' title="bbox 376 1059 1898 1134; baseline -0.003 -14"><span class='ocrx_word' id='word_1_56' title='bbox 376 1063 720 1122; x_wconf 76' lang='lat' dir='ltr'><strong>Germanus:</strong></span> <span class='ocrx_word' id='word_1_57' title='bbox 758 1065 886 1120; x_wconf 89' lang='lat' dir='ltr'><strong>Non</strong></span> <span class='ocrx_word' id='word_1_58' title='bbox 928 1062 1127 1120; x_wconf 90' lang='lat' dir='ltr'><strong>mirum</strong></span> <span class='ocrx_word' id='word_1_59' title='bbox 1151 1071 1236 1118; x_wconf 87' lang='lat' dir='ltr'><strong>est</strong></span> <span class='ocrx_word' id='word_1_60' title='bbox 1263 1061 1363 1118; x_wconf 88' lang='lat' dir='ltr'><strong>has</strong></span> <span class='ocrx_word' id='word_1_61' title='bbox 1390 1059 1817 1134; x_wconf 87' lang='lat' dir='ltr'><strong>dispensationes</strong></span> <span class='ocrx_word' id='word_1_62' title='bbox 1845 1059 1898 1116; x_wconf 86' lang='lat' dir='ltr'><strong>in</strong></span> 
     </span>
    </p>
   </div>
   <div class='ocr_carea' id='block_1_12' title="bbox 305 1155 1900 1228">
    <p class='ocr_par' dir='ltr' id='par_1_12' title="bbox 305 1155 1900 1228">
     <span class='ocr_line' id='line_1_12' title="bbox 305 1155 1900 1228; baseline -0.002 -18"><span class='ocrx_word' id='word_1_63' title='bbox 305 1157 465 1213; x_wconf 84' lang='lat' dir='ltr'><strong>veteri</strong></span> <span class='ocrx_word' id='word_1_64' title='bbox 503 1161 852 1214; x_wconf 87' lang='lat' dir='ltr'><strong>Testamento</strong></span> <span class='ocrx_word' id='word_1_65' title='bbox 871 1199 888 1226; x_wconf 97' lang='lat'><strong>,</strong></span> <span class='ocrx_word' id='word_1_66' title='bbox 942 1155 1189 1214; x_wconf 83' lang='lat' dir='ltr'><strong>licentius</strong></span> <span class='ocrx_word' id='word_1_67' title='bbox 1250 1163 1564 1228; x_wconf 88' lang='lat' dir='ltr'><strong>usurpatas,</strong></span> <span class='ocrx_word' id='word_1_68' title='bbox 1614 1169 1677 1209; x_wconf 90' lang='lat' dir='ltr'><strong>ac</strong></span> <span class='ocrx_word' id='word_1_69' title='bbox 1703 1156 1729 1186; x_wconf 79' lang='grc'><strong><em>³</em></strong></span> <span class='ocrx_word' id='word_1_70' title='bbox 1757 1168 1900 1208; x_wconf 86' lang='lat' dir='ltr'><strong>non-</strong></span> 
     </span>
    </p>
   </div>
   <div class='ocr_carea' id='block_1_13' title="bbox 306 1246 1897 1322">
    <p class='ocr_par' dir='ltr' id='par_1_13' title="bbox 306 1246 1897 1322">
     <span class='ocr_line' id='line_1_13' title="bbox 306 1246 1897 1322; baseline -0.004 -16"><span class='ocrx_word' id='word_1_71' title='bbox 306 1265 611 1322; x_wconf 84' lang='lat' dir='ltr'><strong>numquam</strong></span> <span class='ocrx_word' id='word_1_72' title='bbox 639 1251 786 1308; x_wconf 88' lang='lat' dir='ltr'><strong>viros</strong></span> <span class='ocrx_word' id='word_1_73' title='bbox 805 1258 1024 1308; x_wconf 89' lang='lat' dir='ltr'><strong>sanctos</strong></span> <span class='ocrx_word' id='word_1_74' title='bbox 1042 1249 1376 1308; x_wconf 89' lang='lat' dir='ltr'><strong>veniabiliter</strong></span> <span class='ocrx_word' id='word_1_75' title='bbox 1407 1246 1578 1305; x_wconf 88' lang='lat' dir='ltr'><strong>fuisse</strong></span> <span class='ocrx_word' id='word_1_76' title='bbox 1606 1247 1863 1303; x_wconf 87' lang='lat' dir='ltr'><strong>mentitos</strong></span> <span class='ocrx_word' id='word_1_77' title='bbox 1882 1287 1897 1311; x_wconf 92' lang='lat'><strong>,</strong></span> 
     </span>
    </p>
   </div>
   <div class='ocr_carea' id='block_1_14' title="bbox 303 1340 1897 1418">
    <p class='ocr_par' dir='ltr' id='par_1_14' title="bbox 303 1340 1897 1418">
     <span class='ocr_line' id='line_1_14' title="bbox 303 1340 1897 1418; baseline -0.003 -19"><span class='ocrx_word' id='word_1_78' title='bbox 303 1352 328 1378; x_wconf 74' lang='grc' dir='ltr'>ι</span> <span class='ocrx_word' id='word_1_79' title='bbox 349 1359 476 1400; x_wconf 89' lang='lat' dir='ltr'><strong>cum</strong></span> <span class='ocrx_word' id='word_1_80' title='bbox 503 1343 682 1402; x_wconf 90' lang='lat' dir='ltr'><strong>multo</strong></span> <span class='ocrx_word' id='word_1_81' title='bbox 725 1344 936 1418; x_wconf 85' lang='lat' dir='ltr'><strong>majora</strong></span> <span class='ocrx_word' id='word_1_82' title='bbox 959 1344 1040 1401; x_wconf 88' lang='lat' dir='ltr'><strong>eis</strong></span> <span class='ocrx_word' id='word_1_83' title='bbox 1080 1359 1180 1416; x_wconf 90' lang='lat' dir='ltr'><strong>pro</strong></span> <span class='ocrx_word' id='word_1_84' title='bbox 1220 1352 1534 1415; x_wconf 85' lang='lat' dir='ltr'><strong>temporum</strong></span> <span class='ocrx_word' id='word_1_85' title='bbox 1576 1340 1897 1397; x_wconf 86' lang='lat' dir='ltr'><strong>rudimentis</strong></span> 
     </span>
    </p>
   </div>
   <div class='ocr_carea' id='block_1_15' title="bbox 306 1431 1900 1506">
    <p class='ocr_par' dir='ltr' id='par_1_15' title="bbox 306 1431 1900 1506">
     <span class='ocr_line' id='line_1_15' title="bbox 306 1431 1900 1506; baseline -0.003 -15"><span class='ocrx_word' id='word_1_86' title='bbox 306 1434 519 1494; x_wconf 83' lang='lat' dir='ltr'><strong>licuisse</strong></span> <span class='ocrx_word' id='word_1_87' title='bbox 546 1435 848 1494; x_wconf 88' lang='lat' dir='ltr'><strong>videamus.</strong></span> <span class='ocrx_word' id='word_1_88' title='bbox 881 1438 994 1495; x_wconf 90' lang='lat' dir='ltr'><strong>Cur</strong></span> <span class='ocrx_word' id='word_1_89' title='bbox 1024 1437 1173 1494; x_wconf 91' lang='lat' dir='ltr'><strong>enim</strong></span> <span class='ocrx_word' id='word_1_90' title='bbox 1194 1436 1401 1492; x_wconf 89' lang='lat' dir='ltr'><strong>mirum</strong></span> <span class='ocrx_word' id='word_1_91' title='bbox 1418 1433 1510 1502; x_wconf 91' lang='lat' dir='ltr'><strong>sit,</strong></span> <span class='ocrx_word' id='word_1_92' title='bbox 1539 1431 1687 1506; x_wconf 89' lang='lat' dir='ltr'><strong>quod</strong></span> <span class='ocrx_word' id='word_1_93' title='bbox 1711 1431 1900 1488; x_wconf 87' lang='lat' dir='ltr'><strong>beatus</strong></span> 
     </span>
    </p>
   </div>
   <div class='ocr_carea' id='block_1_16' title="bbox 301 1525 1896 1602">
    <p class='ocr_par' dir='ltr' id='par_1_16' title="bbox 301 1525 1896 1602">
     <span class='ocr_line' id='line_1_16' title="bbox 301 1525 1896 1602; baseline -0.004 -16"><span class='ocrx_word' id='word_1_94' title='bbox 301 1529 477 1586; x_wconf 85' lang='lat' dir='ltr'><strong>David</strong></span> <span class='ocrx_word' id='word_1_95' title='bbox 509 1528 721 1602; x_wconf 84' lang='lat' dir='ltr'><strong>fugiens</strong></span> <span class='ocrx_word' id='word_1_96' title='bbox 763 1531 1011 1602; x_wconf 89' lang='lat' dir='ltr'><strong>Saulem,</strong></span> <span class='ocrx_word' id='word_1_97' title='bbox 1038 1528 1375 1602; x_wconf 86' lang='lat' dir='ltr'><strong>percontanti</strong></span> <span class='ocrx_word' id='word_1_98' title='bbox 1415 1525 1766 1584; x_wconf 84' lang='lat' dir='ltr'><strong>Achimelech</strong></span> <span class='ocrx_word' id='word_1_99' title='bbox 1809 1541 1896 1580; x_wconf 90' lang='lat' dir='ltr'><strong>sa-</strong></span> 
     </span>
    </p>
   </div>
   <div class='ocr_carea' id='block_1_17' title="bbox 301 1621 1900 1697">
    <p class='ocr_par' dir='ltr' id='par_1_17' title="bbox 301 1621 1900 1697">
     <span class='ocr_line' id='line_1_17' title="bbox 301 1621 1900 1697; baseline -0.004 -18"><span class='ocrx_word' id='word_1_100' title='bbox 301 1621 504 1679; x_wconf 89' lang='lat' dir='ltr'><strong>cerdoti</strong></span> <span class='ocrx_word' id='word_1_101' title='bbox 550 1633 712 1697; x_wconf 90' lang='lat' dir='ltr'><strong>atque</strong></span> <span class='ocrx_word' id='word_1_102' title='bbox 733 1623 932 1680; x_wconf 88' lang='lat' dir='ltr'><strong>dicenti</strong></span> <span class='ocrx_word' id='word_1_103' title='bbox 977 1643 989 1680; x_wconf 93' lang='lat'>:</span> <span class='ocrx_word' id='word_1_104' title='bbox 1019 1626 1198 1692; x_wconf 84' lang='lat' dir='ltr'><strong>Quare</strong></span> <span class='ocrx_word' id='word_1_105' title='bbox 1243 1627 1304 1678; x_wconf 90' lang='lat' dir='ltr'><strong>tu</strong></span> <span class='ocrx_word' id='word_1_106' title='bbox 1330 1624 1495 1690; x_wconf 89' lang='lat' dir='ltr'><strong>solus,</strong></span> <span class='ocrx_word' id='word_1_107' title='bbox 1525 1626 1576 1676; x_wconf 86' lang='lat' dir='ltr'><strong>et</strong></span> <span class='ocrx_word' id='word_1_108' title='bbox 1597 1621 1777 1676; x_wconf 87' lang='lat' dir='ltr'><strong>nullus</strong></span> <span class='ocrx_word' id='word_1_109' title='bbox 1823 1623 1900 1674; x_wconf 90' lang='lat' dir='ltr'><strong>est</strong></span> 
     </span>
    </p>
   </div>
   <div class='ocr_carea' id='block_1_18' title="bbox 301 1715 1901 1790">
    <p class='ocr_par' dir='ltr' id='par_1_18' title="bbox 301 1715 1901 1790">
     <span class='ocr_line' id='line_1_18' title="bbox 301 1715 1901 1790; baseline -0.003 -18"><span class='ocrx_word' id='word_1_110' title='bbox 301 1720 467 1773; x_wconf 87' lang='lat' dir='ltr'><strong>tecum</strong></span> <span class='ocrx_word' id='word_1_111' title='bbox 481 1721 511 1772; x_wconf 79' lang='lat'><strong><em>?</em></strong></span> <span class='ocrx_word' id='word_1_112' title='bbox 531 1718 604 1775; x_wconf 91' lang='lat' dir='ltr'><strong>ita</strong></span> <span class='ocrx_word' id='word_1_113' title='bbox 618 1718 902 1790; x_wconf 88' lang='lat' dir='ltr'><strong>respondit</strong></span> <span class='ocrx_word' id='word_1_114' title='bbox 921 1737 934 1774; x_wconf 95' lang='lat'>:</span> <span class='ocrx_word' id='word_1_115' title='bbox 961 1721 1097 1782; x_wconf 67' lang='lat' dir='ltr'><strong>Rem,</strong></span> <span class='ocrx_word' id='word_1_116' title='bbox 1128 1717 1308 1790; x_wconf 89' lang='lat' dir='ltr'><strong>inquit</strong></span> <span class='ocrx_word' id='word_1_117' title='bbox 1323 1758 1338 1786; x_wconf 93' lang='lat'><strong>,</strong></span> <span class='ocrx_word' id='word_1_118' title='bbox 1358 1717 1618 1787; x_wconf 76' lang='lat' dir='ltr'><strong>praecepit</strong></span> <span class='ocrx_word' id='word_1_119' title='bbox 1634 1715 1774 1769; x_wconf 83' lang='lat' dir='ltr'><strong>mihi</strong></span> <span class='ocrx_word' id='word_1_120' title='bbox 1789 1728 1901 1768; x_wconf 83' lang='lat' dir='ltr'><strong>ser-</strong></span> 
     </span>
    </p>
   </div>
   <div class='ocr_carea' id='block_1_19' title="bbox 2008 491 3607 566">
    <p class='ocr_par' dir='ltr' id='par_1_19' title="bbox 2008 491 3607 566">
     <span class='ocr_line' id='line_1_19' title="bbox 2008 491 3607 566; baseline 0 -16"><span class='ocrx_word' id='word_1_121' title='bbox 2008 495 2066 550; x_wconf 91' lang='lat' dir='ltr'><strong>in</strong></span> <span class='ocrx_word' id='word_1_122' title='bbox 2087 493 2316 550; x_wconf 85' lang='lat' dir='ltr'><strong>barbam</strong></span> <span class='ocrx_word' id='word_1_123' title='bbox 2368 513 2383 550; x_wconf 86' lang='lat'>:</span> <span class='ocrx_word' id='word_1_124' title='bbox 2413 507 2544 548; x_wconf 91' lang='lat' dir='ltr'><strong>cum</strong></span> <span class='ocrx_word' id='word_1_125' title='bbox 2583 491 2748 548; x_wconf 88' lang='lat' dir='ltr'><strong>etiam</strong></span> <span class='ocrx_word' id='word_1_126' title='bbox 2789 506 3030 550; x_wconf 78' lang='lat' dir='ltr'><strong>uxorum</strong></span> <span class='ocrx_word' id='word_1_127' title='bbox 3069 491 3607 566; x_wconf 86' lang='lat' dir='ltr'><strong>concubinarumque</strong></span> 
     </span>
    </p>
   </div>
   <div class='ocr_carea' id='block_1_20' title="bbox 2007 585 3606 661">
    <p class='ocr_par' dir='ltr' id='par_1_20' title="bbox 2007 585 3606 661">
     <span class='ocr_line' id='line_1_20' title="bbox 2007 585 3606 661; baseline -0.001 -16"><span class='ocrx_word' id='word_1_128' title='bbox 2007 588 2265 661; x_wconf 84' lang='lat' dir='ltr'><strong>gregibus</strong></span> <span class='ocrx_word' id='word_1_129' title='bbox 2310 587 2454 643; x_wconf 89' lang='lat' dir='ltr'><strong>licito</strong></span> <span class='ocrx_word' id='word_1_130' title='bbox 2493 585 2819 656; x_wconf 85' lang='lat' dir='ltr'><strong>fruerentur,</strong></span> <span class='ocrx_word' id='word_1_131' title='bbox 2863 599 2964 642; x_wconf 90' lang='lat' dir='ltr'><strong>nec</strong></span> <span class='ocrx_word' id='word_1_132' title='bbox 2992 585 3166 642; x_wconf 91' lang='lat' dir='ltr'><strong>ullum</strong></span> <span class='ocrx_word' id='word_1_133' title='bbox 3195 585 3273 641; x_wconf 92' lang='lat' dir='ltr'><strong>eis</strong></span> <span class='ocrx_word' id='word_1_134' title='bbox 3313 585 3606 659; x_wconf 87' lang='lat' dir='ltr'><strong>imputare-</strong></span> 
     </span>
    </p>
   </div>
   <div class='ocr_carea' id='block_1_21' title="bbox 2011 677 3608 754">
    <p class='ocr_par' dir='ltr' id='par_1_21' title="bbox 2011 677 3608 754">
     <span class='ocr_line' id='line_1_21' title="bbox 2011 677 3608 754; baseline -0.001 -16"><span class='ocrx_word' id='word_1_135' title='bbox 2011 690 2101 738; x_wconf 91' lang='lat' dir='ltr'><strong>tur</strong></span> <span class='ocrx_word' id='word_1_136' title='bbox 2127 697 2191 738; x_wconf 85' lang='lat' dir='ltr'><strong>ex</strong></span> <span class='ocrx_word' id='word_1_137' title='bbox 2221 682 2327 738; x_wconf 89' lang='lat' dir='ltr'><strong>hac</strong></span> <span class='ocrx_word' id='word_1_138' title='bbox 2348 689 2498 754; x_wconf 90' lang='lat' dir='ltr'><strong>parte</strong></span> <span class='ocrx_word' id='word_1_139' title='bbox 2516 687 2831 752; x_wconf 79' lang='lat' dir='ltr'><strong>peccatum;</strong></span> <span class='ocrx_word' id='word_1_140' title='bbox 2850 679 3075 750; x_wconf 90' lang='lat' dir='ltr'><strong>insuper</strong></span> <span class='ocrx_word' id='word_1_141' title='bbox 3111 687 3132 713; x_wconf 85' lang='lat'><strong>°</strong></span> <span class='ocrx_word' id='word_1_142' title='bbox 3159 677 3328 734; x_wconf 89' lang='lat' dir='ltr'><strong>etiam</strong></span> <span class='ocrx_word' id='word_1_143' title='bbox 3355 679 3608 736; x_wconf 89' lang='lat' dir='ltr'><strong>inimico-</strong></span> 
     </span>
    </p>
   </div>
   <div class='ocr_carea' id='block_1_22' title="bbox 2007 769 3608 848">
    <p class='ocr_par' dir='ltr' id='par_1_22' title="bbox 2007 769 3608 848">
     <span class='ocr_line' id='line_1_22' title="bbox 2007 769 3608 848; baseline -0.002 -16"><span class='ocrx_word' id='word_1_144' title='bbox 2007 792 2135 833; x_wconf 86' lang='lat' dir='ltr'><strong>rum</strong></span> <span class='ocrx_word' id='word_1_145' title='bbox 2161 776 2484 848; x_wconf 90' lang='lat' dir='ltr'><strong>sanguinem</strong></span> <span class='ocrx_word' id='word_1_146' title='bbox 2524 773 2740 847; x_wconf 88' lang='lat' dir='ltr'><strong>propria</strong></span> <span class='ocrx_word' id='word_1_147' title='bbox 2781 787 2949 829; x_wconf 88' lang='lat' dir='ltr'><strong>manu</strong></span> <span class='ocrx_word' id='word_1_148' title='bbox 2996 770 3308 844; x_wconf 85' lang='lat' dir='ltr'><strong>frequenter</strong></span> <span class='ocrx_word' id='word_1_149' title='bbox 3353 769 3608 829; x_wconf 75' lang='lat' dir='ltr'><strong>effunde-</strong></span> 
     </span>
    </p>
   </div>
   <div class='ocr_carea' id='block_1_23' title="bbox 2008 863 3609 942">
    <p class='ocr_par' dir='ltr' id='par_1_23' title="bbox 2008 863 3609 942">
     <span class='ocr_line' id='line_1_23' title="bbox 2008 863 3609 942; baseline -0.004 -16"><span class='ocrx_word' id='word_1_150' title='bbox 2008 878 2150 938; x_wconf 84' lang='lat' dir='ltr'><strong>rent,</strong></span> <span class='ocrx_word' id='word_1_151' title='bbox 2182 869 2342 940; x_wconf 85' lang='lat' dir='ltr'><strong>idque</strong></span> <span class='ocrx_word' id='word_1_152' title='bbox 2389 884 2500 926; x_wconf 89' lang='lat' dir='ltr'><strong>non</strong></span> <span class='ocrx_word' id='word_1_153' title='bbox 2535 868 2718 924; x_wconf 90' lang='lat' dir='ltr'><strong>solum</strong></span> <span class='ocrx_word' id='word_1_154' title='bbox 2766 882 2882 942; x_wconf 80' lang='lat' dir='ltr'><strong>non</strong></span> <span class='ocrx_word' id='word_1_155' title='bbox 2909 863 3365 937; x_wconf 90' lang='lat' dir='ltr'><strong>reprehensibile,</strong></span> <span class='ocrx_word' id='word_1_156' title='bbox 3417 879 3609 922; x_wconf 86' lang='lat' dir='ltr'><strong>verum</strong></span> 
     </span>
    </p>
   </div>
   <div class='ocr_carea' id='block_1_24' title="bbox 2007 959 3611 1034">
    <p class='ocr_par' dir='ltr' id='par_1_24' title="bbox 2007 959 3611 1034">
     <span class='ocr_line' id='line_1_24' title="bbox 2007 959 3611 1034; baseline -0.004 -12"><span class='ocrx_word' id='word_1_157' title='bbox 2007 964 2170 1022; x_wconf 86' lang='lat' dir='ltr'><strong>etiam</strong></span> <span class='ocrx_word' id='word_1_158' title='bbox 2193 961 2462 1019; x_wconf 88' lang='lat' dir='ltr'><strong>laudabile</strong></span> <span class='ocrx_word' id='word_1_159' title='bbox 2487 960 2818 1020; x_wconf 86' lang='lat' dir='ltr'><strong>crederetur.</strong></span> <span class='ocrx_word' id='word_1_160' title='bbox 2847 963 2984 1032; x_wconf 76' lang='lat' dir='ltr'><strong>Quae</strong></span> <span class='ocrx_word' id='word_1_161' title='bbox 3006 961 3082 1016; x_wconf 85' lang='lat' dir='ltr'><strong>ita</strong></span> <span class='ocrx_word' id='word_1_162' title='bbox 3108 975 3284 1028; x_wconf 90' lang='lat' dir='ltr'><strong>nunc,</strong></span> <span class='ocrx_word' id='word_1_163' title='bbox 3315 959 3611 1034; x_wconf 86' lang='lat' dir='ltr'><strong>Evangelio</strong></span> 
     </span>
    </p>
   </div>
   <div class='ocr_carea' id='block_1_25' title="bbox 2008 1055 3610 1124">
    <p class='ocr_par' dir='ltr' id='par_1_25' title="bbox 2008 1055 3610 1124">
     <span class='ocr_line' id='line_1_25' title="bbox 2008 1055 3610 1124; baseline -0.001 -10"><span class='ocrx_word' id='word_1_164' title='bbox 2008 1063 2356 1124; x_wconf 88' lang='lat' dir='ltr'><strong>coruscante,</strong></span> <span class='ocrx_word' id='word_1_165' title='bbox 2405 1055 2660 1114; x_wconf 86' lang='lat' dir='ltr'><strong>videmus</strong></span> <span class='ocrx_word' id='word_1_166' title='bbox 2697 1055 3035 1114; x_wconf 89' lang='lat' dir='ltr'><strong>omnimodis</strong></span> <span class='ocrx_word' id='word_1_167' title='bbox 3059 1055 3377 1124; x_wconf 82' lang='lat' dir='ltr'><strong>interdicta,</strong></span> <span class='ocrx_word' id='word_1_168' title='bbox 3404 1064 3470 1114; x_wconf 90' lang='lat' dir='ltr'><strong>ut</strong></span> <span class='ocrx_word' id='word_1_169' title='bbox 3493 1057 3610 1113; x_wconf 85' lang='lat' dir='ltr'><strong>sine</strong></span> 
     </span>
    </p>
   </div>
   <div class='ocr_carea' id='block_1_26' title="bbox 2008 1147 3607 1222">
    <p class='ocr_par' dir='ltr' id='par_1_26' title="bbox 2008 1147 3607 1222">
     <span class='ocr_line' id='line_1_26' title="bbox 2008 1147 3607 1222; baseline -0.001 -18"><span class='ocrx_word' id='word_1_170' title='bbox 2008 1149 2210 1222; x_wconf 83' lang='lat' dir='ltr'><strong>ingenti</strong></span> <span class='ocrx_word' id='word_1_171' title='bbox 2241 1148 2468 1206; x_wconf 88' lang='lat' dir='ltr'><strong>crimine</strong></span> <span class='ocrx_word' id='word_1_172' title='bbox 2497 1164 2562 1204; x_wconf 84' lang='lat' dir='ltr'><strong>ac</strong></span> <span class='ocrx_word' id='word_1_173' title='bbox 2603 1147 2884 1222; x_wconf 84' lang='lat' dir='ltr'><strong>sacrilegio</strong></span> <span class='ocrx_word' id='word_1_174' title='bbox 2910 1148 3109 1206; x_wconf 90' lang='lat' dir='ltr'><strong>horum</strong></span> <span class='ocrx_word' id='word_1_175' title='bbox 3155 1148 3452 1221; x_wconf 89' lang='lat' dir='ltr'><strong>quidquam</strong></span> <span class='ocrx_word' id='word_1_176' title='bbox 3495 1165 3607 1206; x_wconf 91' lang='lat' dir='ltr'><strong>non</strong></span> 
     </span>
    </p>
   </div>
   <div class='ocr_carea' id='block_1_27' title="bbox 2009 1241 3606 1316">
    <p class='ocr_par' dir='ltr' id='par_1_27' title="bbox 2009 1241 3606 1316">
     <span class='ocr_line' id='line_1_27' title="bbox 2009 1241 3606 1316; baseline -0.003 -16"><span class='ocrx_word' id='word_1_177' title='bbox 2009 1243 2180 1316; x_wconf 88' lang='lat' dir='ltr'><strong>possit</strong></span> <span class='ocrx_word' id='word_1_178' title='bbox 2205 1241 2437 1300; x_wconf 87' lang='lat' dir='ltr'><strong>admitti.</strong></span> <span class='ocrx_word' id='word_1_179' title='bbox 2473 1241 2956 1311; x_wconf 82' lang='lat' dir='ltr'><strong>Quemadmodum</strong></span> <span class='ocrx_word' id='word_1_180' title='bbox 2992 1257 3096 1297; x_wconf 87' lang='lat' dir='ltr'><strong>nec</strong></span> <span class='ocrx_word' id='word_1_181' title='bbox 3135 1241 3481 1298; x_wconf 89' lang='lat' dir='ltr'><strong>mendacium</strong></span> <span class='ocrx_word' id='word_1_182' title='bbox 3518 1242 3606 1297; x_wconf 88' lang='lat' dir='ltr'><strong>ul-</strong></span> 
     </span>
    </p>
   </div>
   <div class='ocr_carea' id='block_1_28' title="bbox 2006 1333 3609 1410">
    <p class='ocr_par' dir='ltr' id='par_1_28' title="bbox 2006 1333 3609 1410">
     <span class='ocr_line' id='line_1_28' title="bbox 2006 1333 3609 1410; baseline -0.001 -18"><span class='ocrx_word' id='word_1_183' title='bbox 2006 1337 2144 1404; x_wconf 90' lang='lat' dir='ltr'><strong>lum,</strong></span> <span class='ocrx_word' id='word_1_184' title='bbox 2183 1335 2486 1410; x_wconf 83' lang='lat' dir='ltr'><strong>quamlibet</strong></span> <span class='ocrx_word' id='word_1_185' title='bbox 2525 1336 2616 1408; x_wconf 91' lang='lat' dir='ltr'><strong>pio</strong></span> <span class='ocrx_word' id='word_1_186' title='bbox 2660 1335 2846 1392; x_wconf 90' lang='lat' dir='ltr'><strong>colore</strong></span> <span class='ocrx_word' id='word_1_187' title='bbox 2897 1342 3242 1404; x_wconf 88' lang='lat' dir='ltr'><strong>contectum,</strong></span> <span class='ocrx_word' id='word_1_188' title='bbox 3290 1350 3404 1390; x_wconf 90' lang='lat' dir='ltr'><strong>non</strong></span> <span class='ocrx_word' id='word_1_189' title='bbox 3430 1333 3609 1390; x_wconf 89' lang='lat' dir='ltr'><strong>dicam</strong></span> 
     </span>
    </p>
   </div>
   <div class='ocr_carea' id='block_1_29' title="bbox 2006 1427 3609 1504">
    <p class='ocr_par' dir='ltr' id='par_1_29' title="bbox 2006 1427 3609 1504">
     <span class='ocr_line' id='line_1_29' title="bbox 2006 1427 3609 1504; baseline -0.001 -16"><span class='ocrx_word' id='word_1_190' title='bbox 2006 1430 2381 1504; x_wconf 88' lang='lat' dir='ltr'><strong>probabiliter,</strong></span> <span class='ocrx_word' id='word_1_191' title='bbox 2430 1429 2528 1486; x_wconf 91' lang='lat' dir='ltr'><strong>sed</strong></span> <span class='ocrx_word' id='word_1_192' title='bbox 2553 1443 2656 1486; x_wconf 89' lang='lat' dir='ltr'><strong>nec</strong></span> <span class='ocrx_word' id='word_1_193' title='bbox 2684 1427 3027 1484; x_wconf 88' lang='lat' dir='ltr'><strong>veniabiliter</strong></span> <span class='ocrx_word' id='word_1_194' title='bbox 3062 1443 3092 1483; x_wconf 84' lang='lat' dir='ltr'><strong>e</strong></span> <span class='ocrx_word' id='word_1_195' title='bbox 3117 1443 3394 1501; x_wconf 88' lang='lat' dir='ltr'><strong>quoquam</strong></span> <span class='ocrx_word' id='word_1_196' title='bbox 3430 1428 3609 1486; x_wconf 89' lang='lat' dir='ltr'><strong>credi-</strong></span> 
     </span>
    </p>
   </div>
   <div class='ocr_carea' id='block_1_30' title="bbox 2005 1521 3610 1596">
    <p class='ocr_par' dir='ltr' id='par_1_30' title="bbox 2005 1521 3610 1596">
     <span class='ocr_line' id='line_1_30' title="bbox 2005 1521 3610 1596; baseline -0.001 -15"><span class='ocrx_word' id='word_1_197' title='bbox 2005 1539 2134 1582; x_wconf 88' lang='lat' dir='ltr'><strong>mus</strong></span> <span class='ocrx_word' id='word_1_198' title='bbox 2152 1523 2427 1596; x_wconf 85' lang='lat' dir='ltr'><strong>usurpari,</strong></span> <span class='ocrx_word' id='word_1_199' title='bbox 2455 1522 2666 1580; x_wconf 88' lang='lat' dir='ltr'><strong>dicente</strong></span> <span class='ocrx_word' id='word_1_200' title='bbox 2699 1521 2938 1580; x_wconf 90' lang='lat' dir='ltr'><strong>Domino</strong></span> <span class='ocrx_word' id='word_1_201' title='bbox 2963 1538 2978 1575; x_wconf 93' lang='lat'>:</span> <span class='ocrx_word' id='word_1_202' title='bbox 3004 1522 3092 1576; x_wconf 89' lang='lat' dir='ltr'><strong>Sit</strong></span> <span class='ocrx_word' id='word_1_203' title='bbox 3113 1537 3284 1576; x_wconf 82' lang='lat' dir='ltr'><strong>sermo</strong></span> <span class='ocrx_word' id='word_1_204' title='bbox 3312 1527 3500 1586; x_wconf 87' lang='lat' dir='ltr'><strong>vester,</strong></span> <span class='ocrx_word' id='word_1_205' title='bbox 3531 1527 3610 1579; x_wconf 86' lang='lat' dir='ltr'><strong>est</strong></span> 
     </span>
    </p>
   </div>
   <div class='ocr_carea' id='block_1_31' title="bbox 2006 1615 3608 1688">
    <p class='ocr_par' dir='ltr' id='par_1_31' title="bbox 2006 1615 3608 1688">
     <span class='ocr_line' id='line_1_31' title="bbox 2006 1615 3608 1688; baseline -0.004 -13"><span class='ocrx_word' id='word_1_206' title='bbox 2006 1624 2104 1687; x_wconf 88' lang='lat' dir='ltr'><strong>est,</strong></span> <span class='ocrx_word' id='word_1_207' title='bbox 2124 1635 2228 1674; x_wconf 86' lang='lat' dir='ltr'><strong>non</strong></span> <span class='ocrx_word' id='word_1_208' title='bbox 2246 1634 2350 1674; x_wconf 86' lang='lat' dir='ltr'><strong>non</strong></span> <span class='ocrx_word' id='word_1_209' title='bbox 2372 1637 2390 1685; x_wconf 90' lang='lat'><strong><em>;</em></strong></span> <span class='ocrx_word' id='word_1_210' title='bbox 2419 1617 2564 1688; x_wconf 88' lang='lat' dir='ltr'><strong>quod</strong></span> <span class='ocrx_word' id='word_1_211' title='bbox 2579 1620 2760 1672; x_wconf 89' lang='lat' dir='ltr'><strong>autem</strong></span> <span class='ocrx_word' id='word_1_212' title='bbox 2787 1616 2877 1672; x_wconf 78' lang='lat' dir='ltr'><strong>his</strong></span> <span class='ocrx_word' id='word_1_213' title='bbox 2895 1615 3272 1670; x_wconf 77' lang='lat' dir='ltr'><strong>abundantius</strong></span> <span class='ocrx_word' id='word_1_214' title='bbox 3297 1619 3392 1678; x_wconf 82' lang='lat' dir='ltr'><strong>est,</strong></span> <span class='ocrx_word' id='word_1_215' title='bbox 3416 1631 3451 1669; x_wconf 89' lang='lat' dir='ltr'><strong>a</strong></span> <span class='ocrx_word' id='word_1_216' title='bbox 3468 1618 3608 1670; x_wconf 88' lang='lat' dir='ltr'><strong>malo</strong></span> 
     </span>
    </p>
   </div>
   <div class='ocr_carea' id='block_1_32' title="bbox 2007 1707 3610 1782">
    <p class='ocr_par' dir='ltr' id='par_1_32' title="bbox 2007 1707 3610 1782">
     <span class='ocr_line' id='line_1_32' title="bbox 2007 1707 3610 1782; baseline -0.003 -14"><span class='ocrx_word' id='word_1_217' title='bbox 2007 1717 2085 1768; x_wconf 90' lang='lat' dir='ltr'><strong>est</strong></span> <span class='ocrx_word' id='word_1_218' title='bbox 2135 1713 2354 1781; x_wconf 81' lang='lat' dir='ltr'><strong>(Matth.</strong></span> <span class='ocrx_word' id='word_1_219' title='bbox 2387 1713 2458 1776; x_wconf 76' lang='grc' dir='ltr'><strong>ν)</strong></span> <span class='ocrx_word' id='word_1_220' title='bbox 2498 1730 2512 1768; x_wconf 89' lang='lat'><strong>:</strong></span> <span class='ocrx_word' id='word_1_221' title='bbox 2548 1709 2818 1782; x_wconf 84' lang='lat' dir='ltr'><strong>Apostolo</strong></span> <span class='ocrx_word' id='word_1_222' title='bbox 2862 1724 3082 1782; x_wconf 88' lang='lat' dir='ltr'><strong>quoque</strong></span> <span class='ocrx_word' id='word_1_223' title='bbox 3129 1707 3184 1764; x_wconf 89' lang='lat' dir='ltr'><strong>in</strong></span> <span class='ocrx_word' id='word_1_224' title='bbox 3235 1708 3426 1764; x_wconf 87' lang='lat' dir='ltr'><strong>eadem</strong></span> <span class='ocrx_word' id='word_1_225' title='bbox 3473 1724 3610 1764; x_wconf 85' lang='lat' dir='ltr'><strong>con-</strong></span> 
     </span>
    </p>
   </div>
   <div class='ocr_carea' id='block_1_33' title="bbox 299 1803 3361 1882">
    <p class='ocr_par' dir='ltr' id='par_1_33' title="bbox 299 1803 3361 1882">
     <span class='ocr_line' id='line_1_33' title="bbox 299 1803 3361 1882; baseline -0.003 -14"><span class='ocrx_word' id='word_1_226' title='bbox 299 1826 524 1876; x_wconf 76' lang='lat' dir='ltr'><strong>manem,</strong></span> <span class='ocrx_word' id='word_1_227' title='bbox 569 1817 619 1867; x_wconf 89' lang='lat' dir='ltr'><strong>et</strong></span> <span class='ocrx_word' id='word_1_228' title='bbox 639 1813 785 1868; x_wconf 73' lang='lat' dir='ltr'><strong>dimit</strong></span> <span class='ocrx_word' id='word_1_229' title='bbox 815 1832 831 1868; x_wconf 89' lang='lat'><strong><em>:</em></strong></span> <span class='ocrx_word' id='word_1_230' title='bbox 863 1815 1022 1871; x_wconf 88' lang='lat' dir='ltr'><strong>Nemo</strong></span> <span class='ocrx_word' id='word_1_231' title='bbox 1047 1815 1180 1867; x_wconf 92' lang='lat' dir='ltr'><strong>sciat</strong></span> <span class='ocrx_word' id='word_1_232' title='bbox 1209 1828 1322 1866; x_wconf 88' lang='lat' dir='ltr'><strong>rem</strong></span> <span class='ocrx_word' id='word_1_233' title='bbox 1342 1815 1566 1882; x_wconf 80' lang='lat' dir='ltr'><strong>propter</strong></span> <span class='ocrx_word' id='word_1_234' title='bbox 1587 1825 1749 1880; x_wconf 85' lang='lat' dir='ltr'><strong>quam</strong></span> <span class='ocrx_word' id='word_1_235' title='bbox 1770 1810 1900 1862; x_wconf 87' lang='lat' dir='ltr'><strong>mis-</strong></span> <span class='ocrx_word' id='word_1_236' title='bbox 1930 1815 1978 1879; x_wconf 80' lang='grc' dir='ltr'>Β</span> <span class='ocrx_word' id='word_1_237' title='bbox 2005 1815 2256 1878; x_wconf 88' lang='lat' dir='ltr'><strong>gruente,</strong></span> <span class='ocrx_word' id='word_1_238' title='bbox 2300 1808 2476 1864; x_wconf 88' lang='lat' dir='ltr'><strong>Nolite</strong></span> <span class='ocrx_word' id='word_1_239' title='bbox 2501 1807 2726 1861; x_wconf 87' lang='lat' dir='ltr'><strong>menti-ri</strong></span> <span class='ocrx_word' id='word_1_240' title='bbox 2755 1805 2981 1860; x_wconf 75' lang='lat' dir='ltr'><strong>invicem</strong></span> <span class='ocrx_word' id='word_1_241' title='bbox 3009 1803 3208 1876; x_wconf 86' lang='lat' dir='ltr'><strong>(Colos.</strong></span> <span class='ocrx_word' id='word_1_242' title='bbox 3239 1806 3361 1870; x_wconf 81' lang='lat' dir='ltr'><strong>In).</strong></span> 
     </span>
    </p>
   </div>
   <div class='ocr_carea' id='block_1_34' title="bbox 298 1903 1902 1976">
    <p class='ocr_par' dir='ltr' id='par_1_34' title="bbox 298 1903 1902 1976">
     <span class='ocr_line' id='line_1_34' title="bbox 298 1903 1902 1976; baseline -0.001 -19"><span class='ocrx_word' id='word_1_243' title='bbox 298 1919 390 1958; x_wconf 88' lang='lat' dir='ltr'><strong>sus</strong></span> <span class='ocrx_word' id='word_1_244' title='bbox 419 1921 472 1960; x_wconf 89' lang='lat' dir='ltr'><strong>es</strong></span> <span class='ocrx_word' id='word_1_245' title='bbox 501 1924 519 1959; x_wconf 92' lang='lat'><strong><em>:</em></strong></span> <span class='ocrx_word' id='word_1_246' title='bbox 543 1922 674 1960; x_wconf 88' lang='lat' dir='ltr'><strong>nam</strong></span> <span class='ocrx_word' id='word_1_247' title='bbox 695 1911 744 1960; x_wconf 88' lang='lat' dir='ltr'><strong>et</strong></span> <span class='ocrx_word' id='word_1_248' title='bbox 755 1909 943 1976; x_wconf 87' lang='lat' dir='ltr'><strong>pueris</strong></span> <span class='ocrx_word' id='word_1_249' title='bbox 961 1907 1186 1960; x_wconf 62' lang='lat' dir='ltr'><strong>conduci</strong></span> <span class='ocrx_word' id='word_1_250' title='bbox 1207 1908 1266 1960; x_wconf 84' lang='lat' dir='ltr'><strong>in</strong></span> <span class='ocrx_word' id='word_1_251' title='bbox 1293 1907 1470 1969; x_wconf 87' lang='lat' dir='ltr'><strong>illum,</strong></span> <span class='ocrx_word' id='word_1_252' title='bbox 1491 1909 1542 1960; x_wconf 88' lang='lat' dir='ltr'><strong>et</strong></span> <span class='ocrx_word' id='word_1_253' title='bbox 1570 1906 1630 1958; x_wconf 89' lang='lat' dir='ltr'><strong>in</strong></span> <span class='ocrx_word' id='word_1_254' title='bbox 1646 1904 1801 1958; x_wconf 89' lang='lat' dir='ltr'><strong>illum</strong></span> <span class='ocrx_word' id='word_1_255' title='bbox 1827 1903 1902 1957; x_wconf 89' lang='lat' dir='ltr'><strong>lo-</strong></span> 
     </span>
    </p>
   </div>
   <div class='ocr_carea' id='block_1_35' title="bbox 302 1997 1900 2067">
    <p class='ocr_par' dir='ltr' id='par_1_35' title="bbox 302 1997 1900 2067">
     <span class='ocr_line' id='line_1_35' title="bbox 302 1997 1900 2067; baseline -0.003 -13"><span class='ocrx_word' id='word_1_256' title='bbox 302 2015 422 2054; x_wconf 87' lang='lat' dir='ltr'><strong>cum</strong></span> <span class='ocrx_word' id='word_1_257' title='bbox 438 2001 480 2064; x_wconf 86' lang='lat' dir='ltr'><strong>(l</strong></span> <span class='ocrx_word' id='word_1_258' title='bbox 503 2003 632 2067; x_wconf 85' lang='lat' dir='ltr'><strong>Reg.</strong></span> <span class='ocrx_word' id='word_1_259' title='bbox 651 2003 803 2063; x_wconf 71' lang='lat' dir='ltr'><strong>xxx).</strong></span> <span class='ocrx_word' id='word_1_260' title='bbox 827 2000 898 2053; x_wconf 79' lang='lat' dir='ltr'><strong>Et</strong></span> <span class='ocrx_word' id='word_1_261' title='bbox 909 1999 1105 2054; x_wconf 88' lang='lat' dir='ltr'><strong>iterum</strong></span> <span class='ocrx_word' id='word_1_262' title='bbox 1132 2015 1148 2053; x_wconf 89' lang='lat'><strong>:</strong></span> <span class='ocrx_word' id='word_1_263' title='bbox 1193 2001 1254 2055; x_wconf 89' lang='lat' dir='ltr'><strong>Si</strong></span> <span class='ocrx_word' id='word_1_264' title='bbox 1271 1999 1430 2053; x_wconf 79' lang='lat' dir='ltr'><strong>habes</strong></span> <span class='ocrx_word' id='word_1_265' title='bbox 1459 1999 1544 2053; x_wconf 84' lang='lat' dir='ltr'><strong>hic</strong></span> <span class='ocrx_word' id='word_1_266' title='bbox 1568 1997 1643 2052; x_wconf 86' lang='lat' dir='ltr'><strong>ad</strong></span> <span class='ocrx_word' id='word_1_267' title='bbox 1677 2011 1900 2052; x_wconf 87' lang='lat' dir='ltr'><strong>manum</strong></span> 
     </span>
    </p>
   </div>
   <div class='ocr_carea' id='block_1_36' title="bbox 300 2090 1902 2160">
    <p class='ocr_par' dir='ltr' id='par_1_36' title="bbox 300 2090 1902 2160">
     <span class='ocr_line' id='line_1_36' title="bbox 300 2090 1902 2160; baseline -0.001 -16"><span class='ocrx_word' id='word_1_268' title='bbox 300 2090 515 2144; x_wconf 80' lang='lat' dir='ltr'><strong>hastam</strong></span> <span class='ocrx_word' id='word_1_269' title='bbox 527 2095 622 2145; x_wconf 87' lang='lat' dir='ltr'><strong>aut</strong></span> <span class='ocrx_word' id='word_1_270' title='bbox 643 2090 908 2159; x_wconf 83' lang='lat' dir='ltr'><strong>gladium,</strong></span> <span class='ocrx_word' id='word_1_271' title='bbox 931 2092 1064 2160; x_wconf 86' lang='lat' dir='ltr'><strong>quia</strong></span> <span class='ocrx_word' id='word_1_272' title='bbox 1079 2090 1328 2160; x_wconf 82' lang='lat' dir='ltr'><strong>gladium</strong></span> <span class='ocrx_word' id='word_1_273' title='bbox 1350 2105 1526 2145; x_wconf 90' lang='lat' dir='ltr'><strong>meum</strong></span> <span class='ocrx_word' id='word_1_274' title='bbox 1545 2093 1595 2144; x_wconf 87' lang='lat' dir='ltr'><strong>et</strong></span> <span class='ocrx_word' id='word_1_275' title='bbox 1614 2105 1768 2144; x_wconf 84' lang='lat' dir='ltr'><strong>arma</strong></span> <span class='ocrx_word' id='word_1_276' title='bbox 1784 2103 1902 2144; x_wconf 90' lang='lat' dir='ltr'><strong>mea</strong></span> 
     </span>
    </p>
   </div>
   <div class='ocr_carea' id='block_1_37' title="bbox 295 2181 1897 2256">
    <p class='ocr_par' dir='ltr' id='par_1_37' title="bbox 295 2181 1897 2256">
     <span class='ocr_line' id='line_1_37' title="bbox 295 2181 1897 2256; baseline 0.001 -20"><span class='ocrx_word' id='word_1_277' title='bbox 295 2198 406 2237; x_wconf 85' lang='lat' dir='ltr'><strong>non</strong></span> <span class='ocrx_word' id='word_1_278' title='bbox 447 2185 554 2239; x_wconf 84' lang='lat' dir='ltr'><strong>tuli</strong></span> <span class='ocrx_word' id='word_1_279' title='bbox 575 2199 776 2238; x_wconf 91' lang='lat' dir='ltr'><strong>mecum</strong></span> <span class='ocrx_word' id='word_1_280' title='bbox 817 2183 1036 2256; x_wconf 69' lang='lat' dir='ltr'><strong>(Ibid);</strong></span> <span class='ocrx_word' id='word_1_281' title='bbox 1082 2197 1265 2240; x_wconf 90' lang='lat' dir='ltr'><strong>sermo</strong></span> <span class='ocrx_word' id='word_1_282' title='bbox 1294 2183 1441 2239; x_wconf 89' lang='lat' dir='ltr'><strong>enim</strong></span> <span class='ocrx_word' id='word_1_283' title='bbox 1480 2181 1620 2255; x_wconf 87' lang='lat' dir='ltr'><strong>regis</strong></span> <span class='ocrx_word' id='word_1_284' title='bbox 1653 2181 1897 2255; x_wconf 88' lang='lat' dir='ltr'><strong>urgebat.</strong></span> 
     </span>
    </p>
   </div>
   <div class='ocr_carea' id='block_1_38' title="bbox 298 2273 1899 2349">
    <p class='ocr_par' dir='ltr' id='par_1_38' title="bbox 298 2273 1899 2349">
     <span class='ocr_line' id='line_1_38' title="bbox 298 2273 1899 2349; baseline -0.001 -18"><span class='ocrx_word' id='word_1_285' title='bbox 298 2274 398 2331; x_wconf 77' lang='lat' dir='ltr'><strong>Vel</strong></span> <span class='ocrx_word' id='word_1_286' title='bbox 428 2273 563 2333; x_wconf 91' lang='lat' dir='ltr'><strong>illud</strong></span> <span class='ocrx_word' id='word_1_287' title='bbox 592 2293 606 2332; x_wconf 88' lang='lat'><strong>:</strong></span> <span class='ocrx_word' id='word_1_288' title='bbox 631 2277 772 2334; x_wconf 91' lang='lat' dir='ltr'><strong>Cum</strong></span> <span class='ocrx_word' id='word_1_289' title='bbox 800 2275 1094 2349; x_wconf 89' lang='lat' dir='ltr'><strong>perductus</strong></span> <span class='ocrx_word' id='word_1_290' title='bbox 1120 2275 1188 2332; x_wconf 90' lang='lat' dir='ltr'><strong>ad</strong></span> <span class='ocrx_word' id='word_1_291' title='bbox 1214 2275 1384 2334; x_wconf 82' lang='lat' dir='ltr'><strong>Achis</strong></span> <span class='ocrx_word' id='word_1_292' title='bbox 1409 2291 1598 2348; x_wconf 89' lang='lat' dir='ltr'><strong>regem</strong></span> <span class='ocrx_word' id='word_1_293' title='bbox 1619 2275 1782 2342; x_wconf 86' lang='lat' dir='ltr'><strong>Geth,</strong></span> <span class='ocrx_word' id='word_1_294' title='bbox 1808 2275 1899 2330; x_wconf 90' lang='lat' dir='ltr'><strong>in-</strong></span> 
     </span>
    </p>
   </div>
   <div class='ocr_carea' id='block_1_39' title="bbox 289 2367 1898 2444">
    <p class='ocr_par' dir='ltr' id='par_1_39' title="bbox 289 2367 1898 2444">
     <span class='ocr_line' id='line_1_39' title="bbox 289 2367 1898 2444; baseline 0.001 -20"><span class='ocrx_word' id='word_1_295' title='bbox 289 2383 490 2425; x_wconf 88' lang='lat' dir='ltr'><strong>sanum</strong></span> <span class='ocrx_word' id='word_1_296' title='bbox 519 2385 576 2426; x_wconf 89' lang='lat' dir='ltr'><strong>se</strong></span> <span class='ocrx_word' id='word_1_297' title='bbox 595 2367 977 2444; x_wconf 83' lang='lat' dir='ltr'><strong>furiosumque</strong></span> <span class='ocrx_word' id='word_1_298' title='bbox 997 2371 1294 2440; x_wconf 87' lang='lat' dir='ltr'><strong>simulavit,</strong></span> <span class='ocrx_word' id='word_1_299' title='bbox 1315 2385 1377 2427; x_wconf 88' lang='lat' dir='ltr'><strong>ac</strong></span> <span class='ocrx_word' id='word_1_300' title='bbox 1394 2369 1628 2427; x_wconf 88' lang='lat' dir='ltr'><strong>mutavit</strong></span> <span class='ocrx_word' id='word_1_301' title='bbox 1650 2384 1712 2426; x_wconf 90' lang='lat' dir='ltr'><strong>os</strong></span> <span class='ocrx_word' id='word_1_302' title='bbox 1735 2385 1898 2426; x_wconf 90' lang='lat' dir='ltr'><strong>suum</strong></span> 
     </span>
    </p>
   </div>
   <div class='ocr_carea' id='block_1_40' title="bbox 287 2463 1900 2532">
    <p class='ocr_par' dir='ltr' id='par_1_40' title="bbox 287 2463 1900 2532">
     <span class='ocr_line' id='line_1_40' title="bbox 287 2463 1900 2532; baseline 0 -12"><span class='ocrx_word' id='word_1_303' title='bbox 287 2477 480 2520; x_wconf 87' lang='lat' dir='ltr'><strong>coram</strong></span> <span class='ocrx_word' id='word_1_304' title='bbox 523 2463 636 2532; x_wconf 91' lang='lat' dir='ltr'><strong>eis,</strong></span> <span class='ocrx_word' id='word_1_305' title='bbox 666 2472 724 2522; x_wconf 93' lang='lat' dir='ltr'><strong>et</strong></span> <span class='ocrx_word' id='word_1_306' title='bbox 769 2465 1140 2523; x_wconf 89' lang='lat' dir='ltr'><strong>collabebatur</strong></span> <span class='ocrx_word' id='word_1_307' title='bbox 1177 2465 1230 2521; x_wconf 90' lang='lat' dir='ltr'><strong>in</strong></span> <span class='ocrx_word' id='word_1_308' title='bbox 1261 2479 1456 2522; x_wconf 89' lang='lat' dir='ltr'><strong>manus</strong></span> <span class='ocrx_word' id='word_1_309' title='bbox 1489 2479 1684 2521; x_wconf 90' lang='lat' dir='ltr'><strong>eorum</strong></span> <span class='ocrx_word' id='word_1_310' title='bbox 1715 2471 1768 2520; x_wconf 92' lang='lat' dir='ltr'><strong>et</strong></span> <span class='ocrx_word' id='word_1_311' title='bbox 1795 2463 1900 2520; x_wconf 87' lang='lat' dir='ltr'><strong>im-</strong></span> 
     </span>
    </p>
   </div>
   <div class='ocr_carea' id='block_1_41' title="bbox 2577 1915 3081 1984">
    <p class='ocr_par' dir='ltr' id='par_1_41' title="bbox 2577 1915 3081 1984">
     <span class='ocr_line' id='line_1_41' title="bbox 2577 1915 3081 1984; baseline -0.012 -9"><span class='ocrx_word' id='word_1_312' title='bbox 2577 1917 2818 1975; x_wconf 85' lang='lat' dir='ltr'><strong>CAPUT</strong></span> <span class='ocrx_word' id='word_1_313' title='bbox 2843 1915 3008 1972; x_wconf 81' lang='lat' dir='ltr'><strong>XIX.</strong></span> <span class='ocrx_word' id='word_1_314' title='bbox 3077 1980 3081 1984; x_wconf 49' lang='grc'>,</span> 
     </span>
    </p>
   </div>
   <div class='ocr_carea' id='block_1_42' title="bbox 2009 2019 3612 2089">
    <p class='ocr_par' dir='ltr' id='par_1_42' title="bbox 2009 2019 3612 2089">
     <span class='ocr_line' id='line_1_42' title="bbox 2009 2019 3612 2089; baseline -0.002 -13"><span class='ocrx_word' id='word_1_315' title='bbox 2009 2021 2294 2089; x_wconf 70' lang='lat' dir='ltr'><strong>Responsio</strong></span> <span class='ocrx_word' id='word_1_316' title='bbox 2321 2033 2380 2074; x_wconf 91' lang='lat' dir='ltr'><strong>eo</strong></span> <span class='ocrx_word' id='word_1_317' title='bbox 2407 2019 2552 2089; x_wconf 82' lang='lat' dir='ltr'><strong>quod</strong></span> <span class='ocrx_word' id='word_1_318' title='bbox 2579 2019 2797 2075; x_wconf 81' lang='lat' dir='ltr'><strong>licentia</strong></span> <span class='ocrx_word' id='word_1_319' title='bbox 2816 2019 3106 2082; x_wconf 80' lang='lat' dir='ltr'><strong>mendacii,</strong></span> <span class='ocrx_word' id='word_1_320' title='bbox 3135 2033 3255 2089; x_wconf 66' lang='lat' dir='ltr'><strong>quae</strong></span> <span class='ocrx_word' id='word_1_321' title='bbox 3271 2034 3340 2074; x_wconf 87' lang='lat' dir='ltr'><strong>ne</strong></span> <span class='ocrx_word' id='word_1_322' title='bbox 3363 2019 3423 2073; x_wconf 84' lang='lat' dir='ltr'><strong>in</strong></span> <span class='ocrx_word' id='word_1_323' title='bbox 3443 2021 3612 2075; x_wconf 80' lang='lat' dir='ltr'><strong>veteri</strong></span> 
     </span>
    </p>
   </div>
   <div class='ocr_carea' id='block_1_43' title="bbox 2076 2091 3606 2160">
    <p class='ocr_par' dir='ltr' id='par_1_43' title="bbox 2076 2091 3606 2160">
     <span class='ocr_line' id='line_1_43' title="bbox 2076 2091 3606 2160; baseline 0.001 -16"><span class='ocrx_word' id='word_1_324' title='bbox 2076 2091 2292 2160; x_wconf 73' lang='lat' dir='ltr'><strong>quidem</strong></span> <span class='ocrx_word' id='word_1_325' title='bbox 2310 2091 2531 2145; x_wconf 80' lang='lat' dir='ltr'><strong>indulta</strong></span> <span class='ocrx_word' id='word_1_326' title='bbox 2553 2096 2633 2146; x_wconf 85' lang='lat' dir='ltr'><strong>est</strong></span> <span class='ocrx_word' id='word_1_327' title='bbox 2655 2094 3005 2152; x_wconf 84' lang='lat' dir='ltr'><strong>Testamento,</strong></span> <span class='ocrx_word' id='word_1_328' title='bbox 3021 2091 3358 2146; x_wconf 81' lang='lat' dir='ltr'><strong>veniabilite-r</strong></span> <span class='ocrx_word' id='word_1_329' title='bbox 3375 2107 3410 2144; x_wconf 90' lang='lat' dir='ltr'><strong>a</strong></span> <span class='ocrx_word' id='word_1_330' title='bbox 3423 2093 3606 2146; x_wconf 84' lang='lat' dir='ltr'><strong>multis</strong></span> 
     </span>
    </p>
   </div>
   <div class='ocr_carea' id='block_1_44' title="bbox 2081 2163 2970 2232">
    <p class='ocr_par' dir='ltr' id='par_1_44' title="bbox 2081 2163 2970 2232">
     <span class='ocr_line' id='line_1_44' title="bbox 2081 2163 2970 2232; baseline -0.001 -16"><span class='ocrx_word' id='word_1_331' title='bbox 2081 2163 2254 2229; x_wconf 82' lang='lat' dir='ltr'><strong>fuerit</strong></span> <span class='ocrx_word' id='word_1_332' title='bbox 2280 2166 2568 2232; x_wconf 81' lang='lat' dir='ltr'><strong>usurpata.</strong></span> <span class='ocrx_word' id='word_1_333' title='bbox 2959 2193 2970 2208; x_wconf 73' lang='grc' dir='ltr'><em>ι</em></span> 
     </span>
    </p>
   </div>
   <div class='ocr_carea' id='block_1_45' title="bbox 2075 2261 3606 2348">
    <p class='ocr_par' dir='ltr' id='par_1_45' title="bbox 2075 2261 3606 2348">
     <span class='ocr_line' id='line_1_45' title="bbox 2075 2261 3606 2348; baseline 0 -18"><span class='ocrx_word' id='word_1_334' title='bbox 2075 2273 2280 2348; x_wconf 79' lang='lat' dir='ltr'><strong>Ioseph</strong></span> <span class='ocrx_word' id='word_1_335' title='bbox 2322 2291 2337 2330; x_wconf 89' lang='lat'><strong>:</strong></span> <span class='ocrx_word' id='word_1_336' title='bbox 2385 2261 2414 2306; x_wconf 70' lang='grc' dir='ltr'><strong><em>ἀ</em></strong></span> <span class='ocrx_word' id='word_1_337' title='bbox 2475 2275 2730 2332; x_wconf 83' lang='lat' dir='ltr'><strong>Uxorum</strong></span> <span class='ocrx_word' id='word_1_338' title='bbox 2791 2273 3011 2347; x_wconf 88' lang='lat' dir='ltr'><strong>quidem</strong></span> <span class='ocrx_word' id='word_1_339' title='bbox 3066 2273 3606 2346; x_wconf 88' lang='lat' dir='ltr'><strong>concubinarumque</strong></span> 
     </span>
    </p>
   </div>
   <div class='ocr_carea' id='block_1_46' title="bbox 2005 2366 3606 2442">
    <p class='ocr_par' dir='ltr' id='par_1_46' title="bbox 2005 2366 3606 2442">
     <span class='ocr_line' id='line_1_46' title="bbox 2005 2366 3606 2442; baseline -0.001 -17"><span class='ocrx_word' id='word_1_340' title='bbox 2005 2369 2306 2427; x_wconf 87' lang='lat' dir='ltr'><strong>multarum</strong></span> <span class='ocrx_word' id='word_1_341' title='bbox 2335 2369 2424 2426; x_wconf 87' lang='lat' dir='ltr'><strong>illa</strong></span> <span class='ocrx_word' id='word_1_342' title='bbox 2456 2368 2706 2438; x_wconf 86' lang='lat' dir='ltr'><strong>libertas,</strong></span> <span class='ocrx_word' id='word_1_343' title='bbox 2733 2368 2969 2426; x_wconf 89' lang='lat' dir='ltr'><strong>instante</strong></span> <span class='ocrx_word' id='word_1_344' title='bbox 2989 2367 3109 2442; x_wconf 90' lang='lat' dir='ltr'><strong>jam</strong></span> <span class='ocrx_word' id='word_1_345' title='bbox 3145 2374 3460 2440; x_wconf 88' lang='lat' dir='ltr'><strong>temporum</strong></span> <span class='ocrx_word' id='word_1_346' title='bbox 3495 2366 3606 2424; x_wconf 88' lang='lat' dir='ltr'><strong>ﬁne</strong></span> 
     </span>
    </p>
   </div>
   <div class='ocr_carea' id='block_1_47' title="bbox 2007 2462 3604 2538">
    <p class='ocr_par' dir='ltr' id='par_1_47' title="bbox 2007 2462 3604 2538">
     <span class='ocr_line' id='line_1_47' title="bbox 2007 2462 3604 2538; baseline -0.001 -17"><span class='ocrx_word' id='word_1_347' title='bbox 2007 2473 2063 2522; x_wconf 89' lang='lat' dir='ltr'><strong>et</strong></span> <span class='ocrx_word' id='word_1_348' title='bbox 2084 2465 2536 2538; x_wconf 86' lang='lat' dir='ltr'><strong>multiplicatione</strong></span> <span class='ocrx_word' id='word_1_349' title='bbox 2554 2465 2814 2524; x_wconf 63' lang='lat' dir='ltr'><strong>humanae</strong></span> <span class='ocrx_word' id='word_1_350' title='bbox 2840 2462 3205 2538; x_wconf 85' lang='lat' dir='ltr'><strong>generationis</strong></span> <span class='ocrx_word' id='word_1_351' title='bbox 3231 2463 3442 2535; x_wconf 86' lang='lat' dir='ltr'><strong>expleta</strong></span> <span class='ocrx_word' id='word_1_352' title='bbox 3460 2505 3474 2531; x_wconf 95' lang='lat'><strong>,</strong></span> <span class='ocrx_word' id='word_1_353' title='bbox 3496 2478 3604 2520; x_wconf 88' lang='lat' dir='ltr'><strong>non</strong></span> 
     </span>
    </p>
   </div>
   <div class='ocr_carea' id='block_1_48' title="bbox 1373 2600 2510 2660">
    <p class='ocr_par' dir='ltr' id='par_1_48' title="bbox 1373 2600 2510 2660">
     <span class='ocr_line' id='line_1_48' title="bbox 1373 2600 2510 2660; baseline -0.004 -2"><span class='ocrx_word' id='word_1_354' title='bbox 1373 2602 1654 2660; x_wconf 72' lang='lat' dir='ltr'><strong>.ALARDI</strong></span> <span class='ocrx_word' id='word_1_355' title='bbox 1689 2602 1916 2658; x_wconf 62' lang='lat' dir='ltr'><strong>GAZIEI</strong></span> <span class='ocrx_word' id='word_1_356' title='bbox 1951 2600 2510 2658; x_wconf 80' lang='lat' dir='ltr'><strong>COMMENTARIUS.</strong></span> 
     </span>
    </p>
   </div>
   <div class='ocr_carea' id='block_1_49' title="bbox 345 2725 1894 2800">
    <p class='ocr_par' dir='ltr' id='par_1_49' title="bbox 345 2725 1894 2800">
     <span class='ocr_line' id='line_1_49' title="bbox 345 2725 1894 2800; baseline -0.001 -17"><span class='ocrx_word' id='word_1_357' title='bbox 345 2734 372 2800; x_wconf 56' lang='grc' dir='ltr'><strong><em>Ρ</em></strong></span> <span class='ocrx_word' id='word_1_358' title='bbox 404 2725 580 2800; x_wconf 74' lang='lat' dir='ltr'><strong>Circa</strong></span> <span class='ocrx_word' id='word_1_359' title='bbox 617 2725 765 2800; x_wconf 78' lang='lat' dir='ltr'><strong>hunc</strong></span> <span class='ocrx_word' id='word_1_360' title='bbox 811 2726 992 2784; x_wconf 90' lang='lat' dir='ltr'><strong>locum</strong></span> <span class='ocrx_word' id='word_1_361' title='bbox 1020 2727 1260 2800; x_wconf 88' lang='lat' dir='ltr'><strong>notanda</strong></span> <span class='ocrx_word' id='word_1_362' title='bbox 1293 2727 1438 2800; x_wconf 86' lang='lat' dir='ltr'><strong>venit</strong></span> <span class='ocrx_word' id='word_1_363' title='bbox 1462 2727 1675 2800; x_wconf 86' lang='lat' dir='ltr'><strong>vulgata</strong></span> <span class='ocrx_word' id='word_1_364' title='bbox 1703 2725 1894 2800; x_wconf 69' lang='lat' dir='ltr'><strong>distin-</strong></span> 
     </span>
    </p>
   </div>
   <div class='ocr_carea' id='block_1_50' title="bbox 274 2796 1893 2872">
    <p class='ocr_par' dir='ltr' id='par_1_50' title="bbox 274 2796 1893 2872">
     <span class='ocr_line' id='line_1_50' title="bbox 274 2796 1893 2872; baseline 0.001 -20"><span class='ocrx_word' id='word_1_365' title='bbox 274 2797 392 2872; x_wconf 76' lang='lat' dir='ltr'><strong>ctio</strong></span> <span class='ocrx_word' id='word_1_366' title='bbox 407 2796 686 2872; x_wconf 80' lang='lat' dir='ltr'><strong>mendacii</strong></span> <span class='ocrx_word' id='word_1_367' title='bbox 705 2797 774 2854; x_wconf 89' lang='lat' dir='ltr'><strong>ab</strong></span> <span class='ocrx_word' id='word_1_368' title='bbox 785 2799 1089 2872; x_wconf 82' lang='lat' dir='ltr'><strong>Augustino</strong></span> <span class='ocrx_word' id='word_1_369' title='bbox 1101 2799 1322 2872; x_wconf 80' lang='lat' dir='ltr'><strong>tradita,</strong></span> <span class='ocrx_word' id='word_1_370' title='bbox 1342 2799 1397 2855; x_wconf 90' lang='lat' dir='ltr'><strong>in</strong></span> <span class='ocrx_word' id='word_1_371' title='bbox 1416 2796 1766 2872; x_wconf 66' lang='lat' dir='ltr'><strong>mendacium</strong></span> <span class='ocrx_word' id='word_1_372' title='bbox 1779 2797 1893 2872; x_wconf 80' lang='lat' dir='ltr'><strong>ofﬁ-</strong></span> 
     </span>
    </p>
   </div>
   <div class='ocr_carea' id='block_1_51' title="bbox 277 2867 1892 2941">
    <p class='ocr_par' dir='ltr' id='par_1_51' title="bbox 277 2867 1892 2941">
     <span class='ocr_line' id='line_1_51' title="bbox 277 2867 1892 2941; baseline 0 -18"><span class='ocrx_word' id='word_1_373' title='bbox 277 2867 500 2941; x_wconf 80' lang='lat' dir='ltr'><strong>ciosum</strong></span> <span class='ocrx_word' id='word_1_374' title='bbox 514 2909 530 2941; x_wconf 54' lang='grc' dir='ltr'>ε</span> <span class='ocrx_word' id='word_1_375' title='bbox 543 2868 807 2941; x_wconf 85' lang='lat' dir='ltr'><strong>jocosum</strong></span> <span class='ocrx_word' id='word_1_376' title='bbox 839 2867 903 2926; x_wconf 76' lang='lat' dir='ltr'><strong>et</strong></span> <span class='ocrx_word' id='word_1_377' title='bbox 918 2869 1334 2941; x_wconf 67' lang='lat' dir='ltr'><strong>perniciosum‘;</strong></span> <span class='ocrx_word' id='word_1_378' title='bbox 1345 2869 1501 2940; x_wconf 87' lang='lat' dir='ltr'><strong>cujus</strong></span> <span class='ocrx_word' id='word_1_379' title='bbox 1527 2868 1892 2941; x_wconf 77' lang='lat' dir='ltr'><strong>distinctionis</strong></span> 
     </span>
    </p>
   </div>
   <div class='ocr_carea' id='block_1_52' title="bbox 275 2937 1894 3020">
    <p class='ocr_par' dir='ltr' id='par_1_52' title="bbox 275 2937 1894 3020">
     <span class='ocr_line' id='line_1_52' title="bbox 275 2937 1894 3020; baseline 0.001 -27"><span class='ocrx_word' id='word_1_380' title='bbox 275 2937 335 3020; x_wconf 79' lang='lat' dir='ltr'><strong>in</strong></span> <span class='ocrx_word' id='word_1_381' title='bbox 363 2938 472 2994; x_wconf 91' lang='lat' dir='ltr'><strong>hac</strong></span> <span class='ocrx_word' id='word_1_382' title='bbox 499 2937 865 3020; x_wconf 67' lang='lat' dir='ltr'><strong>disputatione</strong></span> <span class='ocrx_word' id='word_1_383' title='bbox 889 2937 1160 3020; x_wconf 67' lang='lat' dir='ltr'><strong>praecipua</strong></span> <span class='ocrx_word' id='word_1_384' title='bbox 1191 2937 1450 3020; x_wconf 42' lang='lat' dir='ltr'><strong>habenda.</strong></span> <span class='ocrx_word' id='word_1_385' title='bbox 1463 2948 1547 3020; x_wconf 81' lang='lat' dir='ltr'><strong>est</strong></span> <span class='ocrx_word' id='word_1_386' title='bbox 1573 2939 1736 3020; x_wconf 68' lang='lat' dir='ltr'><strong>ratig.</strong></span> <span class='ocrx_word' id='word_1_387' title='bbox 1764 2939 1894 2996; x_wconf 87' lang='lat' dir='ltr'><strong>Ofﬁ-</strong></span> 
     </span>
    </p>
   </div>
   <div class='ocr_carea' id='block_1_53' title="bbox 276 3007 1892 3082">
    <p class='ocr_par' dir='ltr' id='par_1_53' title="bbox 276 3007 1892 3082">
     <span class='ocr_line' id='line_1_53' title="bbox 276 3007 1892 3082; baseline 0.001 -18"><span class='ocrx_word' id='word_1_388' title='bbox 276 3009 505 3082; x_wconf 86' lang='lat' dir='ltr'><strong>ciosum</strong></span> <span class='ocrx_word' id='word_1_389' title='bbox 554 3007 774 3082; x_wconf 79' lang='lat' dir='ltr'><strong>dicitur,</strong></span> <span class='ocrx_word' id='word_1_390' title='bbox 817 3007 966 3082; x_wconf 84' lang='lat' dir='ltr'><strong>quod</strong></span> <span class='ocrx_word' id='word_1_391' title='bbox 990 3007 1118 3082; x_wconf 9' lang='lat' dir='ltr'><strong>rsine</strong></span> <span class='ocrx_word' id='word_1_392' title='bbox 1163 3011 1386 3067; x_wconf 85' lang='lat' dir='ltr'><strong>alterius</strong></span> <span class='ocrx_word' id='word_1_393' title='bbox 1434 3010 1630 3082; x_wconf 84' lang='lat' dir='ltr'><strong>injuria</strong></span> <span class='ocrx_word' id='word_1_394' title='bbox 1682 3009 1744 3082; x_wconf 77' lang='lat' dir='ltr'><strong>ﬁt</strong></span> <span class='ocrx_word' id='word_1_395' title='bbox 1792 3025 1892 3082; x_wconf 75' lang='lat' dir='ltr'><strong>pro</strong></span> 
     </span>
    </p>
   </div>
   <div class='ocr_carea' id='block_1_54' title="bbox 276 3079 1892 3152">
    <p class='ocr_par' dir='ltr' id='par_1_54' title="bbox 276 3079 1892 3152">
     <span class='ocr_line' id='line_1_54' title="bbox 276 3079 1892 3152; baseline 0 -17"><span class='ocrx_word' id='word_1_396' title='bbox 276 3080 462 3152; x_wconf 83' lang='lat' dir='ltr'><strong>salute</strong></span> <span class='ocrx_word' id='word_1_397' title='bbox 500 3079 924 3152; x_wconf 83' lang='lat' dir='ltr'><strong>_vel_com_modo</strong></span> <span class='ocrx_word' id='word_1_398' title='bbox 953 3080 1200 3152; x_wconf 79' lang='lat' dir='ltr'><strong>alicujus.</strong></span> <span class='ocrx_word' id='word_1_399' title='bbox 1245 3079 1536 3152; x_wconf 67' lang='lat' dir='ltr'><strong>Jocosurrj,</strong></span> <span class='ocrx_word' id='word_1_400' title='bbox 1593 3079 1744 3152; x_wconf 78' lang='lat' dir='ltr'><strong>quod</strong></span> <span class='ocrx_word' id='word_1_401' title='bbox 1776 3079 1892 3152; x_wconf 78' lang='lat' dir='ltr'><strong>sola</strong></span> 
     </span>
    </p>
   </div>
   <div class='ocr_carea' id='block_1_55' title="bbox 273 3149 1895 3222">
    <p class='ocr_par' dir='ltr' id='par_1_55' title="bbox 273 3149 1895 3222">
     <span class='ocr_line' id='line_1_55' title="bbox 273 3149 1895 3222; baseline -0.001 -16"><span class='ocrx_word' id='word_1_402' title='bbox 273 3149 538 3222; x_wconf 86' lang='lat' dir='ltr'><strong>placendi</strong></span> <span class='ocrx_word' id='word_1_403' title='bbox 565 3149 682 3206; x_wconf 88' lang='lat' dir='ltr'><strong>sive</strong></span> <span class='ocrx_word' id='word_1_404' title='bbox 723 3149 1025 3205; x_wconf 79' lang='lat' dir='ltr'><strong>delectandi</strong></span> <span class='ocrx_word' id='word_1_405' title='bbox 1067 3149 1344 3222; x_wconf 82' lang='lat' dir='ltr'><strong>voluntate</strong></span> <span class='ocrx_word' id='word_1_406' title='bbox 1369 3149 1663 3222; x_wconf 72' lang='lat' dir='ltr'><strong>profertur.</strong></span> <span class='ocrx_word' id='word_1_407' title='bbox 1699 3151 1895 3205; x_wconf 89' lang='lat' dir='ltr'><strong>Perni-</strong></span> 
     </span>
    </p>
   </div>
   <div class='ocr_carea' id='block_1_56' title="bbox 274 3219 1895 3301">
    <p class='ocr_par' dir='ltr' id='par_1_56' title="bbox 274 3219 1895 3301">
     <span class='ocr_line' id='line_1_56' title="bbox 274 3219 1895 3301; baseline -0.001 -25"><span class='ocrx_word' id='word_1_408' title='bbox 274 3219 539 3301; x_wconf 62' lang='lat' dir='ltr'><strong>ciosum,</strong></span> <span class='ocrx_word' id='word_1_409' title='bbox 554 3235 667 3301; x_wconf 82' lang='lat' dir='ltr'><strong>quo</strong></span> <span class='ocrx_word' id='word_1_410' title='bbox 689 3234 850 3301; x_wconf 81' lang='lat' dir='ltr'><strong>grave</strong></span> <span class='ocrx_word' id='word_1_411' title='bbox 869 3229 1262 3301; x_wconf 71' lang='lat' dir='ltr'><strong>nocumentum</strong></span> <span class='ocrx_word' id='word_1_412' title='bbox 1281 3219 1442 3276; x_wconf 78' lang='lat' dir='ltr'><strong>alicui</strong></span> <span class='ocrx_word' id='word_1_413' title='bbox 1465 3219 1712 3301; x_wconf 73' lang='lat' dir='ltr'><strong>infertur.</strong></span> <span class='ocrx_word' id='word_1_414' title='bbox 1743 3223 1895 3301; x_wconf 77' lang='lat' dir='ltr'><strong>Inter</strong></span> 
     </span>
    </p>
   </div>
   <div class='ocr_carea' id='block_1_57' title="bbox 275 3289 1895 3361">
    <p class='ocr_par' dir='ltr' id='par_1_57' title="bbox 275 3289 1895 3361">
     <span class='ocr_line' id='line_1_57' title="bbox 275 3289 1895 3361; baseline -0.001 -15"><span class='ocrx_word' id='word_1_415' title='bbox 275 3291 412 3346; x_wconf 62' lang='lat' dir='ltr'><strong>hanc</strong></span> <span class='ocrx_word' id='word_1_416' title='bbox 435 3289 620 3346; x_wconf 82' lang='lat' dir='ltr'><strong>autem</strong></span> <span class='ocrx_word' id='word_1_417' title='bbox 645 3289 748 3345; x_wconf 89' lang='lat' dir='ltr'><strong>tria</strong></span> <span class='ocrx_word' id='word_1_418' title='bbox 788 3289 1199 3361; x_wconf 77' lang='lat' dir='ltr'><strong>mendaciorum</strong></span> <span class='ocrx_word' id='word_1_419' title='bbox 1228 3305 1424 3360; x_wconf 88' lang='lat' dir='ltr'><strong>genera</strong></span> <span class='ocrx_word' id='word_1_420' title='bbox 1443 3330 1457 3354; x_wconf 88' lang='lat'><strong>,</strong></span> <span class='ocrx_word' id='word_1_421' title='bbox 1493 3291 1674 3361; x_wconf 88' lang='lat' dir='ltr'><strong>solum</strong></span> <span class='ocrx_word' id='word_1_422' title='bbox 1709 3290 1895 3361; x_wconf 90' lang='lat' dir='ltr'><strong>perni-</strong></span> 
     </span>
    </p>
   </div>
   <div class='ocr_carea' id='block_1_58' title="bbox 272 3359 1898 3431">
    <p class='ocr_par' dir='ltr' id='par_1_58' title="bbox 272 3359 1898 3431">
     <span class='ocr_line' id='line_1_58' title="bbox 272 3359 1898 3431; baseline 0 -15"><span class='ocrx_word' id='word_1_423' title='bbox 272 3362 510 3416; x_wconf 87' lang='lat' dir='ltr'><strong>ciosum</strong></span> <span class='ocrx_word' id='word_1_424' title='bbox 539 3375 735 3431; x_wconf 85' lang='lat' dir='ltr'><strong>genere</strong></span> <span class='ocrx_word' id='word_1_425' title='bbox 767 3375 868 3415; x_wconf 91' lang='lat' dir='ltr'><strong>suo</strong></span> <span class='ocrx_word' id='word_1_426' title='bbox 898 3359 1255 3431; x_wconf 74' lang='lat' dir='ltr'><strong>mortiferum</strong></span> <span class='ocrx_word' id='word_1_427' title='bbox 1269 3376 1407 3426; x_wconf 90' lang='lat' dir='ltr'><strong>esse,</strong></span> <span class='ocrx_word' id='word_1_428' title='bbox 1438 3361 1521 3431; x_wconf 89' lang='lat' dir='ltr'><strong>vel</strong></span> <span class='ocrx_word' id='word_1_429' title='bbox 1561 3375 1629 3416; x_wconf 86' lang='lat' dir='ltr'><strong>ex</strong></span> <span class='ocrx_word' id='word_1_430' title='bbox 1655 3359 1770 3431; x_wconf 79' lang='lat' dir='ltr'><strong>ipsa</strong></span> <span class='ocrx_word' id='word_1_431' title='bbox 1796 3375 1898 3416; x_wconf 84' lang='lat' dir='ltr'><strong>no-</strong></span> 
     </span>
    </p>
   </div>
   <div class='ocr_carea' id='block_1_59' title="bbox 273 3430 1894 3502">
    <p class='ocr_par' dir='ltr' id='par_1_59' title="bbox 273 3430 1894 3502">
     <span class='ocr_line' id='line_1_59' title="bbox 273 3430 1894 3502; baseline 0 -16"><span class='ocrx_word' id='word_1_432' title='bbox 273 3431 455 3486; x_wconf 86' lang='lat' dir='ltr'><strong>minis</strong></span> <span class='ocrx_word' id='word_1_433' title='bbox 483 3430 847 3502; x_wconf 35' lang='lat' dir='ltr'><strong>nOtaAcoustat</strong></span> <span class='ocrx_word' id='word_1_434' title='bbox 873 3430 1158 3502; x_wconf 84' lang='lat' dir='ltr'><strong>:jocosum</strong></span> <span class='ocrx_word' id='word_1_435' title='bbox 1186 3447 1353 3502; x_wconf 81' lang='lat' dir='ltr'><strong>vero,</strong></span> <span class='ocrx_word' id='word_1_436' title='bbox 1377 3430 1527 3502; x_wconf 89' lang='lat' dir='ltr'><strong>quod</strong></span> <span class='ocrx_word' id='word_1_437' title='bbox 1557 3430 1760 3486; x_wconf 85' lang='lat' dir='ltr'><strong>nemini</strong></span> <span class='ocrx_word' id='word_1_438' title='bbox 1789 3447 1894 3486; x_wconf 87' lang='lat' dir='ltr'><strong>no-</strong></span> 
     </span>
    </p>
   </div>
   <div class='ocr_carea' id='block_1_60' title="bbox 273 3498 1896 3573">
    <p class='ocr_par' dir='ltr' id='par_1_60' title="bbox 273 3498 1896 3573">
     <span class='ocr_line' id='line_1_60' title="bbox 273 3498 1896 3573; baseline 0.001 -18"><span class='ocrx_word' id='word_1_439' title='bbox 273 3507 413 3573; x_wconf 74' lang='lat' dir='ltr'><strong>cet;</strong></span> <span class='ocrx_word' id='word_1_440' title='bbox 461 3507 518 3554; x_wconf 87' lang='lat' dir='ltr'><strong>et</strong></span> <span class='ocrx_word' id='word_1_441' title='bbox 546 3498 857 3573; x_wconf 77' lang='lat' dir='ltr'><strong>ofﬁciosum</strong></span> <span class='ocrx_word' id='word_1_442' title='bbox 875 3498 920 3566; x_wconf 64' lang='grc'><strong>,⁷</strong></span> <span class='ocrx_word' id='word_1_443' title='bbox 941 3500 1089 3571; x_wconf 90' lang='lat' dir='ltr'><strong>quod</strong></span> <span class='ocrx_word' id='word_1_444' title='bbox 1123 3501 1290 3557; x_wconf 89' lang='lat' dir='ltr'><strong>etiam</strong></span> <span class='ocrx_word' id='word_1_445' title='bbox 1319 3498 1540 3573; x_wconf 78' lang='lat' dir='ltr'><strong>prodest</strong></span> <span class='ocrx_word' id='word_1_446' title='bbox 1563 3502 1745 3568; x_wconf 89' lang='lat' dir='ltr'><strong>alicui,</strong></span> <span class='ocrx_word' id='word_1_447' title='bbox 1785 3517 1896 3557; x_wconf 90' lang='lat' dir='ltr'><strong>non</strong></span> 
     </span>
    </p>
   </div>
   <div class='ocr_carea' id='block_1_61' title="bbox 269 3569 1893 3644">
    <p class='ocr_par' dir='ltr' id='par_1_61' title="bbox 269 3569 1893 3644">
     <span class='ocr_line' id='line_1_61' title="bbox 269 3569 1893 3644; baseline 0.001 -18"><span class='ocrx_word' id='word_1_448' title='bbox 269 3569 386 3644; x_wconf 76' lang='lat' dir='ltr'><strong>nisi</strong></span> <span class='ocrx_word' id='word_1_449' title='bbox 436 3569 684 3644; x_wconf 79' lang='lat' dir='ltr'><strong>venialia.</strong></span> <span class='ocrx_word' id='word_1_450' title='bbox 719 3571 861 3644; x_wconf 82' lang='lat' dir='ltr'><strong>Hinc</strong></span> <span class='ocrx_word' id='word_1_451' title='bbox 891 3569 1333 3644; x_wconf 60' lang='lat' dir='ltr'><strong>DfAugustinus</strong></span> <span class='ocrx_word' id='word_1_452' title='bbox 1363 3572 1603 3644; x_wconf 82' lang='lat' dir='ltr'><strong>(Enchir.</strong></span> <span class='ocrx_word' id='word_1_453' title='bbox 1641 3589 1692 3644; x_wconf 72' lang='lat' dir='ltr'><strong>c.</strong></span> <span class='ocrx_word' id='word_1_454' title='bbox 1729 3574 1893 3643; x_wconf 80' lang='lat' dir='ltr'><strong>xxn)</strong></span> 
     </span>
    </p>
   </div>
   <div class='ocr_carea' id='block_1_62' title="bbox 269 3639 1894 3716">
    <p class='ocr_par' dir='ltr' id='par_1_62' title="bbox 269 3639 1894 3716">
     <span class='ocr_line' id='line_1_62' title="bbox 269 3639 1894 3716; baseline 0.001 -20"><span class='ocrx_word' id='word_1_455' title='bbox 269 3641 332 3696; x_wconf 88' lang='lat' dir='ltr'><strong>in</strong></span> <span class='ocrx_word' id='word_1_456' title='bbox 350 3639 714 3716; x_wconf 78' lang='lat' dir='ltr'><strong>expositione</strong></span> <span class='ocrx_word' id='word_1_457' title='bbox 742 3641 936 3712; x_wconf 88' lang='lat' dir='ltr'><strong>psalmi</strong></span> <span class='ocrx_word' id='word_1_458' title='bbox 971 3639 1143 3712; x_wconf 68' lang='lat' dir='ltr'><strong>quinti</strong></span> <span class='ocrx_word' id='word_1_459' title='bbox 1172 3662 1186 3698; x_wconf 88' lang='lat'><strong>:</strong></span> <span class='ocrx_word' id='word_1_460' title='bbox 1216 3647 1332 3716; x_wconf 86' lang='lat' dir='ltr'><strong>Duo</strong></span> <span class='ocrx_word' id='word_1_461' title='bbox 1360 3639 1520 3710; x_wconf 85' lang='lat' dir='ltr'><strong>sunt,</strong></span> <span class='ocrx_word' id='word_1_462' title='bbox 1549 3643 1742 3716; x_wconf 89' lang='lat' dir='ltr'><strong>inquit,</strong></span> <span class='ocrx_word' id='word_1_463' title='bbox 1783 3639 1894 3699; x_wconf 56' lang='lat' dir='ltr'><strong>om;</strong></span> 
     </span>
    </p>
   </div>
   <div class='ocr_carea' id='block_1_63' title="bbox 261 3712 1896 3785">
    <p class='ocr_par' dir='ltr' id='par_1_63' title="bbox 261 3712 1896 3785">
     <span class='ocr_line' id='line_1_63' title="bbox 261 3712 1896 3785; baseline 0.002 -18"><span class='ocrx_word' id='word_1_464' title='bbox 261 3714 435 3767; x_wconf 79' lang='lat' dir='ltr'><strong>mino</strong></span> <span class='ocrx_word' id='word_1_465' title='bbox 462 3712 860 3785; x_wconf 83' lang='lat' dir='ltr'><strong>mendaciorum</strong></span> <span class='ocrx_word' id='word_1_466' title='bbox 872 3728 1088 3781; x_wconf 86' lang='lat' dir='ltr'><strong>genera,</strong></span> <span class='ocrx_word' id='word_1_467' title='bbox 1113 3717 1173 3768; x_wconf 85' lang='lat' dir='ltr'><strong>in</strong></span> <span class='ocrx_word' id='word_1_468' title='bbox 1193 3715 1386 3784; x_wconf 83' lang='lat' dir='ltr'><strong>quibus</strong></span> <span class='ocrx_word' id='word_1_469' title='bbox 1405 3731 1511 3770; x_wconf 85' lang='lat' dir='ltr'><strong>non</strong></span> <span class='ocrx_word' id='word_1_470' title='bbox 1530 3712 1724 3784; x_wconf 77' lang='lat' dir='ltr'><strong>magna</strong></span> <span class='ocrx_word' id='word_1_471' title='bbox 1734 3716 1896 3785; x_wconf 86' lang='lat' dir='ltr'><strong>culpa</strong></span> 
     </span>
    </p>
   </div>
   <div class='ocr_carea' id='block_1_64' title="bbox 263 3783 1889 3856">
    <p class='ocr_par' dir='ltr' id='par_1_64' title="bbox 263 3783 1889 3856">
     <span class='ocr_line' id='line_1_64' title="bbox 263 3783 1889 3856; baseline 0.001 -17"><span class='ocrx_word' id='word_1_472' title='bbox 263 3787 386 3847; x_wconf 86' lang='lat' dir='ltr'><strong>est;</strong></span> <span class='ocrx_word' id='word_1_473' title='bbox 415 3783 517 3837; x_wconf 85' lang='lat' dir='ltr'><strong>sed</strong></span> <span class='ocrx_word' id='word_1_474' title='bbox 537 3786 718 3856; x_wconf 85' lang='lat' dir='ltr'><strong>tamen</strong></span> <span class='ocrx_word' id='word_1_475' title='bbox 739 3798 844 3838; x_wconf 87' lang='lat' dir='ltr'><strong>non</strong></span> <span class='ocrx_word' id='word_1_476' title='bbox 869 3793 998 3838; x_wconf 85' lang='lat' dir='ltr'><strong>sunt</strong></span> <span class='ocrx_word' id='word_1_477' title='bbox 1018 3785 1132 3839; x_wconf 83' lang='lat' dir='ltr'><strong>sine</strong></span> <span class='ocrx_word' id='word_1_478' title='bbox 1155 3783 1315 3856; x_wconf 85' lang='lat' dir='ltr'><strong>culpa</strong></span> <span class='ocrx_word' id='word_1_479' title='bbox 1331 3803 1352 3840; x_wconf 85' lang='lat'><strong><em>:</em></strong></span> <span class='ocrx_word' id='word_1_480' title='bbox 1373 3803 1492 3841; x_wconf 92' lang='lat' dir='ltr'><strong>cum</strong></span> <span class='ocrx_word' id='word_1_481' title='bbox 1508 3792 1607 3840; x_wconf 87' lang='lat' dir='ltr'><strong>aut</strong></span> <span class='ocrx_word' id='word_1_482' title='bbox 1619 3783 1889 3856; x_wconf 56' lang='lat' dir='ltr'><strong>iocamur,</strong></span> 
     </span>
    </p>
   </div>
   <div class='ocr_carea' id='block_1_65' title="bbox 262 3855 1886 3925">
    <p class='ocr_par' dir='ltr' id='par_1_65' title="bbox 262 3855 1886 3925">
     <span class='ocr_line' id='line_1_65' title="bbox 262 3855 1886 3925; baseline 0.002 -15"><span class='ocrx_word' id='word_1_483' title='bbox 262 3859 375 3910; x_wconf 81' lang='lat' dir='ltr'><strong>aut</strong></span> <span class='ocrx_word' id='word_1_484' title='bbox 403 3856 477 3908; x_wconf 86' lang='lat' dir='ltr'><strong>ut</strong></span> <span class='ocrx_word' id='word_1_485' title='bbox 515 3855 782 3925; x_wconf 83' lang='lat' dir='ltr'><strong>prosimus</strong></span> <span class='ocrx_word' id='word_1_486' title='bbox 803 3856 1103 3925; x_wconf 67' lang='lat' dir='ltr'><strong>proximis,</strong></span> <span class='ocrx_word' id='word_1_487' title='bbox 1142 3858 1452 3912; x_wconf 84' lang='lat' dir='ltr'><strong>mentimur.</strong></span> <span class='ocrx_word' id='word_1_488' title='bbox 1488 3857 1556 3912; x_wconf 86' lang='lat' dir='ltr'><strong>Et</strong></span> <span class='ocrx_word' id='word_1_489' title='bbox 1585 3855 1712 3912; x_wconf 89' lang='lat' dir='ltr'><strong>alibi</strong></span> <span class='ocrx_word' id='word_1_490' title='bbox 1747 3859 1886 3925; x_wconf 91' lang='lat' dir='ltr'><strong>(Lib.</strong></span> 
     </span>
    </p>
   </div>
   <div class='ocr_carea' id='block_1_66' title="bbox 255 3923 1886 3999">
    <p class='ocr_par' dir='ltr' id='par_1_66' title="bbox 255 3923 1886 3999">
     <span class='ocr_line' id='line_1_66' title="bbox 255 3923 1886 3999; baseline 0 -17"><span class='ocrx_word' id='word_1_491' title='bbox 255 3929 418 3982; x_wconf 82' lang='lat' dir='ltr'><strong>cont.</strong></span> <span class='ocrx_word' id='word_1_492' title='bbox 455 3924 720 3999; x_wconf 78' lang='lat' dir='ltr'><strong>Mend._c.</strong></span> <span class='ocrx_word' id='word_1_493' title='bbox 748 3925 826 3994; x_wconf 88' lang='lat'><strong>9),</strong></span> <span class='ocrx_word' id='word_1_494' title='bbox 852 3924 921 3999; x_wconf 78' lang='lat' dir='ltr'><strong>de</strong></span> <span class='ocrx_word' id='word_1_495' title='bbox 949 3923 1202 3980; x_wconf 81' lang='lat' dir='ltr'><strong>ofﬁcioso</strong></span> <span class='ocrx_word' id='word_1_496' title='bbox 1244 3925 1529 3999; x_wconf 83' lang='lat' dir='ltr'><strong>mendacio</strong></span> <span class='ocrx_word' id='word_1_497' title='bbox 1567 3923 1886 3999; x_wconf 78' lang='lat' dir='ltr'><strong>disputatio-</strong></span> 
     </span>
    </p>
   </div>
   <div class='ocr_carea' id='block_1_67' title="bbox 255 3992 1888 4065">
    <p class='ocr_par' dir='ltr' id='par_1_67' title="bbox 255 3992 1888 4065">
     <span class='ocr_line' id='line_1_67' title="bbox 255 3992 1888 4065; baseline -0.002 -11"><span class='ocrx_word' id='word_1_498' title='bbox 255 4011 403 4054; x_wconf 82' lang='lat' dir='ltr'><strong>nem</strong></span> <span class='ocrx_word' id='word_1_499' title='bbox 437 3992 820 4050; x_wconf 83' lang='lat' dir='ltr'><strong>concludens:</strong></span> <span class='ocrx_word' id='word_1_500' title='bbox 852 3997 1136 4050; x_wconf 87' lang='lat' dir='ltr'><strong>Peccatum</strong></span> <span class='ocrx_word' id='word_1_501' title='bbox 1162 4011 1286 4065; x_wconf 86' lang='lat' dir='ltr'><strong>ergo</strong></span> <span class='ocrx_word' id='word_1_502' title='bbox 1314 4001 1412 4059; x_wconf 91' lang='lat' dir='ltr'><strong>est,</strong></span> <span class='ocrx_word' id='word_1_503' title='bbox 1445 3996 1620 4065; x_wconf 88' lang='lat' dir='ltr'><strong>inquit</strong></span> <span class='ocrx_word' id='word_1_504' title='bbox 1633 3992 1770 4064; x_wconf 54' lang='lat' dir='ltr'><strong>,‘sed</strong></span> <span class='ocrx_word' id='word_1_505' title='bbox 1794 4013 1888 4052; x_wconf 88' lang='lat' dir='ltr'><strong>ve-</strong></span> 
     </span>
    </p>
   </div>
   <div class='ocr_carea' id='block_1_68' title="bbox 256 4065 1887 4138">
    <p class='ocr_par' dir='ltr' id='par_1_68' title="bbox 256 4065 1887 4138">
     <span class='ocr_line' id='line_1_68' title="bbox 256 4065 1887 4138; baseline 0 -15"><span class='ocrx_word' id='word_1_506' title='bbox 256 4067 447 4138; x_wconf 79' lang='lat' dir='ltr'><strong>niale,</strong></span> <span class='ocrx_word' id='word_1_507' title='bbox 483 4065 630 4138; x_wconf 79' lang='lat' dir='ltr'><strong>quod</strong></span> <span class='ocrx_word' id='word_1_508' title='bbox 656 4065 1010 4138; x_wconf 77' lang='lat' dir='ltr'><strong>benevolentia</strong></span> <span class='ocrx_word' id='word_1_509' title='bbox 1029 4073 1267 4138; x_wconf 69' lang='lat' dir='ltr'><strong>excusat.</strong></span> <span class='ocrx_word' id='word_1_510' title='bbox 1295 4069 1466 4138; x_wconf 82' lang='lat' dir='ltr'><strong>Porro</strong></span> <span class='ocrx_word' id='word_1_511' title='bbox 1491 4065 1558 4138; x_wconf 81' lang='lat' dir='ltr'><strong>de</strong></span> <span class='ocrx_word' id='word_1_512' title='bbox 1578 4066 1887 4138; x_wconf 88' lang='lat' dir='ltr'><strong>hujusmodi</strong></span> 
     </span>
    </p>
   </div>
   <div class='ocr_carea' id='block_1_69' title="bbox 252 4135 1889 4208">
    <p class='ocr_par' dir='ltr' id='par_1_69' title="bbox 252 4135 1889 4208">
     <span class='ocr_line' id='line_1_69' title="bbox 252 4135 1889 4208; baseline -0.001 -12"><span class='ocrx_word' id='word_1_513' title='bbox 252 4135 618 4198; x_wconf 80' lang='lat' dir='ltr'><strong>mendaciis,</strong></span> <span class='ocrx_word' id='word_1_514' title='bbox 641 4150 766 4208; x_wconf 66' lang='lat' dir='ltr'><strong>quae</strong></span> <span class='ocrx_word' id='word_1_515' title='bbox 813 4135 1048 4208; x_wconf 84' lang='lat' dir='ltr'><strong>subinde</strong></span> <span class='ocrx_word' id='word_1_516' title='bbox 1087 4136 1214 4192; x_wconf 84' lang='lat' dir='ltr'><strong>viris</strong></span> <span class='ocrx_word' id='word_1_517' title='bbox 1250 4137 1453 4193; x_wconf 87' lang='lat' dir='ltr'><strong>sanctis</strong></span> <span class='ocrx_word' id='word_1_518' title='bbox 1511 4137 1566 4192; x_wconf 94' lang='lat' dir='ltr'><strong>in</strong></span> <span class='ocrx_word' id='word_1_519' title='bbox 1607 4135 1889 4208; x_wconf 82' lang='lat' dir='ltr'><strong>scriptura</strong></span> 
     </span>
    </p>
   </div>
   <div class='ocr_carea' id='block_1_70' title="bbox 250 4206 1888 4278">
    <p class='ocr_par' dir='ltr' id='par_1_70' title="bbox 250 4206 1888 4278">
     <span class='ocr_line' id='line_1_70' title="bbox 250 4206 1888 4278; baseline -0.001 -13"><span class='ocrx_word' id='word_1_520' title='bbox 250 4206 988 4278; x_wconf 16' lang='lat' dir='ltr'><strong>ascribuntur,lgeneratim</strong></span> <span class='ocrx_word' id='word_1_521' title='bbox 1027 4206 1102 4262; x_wconf 87' lang='lat' dir='ltr'><strong>ita</strong></span> <span class='ocrx_word' id='word_1_522' title='bbox 1143 4208 1456 4278; x_wconf 90' lang='lat' dir='ltr'><strong>pronuntiat</strong></span> <span class='ocrx_word' id='word_1_523' title='bbox 1487 4226 1499 4262; x_wconf 92' lang='lat'><strong>:</strong></span> <span class='ocrx_word' id='word_1_524' title='bbox 1527 4211 1650 4264; x_wconf 66' lang='lat' dir='ltr'><strong>Haec</strong></span> <span class='ocrx_word' id='word_1_525' title='bbox 1673 4206 1888 4277; x_wconf 84' lang='lat' dir='ltr'><strong>quando</strong></span> 
     </span>
    </p>
   </div>
   <div class='ocr_carea' id='block_1_71' title="bbox 249 4278 1888 4349">
    <p class='ocr_par' dir='ltr' id='par_1_71' title="bbox 249 4278 1888 4349">
     <span class='ocr_line' id='line_1_71' title="bbox 249 4278 1888 4349; baseline -0.001 -14"><span class='ocrx_word' id='word_1_526' title='bbox 249 4283 318 4336; x_wconf 81' lang='lat' dir='ltr'><strong>in</strong></span> <span class='ocrx_word' id='word_1_527' title='bbox 351 4281 670 4348; x_wconf 79' lang='lat' dir='ltr'><strong>Scripturis</strong></span> <span class='ocrx_word' id='word_1_528' title='bbox 692 4279 892 4334; x_wconf 79' lang='lat' dir='ltr'><strong>sanctis</strong></span> <span class='ocrx_word' id='word_1_529' title='bbox 917 4278 1166 4347; x_wconf 85' lang='lat' dir='ltr'><strong>legimus,</strong></span> <span class='ocrx_word' id='word_1_530' title='bbox 1181 4294 1286 4334; x_wconf 87' lang='lat' dir='ltr'><strong>non</strong></span> <span class='ocrx_word' id='word_1_531' title='bbox 1307 4278 1423 4334; x_wconf 86' lang='lat' dir='ltr'><strong>ideo</strong></span> <span class='ocrx_word' id='word_1_532' title='bbox 1450 4281 1583 4349; x_wconf 79' lang='lat' dir='ltr'><strong>quia</strong></span> <span class='ocrx_word' id='word_1_533' title='bbox 1603 4279 1754 4346; x_wconf 82' lang='lat' dir='ltr'><strong>facta</strong></span> <span class='ocrx_word' id='word_1_534' title='bbox 1770 4296 1888 4333; x_wconf 85' lang='lat' dir='ltr'><strong>cre-</strong></span> 
     </span>
    </p>
   </div>
   <div class='ocr_carea' id='block_1_72' title="bbox 246 4349 1886 4420">
    <p class='ocr_par' dir='ltr' id='par_1_72' title="bbox 246 4349 1886 4420">
     <span class='ocr_line' id='line_1_72' title="bbox 246 4349 1886 4420; baseline -0.002 -13"><span class='ocrx_word' id='word_1_535' title='bbox 246 4353 482 4417; x_wconf 85' lang='lat' dir='ltr'><strong>dimus,</strong></span> <span class='ocrx_word' id='word_1_536' title='bbox 516 4351 683 4420; x_wconf 85' lang='lat' dir='ltr'><strong>etiam</strong></span> <span class='ocrx_word' id='word_1_537' title='bbox 717 4349 973 4416; x_wconf 82' lang='lat' dir='ltr'><strong>facienda</strong></span> <span class='ocrx_word' id='word_1_538' title='bbox 1008 4350 1312 4412; x_wconf 87' lang='lat' dir='ltr'><strong>credamus,</strong></span> <span class='ocrx_word' id='word_1_539' title='bbox 1355 4366 1422 4406; x_wconf 85' lang='lat' dir='ltr'><strong>ne</strong></span> <span class='ocrx_word' id='word_1_540' title='bbox 1460 4352 1718 4406; x_wconf 83' lang='lat' dir='ltr'><strong>violemus</strong></span> <span class='ocrx_word' id='word_1_541' title='bbox 1735 4365 1886 4420; x_wconf 84' lang='lat' dir='ltr'><strong>prae-</strong></span> 
     </span>
    </p>
   </div>
   <div class='ocr_carea' id='block_1_73' title="bbox 247 4419 1888 4494">
    <p class='ocr_par' dir='ltr' id='par_1_73' title="bbox 247 4419 1888 4494">
     <span class='ocr_line' id='line_1_73' title="bbox 247 4419 1888 4494; baseline -0.001 -17"><span class='ocrx_word' id='word_1_542' title='bbox 247 4428 447 4494; x_wconf 85' lang='lat' dir='ltr'><strong>cepta,</strong></span> <span class='ocrx_word' id='word_1_543' title='bbox 486 4419 622 4494; x_wconf 76' lang='lat' dir='ltr'><strong>dum</strong></span> <span class='ocrx_word' id='word_1_544' title='bbox 641 4421 848 4490; x_wconf 88' lang='lat' dir='ltr'><strong>passim</strong></span> <span class='ocrx_word' id='word_1_545' title='bbox 873 4425 1142 4476; x_wconf 82' lang='lat' dir='ltr'><strong>sectamur</strong></span> <span class='ocrx_word' id='word_1_546' title='bbox 1169 4421 1434 4491; x_wconf 66' lang='lat' dir='ltr'><strong>exempla.</strong></span> <span class='ocrx_word' id='word_1_547' title='bbox 1458 4424 1528 4494; x_wconf 82' lang='lat' dir='ltr'><strong>Et</strong></span> <span class='ocrx_word' id='word_1_548' title='bbox 1553 4421 1692 4477; x_wconf 82' lang='lat' dir='ltr'><strong>infra</strong></span> <span class='ocrx_word' id='word_1_549' title='bbox 1716 4419 1888 4479; x_wconf 61' lang='lat' dir='ltr'><strong>{Con-</strong></span> 
     </span>
    </p>
   </div>
   <div class='ocr_carea' id='block_1_74' title="bbox 240 4491 1966 4583">
    <p class='ocr_par' dir='ltr' id='par_1_74' title="bbox 240 4491 1966 4583">
     <span class='ocr_line' id='line_1_74' title="bbox 240 4491 1966 4583; baseline 0 -35"><span class='ocrx_word' id='word_1_550' title='bbox 240 4491 375 4583; x_wconf 67' lang='lat' dir='ltr'><strong>stat</strong></span> <span class='ocrx_word' id='word_1_551' title='bbox 405 4491 572 4583; x_wconf 62' lang='lat' dir='ltr'><strong>quod</strong></span> <span class='ocrx_word' id='word_1_552' title='bbox 621 4493 936 4583; x_wconf 50' lang='lat' dir='ltr'><strong>non‘omni‘a</strong></span> <span class='ocrx_word' id='word_1_553' title='bbox 961 4508 1082 4583; x_wconf 66' lang='lat' dir='ltr'><strong>que</strong></span> <span class='ocrx_word' id='word_1_554' title='bbox 1117 4508 1155 4583; x_wconf 58' lang='lat' dir='ltr'><strong>lt</strong></span> <span class='ocrx_word' id='word_1_555' title='bbox 1181 4494 1383 4575; x_wconf 75' lang='lat' dir='ltr'><strong>sanctis</strong></span> <span class='ocrx_word' id='word_1_556' title='bbox 1427 4493 1510 4547; x_wconf 88' lang='lat' dir='ltr'><strong>vel</strong></span> <span class='ocrx_word' id='word_1_557' title='bbox 1535 4493 1708 4583; x_wconf 70' lang='lat' dir='ltr'><strong>justis</strong></span> <span class='ocrx_word' id='word_1_558' title='bbox 1749 4494 1888 4583; x_wconf 65' lang='lat' dir='ltr'><strong>viris</strong></span> <span class='ocrx_word' id='word_1_559' title='bbox 1914 4521 1966 4583; x_wconf 83' lang='lat' dir='ltr'><strong>D</strong></span> 
     </span>
    </p>
   </div>
   <div class='ocr_carea' id='block_1_75' title="bbox 244 4562 1889 4636">
    <p class='ocr_par' dir='ltr' id='par_1_75' title="bbox 244 4562 1889 4636">
     <span class='ocr_line' id='line_1_75' title="bbox 244 4562 1889 4636; baseline -0.001 -16"><span class='ocrx_word' id='word_1_560' title='bbox 244 4562 516 4636; x_wconf 82' lang='lat' dir='ltr'><strong>legimus</strong></span> <span class='ocrx_word' id='word_1_561' title='bbox 536 4563 710 4628; x_wconf 83' lang='lat' dir='ltr'><strong>facta,</strong></span> <span class='ocrx_word' id='word_1_562' title='bbox 733 4565 1033 4636; x_wconf 77' lang='lat' dir='ltr'><strong>transferre</strong></span> <span class='ocrx_word' id='word_1_563' title='bbox 1045 4562 1290 4617; x_wconf 84' lang='lat' dir='ltr'><strong>debemus</strong></span> <span class='ocrx_word' id='word_1_564' title='bbox 1307 4565 1365 4616; x_wconf 91' lang='lat' dir='ltr'><strong>in</strong></span> <span class='ocrx_word' id='word_1_565' title='bbox 1381 4562 1549 4636; x_wconf 84' lang='lat' dir='ltr'><strong>mores</strong></span> <span class='ocrx_word' id='word_1_566' title='bbox 1578 4582 1596 4619; x_wconf 92' lang='grc'><strong>.·</strong></span> <span class='ocrx_word' id='word_1_567' title='bbox 1615 4564 1708 4619; x_wconf 87' lang='lat' dir='ltr'><strong>sed</strong></span> <span class='ocrx_word' id='word_1_568' title='bbox 1725 4566 1889 4618; x_wconf 85' lang='lat' dir='ltr'><strong>etiam</strong></span> 
     </span>
    </p>
   </div>
   <div class='ocr_carea' id='block_1_76' title="bbox 246 4633 1890 4706">
    <p class='ocr_par' dir='ltr' id='par_1_76' title="bbox 246 4633 1890 4706">
     <span class='ocr_line' id='line_1_76' title="bbox 246 4633 1890 4706; baseline -0.011 -14"><span class='ocrx_word' id='word_1_569' title='bbox 246 4633 390 4692; x_wconf 75' lang='lat' dir='ltr'><strong>hinc</strong></span> <span class='ocrx_word' id='word_1_570' title='bbox 421 4635 660 4706; x_wconf 81' lang='lat' dir='ltr'><strong>discere,</strong></span> <span class='ocrx_word' id='word_1_571' title='bbox 682 4648 846 4702; x_wconf 87' lang='lat' dir='ltr'><strong>quam</strong></span> <span class='ocrx_word' id='word_1_572' title='bbox 869 4633 976 4706; x_wconf 78' lang='lat' dir='ltr'><strong>late</strong></span> <span class='ocrx_word' id='word_1_573' title='bbox 996 4638 1206 4706; x_wconf 82' lang='lat' dir='ltr'><strong>pateat,</strong></span> <span class='ocrx_word' id='word_1_574' title='bbox 1235 4639 1285 4687; x_wconf 92' lang='lat' dir='ltr'><strong>et</strong></span> <span class='ocrx_word' id='word_1_575' title='bbox 1322 4635 1397 4688; x_wconf 86' lang='lat' dir='ltr'><strong>ad</strong></span> <span class='ocrx_word' id='word_1_576' title='bbox 1427 4651 1560 4703; x_wconf 84' lang='lat' dir='ltr'><strong>quos</strong></span> <span class='ocrx_word' id='word_1_577' title='bbox 1587 4650 1754 4706; x_wconf 81' lang='lat' dir='ltr'><strong>u5que</strong></span> <span class='ocrx_word' id='word_1_578' title='bbox 1765 4651 1890 4704; x_wconf 62' lang='lat' dir='ltr'><strong>per.</strong></span> 
     </span>
    </p>
   </div>
   <div class='ocr_carea' id='block_1_77' title="bbox 238 4703 1887 4777">
    <p class='ocr_par' dir='ltr' id='par_1_77' title="bbox 238 4703 1887 4777">
     <span class='ocr_line' id='line_1_77' title="bbox 238 4703 1887 4777; baseline -0.003 -13"><span class='ocrx_word' id='word_1_579' title='bbox 238 4710 463 4764; x_wconf 72' lang='lat' dir='ltr'><strong>veniat</strong></span> <span class='ocrx_word' id='word_1_580' title='bbox 495 4703 964 4777; x_wconf 15' lang='lat' dir='ltr'><strong>quodlApostolus</strong></span> <span class='ocrx_word' id='word_1_581' title='bbox 981 4705 1064 4758; x_wconf 85' lang='lat' dir='ltr'><strong>ait</strong></span> <span class='ocrx_word' id='word_1_582' title='bbox 1078 4721 1104 4758; x_wconf 65' lang='grc' dir='ltr'><strong>ατ</strong></span> <span class='ocrx_word' id='word_1_583' title='bbox 1125 4705 1362 4777; x_wconf 60' lang='lat' dir='ltr'><strong>Fratres,</strong></span> <span class='ocrx_word' id='word_1_584' title='bbox 1390 4707 1508 4760; x_wconf 84' lang='lat' dir='ltr'><strong>etsi</strong></span> <span class='ocrx_word' id='word_1_585' title='bbox 1543 4703 1887 4774; x_wconf 72' lang='lat' dir='ltr'><strong>prwbcmipa-</strong></span> 
     </span>
    </p>
   </div>
   <div class='ocr_carea' id='block_1_78' title="bbox 239 4774 1888 4845">
    <p class='ocr_par' dir='ltr' id='par_1_78' title="bbox 239 4774 1888 4845">
     <span class='ocr_line' id='line_1_78' title="bbox 239 4774 1888 4845; baseline -0.004 -9"><span class='ocrx_word' id='word_1_586' title='bbox 239 4785 346 4836; x_wconf 79' lang='lat' dir='ltr'><strong>tus</strong></span> <span class='ocrx_word' id='word_1_587' title='bbox 396 4774 597 4844; x_wconf 81' lang='lat' dir='ltr'><strong>fuérit</strong></span> <span class='ocrx_word' id='word_1_588' title='bbox 645 4776 794 4830; x_wconf 84' lang='lat' dir='ltr'><strong>homo</strong></span> <span class='ocrx_word' id='word_1_589' title='bbox 823 4776 882 4829; x_wconf 87' lang='lat' dir='ltr'><strong>in</strong></span> <span class='ocrx_word' id='word_1_590' title='bbox 908 4775 1093 4844; x_wconf 88' lang='lat' dir='ltr'><strong>aliquo</strong></span> <span class='ocrx_word' id='word_1_591' title='bbox 1117 4774 1328 4836; x_wconf 87' lang='lat' dir='ltr'><strong>delicto,</strong></span> <span class='ocrx_word' id='word_1_592' title='bbox 1353 4790 1444 4830; x_wconf 86' lang='lat' dir='ltr'><strong>vos</strong></span> <span class='ocrx_word' id='word_1_593' title='bbox 1485 4777 1584 4845; x_wconf 83' lang='lat' dir='ltr'><strong>qui</strong></span> <span class='ocrx_word' id='word_1_594' title='bbox 1615 4777 1888 4845; x_wconf 83' lang='lat' dir='ltr'><strong>spiritales</strong></span> 
     </span>
    </p>
   </div>
   <div class='ocr_carea' id='block_1_79' title="bbox 235 4844 1886 4916">
    <p class='ocr_par' dir='ltr' id='par_1_79' title="bbox 235 4844 1886 4916">
     <span class='ocr_line' id='line_1_79' title="bbox 235 4844 1886 4916; baseline 0.002 -18"><span class='ocrx_word' id='word_1_595' title='bbox 235 4853 420 4916; x_wconf 51' lang='lat' dir='ltr'><strong>esas,</strong></span> <span class='ocrx_word' id='word_1_596' title='bbox 443 4845 1028 4916; x_wconf 70' lang='lat' dir='ltr'><strong>instruitebujusmodi</strong></span> <span class='ocrx_word' id='word_1_597' title='bbox 1041 4847 1097 4899; x_wconf 88' lang='lat' dir='ltr'><strong>in</strong></span> <span class='ocrx_word' id='word_1_598' title='bbox 1106 4847 1306 4916; x_wconf 82' lang='lat' dir='ltr'><strong>spiritu</strong></span> <span class='ocrx_word' id='word_1_599' title='bbox 1317 4844 1556 4902; x_wconf 84' lang='lat' dir='ltr'><strong>lenitatis</strong></span> <span class='ocrx_word' id='word_1_600' title='bbox 1570 4844 1771 4916; x_wconf 82' lang='lat' dir='ltr'><strong>(Galat.</strong></span> <span class='ocrx_word' id='word_1_601' title='bbox 1786 4847 1861 4916; x_wconf 77' lang='lat' dir='ltr'><strong>vi)</strong></span> <span class='ocrx_word' id='word_1_602' title='bbox 1873 4887 1886 4901; x_wconf 95' lang='lat'><strong>.</strong></span> 
     </span>
    </p>
   </div>
   <div class='ocr_carea' id='block_1_80' title="bbox 324 4912 1884 4972">
    <p class='ocr_par' dir='ltr' id='par_1_80' title="bbox 324 4912 1884 4972">
     <span class='ocr_line' id='line_1_80' title="bbox 324 4912 1884 4972; baseline 0.002 -3"><span class='ocrx_word' id='word_1_603' title='bbox 324 4912 358 4950; x_wconf 74' lang='grc' dir='ltr'><strong>ι’</strong></span> <span class='ocrx_word' id='word_1_604' title='bbox 391 4913 644 4970; x_wconf 87' lang='lat' dir='ltr'><strong>Videtur</strong></span> <span class='ocrx_word' id='word_1_605' title='bbox 671 4912 761 4968; x_wconf 89' lang='lat' dir='ltr'><strong>hic</strong></span> <span class='ocrx_word' id='word_1_606' title='bbox 789 4912 1108 4972; x_wconf 82' lang='lat' dir='ltr'><strong>Germanus</strong></span> <span class='ocrx_word' id='word_1_607' title='bbox 1130 4912 1491 4972; x_wconf 56' lang='lat' dir='ltr'><strong>&#39;existimasse</strong></span> <span class='ocrx_word' id='word_1_608' title='bbox 1537 4912 1884 4972; x_wconf 84' lang='lat' dir='ltr'><strong>mendacium</strong></span> 
     </span>
    </p>
   </div>
   <div class='ocr_carea' id='block_1_81' title="bbox 229 4981 1887 5068">
    <p class='ocr_par' dir='ltr' id='par_1_81' title="bbox 229 4981 1887 5068">
     <span class='ocr_line' id='line_1_81' title="bbox 229 4981 1887 5068; baseline -0.002 -21"><span class='ocrx_word' id='word_1_609' title='bbox 229 4983 543 5068; x_wconf 80' lang='lat' dir='ltr'><strong>in_veteri</strong></span> <span class='ocrx_word' id='word_1_610' title='bbox 575 4983 699 5068; x_wconf 71' lang='lat' dir='ltr'><strong>lege</strong></span> <span class='ocrx_word' id='word_1_611' title='bbox 730 4981 894 5040; x_wconf 83' lang='lat' dir='ltr'><strong>fuisse</strong></span> <span class='ocrx_word' id='word_1_612' title='bbox 923 4987 1242 5068; x_wconf 79' lang='lat' dir='ltr'><strong>permissum</strong></span> <span class='ocrx_word' id='word_1_613' title='bbox 1262 5028 1287 5068; x_wconf 52' lang='grc' dir='ltr'><strong>ι</strong></span> <span class='ocrx_word' id='word_1_614' title='bbox 1314 4985 1531 5068; x_wconf 76' lang='lat' dir='ltr'><strong>perinde</strong></span> <span class='ocrx_word' id='word_1_615' title='bbox 1563 5002 1632 5068; x_wconf 66' lang='lat' dir='ltr'><strong>ac</strong></span> <span class='ocrx_word' id='word_1_616' title='bbox 1669 4986 1887 5068; x_wconf 63' lang='lat' dir='ltr'><strong>polyga-</strong></span> 
     </span>
    </p>
   </div>
   <div class='ocr_carea' id='block_1_82' title="bbox 237 5003 1882 5128">
    <p class='ocr_par' dir='ltr' id='par_1_82' title="bbox 237 5003 1882 5128">
     <span class='ocr_line' id='line_1_82' title="bbox 237 5003 1882 5112; baseline -0.002 -65"><span class='ocrx_word' id='word_1_617' title='bbox 237 5003 304 5047; x_wconf 80' lang='lat' dir='ltr'><strong>in</strong></span> <span class='ocrx_word' id='word_1_618' title='bbox 339 5003 543 5045; x_wconf 76' lang='lat' dir='ltr'><strong>veteri</strong></span> <span class='ocrx_word' id='word_1_619' title='bbox 575 5003 689 5055; x_wconf 79' lang='lat' dir='ltr'><strong>iege</strong></span> <span class='ocrx_word' id='word_1_620' title='bbox 730 5003 894 5040; x_wconf 78' lang='lat' dir='ltr'><strong>luisse</strong></span> <span class='ocrx_word' id='word_1_621' title='bbox 923 5003 1242 5067; x_wconf 80' lang='lat' dir='ltr'><strong>permissum</strong></span> <span class='ocrx_word' id='word_1_622' title='bbox 1262 5028 1278 5054; x_wconf 96' lang='lat'><strong>,</strong></span> <span class='ocrx_word' id='word_1_623' title='bbox 1314 5003 1531 5112; x_wconf 66' lang='lat' dir='ltr'><strong>pennae</strong></span> <span class='ocrx_word' id='word_1_624' title='bbox 1568 5003 1632 5068; x_wconf 79' lang='lat' dir='ltr'><strong>ac</strong></span> <span class='ocrx_word' id='word_1_625' title='bbox 1669 5003 1882 5068; x_wconf 70' lang='lat' dir='ltr'><strong>pouyga-</strong></span> 
     </span>
     <span class='ocr_line' id='line_1_83' title="bbox 237 5054 1882 5128; baseline 0.001 -17"><span class='ocrx_word' id='word_1_626' title='bbox 237 5063 499 5123; x_wconf 80' lang='lat' dir='ltr'><strong>miam;</strong></span> <span class='ocrx_word' id='word_1_627' title='bbox 547 5054 704 5128; x_wconf 77' lang='lat' dir='ltr'><strong>quod</strong></span> <span class='ocrx_word' id='word_1_628' title='bbox 734 5064 992 5128; x_wconf 76' lang='lat' dir='ltr'><strong>sequenti</strong></span> <span class='ocrx_word' id='word_1_629' title='bbox 1035 5073 1154 5128; x_wconf 90' lang='lat' dir='ltr'><strong>cap.</strong></span> <span class='ocrx_word' id='word_1_630' title='bbox 1188 5057 1312 5128; x_wconf 79' lang='lat' dir='ltr'><strong>refe</strong></span> <span class='ocrx_word' id='word_1_631' title='bbox 1337 5058 1484 5124; x_wconf 82' lang='lat' dir='ltr'><strong>litur,</strong></span> <span class='ocrx_word' id='word_1_632' title='bbox 1523 5057 1613 5112; x_wconf 78' lang='lat' dir='ltr'><strong>ubi</strong></span> <span class='ocrx_word' id='word_1_633' title='bbox 1665 5056 1882 5124; x_wconf 81' lang='lat' dir='ltr'><strong>dieitur,</strong></span> 
     </span>
    </p>
   </div>
   <div class='ocr_carea' id='block_1_83' title="bbox 232 5125 1885 5205">
    <p class='ocr_par' dir='ltr' id='par_1_83' title="bbox 232 5125 1885 5205">
     <span class='ocr_line' id='line_1_84' title="bbox 232 5125 1885 5205; baseline -0.001 -19"><span class='ocrx_word' id='word_1_634' title='bbox 232 5132 415 5205; x_wconf 81' lang='lat' dir='ltr'><strong>quod</strong></span> <span class='ocrx_word' id='word_1_635' title='bbox 461 5125 779 5205; x_wconf 64' lang='lat' dir='ltr'><strong>polygamia</strong></span> <span class='ocrx_word' id='word_1_636' title='bbox 810 5125 942 5183; x_wconf 83' lang='lat' dir='ltr'><strong>tunc</strong></span> <span class='ocrx_word' id='word_1_637' title='bbox 969 5125 1231 5205; x_wconf 65' lang='lat' dir='ltr'><strong>temporis</strong></span> <span class='ocrx_word' id='word_1_638' title='bbox 1272 5129 1448 5205; x_wconf 72' lang='lat' dir='ltr'><strong>potuit</strong></span> <span class='ocrx_word' id='word_1_639' title='bbox 1470 5144 1586 5205; x_wconf 72' lang='lat' dir='ltr'><strong>esse</strong></span> <span class='ocrx_word' id='word_1_640' title='bbox 1615 5129 1732 5205; x_wconf 73' lang='lat' dir='ltr'><strong>sine</strong></span> <span class='ocrx_word' id='word_1_641' title='bbox 1757 5144 1885 5205; x_wconf 80' lang='lat' dir='ltr'><strong>pee-</strong></span> 
     </span>
    </p>
   </div>
   <div class='ocr_carea' id='block_1_84' title="bbox 231 5197 1883 5268">
    <p class='ocr_par' dir='ltr' id='par_1_84' title="bbox 231 5197 1883 5268">
     <span class='ocr_line' id='line_1_85' title="bbox 231 5197 1883 5268; baseline -0.003 -10"><span class='ocrx_word' id='word_1_642' title='bbox 231 5197 410 5268; x_wconf 70' lang='grc' dir='ltr'><strong>(ἔδω,</strong></span> <span class='ocrx_word' id='word_1_643' title='bbox 447 5197 814 5256; x_wconf 77' lang='lat' dir='ltr'><strong>mendacium</strong></span> <span class='ocrx_word' id='word_1_644' title='bbox 834 5213 942 5254; x_wconf 91' lang='lat' dir='ltr'><strong>non</strong></span> <span class='ocrx_word' id='word_1_645' title='bbox 969 5197 1120 5253; x_wconf 85' lang='lat' dir='ltr'><strong>item.</strong></span> <span class='ocrx_word' id='word_1_646' title='bbox 1148 5197 1313 5254; x_wconf 78' lang='lat' dir='ltr'><strong>Porro</strong></span> <span class='ocrx_word' id='word_1_647' title='bbox 1331 5199 1398 5254; x_wconf 93' lang='lat' dir='ltr'><strong>de</strong></span> <span class='ocrx_word' id='word_1_648' title='bbox 1419 5199 1698 5256; x_wconf 88' lang='lat' dir='ltr'><strong>mendacio</strong></span> <span class='ocrx_word' id='word_1_649' title='bbox 1726 5197 1780 5254; x_wconf 84' lang='lat' dir='ltr'><strong>et</strong></span> <span class='ocrx_word' id='word_1_650' title='bbox 1807 5199 1883 5254; x_wconf 87' lang='lat' dir='ltr'><strong>si-</strong></span> 
     </span>
    </p>
   </div>
   <div class='ocr_carea' id='block_1_85' title="bbox 230 5268 1883 5336">
    <p class='ocr_par' dir='ltr' id='par_1_85' title="bbox 230 5268 1883 5336">
     <span class='ocr_line' id='line_1_86' title="bbox 230 5268 1883 5336; baseline -0.004 -6"><span class='ocrx_word' id='word_1_651' title='bbox 230 5272 586 5330; x_wconf 85' lang='lat' dir='ltr'><strong>mulatione</strong></span> <span class='ocrx_word' id='word_1_652' title='bbox 615 5269 837 5325; x_wconf 89' lang='lat' dir='ltr'><strong>Davidis</strong></span> <span class='ocrx_word' id='word_1_653' title='bbox 859 5285 972 5324; x_wconf 90' lang='lat' dir='ltr'><strong>non</strong></span> <span class='ocrx_word' id='word_1_654' title='bbox 1001 5269 1216 5324; x_wconf 85' lang='lat' dir='ltr'><strong>videtur</strong></span> <span class='ocrx_word' id='word_1_655' title='bbox 1243 5269 1333 5325; x_wconf 91' lang='lat' dir='ltr'><strong>hic</strong></span> <span class='ocrx_word' id='word_1_656' title='bbox 1362 5268 1735 5336; x_wconf 90' lang='lat' dir='ltr'><strong>laborandum,</strong></span> <span class='ocrx_word' id='word_1_657' title='bbox 1757 5284 1883 5326; x_wconf 91' lang='lat' dir='ltr'><strong>cum</strong></span> 
     </span>
    </p>
   </div>
   <div class='ocr_carea' id='block_1_86' title="bbox 229 5339 1886 5412">
    <p class='ocr_par' dir='ltr' id='par_1_86' title="bbox 229 5339 1886 5412">
     <span class='ocr_line' id='line_1_87' title="bbox 229 5339 1886 5412; baseline -0.005 -11"><span class='ocrx_word' id='word_1_658' title='bbox 229 5346 419 5402; x_wconf 82' lang='lat' dir='ltr'><strong>nulla</strong></span> <span class='ocrx_word' id='word_1_659' title='bbox 459 5339 610 5397; x_wconf 87' lang='lat' dir='ltr'><strong>ratio</strong></span> <span class='ocrx_word' id='word_1_660' title='bbox 637 5350 892 5412; x_wconf 84' lang='lat' dir='ltr'><strong>appareat</strong></span> <span class='ocrx_word' id='word_1_661' title='bbox 916 5356 1041 5395; x_wconf 88' lang='lat' dir='ltr'><strong>eum</strong></span> <span class='ocrx_word' id='word_1_662' title='bbox 1071 5355 1102 5395; x_wconf 87' lang='lat' dir='ltr'><strong>a</strong></span> <span class='ocrx_word' id='word_1_663' title='bbox 1138 5340 1420 5397; x_wconf 90' lang='lat' dir='ltr'><strong>mendacio</strong></span> <span class='ocrx_word' id='word_1_664' title='bbox 1445 5340 1690 5396; x_wconf 88' lang='lat' dir='ltr'><strong>ofﬁcioso</strong></span> <span class='ocrx_word' id='word_1_665' title='bbox 1713 5349 1767 5396; x_wconf 89' lang='lat' dir='ltr'><strong>et</strong></span> <span class='ocrx_word' id='word_1_666' title='bbox 1794 5357 1886 5412; x_wconf 72' lang='lat' dir='ltr'><strong>ve-</strong></span> 
     </span>
    </p>
   </div>
   <div class='ocr_carea' id='block_1_87' title="bbox 232 5410 1887 5484">
    <p class='ocr_par' dir='ltr' id='par_1_87' title="bbox 232 5410 1887 5484">
     <span class='ocr_line' id='line_1_88' title="bbox 232 5410 1887 5484; baseline -0.003 -13"><span class='ocrx_word' id='word_1_667' title='bbox 232 5416 386 5471; x_wconf 88' lang='lat' dir='ltr'><strong>niali</strong></span> <span class='ocrx_word' id='word_1_668' title='bbox 451 5410 762 5484; x_wconf 63' lang='lat' dir='ltr'><strong>excusandi</strong></span> <span class='ocrx_word' id='word_1_669' title='bbox 805 5431 818 5467; x_wconf 94' lang='lat'>:</span> <span class='ocrx_word' id='word_1_670' title='bbox 853 5413 1152 5483; x_wconf 67' lang='lat' dir='ltr'><strong>praesertim</strong></span> <span class='ocrx_word' id='word_1_671' title='bbox 1181 5413 1598 5484; x_wconf 12' lang='lat' dir='ltr'><strong>cumrsequenti</strong></span> <span class='ocrx_word' id='word_1_672' title='bbox 1640 5429 1760 5484; x_wconf 90' lang='lat' dir='ltr'><strong>cap.</strong></span> <span class='ocrx_word' id='word_1_673' title='bbox 1806 5410 1887 5467; x_wconf 85' lang='lat' dir='ltr'><strong>fa-</strong></span> 
     </span>
    </p>
   </div>
   <div class='ocr_carea' id='block_1_88' title="bbox 227 5481 1887 5544">
    <p class='ocr_par' dir='ltr' id='par_1_88' title="bbox 227 5481 1887 5544">
     <span class='ocr_line' id='line_1_89' title="bbox 227 5481 1887 5544; baseline -0.004 1"><span class='ocrx_word' id='word_1_674' title='bbox 227 5495 459 5544; x_wconf 76' lang='lat' dir='ltr'><strong>teatur</strong></span> <span class='ocrx_word' id='word_1_675' title='bbox 495 5481 590 5538; x_wconf 82' lang='lat' dir='ltr'><strong>hic</strong></span> <span class='ocrx_word' id='word_1_676' title='bbox 620 5481 786 5537; x_wconf 90' lang='lat' dir='ltr'><strong>abbas</strong></span> <span class='ocrx_word' id='word_1_677' title='bbox 817 5481 1082 5540; x_wconf 80' lang='lat' dir='ltr'><strong>Davidem</strong></span> <span class='ocrx_word' id='word_1_678' title='bbox 1122 5481 1460 5538; x_wconf 77' lang='lat' dir='ltr'><strong>veniabiliter</strong></span> <span class='ocrx_word' id='word_1_679' title='bbox 1499 5482 1658 5538; x_wconf 83' lang='lat' dir='ltr'><strong>fuisse</strong></span> <span class='ocrx_word' id='word_1_680' title='bbox 1685 5481 1887 5539; x_wconf 85' lang='lat' dir='ltr'><strong>menti-</strong></span> 
     </span>
    </p>
   </div>
   <div class='ocr_carea' id='block_1_89' title="bbox 226 5551 1882 5626">
    <p class='ocr_par' dir='ltr' id='par_1_89' title="bbox 226 5551 1882 5626">
     <span class='ocr_line' id='line_1_90' title="bbox 226 5551 1882 5626; baseline -0.004 -12"><span class='ocrx_word' id='word_1_681' title='bbox 226 5567 406 5624; x_wconf 84' lang='lat' dir='ltr'><strong>tum,</strong></span> <span class='ocrx_word' id='word_1_682' title='bbox 461 5560 538 5610; x_wconf 84' lang='lat' dir='ltr'><strong>ut</strong></span> <span class='ocrx_word' id='word_1_683' title='bbox 563 5553 721 5626; x_wconf 63' lang='lat' dir='ltr'><strong>scab</strong></span> <span class='ocrx_word' id='word_1_684' title='bbox 764 5551 960 5626; x_wconf 80' lang='lat' dir='ltr'><strong>injuste</strong></span> <span class='ocrx_word' id='word_1_685' title='bbox 1005 5554 1184 5611; x_wconf 85' lang='lat' dir='ltr'><strong>Saulis</strong></span> <span class='ocrx_word' id='word_1_686' title='bbox 1221 5553 1594 5626; x_wconf 87' lang='lat' dir='ltr'><strong>persecutione</strong></span> <span class='ocrx_word' id='word_1_687' title='bbox 1633 5555 1882 5609; x_wconf 86' lang='lat' dir='ltr'><strong>salvaret.</strong></span> 
     </span>
    </p>
   </div>
   <div class='ocr_carea' id='block_1_90' title="bbox 232 5622 1884 5695">
    <p class='ocr_par' dir='ltr' id='par_1_90' title="bbox 232 5622 1884 5695">
     <span class='ocr_line' id='line_1_91' title="bbox 232 5622 1884 5695; baseline -0.004 -9"><span class='ocrx_word' id='word_1_688' title='bbox 232 5622 534 5686; x_wconf 75' lang='lat' dir='ltr'><strong>Excusat</strong></span> <span class='ocrx_word' id='word_1_689' title='bbox 547 5622 765 5695; x_wconf 89' lang='lat' dir='ltr'><strong>quidem</strong></span> <span class='ocrx_word' id='word_1_690' title='bbox 785 5622 1121 5695; x_wconf 69' lang='lat' dir='ltr'><strong>aliquatenus</strong></span> <span class='ocrx_word' id='word_1_691' title='bbox 1135 5627 1202 5681; x_wconf 93' lang='lat' dir='ltr'><strong>D.</strong></span> <span class='ocrx_word' id='word_1_692' title='bbox 1223 5622 1472 5682; x_wconf 80' lang='lat' dir='ltr'><strong>Thomas</strong></span> <span class='ocrx_word' id='word_1_693' title='bbox 1515 5629 1659 5693; x_wconf 84' lang='lat'><strong>(2-2,</strong></span> <span class='ocrx_word' id='word_1_694' title='bbox 1687 5642 1740 5695; x_wconf 87' lang='lat' dir='ltr'><strong>q.</strong></span> <span class='ocrx_word' id='word_1_695' title='bbox 1767 5632 1820 5680; x_wconf 83' lang='grc' dir='ltr'>ιι</span> <span class='ocrx_word' id='word_1_696' title='bbox 1840 5635 1884 5695; x_wconf 89' lang='lat' dir='ltr'><strong>t,</strong></span> 
     </span>
    </p>
   </div>
   <div class='ocr_carea' id='block_1_91' title="bbox 222 5694 1889 5766">
    <p class='ocr_par' dir='ltr' id='par_1_91' title="bbox 222 5694 1889 5766">
     <span class='ocr_line' id='line_1_92' title="bbox 222 5694 1889 5766; baseline -0.001 -12"><span class='ocrx_word' id='word_1_697' title='bbox 222 5706 364 5756; x_wconf 79' lang='lat' dir='ltr'><strong>art.</strong></span> <span class='ocrx_word' id='word_1_698' title='bbox 425 5705 453 5752; x_wconf 83' lang='lat'><strong>1</strong></span> <span class='ocrx_word' id='word_1_699' title='bbox 498 5694 579 5750; x_wconf 86' lang='lat' dir='ltr'><strong>ad</strong></span> <span class='ocrx_word' id='word_1_700' title='bbox 606 5696 706 5766; x_wconf 19' lang='lat' dir='ltr'><strong>At),</strong></span> <span class='ocrx_word' id='word_1_701' title='bbox 743 5694 908 5766; x_wconf 76' lang='lat' dir='ltr'><strong>quod</strong></span> <span class='ocrx_word' id='word_1_702' title='bbox 937 5694 1024 5766; x_wconf 78' lang='lat' dir='ltr'><strong>illa</strong></span> <span class='ocrx_word' id='word_1_703' title='bbox 1069 5695 1212 5751; x_wconf 88' lang='lat' dir='ltr'><strong>ﬁctio</strong></span> <span class='ocrx_word' id='word_1_704' title='bbox 1277 5696 1389 5752; x_wconf 89' lang='lat' dir='ltr'><strong>sive</strong></span> <span class='ocrx_word' id='word_1_705' title='bbox 1426 5694 1706 5752; x_wconf 85' lang='lat' dir='ltr'><strong>simulatio</strong></span> <span class='ocrx_word' id='word_1_706' title='bbox 1744 5694 1889 5766; x_wconf 88' lang='lat' dir='ltr'><strong>apud</strong></span> 
     </span>
    </p>
   </div>
   <div class='ocr_carea' id='block_1_92' title="bbox 225 5763 1890 5841">
    <p class='ocr_par' dir='ltr' id='par_1_92' title="bbox 225 5763 1890 5841">
     <span class='ocr_line' id='line_1_93' title="bbox 225 5763 1890 5841; baseline -0.002 -15"><span class='ocrx_word' id='word_1_707' title='bbox 225 5784 466 5841; x_wconf 78' lang='lat' dir='ltr'><strong>regem</strong></span> <span class='ocrx_word' id='word_1_708' title='bbox 510 5764 686 5841; x_wconf 82' lang='lat' dir='ltr'><strong>_Achis</strong></span> <span class='ocrx_word' id='word_1_709' title='bbox 715 5763 966 5841; x_wconf 74' lang='lat' dir='ltr'><strong>ﬁguralis</strong></span> <span class='ocrx_word' id='word_1_710' title='bbox 1000 5763 1186 5841; x_wconf 81' lang='lat' dir='ltr'><strong>fuerit;</strong></span> <span class='ocrx_word' id='word_1_711' title='bbox 1231 5783 1398 5838; x_wconf 87' lang='lat' dir='ltr'><strong>quam</strong></span> <span class='ocrx_word' id='word_1_712' title='bbox 1447 5767 1677 5839; x_wconf 87' lang='lat' dir='ltr'><strong>ﬁguram</strong></span> <span class='ocrx_word' id='word_1_713' title='bbox 1709 5763 1890 5841; x_wconf 78' lang='lat' dir='ltr'><strong>expli-</strong></span> 
     </span>
    </p>
   </div>
   <div class='ocr_carea' id='block_1_93' title="bbox 219 5835 1890 5912">
    <p class='ocr_par' dir='ltr' id='par_1_93' title="bbox 219 5835 1890 5912">
     <span class='ocr_line' id='line_1_94' title="bbox 219 5835 1890 5912; baseline -0.002 -15"><span class='ocrx_word' id='word_1_714' title='bbox 219 5835 343 5900; x_wconf 55' lang='lat' dir='ltr'><strong>ca?</strong></span> <span class='ocrx_word' id='word_1_715' title='bbox 357 5844 450 5897; x_wconf 91' lang='lat' dir='ltr'><strong>D.</strong></span> <span class='ocrx_word' id='word_1_716' title='bbox 485 5835 836 5908; x_wconf 80' lang='lat' dir='ltr'><strong>Augustinus</strong></span> <span class='ocrx_word' id='word_1_717' title='bbox 855 5836 910 5892; x_wconf 90' lang='lat' dir='ltr'><strong>in</strong></span> <span class='ocrx_word' id='word_1_718' title='bbox 937 5835 1205 5907; x_wconf 82' lang='lat' dir='ltr'><strong>psalmum</strong></span> <span class='ocrx_word' id='word_1_719' title='bbox 1250 5835 1433 5907; x_wconf 71' lang='lat' dir='ltr'><strong>xxxx;</strong></span> <span class='ocrx_word' id='word_1_720' title='bbox 1453 5835 1514 5896; x_wconf 73' lang='lat' dir='ltr'><strong>at</strong></span> <span class='ocrx_word' id='word_1_721' title='bbox 1529 5842 1674 5900; x_wconf 81' lang='lat' dir='ltr'><strong>certe</strong></span> <span class='ocrx_word' id='word_1_722' title='bbox 1701 5835 1890 5912; x_wconf 83' lang='lat' dir='ltr'><strong>ﬁgura-</strong></span> 
     </span>
    </p>
   </div>
   <div class='ocr_carea' id='block_1_94' title="bbox 496 5923 1009 5982">
    <p class='ocr_par' dir='ltr' id='par_1_94' title="bbox 496 5923 1009 5982">
     <span class='ocr_line' id='line_1_95' title="bbox 496 5923 1009 5982; baseline -0.004 -2"><span class='ocrx_word' id='word_1_723' title='bbox 496 5926 764 5982; x_wconf 69' lang='lat' dir='ltr'><strong>Punon.</strong></span> <span class='ocrx_word' id='word_1_724' title='bbox 799 5923 1009 5981; x_wconf 82' lang='lat' dir='ltr'><strong>XLIX.</strong></span> 
     </span>
    </p>
   </div>
   <div class='ocr_carea' id='block_1_95' title="bbox 1999 2724 3600 2854">
    <p class='ocr_par' dir='ltr' id='par_1_95' title="bbox 1999 2724 3600 2854">
     <span class='ocr_line' id='line_1_96' title="bbox 1999 2724 3600 2854; baseline 0.002 -75"><span class='ocrx_word' id='word_1_725' title='bbox 1999 2725 2462 2854; x_wconf 45' lang='lat' dir='ltr'><strong>sivztrsign‘iﬁtcatio</strong></span> <span class='ocrx_word' id='word_1_726' title='bbox 2492 2724 2760 2784; x_wconf 89' lang='lat' dir='ltr'><strong>mendacii</strong></span> <span class='ocrx_word' id='word_1_727' title='bbox 2806 2729 2995 2784; x_wconf 90' lang='lat' dir='ltr'><strong>notam</strong></span> <span class='ocrx_word' id='word_1_728' title='bbox 3023 2743 3137 2784; x_wconf 90' lang='lat' dir='ltr'><strong>non</strong></span> <span class='ocrx_word' id='word_1_729' title='bbox 3162 2725 3401 2785; x_wconf 86' lang='lat' dir='ltr'><strong>excludit</strong></span> <span class='ocrx_word' id='word_1_730' title='bbox 3418 2768 3434 2796; x_wconf 92' lang='lat'><strong>,</strong></span> <span class='ocrx_word' id='word_1_731' title='bbox 3456 2735 3519 2783; x_wconf 92' lang='lat' dir='ltr'><strong>ut</strong></span> <span class='ocrx_word' id='word_1_732' title='bbox 3539 2742 3600 2783; x_wconf 84' lang='lat' dir='ltr'><strong>ex</strong></span> 
     </span>
     <span class='ocr_line' id='line_1_97' title="bbox 2039 2812 2354 2854; baseline 0.006 -2"><span class='ocrx_word' id='word_1_733' title='bbox 2039 2814 2088 2854; x_wconf 81' lang='lat' dir='ltr'><strong>lc</strong></span> <span class='ocrx_word' id='word_1_734' title='bbox 2115 2813 2160 2853; x_wconf 83' lang='lat' dir='ltr'><strong>IS</strong></span> <span class='ocrx_word' id='word_1_735' title='bbox 2185 2813 2250 2854; x_wconf 88' lang='lat' dir='ltr'><strong>na</strong></span> <span class='ocrx_word' id='word_1_736' title='bbox 2279 2812 2307 2852; x_wconf 78' lang='grc' dir='ltr'><strong>ϐ</strong></span> <span class='ocrx_word' id='word_1_737' title='bbox 2339 2838 2354 2854; x_wconf 81' lang='grc' dir='ltr'><strong><em>ο</em></strong></span> 
     </span>
    </p>
   </div>
   <div class='ocr_carea' id='block_1_96' title="bbox 2039 2797 3644 2872">
    <p class='ocr_par' dir='ltr' id='par_1_96' title="bbox 2039 2797 3644 2872">
     <span class='ocr_line' id='line_1_98' title="bbox 2039 2797 3644 2872; baseline 0.002 -20"><span class='ocrx_word' id='word_1_738' title='bbox 2039 2797 2160 2872; x_wconf 86' lang='lat' dir='ltr'><strong>ictis</strong></span> <span class='ocrx_word' id='word_1_739' title='bbox 2185 2797 2376 2872; x_wconf 75' lang='lat' dir='ltr'><strong>patet._</strong></span> <span class='ocrx_word' id='word_1_740' title='bbox 2639 2867 2673 2872; x_wconf 86' lang='lat'>__</span> <span class='ocrx_word' id='word_1_741' title='bbox 2758 2868 2784 2872; x_wconf 73' lang='lat'>_</span> <span class='ocrx_word' id='word_1_742' title='bbox 3339 2869 3351 2872; x_wconf 93' lang='lat'>_</span> <span class='ocrx_word' id='word_1_743' title='bbox 3527 2867 3541 2872; x_wconf 91' lang='lat'>_</span> <span class='ocrx_word' id='word_1_744' title='bbox 3629 2863 3644 2872; x_wconf 90' lang='lat'><em>_</em></span> 
     </span>
    </p>
   </div>
   <div class='ocr_carea' id='block_1_97' title="bbox 2073 2867 3597 2940">
    <p class='ocr_par' dir='ltr' id='par_1_97' title="bbox 2073 2867 3597 2940">
     <span class='ocr_line' id='line_1_99' title="bbox 2073 2867 3597 2940; baseline 0.001 -17"><span class='ocrx_word' id='word_1_745' title='bbox 2073 2879 2094 2903; x_wconf 80' lang='grc' dir='ltr'><strong>ο</strong></span> <span class='ocrx_word' id='word_1_746' title='bbox 2121 2867 2285 2940; x_wconf 76' lang='lat' dir='ltr'><strong>quod</strong></span> <span class='ocrx_word' id='word_1_747' title='bbox 2325 2868 2410 2940; x_wconf 88' lang='lat' dir='ltr'><strong>hic</strong></span> <span class='ocrx_word' id='word_1_748' title='bbox 2437 2867 2536 2924; x_wconf 89' lang='lat' dir='ltr'><strong>sibi</strong></span> <span class='ocrx_word' id='word_1_749' title='bbox 2572 2867 2702 2924; x_wconf 90' lang='lat' dir='ltr'><strong>velit</strong></span> <span class='ocrx_word' id='word_1_750' title='bbox 2741 2868 3078 2940; x_wconf 87' lang='lat' dir='ltr'><strong>Germanus,</strong></span> <span class='ocrx_word' id='word_1_751' title='bbox 3107 2883 3227 2940; x_wconf 87' lang='lat' dir='ltr'><strong>non</strong></span> <span class='ocrx_word' id='word_1_752' title='bbox 3249 2869 3384 2925; x_wconf 85' lang='lat' dir='ltr'><strong>satis</strong></span> <span class='ocrx_word' id='word_1_753' title='bbox 3423 2867 3597 2940; x_wconf 88' lang='lat' dir='ltr'><strong>capio.</strong></span> 
     </span>
    </p>
   </div>
   <div class='ocr_carea' id='block_1_98' title="bbox 1998 2939 3596 3011">
    <p class='ocr_par' dir='ltr' id='par_1_98' title="bbox 1998 2939 3596 3011">
     <span class='ocr_line' id='line_1_100' title="bbox 1998 2939 3596 3011; baseline 0.001 -18"><span class='ocrx_word' id='word_1_754' title='bbox 1998 2941 2138 3011; x_wconf 65' lang='lat' dir='ltr'><strong>Rem</strong></span> <span class='ocrx_word' id='word_1_755' title='bbox 2184 2946 2245 3011; x_wconf 86' lang='lat' dir='ltr'><strong>et</strong></span> <span class='ocrx_word' id='word_1_756' title='bbox 2275 2939 2438 3011; x_wconf 34' lang='lat' dir='ltr'><strong>bella‘</strong></span> <span class='ocrx_word' id='word_1_757' title='bbox 2460 2953 2647 3011; x_wconf 84' lang='lat' dir='ltr'><strong>gerere</strong></span> <span class='ocrx_word' id='word_1_758' title='bbox 2687 2949 2746 2996; x_wconf 85' lang='lat' dir='ltr'><strong>et</strong></span> <span class='ocrx_word' id='word_1_759' title='bbox 2801 2939 3125 3011; x_wconf 83' lang='lat' dir='ltr'><strong>sanguinem</strong></span> <span class='ocrx_word' id='word_1_760' title='bbox 3160 2939 3507 3011; x_wconf 80' lang='lat' dir='ltr'><strong>inimicorum</strong></span> <span class='ocrx_word' id='word_1_761' title='bbox 3541 2940 3596 2995; x_wconf 91' lang='lat' dir='ltr'><strong>in</strong></span> 
     </span>
    </p>
   </div>
   <div class='ocr_carea' id='block_1_99' title="bbox 2001 3006 3600 3085">
    <p class='ocr_par' dir='ltr' id='par_1_99' title="bbox 2001 3006 3600 3085">
     <span class='ocr_line' id='line_1_101' title="bbox 2001 3006 3600 3085; baseline 0.001 -20"><span class='ocrx_word' id='word_1_762' title='bbox 2001 3009 2142 3085; x_wconf 72' lang='lat' dir='ltr'><strong>bello</strong></span> <span class='ocrx_word' id='word_1_763' title='bbox 2175 3009 2326 3085; x_wconf 82' lang='lat' dir='ltr'><strong>justo</strong></span> <span class='ocrx_word' id='word_1_764' title='bbox 2356 3006 2654 3085; x_wconf 74' lang='lat' dir='ltr'><strong>effundere</strong></span> <span class='ocrx_word' id='word_1_765' title='bbox 2683 3025 2795 3085; x_wconf 83' lang='lat' dir='ltr'><strong>non</strong></span> <span class='ocrx_word' id='word_1_766' title='bbox 2833 3006 3014 3066; x_wconf 75' lang='lat' dir='ltr'><strong>minus</strong></span> <span class='ocrx_word' id='word_1_767' title='bbox 3045 3011 3282 3085; x_wconf 62' lang='lat' dir='ltr'><strong>licitum</strong></span> <span class='ocrx_word' id='word_1_768' title='bbox 3329 3009 3435 3067; x_wconf 89' lang='lat' dir='ltr'><strong>sub</strong></span> <span class='ocrx_word' id='word_1_769' title='bbox 3485 3009 3600 3085; x_wconf 80' lang='lat' dir='ltr'><strong>lege</strong></span> 
     </span>
    </p>
   </div>
   <div class='ocr_carea' id='block_1_100' title="bbox 2003 3073 3598 3153">
    <p class='ocr_par' dir='ltr' id='par_1_100' title="bbox 2003 3073 3598 3153">
     <span class='ocr_line' id='line_1_102' title="bbox 2003 3073 3598 3153; baseline 0.001 -17"><span class='ocrx_word' id='word_1_770' title='bbox 2003 3073 2329 3153; x_wconf 73' lang='lat' dir='ltr'><strong>Evangelica</strong></span> <span class='ocrx_word' id='word_1_771' title='bbox 2377 3096 2541 3153; x_wconf 87' lang='lat' dir='ltr'><strong>quam</strong></span> <span class='ocrx_word' id='word_1_772' title='bbox 2573 3080 2675 3153; x_wconf 83' lang='lat' dir='ltr'><strong>sub</strong></span> <span class='ocrx_word' id='word_1_773' title='bbox 2730 3079 2845 3153; x_wconf 88' lang='lat' dir='ltr'><strong>lege</strong></span> <span class='ocrx_word' id='word_1_774' title='bbox 2871 3079 3080 3153; x_wconf 87' lang='lat' dir='ltr'><strong>_veteri.</strong></span> <span class='ocrx_word' id='word_1_775' title='bbox 3129 3079 3292 3153; x_wconf 70' lang='lat' dir='ltr'><strong>Alias</strong></span> <span class='ocrx_word' id='word_1_776' title='bbox 3330 3095 3485 3153; x_wconf 88' lang='lat' dir='ltr'><strong>vero,</strong></span> <span class='ocrx_word' id='word_1_777' title='bbox 3517 3073 3598 3138; x_wconf 52' lang='lat' dir='ltr'><strong>vvel</strong></span> 
     </span>
    </p>
   </div>
   <div class='ocr_carea' id='block_1_101' title="bbox 2001 3150 3597 3276">
    <p class='ocr_par' dir='ltr' id='par_1_101' title="bbox 2001 3150 3597 3276">
     <span class='ocr_line' id='line_1_103' title="bbox 2001 3150 3597 3276; baseline 0.002 -72"><span class='ocrx_word' id='word_1_778' title='bbox 2001 3150 2208 3276; x_wconf 60' lang='lat' dir='ltr'><strong>Erivat&#39;a</strong></span> <span class='ocrx_word' id='word_1_779' title='bbox 2223 3150 2541 3207; x_wconf 77' lang='lat' dir='ltr'><strong>auctoritate</strong></span> <span class='ocrx_word' id='word_1_780' title='bbox 2559 3193 2575 3218; x_wconf 94' lang='lat'><strong>,</strong></span> <span class='ocrx_word' id='word_1_781' title='bbox 2597 3151 2676 3233; x_wconf 82' lang='lat' dir='ltr'><strong>vel</strong></span> <span class='ocrx_word' id='word_1_782' title='bbox 2703 3150 2918 3223; x_wconf 78' lang='lat' dir='ltr'><strong>propria</strong></span> <span class='ocrx_word' id='word_1_783' title='bbox 2946 3151 3255 3207; x_wconf 86' lang='lat' dir='ltr'><strong>temeritate</strong></span> <span class='ocrx_word' id='word_1_784' title='bbox 3273 3151 3597 3224; x_wconf 87' lang='lat' dir='ltr'><strong>sanguinem</strong></span> 
     </span>
     <span class='ocr_line' id='line_1_104' title="bbox 2041 3221 3597 3276; baseline 0 0"><span class='ocrx_word' id='word_1_785' title='bbox 2041 3237 2300 3276; x_wconf 89' lang='lat' dir='ltr'><strong>umanum</strong></span> <span class='ocrx_word' id='word_1_786' title='bbox 2329 3221 2579 3276; x_wconf 87' lang='lat' dir='ltr'><strong>fundere.</strong></span> <span class='ocrx_word' id='word_1_787' title='bbox 2601 3230 2766 3276; x_wconf 79' lang='lat' dir='ltr'><strong>etiam</strong></span> <span class='ocrx_word' id='word_1_788' title='bbox 2793 3231 2918 3276; x_wconf 91' lang='lat' dir='ltr'><strong>ante</strong></span> <span class='ocrx_word' id='word_1_789' title='bbox 2953 3222 3128 3276; x_wconf 74' lang='lat' dir='ltr'><strong>lenem</strong></span> <span class='ocrx_word' id='word_1_790' title='bbox 3155 3229 3392 3276; x_wconf 89' lang='lat' dir='ltr'><strong>veterem</strong></span> <span class='ocrx_word' id='word_1_791' title='bbox 3417 3230 3470 3276; x_wconf 88' lang='lat' dir='ltr'><strong>et</strong></span> <span class='ocrx_word' id='word_1_792' title='bbox 3496 3222 3597 3276; x_wconf 79' lang='lat' dir='ltr'><strong>de-</strong></span> 
     </span>
    </p>
   </div>
   <div class='ocr_carea' id='block_1_102' title="bbox 2041 3221 3598 3294">
    <p class='ocr_par' dir='ltr' id='par_1_102' title="bbox 2041 3221 3598 3294">
     <span class='ocr_line' id='line_1_105' title="bbox 2041 3221 3598 3294; baseline 0.001 -18"><span class='ocrx_word' id='word_1_793' title='bbox 2041 3237 2300 3294; x_wconf 77' lang='lat' dir='ltr'><strong>umanum</strong></span> <span class='ocrx_word' id='word_1_794' title='bbox 2329 3221 2579 3289; x_wconf 87' lang='lat' dir='ltr'><strong>fundere,</strong></span> <span class='ocrx_word' id='word_1_795' title='bbox 2601 3221 2766 3294; x_wconf 80' lang='lat' dir='ltr'><strong>etiam</strong></span> <span class='ocrx_word' id='word_1_796' title='bbox 2793 3221 2918 3294; x_wconf 80' lang='lat' dir='ltr'><strong>ante</strong></span> <span class='ocrx_word' id='word_1_797' title='bbox 2953 3222 3128 3294; x_wconf 82' lang='lat' dir='ltr'><strong>legem</strong></span> <span class='ocrx_word' id='word_1_798' title='bbox 3142 3221 3400 3294; x_wconf 73' lang='lat' dir='ltr'><strong>veterani</strong></span> <span class='ocrx_word' id='word_1_799' title='bbox 3417 3230 3470 3278; x_wconf 91' lang='lat' dir='ltr'><strong>et</strong></span> <span class='ocrx_word' id='word_1_800' title='bbox 3496 3222 3598 3279; x_wconf 77' lang='lat' dir='ltr'><strong>de-</strong></span> 
     </span>
    </p>
   </div>
   <div class='ocr_carea' id='block_1_103' title="bbox 2001 3291 3601 3362">
    <p class='ocr_par' dir='ltr' id='par_1_103' title="bbox 2001 3291 3601 3362">
     <span class='ocr_line' id='line_1_106' title="bbox 2001 3291 3601 3362; baseline 0.001 -16"><span class='ocrx_word' id='word_1_801' title='bbox 2001 3291 2256 3362; x_wconf 86' lang='lat' dir='ltr'><strong>calogum</strong></span> <span class='ocrx_word' id='word_1_802' title='bbox 2289 3307 2541 3358; x_wconf 80' lang='lat' dir='ltr'><strong>expresse</strong></span> <span class='ocrx_word' id='word_1_803' title='bbox 2568 3291 2797 3346; x_wconf 83' lang='lat' dir='ltr'><strong>vetitum</strong></span> <span class='ocrx_word' id='word_1_804' title='bbox 2825 3291 2928 3346; x_wconf 85' lang='lat' dir='ltr'><strong>fuit</strong></span> <span class='ocrx_word' id='word_1_805' title='bbox 2954 3291 3183 3348; x_wconf 78' lang='lat' dir='ltr'><strong>Genesis</strong></span> <span class='ocrx_word' id='word_1_806' title='bbox 3211 3308 3277 3349; x_wconf 75' lang='grc' dir='ltr'><strong>ιχ</strong></span> <span class='ocrx_word' id='word_1_807' title='bbox 3307 3312 3320 3348; x_wconf 89' lang='lat'><strong>:</strong></span> <span class='ocrx_word' id='word_1_808' title='bbox 3353 3295 3601 3360; x_wconf 84' lang='lat' dir='ltr'><strong>Quicum-</strong></span> 
     </span>
    </p>
   </div>
   <div class='ocr_carea' id='block_1_104' title="bbox 2002 3363 3600 3431">
    <p class='ocr_par' dir='ltr' id='par_1_104' title="bbox 2002 3363 3600 3431">
     <span class='ocr_line' id='line_1_107' title="bbox 2002 3363 3600 3431; baseline 0.003 -17"><span class='ocrx_word' id='word_1_809' title='bbox 2002 3377 2102 3430; x_wconf 87' lang='lat' dir='ltr'><strong>que</strong></span> <span class='ocrx_word' id='word_1_810' title='bbox 2129 3363 2396 3428; x_wconf 83' lang='lat' dir='ltr'><strong>effuderit</strong></span> <span class='ocrx_word' id='word_1_811' title='bbox 2419 3364 2738 3431; x_wconf 82' lang='lat' dir='ltr'><strong>sanguinem</strong></span> <span class='ocrx_word' id='word_1_812' title='bbox 2757 3363 3072 3423; x_wconf 84' lang='lat' dir='ltr'><strong>humanum,</strong></span> <span class='ocrx_word' id='word_1_813' title='bbox 3097 3363 3362 3428; x_wconf 79' lang='lat' dir='ltr'><strong>fundetur</strong></span> <span class='ocrx_word' id='word_1_814' title='bbox 3379 3367 3600 3431; x_wconf 85' lang='lat' dir='ltr'><strong>sanguis</strong></span> 
     </span>
    </p>
   </div>
   <div class='ocr_carea' id='block_1_105' title="bbox 2002 3431 3598 3503">
    <p class='ocr_par' dir='ltr' id='par_1_105' title="bbox 2002 3431 3598 3503">
     <span class='ocr_line' id='line_1_108' title="bbox 2002 3431 3598 3503; baseline 0.003 -19"><span class='ocrx_word' id='word_1_815' title='bbox 2002 3433 2172 3503; x_wconf 62' lang='lat' dir='ltr'><strong>illius,</strong></span> <span class='ocrx_word' id='word_1_816' title='bbox 2203 3431 2294 3487; x_wconf 81' lang='lat' dir='ltr'><strong>Ad</strong></span> <span class='ocrx_word' id='word_1_817' title='bbox 2308 3433 2602 3503; x_wconf 18' lang='lat' dir='ltr'><strong>imaginem»</strong></span> <span class='ocrx_word' id='word_1_818' title='bbox 2617 3433 2816 3503; x_wconf 77' lang='lat' dir='ltr'><strong>quippe</strong></span> <span class='ocrx_word' id='word_1_819' title='bbox 2840 3433 2944 3503; x_wconf 84' lang='lat' dir='ltr'><strong>Dei</strong></span> <span class='ocrx_word' id='word_1_820' title='bbox 2958 3433 3139 3503; x_wconf 83' lang='lat' dir='ltr'><strong>factus</strong></span> <span class='ocrx_word' id='word_1_821' title='bbox 3150 3437 3226 3487; x_wconf 90' lang='lat' dir='ltr'><strong>est</strong></span> <span class='ocrx_word' id='word_1_822' title='bbox 3245 3433 3417 3503; x_wconf 75' lang='lat' dir='ltr'><strong>homo.</strong></span> <span class='ocrx_word' id='word_1_823' title='bbox 3439 3433 3598 3503; x_wconf 87' lang='lat' dir='ltr'><strong>Quod</strong></span> 
     </span>
    </p>
   </div>
   <div class='ocr_carea' id='block_1_106' title="bbox 2003 3501 3594 3574">
    <p class='ocr_par' dir='ltr' id='par_1_106' title="bbox 2003 3501 3594 3574">
     <span class='ocr_line' id='line_1_109' title="bbox 2003 3501 3594 3574; baseline 0.001 -18"><span class='ocrx_word' id='word_1_824' title='bbox 2003 3501 2047 3574; x_wconf 85' lang='lat' dir='ltr'><strong>si</strong></span> <span class='ocrx_word' id='word_1_825' title='bbox 2068 3501 2138 3557; x_wconf 90' lang='lat' dir='ltr'><strong>ad</strong></span> <span class='ocrx_word' id='word_1_826' title='bbox 2155 3501 2326 3574; x_wconf 88' lang='lat' dir='ltr'><strong>legem</strong></span> <span class='ocrx_word' id='word_1_827' title='bbox 2351 3501 2504 3574; x_wconf 81' lang='lat' dir='ltr'><strong>illam</strong></span> <span class='ocrx_word' id='word_1_828' title='bbox 2532 3501 2748 3556; x_wconf 86' lang='lat' dir='ltr'><strong>talionis</strong></span> <span class='ocrx_word' id='word_1_829' title='bbox 2776 3501 3026 3574; x_wconf 87' lang='lat' dir='ltr'><strong>respicit,</strong></span> <span class='ocrx_word' id='word_1_830' title='bbox 3059 3517 3185 3573; x_wconf 68' lang='lat' dir='ltr'><strong>qua:</strong></span> <span class='ocrx_word' id='word_1_831' title='bbox 3206 3502 3436 3574; x_wconf 87' lang='lat' dir='ltr'><strong>jubebat</strong></span> <span class='ocrx_word' id='word_1_832' title='bbox 3466 3501 3594 3560; x_wconf 76' lang='lat' dir='ltr'><strong>oeu-</strong></span> 
     </span>
    </p>
   </div>
   <div class='ocr_carea' id='block_1_107' title="bbox 2005 3572 3595 3644">
    <p class='ocr_par' dir='ltr' id='par_1_107' title="bbox 2005 3572 3595 3644">
     <span class='ocr_line' id='line_1_110' title="bbox 2005 3572 3595 3644; baseline 0.003 -18"><span class='ocrx_word' id='word_1_833' title='bbox 2005 3572 2242 3644; x_wconf 22' lang='lat' dir='ltr'><strong>lumlpro</strong></span> <span class='ocrx_word' id='word_1_834' title='bbox 2269 3573 2438 3644; x_wconf 84' lang='lat' dir='ltr'><strong>oculo,</strong></span> <span class='ocrx_word' id='word_1_835' title='bbox 2469 3572 2678 3628; x_wconf 84' lang='lat' dir='ltr'><strong>dentem</strong></span> <span class='ocrx_word' id='word_1_836' title='bbox 2709 3588 2808 3642; x_wconf 85' lang='lat' dir='ltr'><strong>pro</strong></span> <span class='ocrx_word' id='word_1_837' title='bbox 2831 3573 3007 3636; x_wconf 84' lang='lat' dir='ltr'><strong>dente,</strong></span> <span class='ocrx_word' id='word_1_838' title='bbox 3035 3572 3230 3630; x_wconf 78' lang='lat' dir='ltr'><strong>vulnus</strong></span> <span class='ocrx_word' id='word_1_839' title='bbox 3251 3591 3354 3644; x_wconf 84' lang='lat' dir='ltr'><strong>pro</strong></span> <span class='ocrx_word' id='word_1_840' title='bbox 3377 3575 3595 3631; x_wconf 81' lang='lat' dir='ltr'><strong>vulnere</strong></span> 
     </span>
    </p>
   </div>
   <div class='ocr_carea' id='block_1_108' title="bbox 2002 3643 3592 3714">
    <p class='ocr_par' dir='ltr' id='par_1_108' title="bbox 2002 3643 3592 3714">
     <span class='ocr_line' id='line_1_111' title="bbox 2002 3643 3592 3714; baseline 0.004 -16"><span class='ocrx_word' id='word_1_841' title='bbox 2002 3643 2164 3698; x_wconf 84' lang='lat' dir='ltr'><strong>reddi</strong></span> <span class='ocrx_word' id='word_1_842' title='bbox 2173 3643 2511 3714; x_wconf 70' lang='lat' dir='ltr'><strong>(Emod.xx1,</strong></span> <span class='ocrx_word' id='word_1_843' title='bbox 2535 3645 2696 3698; x_wconf 80' lang='lat' dir='ltr'><strong>Levii.</strong></span> <span class='ocrx_word' id='word_1_844' title='bbox 2715 3645 3097 3714; x_wconf 39' lang='lat' dir='ltr'><strong>xxtvrMatth.</strong></span> <span class='ocrx_word' id='word_1_845' title='bbox 3111 3649 3191 3712; x_wconf 91' lang='lat' dir='ltr'><strong>v),</strong></span> <span class='ocrx_word' id='word_1_846' title='bbox 3209 3643 3423 3702; x_wconf 79' lang='lat' dir='ltr'><strong>constat</strong></span> <span class='ocrx_word' id='word_1_847' title='bbox 3445 3646 3592 3704; x_wconf 87' lang='lat' dir='ltr'><strong>illam</strong></span> 
     </span>
    </p>
   </div>
   <div class='ocr_carea' id='block_1_109' title="bbox 2003 3713 3592 3840">
    <p class='ocr_par' dir='ltr' id='par_1_109' title="bbox 2003 3713 3592 3840">
     <span class='ocr_line' id='line_1_112' title="bbox 2003 3713 3592 3840; baseline 0.003 -71"><span class='ocrx_word' id='word_1_848' title='bbox 2003 3714 2176 3840; x_wconf 50' lang='lat' dir='ltr'><strong>legem</strong></span> <span class='ocrx_word' id='word_1_849' title='bbox 2192 3713 2469 3787; x_wconf 91' lang='lat' dir='ltr'><strong>judicibus</strong></span> <span class='ocrx_word' id='word_1_850' title='bbox 2496 3723 2552 3770; x_wconf 90' lang='lat' dir='ltr'><strong>et</strong></span> <span class='ocrx_word' id='word_1_851' title='bbox 2583 3713 2992 3796; x_wconf 83' lang='lat' dir='ltr'><strong>magistratibus</strong></span> <span class='ocrx_word' id='word_1_852' title='bbox 3017 3716 3200 3772; x_wconf 89' lang='lat' dir='ltr'><strong>datam</strong></span> <span class='ocrx_word' id='word_1_853' title='bbox 3231 3731 3349 3772; x_wconf 87' lang='lat' dir='ltr'><strong>esse</strong></span> <span class='ocrx_word' id='word_1_854' title='bbox 3368 3757 3384 3781; x_wconf 96' lang='lat'><strong>,</strong></span> <span class='ocrx_word' id='word_1_855' title='bbox 3413 3725 3475 3771; x_wconf 91' lang='lat' dir='ltr'><strong>ut</strong></span> <span class='ocrx_word' id='word_1_856' title='bbox 3501 3735 3592 3774; x_wconf 86' lang='lat' dir='ltr'><strong>re-</strong></span> 
     </span>
     <span class='ocr_line' id='line_1_113' title="bbox 2003 3781 3592 3840; baseline 0 0"><span class='ocrx_word' id='word_1_857' title='bbox 2003 3801 2070 3840; x_wconf 71' lang='lat' dir='ltr'><strong>au</strong></span> <span class='ocrx_word' id='word_1_858' title='bbox 2092 3801 2184 3840; x_wconf 87' lang='lat' dir='ltr'><strong>am</strong></span> <span class='ocrx_word' id='word_1_859' title='bbox 2225 3801 2388 3840; x_wconf 85' lang='lat' dir='ltr'><strong>uuam</strong></span> <span class='ocrx_word' id='word_1_860' title='bbox 2430 3785 2485 3840; x_wconf 92' lang='lat' dir='ltr'><strong>in</strong></span> <span class='ocrx_word' id='word_1_861' title='bbox 2523 3781 2742 3840; x_wconf 81' lang='lat' dir='ltr'><strong>iudiciis</strong></span> <span class='ocrx_word' id='word_1_862' title='bbox 2783 3785 3098 3840; x_wconf 76' lang='lat' dir='ltr'><strong>exercendis</strong></span> <span class='ocrx_word' id='word_1_863' title='bbox 3147 3796 3204 3840; x_wconf 91' lang='lat' dir='ltr'><strong>et</strong></span> <span class='ocrx_word' id='word_1_864' title='bbox 3253 3786 3466 3840; x_wconf 88' lang='lat' dir='ltr'><strong>delictis</strong></span> <span class='ocrx_word' id='word_1_865' title='bbox 3496 3804 3592 3840; x_wconf 86' lang='lat' dir='ltr'><strong>nu-</strong></span> 
     </span>
    </p>
   </div>
   <div class='ocr_carea' id='block_1_110' title="bbox 2001 3781 3593 3858">
    <p class='ocr_par' dir='ltr' id='par_1_110' title="bbox 2001 3781 3593 3858">
     <span class='ocr_line' id='line_1_114' title="bbox 2001 3781 3593 3858; baseline 0.001 -17"><span class='ocrx_word' id='word_1_866' title='bbox 2001 3781 2388 3858; x_wconf 57' lang='lat' dir='ltr'><strong>gulam&#39;quam</strong></span> <span class='ocrx_word' id='word_1_867' title='bbox 2430 3785 2485 3840; x_wconf 92' lang='lat' dir='ltr'><strong>in</strong></span> <span class='ocrx_word' id='word_1_868' title='bbox 2515 3781 2742 3857; x_wconf 72' lang='lat' dir='ltr'><strong>judicfis</strong></span> <span class='ocrx_word' id='word_1_869' title='bbox 2783 3785 3098 3858; x_wconf 76' lang='lat' dir='ltr'><strong>exercendis</strong></span> <span class='ocrx_word' id='word_1_870' title='bbox 3147 3796 3204 3858; x_wconf 86' lang='lat' dir='ltr'><strong>et</strong></span> <span class='ocrx_word' id='word_1_871' title='bbox 3253 3786 3593 3858; x_wconf 15' lang='lat' dir='ltr'><strong>delictislpu-</strong></span> 
     </span>
    </p>
   </div>
   <div class='ocr_carea' id='block_1_111' title="bbox 1999 3854 3592 3930">
    <p class='ocr_par' dir='ltr' id='par_1_111' title="bbox 1999 3854 3592 3930">
     <span class='ocr_line' id='line_1_115' title="bbox 1999 3854 3592 3930; baseline -0.001 -18"><span class='ocrx_word' id='word_1_872' title='bbox 1999 3854 2211 3930; x_wconf 77' lang='lat' dir='ltr'><strong>niendis</strong></span> <span class='ocrx_word' id='word_1_873' title='bbox 2239 3854 2629 3930; x_wconf 75' lang='lat' dir='ltr'><strong>sequerentur,</strong></span> <span class='ocrx_word' id='word_1_874' title='bbox 2653 3871 2764 3912; x_wconf 90' lang='lat' dir='ltr'><strong>non</strong></span> <span class='ocrx_word' id='word_1_875' title='bbox 2793 3865 2974 3930; x_wconf 72' lang='lat' dir='ltr'><strong>autem</strong></span> <span class='ocrx_word' id='word_1_876' title='bbox 3012 3854 3592 3930; x_wconf 27' lang='lat' dir='ltr'><strong>privatislhominihus,</strong></span> 
     </span>
    </p>
   </div>
   <div class='ocr_carea' id='block_1_112' title="bbox 1997 3927 3593 4010">
    <p class='ocr_par' dir='ltr' id='par_1_112' title="bbox 1997 3927 3593 4010">
     <span class='ocr_line' id='line_1_116' title="bbox 1997 3927 3593 4010; baseline 0.001 -30"><span class='ocrx_word' id='word_1_877' title='bbox 1997 3928 2192 4010; x_wconf 73' lang='lat' dir='ltr'><strong>quibus</strong></span> <span class='ocrx_word' id='word_1_878' title='bbox 2215 3927 2408 3984; x_wconf 81' lang='lat' dir='ltr'><strong>contra</strong></span> <span class='ocrx_word' id='word_1_879' title='bbox 2449 3927 2654 3983; x_wconf 87' lang='lat' dir='ltr'><strong>dictum</strong></span> <span class='ocrx_word' id='word_1_880' title='bbox 2696 3927 2988 4010; x_wconf 38' lang='lat' dir='ltr'><strong>est.L.evi.t.</strong></span> <span class='ocrx_word' id='word_1_881' title='bbox 3038 3941 3150 4010; x_wconf 66' lang='lat' dir='ltr'><strong>xix</strong></span> <span class='ocrx_word' id='word_1_882' title='bbox 3183 3945 3196 3982; x_wconf 91' lang='lat'><strong>:</strong></span> <span class='ocrx_word' id='word_1_883' title='bbox 3226 3927 3344 4010; x_wconf 70' lang='lat' dir='ltr'><strong>Non</strong></span> <span class='ocrx_word' id='word_1_884' title='bbox 3387 3942 3593 3997; x_wconf 62' lang='lat' dir='ltr'><strong>quaeres</strong></span> 
     </span>
    </p>
   </div>
   <div class='ocr_carea' id='block_1_113' title="bbox 1997 3998 3594 4146">
    <p class='ocr_par' dir='ltr' id='par_1_113' title="bbox 1997 3998 3594 4146">
     <span class='ocr_line' id='line_1_117' title="bbox 1997 3998 3484 4067; baseline 0.002 -17"><span class='ocrx_word' id='word_1_885' title='bbox 1997 3998 2274 4065; x_wconf 82' lang='lat' dir='ltr'><strong>ultionem,</strong></span> <span class='ocrx_word' id='word_1_886' title='bbox 2304 4013 2398 4052; x_wconf 87' lang='lat' dir='ltr'><strong>nec</strong></span> <span class='ocrx_word' id='word_1_887' title='bbox 2418 4013 2617 4054; x_wconf 72' lang='lat' dir='ltr'><strong>metuar</strong></span> <span class='ocrx_word' id='word_1_888' title='bbox 2645 4000 2755 4053; x_wconf 85' lang='lat' dir='ltr'><strong>eris</strong></span> <span class='ocrx_word' id='word_1_889' title='bbox 2778 3998 3002 4067; x_wconf 69' lang='lat' dir='ltr'><strong>injuriae</strong></span> <span class='ocrx_word' id='word_1_890' title='bbox 3024 3999 3220 4052; x_wconf 87' lang='lat' dir='ltr'><strong>civium</strong></span> <span class='ocrx_word' id='word_1_891' title='bbox 3249 4002 3484 4053; x_wconf 87' lang='lat' dir='ltr'><strong>tuorum.</strong></span> 
     </span>
     <span class='ocr_line' id='line_1_118' title="bbox 2067 4055 3594 4146; baseline 0.001 -25"><span class='ocrx_word' id='word_1_892' title='bbox 2067 4055 2096 4099; x_wconf 71' lang='grc' dir='ltr'><em>ά</em></span> <span class='ocrx_word' id='word_1_893' title='bbox 2145 4067 2464 4146; x_wconf 73' lang='lat' dir='ltr'><strong>Plurali_tas_</strong></span> <span class='ocrx_word' id='word_1_894' title='bbox 2498 4082 2733 4146; x_wconf 79' lang='lat' dir='ltr'><strong>uxorum</strong></span> <span class='ocrx_word' id='word_1_895' title='bbox 2783 4068 2953 4146; x_wconf 89' lang='lat' dir='ltr'><strong>simul</strong></span> <span class='ocrx_word' id='word_1_896' title='bbox 2994 4077 3049 4122; x_wconf 93' lang='lat' dir='ltr'><strong>et</strong></span> <span class='ocrx_word' id='word_1_897' title='bbox 3103 4067 3300 4146; x_wconf 80' lang='lat' dir='ltr'><strong>eodem</strong></span> <span class='ocrx_word' id='word_1_898' title='bbox 3347 4075 3594 4138; x_wconf 87' lang='lat' dir='ltr'><strong>tempore</strong></span> 
     </span>
    </p>
   </div>
   <div class='ocr_carea' id='block_1_114' title="bbox 1996 4135 3595 4209">
    <p class='ocr_par' dir='ltr' id='par_1_114' title="bbox 1996 4135 3595 4209">
     <span class='ocr_line' id='line_1_119' title="bbox 1996 4135 3595 4209; baseline 0.001 -18"><span class='ocrx_word' id='word_1_899' title='bbox 1996 4152 2162 4209; x_wconf 89' lang='lat' dir='ltr'><strong>quam</strong></span> <span class='ocrx_word' id='word_1_900' title='bbox 2181 4138 2358 4209; x_wconf 69' lang='lat' dir='ltr'><strong>Graeci</strong></span> <span class='ocrx_word' id='word_1_901' title='bbox 2379 4135 2745 4209; x_wconf 58' lang='lat' dir='ltr'><strong>polxgamiam</strong></span> <span class='ocrx_word' id='word_1_902' title='bbox 2770 4145 2987 4209; x_wconf 80' lang='lat' dir='ltr'><strong>vocant,</strong></span> <span class='ocrx_word' id='word_1_903' title='bbox 3013 4137 3263 4209; x_wconf 79' lang='lat' dir='ltr'><strong>quamvis</strong></span> <span class='ocrx_word' id='word_1_904' title='bbox 3286 4152 3386 4209; x_wconf 87' lang='lat' dir='ltr'><strong>nec</strong></span> <span class='ocrx_word' id='word_1_905' title='bbox 3413 4135 3508 4209; x_wconf 80' lang='lat' dir='ltr'><strong>per</strong></span> <span class='ocrx_word' id='word_1_906' title='bbox 3537 4155 3595 4193; x_wconf 89' lang='lat' dir='ltr'><strong>se</strong></span> 
     </span>
    </p>
   </div>
   <div class='ocr_carea' id='block_1_115' title="bbox 1997 4205 3592 4288">
    <p class='ocr_par' dir='ltr' id='par_1_115' title="bbox 1997 4205 3592 4288">
     <span class='ocr_line' id='line_1_120' title="bbox 1997 4205 3592 4288; baseline 0.001 -25"><span class='ocrx_word' id='word_1_907' title='bbox 1997 4205 2252 4288; x_wconf 70' lang='lat' dir='ltr'><strong>6ptanda,</strong></span> <span class='ocrx_word' id='word_1_908' title='bbox 2267 4221 2371 4288; x_wconf 84' lang='lat' dir='ltr'><strong>nec</strong></span> <span class='ocrx_word' id='word_1_909' title='bbox 2382 4205 2700 4288; x_wconf 79' lang='lat' dir='ltr'><strong>perfectioni</strong></span> <span class='ocrx_word' id='word_1_910' title='bbox 2711 4211 2767 4288; x_wconf 70' lang='lat' dir='ltr'><strong>et</strong></span> <span class='ocrx_word' id='word_1_911' title='bbox 2775 4205 3301 4288; x_wconf 58' lang='lat' dir='ltr'><strong>primzein&#39;stitutloni</strong></span> <span class='ocrx_word' id='word_1_912' title='bbox 3313 4205 3592 4288; x_wconf 71' lang='lat' dir='ltr'><strong>matrimo-</strong></span> 
     </span>
    </p>
   </div>
   <div class='ocr_carea' id='block_1_116' title="bbox 1995 4276 3589 4350">
    <p class='ocr_par' dir='ltr' id='par_1_116' title="bbox 1995 4276 3589 4350">
     <span class='ocr_line' id='line_1_121' title="bbox 1995 4276 3589 4350; baseline 0.001 -18"><span class='ocrx_word' id='word_1_913' title='bbox 1995 4276 2069 4332; x_wconf 86' lang='lat' dir='ltr'><strong>nii</strong></span> <span class='ocrx_word' id='word_1_914' title='bbox 2093 4276 2454 4350; x_wconf 82' lang='lat' dir='ltr'><strong>consentanea</strong></span> <span class='ocrx_word' id='word_1_915' title='bbox 2474 4285 2618 4350; x_wconf 87' lang='lat' dir='ltr'><strong>esset</strong></span> <span class='ocrx_word' id='word_1_916' title='bbox 2637 4276 2804 4350; x_wconf 80' lang='lat' dir='ltr'><strong>(unde</strong></span> <span class='ocrx_word' id='word_1_917' title='bbox 2821 4279 3020 4336; x_wconf 91' lang='lat' dir='ltr'><strong>merito</strong></span> <span class='ocrx_word' id='word_1_918' title='bbox 3041 4277 3452 4350; x_wconf 81' lang='lat' dir='ltr'><strong>reprehenditur</strong></span> <span class='ocrx_word' id='word_1_919' title='bbox 3472 4281 3589 4350; x_wconf 80' lang='lat' dir='ltr'><strong>La-</strong></span> 
     </span>
    </p>
   </div>
   <div class='ocr_carea' id='block_1_117' title="bbox 1996 4348 3591 4422">
    <p class='ocr_par' dir='ltr' id='par_1_117' title="bbox 1996 4348 3591 4422">
     <span class='ocr_line' id='line_1_122' title="bbox 1996 4348 3591 4422; baseline 0.002 -18"><span class='ocrx_word' id='word_1_920' title='bbox 1996 4348 2153 4405; x_wconf 90' lang='lat' dir='ltr'><strong>mech</strong></span> <span class='ocrx_word' id='word_1_921' title='bbox 2181 4350 2338 4422; x_wconf 89' lang='lat' dir='ltr'><strong>(G_en._</strong></span> <span class='ocrx_word' id='word_1_922' title='bbox 2364 4351 2486 4422; x_wconf 83' lang='lat' dir='ltr'><strong>rv),_</strong></span> <span class='ocrx_word' id='word_1_923' title='bbox 2501 4348 2596 4420; x_wconf 91' lang='lat' dir='ltr'><strong>qui</strong></span> <span class='ocrx_word' id='word_1_924' title='bbox 2617 4348 2826 4420; x_wconf 91' lang='lat' dir='ltr'><strong>primus</strong></span> <span class='ocrx_word' id='word_1_925' title='bbox 2845 4365 2963 4406; x_wconf 87' lang='lat' dir='ltr'><strong>eam</strong></span> <span class='ocrx_word' id='word_1_926' title='bbox 2979 4348 3196 4417; x_wconf 79' lang='lat' dir='ltr'><strong>invexit,</strong></span> <span class='ocrx_word' id='word_1_927' title='bbox 3216 4349 3436 4422; x_wconf 87' lang='lat' dir='ltr'><strong>quando</strong></span> <span class='ocrx_word' id='word_1_928' title='bbox 3453 4349 3591 4407; x_wconf 84' lang='lat' dir='ltr'><strong>duas</strong></span> 
     </span>
    </p>
   </div>
   <div class='ocr_carea' id='block_1_118' title="bbox 1995 4419 3584 4491">
    <p class='ocr_par' dir='ltr' id='par_1_118' title="bbox 1995 4419 3584 4491">
     <span class='ocr_line' id='line_1_123' title="bbox 1995 4419 3584 4491; baseline 0.003 -16"><span class='ocrx_word' id='word_1_929' title='bbox 1995 4436 2194 4491; x_wconf 82' lang='lat' dir='ltr'><strong>uxores</strong></span> <span class='ocrx_word' id='word_1_930' title='bbox 2213 4419 2388 4487; x_wconf 85' lang='lat' dir='ltr'><strong>duxit,</strong></span> <span class='ocrx_word' id='word_1_931' title='bbox 2408 4419 2487 4474; x_wconf 88' lang='lat' dir='ltr'><strong>vel</strong></span> <span class='ocrx_word' id='word_1_932' title='bbox 2506 4419 2670 4476; x_wconf 83' lang='lat' dir='ltr'><strong>unam</strong></span> <span class='ocrx_word' id='word_1_933' title='bbox 2693 4438 2905 4478; x_wconf 81' lang='lat' dir='ltr'><strong>comem</strong></span> <span class='ocrx_word' id='word_1_934' title='bbox 2928 4424 2987 4478; x_wconf 88' lang='lat' dir='ltr'><strong>in</strong></span> <span class='ocrx_word' id='word_1_935' title='bbox 3005 4422 3142 4478; x_wconf 85' lang='lat' dir='ltr'><strong>duas</strong></span> <span class='ocrx_word' id='word_1_936' title='bbox 3159 4419 3350 4478; x_wconf 79' lang='lat' dir='ltr'><strong>divisit</strong></span> <span class='ocrx_word' id='word_1_937' title='bbox 3369 4438 3584 4491; x_wconf 68' lang='lat' dir='ltr'><strong>umores,</strong></span> 
     </span>
    </p>
   </div>
   <div class='ocr_carea' id='block_1_119' title="bbox 1995 4490 3583 4575">
    <p class='ocr_par' dir='ltr' id='par_1_119' title="bbox 1995 4490 3583 4575">
     <span class='ocr_line' id='line_1_124' title="bbox 1995 4490 3583 4575; baseline 0.003 -30"><span class='ocrx_word' id='word_1_938' title='bbox 1995 4490 2070 4546; x_wconf 88' lang='lat' dir='ltr'><strong>ait</strong></span> <span class='ocrx_word' id='word_1_939' title='bbox 2100 4494 2168 4575; x_wconf 66' lang='grc' dir='ltr'><strong>Ι)ἶ</strong></span> <span class='ocrx_word' id='word_1_940' title='bbox 2199 4492 2610 4575; x_wconf 76' lang='lat' dir='ltr'><strong>llieronymus),</strong></span> <span class='ocrx_word' id='word_1_941' title='bbox 2631 4501 2754 4575; x_wconf 70' lang='lat' dir='ltr'><strong>post</strong></span> <span class='ocrx_word' id='word_1_942' title='bbox 2775 4494 3037 4550; x_wconf 89' lang='lat' dir='ltr'><strong>diluvium</strong></span> <span class='ocrx_word' id='word_1_943' title='bbox 3057 4501 3263 4575; x_wconf 76' lang='lat' dir='ltr'><strong>tamen,</strong></span> <span class='ocrx_word' id='word_1_944' title='bbox 3282 4509 3408 4575; x_wconf 75' lang='lat' dir='ltr'><strong>cum</strong></span> <span class='ocrx_word' id='word_1_945' title='bbox 3431 4490 3583 4575; x_wconf 79' lang='lat' dir='ltr'><strong>pauci</strong></span> 
     </span>
    </p>
   </div>
   <div class='ocr_carea' id='block_1_120' title="bbox 1997 4563 3588 4631">
    <p class='ocr_par' dir='ltr' id='par_1_120' title="bbox 1997 4563 3588 4631">
     <span class='ocr_line' id='line_1_125' title="bbox 1997 4563 3588 4631; baseline 0.003 -14"><span class='ocrx_word' id='word_1_946' title='bbox 1997 4571 2177 4618; x_wconf 88' lang='lat' dir='ltr'><strong>essent</strong></span> <span class='ocrx_word' id='word_1_947' title='bbox 2203 4563 2454 4620; x_wconf 84' lang='lat' dir='ltr'><strong>homines</strong></span> <span class='ocrx_word' id='word_1_948' title='bbox 2469 4604 2486 4631; x_wconf 94' lang='lat'><strong>,</strong></span> <span class='ocrx_word' id='word_1_949' title='bbox 2517 4563 2573 4620; x_wconf 86' lang='lat' dir='ltr'><strong>et</strong></span> <span class='ocrx_word' id='word_1_950' title='bbox 2594 4563 2701 4619; x_wconf 88' lang='lat' dir='ltr'><strong>vita</strong></span> <span class='ocrx_word' id='word_1_951' title='bbox 2731 4563 2970 4620; x_wconf 89' lang='lat' dir='ltr'><strong>humana</strong></span> <span class='ocrx_word' id='word_1_952' title='bbox 2989 4565 3233 4621; x_wconf 88' lang='lat' dir='ltr'><strong>multum</strong></span> <span class='ocrx_word' id='word_1_953' title='bbox 3255 4563 3588 4630; x_wconf 78' lang='lat' dir='ltr'><strong>abbreviata,</strong></span> 
     </span>
    </p>
   </div>
   <div class='ocr_carea' id='block_1_121' title="bbox 1997 4633 3589 4706">
    <p class='ocr_par' dir='ltr' id='par_1_121' title="bbox 1997 4633 3589 4706">
     <span class='ocr_line' id='line_1_126' title="bbox 1997 4633 3589 4706; baseline 0.001 -18"><span class='ocrx_word' id='word_1_954' title='bbox 1997 4648 2064 4706; x_wconf 77' lang='lat' dir='ltr'><strong>ex</strong></span> <span class='ocrx_word' id='word_1_955' title='bbox 2114 4633 2513 4706; x_wconf 86' lang='lat' dir='ltr'><strong>dispensatione</strong></span> <span class='ocrx_word' id='word_1_956' title='bbox 2561 4633 2736 4690; x_wconf 88' lang='lat' dir='ltr'><strong>divina</strong></span> <span class='ocrx_word' id='word_1_957' title='bbox 2794 4635 2894 4690; x_wconf 80' lang='lat' dir='ltr'><strong>fuit</strong></span> <span class='ocrx_word' id='word_1_958' title='bbox 2945 4635 3053 4706; x_wconf 15' lang='lat' dir='ltr'><strong>illa,</strong></span> <span class='ocrx_word' id='word_1_959' title='bbox 3086 4635 3168 4706; x_wconf 83' lang='lat' dir='ltr'><strong>lex</strong></span> <span class='ocrx_word' id='word_1_960' title='bbox 3220 4635 3589 4706; x_wconf 55' lang='lat' dir='ltr'><strong>monogamia!</strong></span> 
     </span>
    </p>
   </div>
   <div class='ocr_carea' id='block_1_122' title="bbox 1995 4703 3590 4776">
    <p class='ocr_par' dir='ltr' id='par_1_122' title="bbox 1995 4703 3590 4776">
     <span class='ocr_line' id='line_1_127' title="bbox 1995 4703 3590 4776; baseline 0.001 -19"><span class='ocrx_word' id='word_1_961' title='bbox 1995 4703 2252 4776; x_wconf 81' lang='lat' dir='ltr'><strong>abrogata</strong></span> <span class='ocrx_word' id='word_1_962' title='bbox 2282 4713 2379 4760; x_wconf 87' lang='lat' dir='ltr'><strong>aut</strong></span> <span class='ocrx_word' id='word_1_963' title='bbox 2403 4705 2642 4776; x_wconf 83' lang='lat' dir='ltr'><strong>relaxata</strong></span> <span class='ocrx_word' id='word_1_964' title='bbox 2663 4725 2678 4769; x_wconf 84' lang='lat'><strong>;</strong></span> <span class='ocrx_word' id='word_1_965' title='bbox 2699 4705 3090 4776; x_wconf 14' lang='lat' dir='ltr'><strong>etlpolygamia</strong></span> <span class='ocrx_word' id='word_1_966' title='bbox 3115 4703 3428 4776; x_wconf 69' lang='lat' dir='ltr'><strong>hominibus</strong></span> <span class='ocrx_word' id='word_1_967' title='bbox 3451 4720 3590 4759; x_wconf 88' lang='lat' dir='ltr'><strong>con-</strong></span> 
     </span>
    </p>
   </div>
   <div class='ocr_carea' id='block_1_123' title="bbox 1995 4773 3586 4844">
    <p class='ocr_par' dir='ltr' id='par_1_123' title="bbox 1995 4773 3586 4844">
     <span class='ocr_line' id='line_1_128' title="bbox 1995 4773 3586 4844; baseline -0.001 -15"><span class='ocrx_word' id='word_1_968' title='bbox 1995 4773 2175 4840; x_wconf 41' lang='lat' dir='ltr'><strong>cessa‘,</strong></span> <span class='ocrx_word' id='word_1_969' title='bbox 2207 4783 2327 4830; x_wconf 91' lang='lat' dir='ltr'><strong>tum</strong></span> <span class='ocrx_word' id='word_1_970' title='bbox 2353 4775 2420 4831; x_wconf 92' lang='lat' dir='ltr'><strong>ad</strong></span> <span class='ocrx_word' id='word_1_971' title='bbox 2443 4773 2943 4844; x_wconf 82' lang='lat' dir='ltr'><strong>multiplicationem</strong></span> <span class='ocrx_word' id='word_1_972' title='bbox 2969 4773 3181 4844; x_wconf 88' lang='lat' dir='ltr'><strong>generis</strong></span> <span class='ocrx_word' id='word_1_973' title='bbox 3207 4773 3452 4844; x_wconf 82' lang='lat' dir='ltr'><strong>humani,</strong></span> <span class='ocrx_word' id='word_1_974' title='bbox 3469 4782 3586 4830; x_wconf 91' lang='lat' dir='ltr'><strong>tum</strong></span> 
     </span>
    </p>
   </div>
   <div class='ocr_carea' id='block_1_124' title="bbox 1994 4842 3585 4917">
    <p class='ocr_par' dir='ltr' id='par_1_124' title="bbox 1994 4842 3585 4917">
     <span class='ocr_line' id='line_1_129' title="bbox 1994 4842 3585 4917; baseline -0.001 -16"><span class='ocrx_word' id='word_1_975' title='bbox 1994 4845 2062 4917; x_wconf 79' lang='lat' dir='ltr'><strong>ad</strong></span> <span class='ocrx_word' id='word_1_976' title='bbox 2092 4845 2539 4917; x_wconf 78' lang='lat' dir='ltr'><strong>prapagationem</strong></span> <span class='ocrx_word' id='word_1_977' title='bbox 2571 4842 2752 4917; x_wconf 77' lang='lat' dir='ltr'><strong>populi</strong></span> <span class='ocrx_word' id='word_1_978' title='bbox 2784 4843 2955 4917; x_wconf 80' lang='lat' dir='ltr'><strong>ﬁdelis</strong></span> <span class='ocrx_word' id='word_1_979' title='bbox 2975 4842 3042 4917; x_wconf 34' lang='lat' dir='ltr'><strong>iet</strong></span> <span class='ocrx_word' id='word_1_980' title='bbox 3068 4843 3248 4917; x_wconf 82' lang='lat' dir='ltr'><strong>cultus</strong></span> <span class='ocrx_word' id='word_1_981' title='bbox 3277 4842 3474 4917; x_wconf 80' lang='lat' dir='ltr'><strong>divini,</strong></span> <span class='ocrx_word' id='word_1_982' title='bbox 3493 4845 3585 4917; x_wconf 89' lang='lat' dir='ltr'><strong>qui</strong></span> 
     </span>
    </p>
   </div>
   <div class='ocr_carea' id='block_1_125' title="bbox 1997 4913 3585 4987">
    <p class='ocr_par' dir='ltr' id='par_1_125' title="bbox 1997 4913 3585 4987">
     <span class='ocr_line' id='line_1_130' title="bbox 1997 4913 3585 4987; baseline 0 -17"><span class='ocrx_word' id='word_1_983' title='bbox 1997 4915 2054 4987; x_wconf 85' lang='lat' dir='ltr'><strong>in</strong></span> <span class='ocrx_word' id='word_1_984' title='bbox 2075 4913 2440 4987; x_wconf 24' lang='lat' dir='ltr'><strong>s‘olaifamiliaa</strong></span> <span class='ocrx_word' id='word_1_985' title='bbox 2461 4913 2725 4987; x_wconf 63' lang='lat' dir='ltr'><strong>Abrahae,</strong></span> <span class='ocrx_word' id='word_1_986' title='bbox 2755 4928 2819 4987; x_wconf 81' lang='lat' dir='ltr'><strong>ac</strong></span> <span class='ocrx_word' id='word_1_987' title='bbox 2845 4913 3040 4987; x_wconf 80' lang='lat' dir='ltr'><strong>deinde</strong></span> <span class='ocrx_word' id='word_1_988' title='bbox 3065 4915 3122 4970; x_wconf 91' lang='lat' dir='ltr'><strong>in</strong></span> <span class='ocrx_word' id='word_1_989' title='bbox 3147 4915 3344 4987; x_wconf 90' lang='lat' dir='ltr'><strong>populo</strong></span> <span class='ocrx_word' id='word_1_990' title='bbox 3372 4913 3585 4987; x_wconf 83' lang='lat' dir='ltr'><strong>Israeli-</strong></span> 
     </span>
    </p>
   </div>
   <div class='ocr_carea' id='block_1_126' title="bbox 1994 4983 3587 5052">
    <p class='ocr_par' dir='ltr' id='par_1_126' title="bbox 1994 4983 3587 5052">
     <span class='ocr_line' id='line_1_131' title="bbox 1994 4983 3587 5052; baseline 0.001 -11"><span class='ocrx_word' id='word_1_991' title='bbox 1994 4985 2102 5042; x_wconf 89' lang='lat' dir='ltr'><strong>tico</strong></span> <span class='ocrx_word' id='word_1_992' title='bbox 2123 4983 2367 5040; x_wconf 88' lang='lat' dir='ltr'><strong>residuus</strong></span> <span class='ocrx_word' id='word_1_993' title='bbox 2398 4983 2517 5040; x_wconf 81' lang='lat' dir='ltr'><strong>fuit.</strong></span> <span class='ocrx_word' id='word_1_994' title='bbox 2545 4983 2710 5040; x_wconf 90' lang='lat' dir='ltr'><strong>Unde</strong></span> <span class='ocrx_word' id='word_1_995' title='bbox 2734 4983 3010 5042; x_wconf 83' lang='lat' dir='ltr'><strong>Abraham</strong></span> <span class='ocrx_word' id='word_1_996' title='bbox 3039 4983 3388 5052; x_wconf 44' lang='lat' dir='ltr'><strong>tres—uxores,</strong></span> <span class='ocrx_word' id='word_1_997' title='bbox 3417 4986 3587 5043; x_wconf 89' lang='lat' dir='ltr'><strong>Jacob</strong></span> 
     </span>
    </p>
   </div>
   <div class='ocr_carea' id='block_1_127' title="bbox 1993 5054 3584 5128">
    <p class='ocr_par' dir='ltr' id='par_1_127' title="bbox 1993 5054 3584 5128">
     <span class='ocr_line' id='line_1_132' title="bbox 1993 5054 3584 5128; baseline 0.001 -18"><span class='ocrx_word' id='word_1_998' title='bbox 1993 5064 2257 5128; x_wconf 71' lang='lat' dir='ltr'><strong>quatuor,</strong></span> <span class='ocrx_word' id='word_1_999' title='bbox 2285 5054 2454 5128; x_wconf 81' lang='lat' dir='ltr'><strong>David</strong></span> <span class='ocrx_word' id='word_1_1000' title='bbox 2485 5055 2657 5111; x_wconf 90' lang='lat' dir='ltr'><strong>multo</strong></span> <span class='ocrx_word' id='word_1_1001' title='bbox 2686 5055 2865 5127; x_wconf 89' lang='lat' dir='ltr'><strong>plures</strong></span> <span class='ocrx_word' id='word_1_1002' title='bbox 2893 5056 3144 5113; x_wconf 91' lang='lat' dir='ltr'><strong>habuisse</strong></span> <span class='ocrx_word' id='word_1_1003' title='bbox 3172 5057 3392 5128; x_wconf 90' lang='lat' dir='ltr'><strong>legitur.</strong></span> <span class='ocrx_word' id='word_1_1004' title='bbox 3426 5058 3584 5128; x_wconf 86' lang='lat' dir='ltr'><strong>Quod</strong></span> 
     </span>
    </p>
   </div>
   <div class='ocr_carea' id='block_1_128' title="bbox 1991 5125 3586 5184">
    <p class='ocr_par' dir='ltr' id='par_1_128' title="bbox 1991 5125 3586 5184">
     <span class='ocr_line' id='line_1_133' title="bbox 1991 5125 3586 5184; baseline 0.001 -4"><span class='ocrx_word' id='word_1_1005' title='bbox 1991 5125 2174 5182; x_wconf 82' lang='lat' dir='ltr'><strong>autem</strong></span> <span class='ocrx_word' id='word_1_1006' title='bbox 2204 5125 2295 5181; x_wconf 91' lang='lat' dir='ltr'><strong>hic</strong></span> <span class='ocrx_word' id='word_1_1007' title='bbox 2321 5125 2521 5182; x_wconf 89' lang='lat' dir='ltr'><strong>dicitur</strong></span> <span class='ocrx_word' id='word_1_1008' title='bbox 2552 5125 2788 5182; x_wconf 77' lang='lat' dir='ltr'><strong>uxorum</strong></span> <span class='ocrx_word' id='word_1_1009' title='bbox 2816 5137 2872 5184; x_wconf 89' lang='lat' dir='ltr'><strong>et</strong></span> <span class='ocrx_word' id='word_1_1010' title='bbox 2905 5125 3336 5184; x_wconf 68' lang='lat' dir='ltr'><strong>concubinarum</strong></span> <span class='ocrx_word' id='word_1_1011' title='bbox 3365 5125 3586 5183; x_wconf 76' lang='lat' dir='ltr'><strong>libertas</strong></span> 
     </span>
    </p>
   </div>
   <div class='ocr_carea' id='block_1_129' title="bbox 1991 5196 3581 5272">
    <p class='ocr_par' dir='ltr' id='par_1_129' title="bbox 1991 5196 3581 5272">
     <span class='ocr_line' id='line_1_134' title="bbox 1991 5196 3581 5272; baseline 0.001 -20"><span class='ocrx_word' id='word_1_1012' title='bbox 1991 5196 2572 5272; x_wconf 78' lang='lat' dir='ltr'><strong>antiquituspermissa</strong></span> <span class='ocrx_word' id='word_1_1013' title='bbox 2593 5238 2610 5263; x_wconf 95' lang='lat'><strong>,</strong></span> <span class='ocrx_word' id='word_1_1014' title='bbox 2653 5213 2760 5272; x_wconf 81' lang='lat' dir='ltr'><strong>non</strong></span> <span class='ocrx_word' id='word_1_1015' title='bbox 2773 5197 3285 5272; x_wconf 18' lang='lat' dir='ltr'><strong>_siclaccipiendum</strong></span> <span class='ocrx_word' id='word_1_1016' title='bbox 3320 5205 3403 5253; x_wconf 87' lang='lat' dir='ltr'><strong>est</strong></span> <span class='ocrx_word' id='word_1_1017' title='bbox 3429 5198 3581 5269; x_wconf 88' lang='lat' dir='ltr'><strong>quasi</strong></span> 
     </span>
    </p>
   </div>
   <div class='ocr_carea' id='block_1_130' title="bbox 1991 5267 3584 5341">
    <p class='ocr_par' dir='ltr' id='par_1_130' title="bbox 1991 5267 3584 5341">
     <span class='ocr_line' id='line_1_135' title="bbox 1991 5267 3584 5341; baseline 0.001 -17"><span class='ocrx_word' id='word_1_1018' title='bbox 1991 5267 2341 5341; x_wconf 32' lang='lat' dir='ltr'><strong>viris’sancti&#39;s</strong></span> <span class='ocrx_word' id='word_1_1019' title='bbox 2359 5275 2414 5324; x_wconf 91' lang='lat' dir='ltr'><strong>et</strong></span> <span class='ocrx_word' id='word_1_1020' title='bbox 2429 5267 2746 5341; x_wconf 88' lang='lat' dir='ltr'><strong>patriarchis</strong></span> <span class='ocrx_word' id='word_1_1021' title='bbox 2763 5267 2968 5341; x_wconf 7' lang='lat' dir='ltr'><strong>fugerint</strong></span> <span class='ocrx_word' id='word_1_1022' title='bbox 2993 5267 3209 5341; x_wconf 79' lang='lat' dir='ltr'><strong>péllices</strong></span> <span class='ocrx_word' id='word_1_1023' title='bbox 3223 5276 3278 5325; x_wconf 90' lang='lat' dir='ltr'><strong>et</strong></span> <span class='ocrx_word' id='word_1_1024' title='bbox 3297 5267 3497 5336; x_wconf 80' lang='lat' dir='ltr'><strong>scorta,</strong></span> <span class='ocrx_word' id='word_1_1025' title='bbox 3521 5279 3584 5326; x_wconf 87' lang='lat' dir='ltr'><strong>ut</strong></span> 
     </span>
    </p>
   </div>
   <div class='ocr_carea' id='block_1_131' title="bbox 1993 5327 3579 5414">
    <p class='ocr_par' dir='ltr' id='par_1_131' title="bbox 1993 5327 3579 5414">
     <span class='ocr_line' id='line_1_136' title="bbox 1993 5327 3579 5414; baseline 0.001 -19"><span class='ocrx_word' id='word_1_1026' title='bbox 1993 5327 2234 5414; x_wconf 62' lang='lat' dir='ltr'><strong>haeretici</strong></span> <span class='ocrx_word' id='word_1_1027' title='bbox 2259 5327 2682 5414; x_wconf 68' lang='lat' dir='ltr'><strong>calumniantur,</strong></span> <span class='ocrx_word' id='word_1_1028' title='bbox 2701 5339 2797 5396; x_wconf 89' lang='lat' dir='ltr'><strong>sed</strong></span> <span class='ocrx_word' id='word_1_1029' title='bbox 2815 5340 2871 5394; x_wconf 91' lang='lat' dir='ltr'><strong>in</strong></span> <span class='ocrx_word' id='word_1_1030' title='bbox 2892 5341 2979 5396; x_wconf 88' lang='lat' dir='ltr'><strong>illa</strong></span> <span class='ocrx_word' id='word_1_1031' title='bbox 2993 5327 3300 5414; x_wconf 72' lang='lat' dir='ltr'><strong>pluralitate</strong></span> <span class='ocrx_word' id='word_1_1032' title='bbox 3317 5327 3579 5414; x_wconf 77' lang='lat' dir='ltr'><strong>uxorum,</strong></span> 
     </span>
    </p>
   </div>
   <div class='ocr_carea' id='block_1_132' title="bbox 1995 5411 3581 5483">
    <p class='ocr_par' dir='ltr' id='par_1_132' title="bbox 1995 5411 3581 5483">
     <span class='ocr_line' id='line_1_137' title="bbox 1995 5411 3581 5483; baseline 0.002 -18"><span class='ocrx_word' id='word_1_1033' title='bbox 1995 5419 2118 5483; x_wconf 84' lang='lat' dir='ltr'><strong>post</strong></span> <span class='ocrx_word' id='word_1_1034' title='bbox 2131 5411 2711 5483; x_wconf 20' lang='lat' dir='ltr'><strong>primariamluxorem,</strong></span> <span class='ocrx_word' id='word_1_1035' title='bbox 2723 5426 2889 5466; x_wconf 90' lang='lat' dir='ltr'><strong>unam</strong></span> <span class='ocrx_word' id='word_1_1036' title='bbox 2900 5411 3226 5483; x_wconf 74' lang='lat' dir='ltr'><strong>autalteram</strong></span> <span class='ocrx_word' id='word_1_1037' title='bbox 3238 5461 3248 5477; x_wconf 82' lang='grc'><strong><em>,</em></strong></span> <span class='ocrx_word' id='word_1_1038' title='bbox 3260 5426 3382 5483; x_wconf 71' lang='lat' dir='ltr'><strong>qua:</strong></span> <span class='ocrx_word' id='word_1_1039' title='bbox 3397 5427 3502 5468; x_wconf 92' lang='lat' dir='ltr'><strong>non</strong></span> <span class='ocrx_word' id='word_1_1040' title='bbox 3513 5413 3581 5468; x_wconf 92' lang='lat' dir='ltr'><strong>ad</strong></span> 
     </span>
    </p>
   </div>
   <div class='ocr_carea' id='block_1_133' title="bbox 1993 5479 3580 5550">
    <p class='ocr_par' dir='ltr' id='par_1_133' title="bbox 1993 5479 3580 5550">
     <span class='ocr_line' id='line_1_138' title="bbox 1993 5479 3580 5550; baseline 0.001 -13"><span class='ocrx_word' id='word_1_1041' title='bbox 1993 5479 2101 5537; x_wconf 78' lang='lat' dir='ltr'><strong>tori</strong></span> <span class='ocrx_word' id='word_1_1042' title='bbox 2127 5479 2364 5550; x_wconf 80' lang='lat' dir='ltr'><strong>tantum,</strong></span> <span class='ocrx_word' id='word_1_1043' title='bbox 2377 5481 2471 5537; x_wconf 88' lang='lat' dir='ltr'><strong>sed</strong></span> <span class='ocrx_word' id='word_1_1044' title='bbox 2490 5479 2560 5536; x_wconf 89' lang='lat' dir='ltr'><strong>ad</strong></span> <span class='ocrx_word' id='word_1_1045' title='bbox 2581 5481 2852 5537; x_wconf 91' lang='lat' dir='ltr'><strong>honorum</strong></span> <span class='ocrx_word' id='word_1_1046' title='bbox 2873 5481 3121 5537; x_wconf 89' lang='lat' dir='ltr'><strong>omnium</strong></span> <span class='ocrx_word' id='word_1_1047' title='bbox 3137 5479 3580 5539; x_wconf 81' lang='lat' dir='ltr'><strong>communionem</strong></span> 
     </span>
    </p>
   </div>
   <div class='ocr_carea' id='block_1_134' title="bbox 1994 5551 3580 5616">
    <p class='ocr_par' dir='ltr' id='par_1_134' title="bbox 1994 5551 3580 5616">
     <span class='ocr_line' id='line_1_139' title="bbox 1994 5551 3580 5616; baseline 0.003 -10"><span class='ocrx_word' id='word_1_1048' title='bbox 1994 5551 2403 5616; x_wconf 88' lang='lat' dir='ltr'><strong>admittebatur,</strong></span> <span class='ocrx_word' id='word_1_1049' title='bbox 2431 5552 2750 5608; x_wconf 68' lang='lat' dir='ltr'><strong>concubinae</strong></span> <span class='ocrx_word' id='word_1_1050' title='bbox 2790 5551 3112 5608; x_wconf 88' lang='lat' dir='ltr'><strong>dicebantur</strong></span> <span class='ocrx_word' id='word_1_1051' title='bbox 3151 5552 3482 5610; x_wconf 66' lang='lat' dir='ltr'><strong>secundariae</strong></span> <span class='ocrx_word' id='word_1_1052' title='bbox 3526 5564 3580 5611; x_wconf 89' lang='lat' dir='ltr'><strong>et</strong></span> 
     </span>
    </p>
   </div>
   <div class='ocr_carea' id='block_1_135' title="bbox 1993 5621 3581 5699">
    <p class='ocr_par' dir='ltr' id='par_1_135' title="bbox 1993 5621 3581 5699">
     <span class='ocr_line' id='line_1_140' title="bbox 1993 5621 3581 5699; baseline 0.003 -22"><span class='ocrx_word' id='word_1_1053' title='bbox 1993 5621 2305 5699; x_wconf 76' lang='lat' dir='ltr'><strong>inferiores,</strong></span> <span class='ocrx_word' id='word_1_1054' title='bbox 2325 5637 2653 5699; x_wconf 77' lang='lat' dir='ltr'><strong>quamquam</strong></span> <span class='ocrx_word' id='word_1_1055' title='bbox 2676 5639 2819 5699; x_wconf 69' lang='lat' dir='ltr'><strong>vera;</strong></span> <span class='ocrx_word' id='word_1_1056' title='bbox 2834 5631 2889 5699; x_wconf 81' lang='lat' dir='ltr'><strong>et</strong></span> <span class='ocrx_word' id='word_1_1057' title='bbox 2903 5621 3150 5696; x_wconf 66' lang='lat' dir='ltr'><strong>legitimae</strong></span> <span class='ocrx_word' id='word_1_1058' title='bbox 3165 5623 3440 5699; x_wconf 88' lang='lat' dir='ltr'><strong>conjuges,</strong></span> <span class='ocrx_word' id='word_1_1059' title='bbox 3455 5641 3581 5696; x_wconf 78' lang='lat' dir='ltr'><strong>quae</strong></span> 
     </span>
    </p>
   </div>
   <div class='ocr_carea' id='block_1_136' title="bbox 1995 5693 3576 5768">
    <p class='ocr_par' dir='ltr' id='par_1_136' title="bbox 1995 5693 3576 5768">
     <span class='ocr_line' id='line_1_141' title="bbox 1995 5693 3576 5768; baseline -0.001 -20"><span class='ocrx_word' id='word_1_1060' title='bbox 1995 5693 2302 5768; x_wconf 79' lang='lat' dir='ltr'><strong>promiscue</strong></span> <span class='ocrx_word' id='word_1_1061' title='bbox 2315 5693 2605 5768; x_wconf 41' lang='lat' dir='ltr'><strong>uxores’vel</strong></span> <span class='ocrx_word' id='word_1_1062' title='bbox 2621 5693 2937 5768; x_wconf 73' lang='lat' dir='ltr'><strong>concubinae</strong></span> <span class='ocrx_word' id='word_1_1063' title='bbox 2958 5693 3366 5768; x_wconf 48' lang='lat' dir='ltr'><strong>nuncupantur?</strong></span> <span class='ocrx_word' id='word_1_1064' title='bbox 3385 5693 3576 5768; x_wconf 81' lang='lat' dir='ltr'><strong>quém-</strong></span> 
     </span>
    </p>
   </div>
   <div class='ocr_carea' id='block_1_137' title="bbox 1993 5764 3580 5834">
    <p class='ocr_par' dir='ltr' id='par_1_137' title="bbox 1993 5764 3580 5834">
     <span class='ocr_line' id='line_1_142' title="bbox 1993 5764 3580 5834; baseline -0.003 -14"><span class='ocrx_word' id='word_1_1065' title='bbox 1993 5764 2294 5821; x_wconf 82' lang='lat' dir='ltr'><strong>admodum</strong></span> <span class='ocrx_word' id='word_1_1066' title='bbox 2315 5768 2461 5834; x_wconf 83' lang='lat' dir='ltr'><strong>Agar</strong></span> <span class='ocrx_word' id='word_1_1067' title='bbox 2476 5772 2531 5819; x_wconf 90' lang='lat' dir='ltr'><strong>et</strong></span> <span class='ocrx_word' id='word_1_1068' title='bbox 2549 5765 2784 5821; x_wconf 87' lang='lat' dir='ltr'><strong>Cethura</strong></span> <span class='ocrx_word' id='word_1_1069' title='bbox 2797 5765 3116 5822; x_wconf 82' lang='lat' dir='ltr'><strong>concubinae</strong></span> <span class='ocrx_word' id='word_1_1070' title='bbox 3131 5764 3368 5822; x_wconf 65' lang='lat' dir='ltr'><strong>Abrahae</strong></span> <span class='ocrx_word' id='word_1_1071' title='bbox 3388 5764 3580 5820; x_wconf 75' lang='lat' dir='ltr'><strong>vocan—</strong></span> 
     </span>
    </p>
   </div>
   <div class='ocr_carea' id='block_1_138' title="bbox 1993 5835 3575 5909">
    <p class='ocr_par' dir='ltr' id='par_1_138' title="bbox 1993 5835 3575 5909">
     <span class='ocr_line' id='line_1_143' title="bbox 1993 5835 3575 5909; baseline -0.003 -17"><span class='ocrx_word' id='word_1_1072' title='bbox 1993 5845 2085 5894; x_wconf 87' lang='lat' dir='ltr'><strong>tur</strong></span> <span class='ocrx_word' id='word_1_1073' title='bbox 2109 5837 2306 5894; x_wconf 84' lang='lat' dir='ltr'><strong>Genes.</strong></span> <span class='ocrx_word' id='word_1_1074' title='bbox 2326 5851 2468 5906; x_wconf 79' lang='lat' dir='ltr'><strong>xxv,</strong></span> <span class='ocrx_word' id='word_1_1075' title='bbox 2485 5843 2540 5891; x_wconf 91' lang='lat' dir='ltr'><strong>et</strong></span> <span class='ocrx_word' id='word_1_1076' title='bbox 2558 5835 2781 5893; x_wconf 84' lang='lat' dir='ltr'><strong>Davidis</strong></span> <span class='ocrx_word' id='word_1_1077' title='bbox 2799 5835 3130 5896; x_wconf 89' lang='lat' dir='ltr'><strong>concubinas</strong></span> <span class='ocrx_word' id='word_1_1078' title='bbox 3153 5837 3380 5909; x_wconf 87' lang='lat' dir='ltr'><strong>legimus</strong></span> <span class='ocrx_word' id='word_1_1079' title='bbox 3397 5839 3419 5890; x_wconf 84' lang='grc' dir='ltr'><strong><em>ι</em></strong></span> <span class='ocrx_word' id='word_1_1080' title='bbox 3445 5839 3575 5906; x_wconf 75' lang='lat' dir='ltr'><strong>Reg.</strong></span> 
     </span>
    </p>
   </div>
   <div class='ocr_carea' id='block_1_139' title="bbox 3239 5929 3306 5980">
    <p class='ocr_par' dir='ltr' id='par_1_139' title="bbox 3239 5929 3306 5980">
     <span class='ocr_line' id='line_1_144' title="bbox 3239 5929 3306 5980; baseline -0.03 0"><span class='ocrx_word' id='word_1_1081' title='bbox 3239 5929 3306 5980; x_wconf 83' lang='lat'><strong>34</strong></span> 
     </span>
    </p>
   </div>
  </div>
