4014 6202
1073 112 1111 149 κ

446 247 579 303 1067
600 296 611 307 ,

1523 237 1801 298 JOANNIS
1835 233 2139 297 CASSIANI
2173 238 2660 297 COLLATIONES.

3612 247 3756 303 1068

441 368 716 424 immerito
746 368 894 439 velut
935 365 1121 423 minus
1138 366 1258 438 jam
1300 364 1602 422 necessaria
1627 380 1721 436 per
1748 362 2038 435 Evangeli-
2068 367 2120 428 A
2147 366 2351 423 tionem
2395 367 2716 439 spiritalium
2744 377 3236 434 sacramentorum,
3265 368 3352 424 vel
3380 362 3453 424 ob
3485 383 3753 439 quorum-

441 479 564 519 cam
593 463 987 536 perfectionem
1033 461 1226 517 debuit
1267 460 1558 533 amputari.
1586 462 1733 516 Nam
1773 473 1943 530 usque
1970 457 2042 514 ad

443 557 745 616 adventum
792 556 994 615 Christi
1045 554 1287 627 oportuit
1338 554 1774 611 benedictionem
1803 552 2040 625 primor-

442 652 597 707 dialis
640 650 786 707 illius
837 651 1017 722 vigere
1067 649 1355 706 sententiae
1381 664 1487 720 qua
1535 650 1742 705 dictum
1772 656 1885 713 est,
1929 648 2045 704 Cre-

441 747 570 801 scite
587 745 1099 816 etmultiplicamini
1124 750 1174 800 et
1193 747 1392 817 replete
1418 748 1619 799 terram
1648 744 1853 815 (Genes.
1873 741 1939 813 1).
1969 743 2041 797 Et

442 836 651 895 idcirco
672 838 1045 911 justissimum
1078 836 1181 894 fuit
1203 879 1219 905 ,
1250 846 1313 894 ut
1349 854 1415 894 ex
1459 837 1547 893 illa
1584 837 1764 893 radice
1791 834 2042 891 fecundi-

445 933 576 990 tatis
624 932 881 990 bumana:
903 974 918 1001 ,
950 948 1073 1005 quae
1099 934 1157 988 in
1194 946 1468 1006 synagoga
1511 947 1608 1003 pro
1638 920 2045 1002 dispensatione

446 1028 713 1099 temporis
737 1026 946 1083 utiliter
966 1027 1136 1098 viguit
1151 1070 1166 1095 ,
1191 1027 1458 1098 angelica:
1485 1014 1807 1096 virginitatis
1830 1022 2045 1079 ﬂosculi

447 1121 816 1193 germinarent
882 1137 947 1177 ac
1010 1120 1386 1176 suaveolentes
1439 1118 1791 1173 continentia;
1838 1113 2046 1173 fructus

443 1215 500 1269 in
522 1213 762 1269 Ecclesia
805 1212 1170 1284 gignerentur.
1212 1211 1499 1267 Mendacia
1543 1226 1673 1266 vero
1725 1211 1893 1267 etiam
1920 1217 2050 1266 tunc

445 1304 611 1362 fuisse
633 1304 907 1374 damnata,
928 1304 1101 1361 totius
1128 1305 1326 1383 veteris
1349 1304 1706 1360 instrumenti
1736 1310 1919 1359 textus
1945 1303 2051 1358 evi-

444 1400 634 1455 denter
661 1398 919 1468 ostendit,
953 1397 1137 1455 dicens
1170 1417 1183 1451 :
1216 1398 1410 1455 Perdes
1431 1415 1612 1455 omnes
1641 1401 1738 1469 qui
1761 1400 2052 1469 loquuntur

443 1493 781 1549 mendacium
811 1491 977 1562 (Psal.
1028 1496 1103 1559 v).
1132 1495 1205 1548 Et
1232 1491 1437 1550 iterum
1470 1512 1483 1547 :
1516 1494 1708 1550 Suavis
1746 1498 1824 1549 est
1851 1495 2055 1548 homini

439 1590 606 1659 panis
632 1586 919 1655 mendacii,
966 1591 1017 1641 et
1039 1592 1226 1658 postea
1268 1588 1568 1659 replebitur
1596 1605 1651 1643 os
1694 1588 1811 1658 ejus
1852 1588 2053 1643 calculo

445 1684 628 1747 (Prov.
678 1685 799 1747 xx).
838 1682 907 1736 Et
960 1679 1074 1753 ipse
1111 1680 1406 1754 legislator,
1448 1682 1806 1743 Mendacium,
1855 1679 2050 1752 inquit,

442 1776 622 1844 fugies
648 1776 842 1840 (Exod.
876 1774 1079 1845 χχιιι).
1109 1774 1215 1830 Sed
1248 1784 1275 1809 ι
1299 1782 1431 1830 tunc
1454 1772 1680 1830 demum
1718 1772 1774 1829 id
1801 1772 2048 1829 veniabi-
2075 1776 2124 1839 B

446 1868 571 1924 liter
610 1868 849 1924 diximus
899 1875 1225 1939 usurpatum
1265 1882 1393 1923 cum
1428 1867 1479 1923 ei
1527 1867 1823 1922 necessitas
1871 1865 2050 1936 aliqua

444 1978 540 2019 seu
568 1961 900 2035 dispensatio
936 1963 1193 2019 salutaris
1220 1961 1478 2034 adjuncta
1508 1970 1610 2027 est,
1656 1961 1727 2017 ob
1748 1974 1914 2031 quam
1938 1975 2049 2016 non

444 2054 693 2112 debuerit
727 2055 1116 2122 condemnari;
1169 2056 1332 2127 quale
1362 2064 1445 2111 est
1476 2052 1607 2109 illud
1637 2052 1785 2124 quod
1808 2067 2048 2109 comme-

443 2147 704 2202 morastis
728 2145 799 2202 de
823 2147 1001 2202 David
1027 2162 1153 2217 rege
1178 2146 1225 2216 (Ι
1252 2150 1385 2215 Reg.
1403 2147 1557 2214 χχι),
1588 2160 1717 2200 cum
1741 2143 1954 2217 fugiens
1977 2145 2051 2204 in-

397 2250 400 2254 '
442 2237 796 2292 sectationem
828 2236 1007 2293 Saulis
1031 2237 1297 2308 injustam
1324 2237 1390 2294 ad
1417 2237 1765 2294 Achimelech
1787 2237 2049 2295 sacerdo-

443 2336 579 2394 tem,
613 2343 728 2384 non
752 2328 1045 2399 proposito.
1063 2329 1388 2401 cujusquam
1410 2330 1569 2398 lucri,
1611 2347 1712 2387 nec
1739 2330 1921 2387 studio
1949 2332 2049 2387 lm—

441 2422 605 2479 dendi
650 2423 1002 2497 quempiam,
1031 2423 1129 2481 sed
1166 2433 1229 2481 ut
1263 2424 1651 2482 tantummodo
1694 2425 2047 2498 semetipsum

442 2517 513 2574 ab
542 2518 870 2591 impiissima
916 2516 1036 2590 ejus
1065 2517 1421 2575 insectatione
1464 2519 1720 2589 salvaret,
1769 2520 2048 2577 mendaci-

442 2611 547 2669 bus
576 2613 749 2670 utitur
794 2613 994 2681 verbis,
1033 2614 1234 2686 quippe
1289 2612 1383 2686 qui
1438 2600 1634 2670 manus
1669 2630 1795 2671 suas
1843 2614 2046 2670 inimici

440 2706 582 2780 regis
611 2706 875 2781 sanguine
911 2715 967 2763 et
1009 2706 1235 2779 quidem
1273 2722 1305 2762 a
1329 2708 1450 2764 Deo
1479 2707 1583 2764 sibi
1628 2709 1787 2764 toties
1823 2706 2044 2775 traditi,

439 2802 814 2858 contaminare
858 2801 1114 2870 noluerit,
1164 2801 1352 2857 dicens
1409 2821 1422 2856 :
1474 2804 1750 2872 Propitius
1782 2803 1923 2856 mihi
1970 2804 2043 2855 sit

440 2900 604 2962 Deus,
646 2912 711 2951 ne
731 2898 938 2962 faciam
960 2911 1076 2951 rem
1102 2897 1240 2950 hanc
1268 2898 1492 2952 Domino
1524 2911 1637 2949 meo
1653 2936 1668 2960 ,
1702 2897 1908 2951 Christo
1932 2898 2042 2949 Do-

440 2989 599 3053 mini,
631 2991 693 3039 ut
710 2989 928 3040 mittam
947 3001 1166 3040 manum
1194 3002 1365 3040 meam
1391 2990 1449 3040 in
1471 3002 1611 3053 eum,
1636 2988 1769 3056 quia
1798 2987 2041 3044 Christus

440 3079 659 3131 Domini
678 3083 758 3132 est
793 3079 843 3144 (1
874 3081 1000 3146 Reg.
1034 3082 1229 3143 χχιιι).
1264 3080 1336 3135 Et
1376 3076 1581 3135 idcirco
1610 3079 2042 3152 dispensationes

2148 460 2277 517 dam
2306 462 2537 519 salutem
2559 471 2781 519 sanctos
2812 462 2956 519 viros
2999 463 3055 519 in
3081 463 3245 519 veteri
3278 464 3641 519 Testamento
3665 464 3750 519 le-

2150 553 2330 626 gimus
2358 565 2664 625 exsecutos,
2695 556 2750 612 in
2780 565 2997 613 tantum
3027 572 3128 613 nos
3155 571 3372 630 quoque
3403 572 3538 612 cum
3565 572 3755 614 neces-

2152 648 2282 705 sitas
2321 651 2677 706 coarctaverit
2726 666 2837 707 non
2886 665 3179 722 possumus
3227 649 3517 719 abdicare,
3569 660 3633 709 ut
3684 669 3756 708 ne

2148 739 2298 811 ipsos
2347 741 2569 814 quidem
2619 744 2894 816 apostolos
2918 786 2933 812 ,
2968 744 3082 801 ‘ubi
3123 743 3487 801 consideratio
3524 744 3756 819 alicujus

2150 837 2407 895 utilitatis
2451 838 2652 910 exegit,
2684 839 2752 894 ab
2790 838 2867 895 eis
2912 838 3211 895 declinasse
3256 852 3568 897 cernamus.
3620 844 3756 913 Quae.

2152 928 2421 1002 paulisper
2461 930 2681 986 interim
2721 929 3061 997 differentes,
3086 930 3317 1004 digestis
3348 931 3597 1003 primitus
3630 950 3759 1007 quae

2152 1021 2330 1078 adhuc
2372 1022 2442 1079 de
2484 1025 2649 1080 veteri
2692 1027 3044 1081 Testamento
3078 1024 3328 1097 proferre
3377 1024 3753 1098 disponimus,

2153 1126 2279 1188 post
2307 1117 2428 1174 haec
2463 1118 2848 1192 congruentius
2877 1112 3200 1188 inferamus,
3228 1126 3293 1174 ut
3319 1116 3528 1175 facilius
3546 1135 3759 1192 appro-

2155 1214 2316 1271 betur
2353 1215 2503 1271 viros
2532 1216 2714 1289 justos
2741 1225 2798 1272 et
2819 1226 3071 1285 sanctos,
3098 1224 3212 1272 tam
3242 1216 3299 1272 in
3326 1232 3472 1273 novo
3505 1232 3678 1289 quam
3707 1218 3762 1274 in

2156 1311 2323 1367 veteri
2363 1311 2713 1369 Testamento
2736 1312 2793 1367 in
2828 1310 3265 1369 his'oeconomiis
3306 1311 3410 1368 sibi
3436 1327 3537 1384 per
3571 1315 3763 1371 omnia

2157 1408 2534 1467 concordasse.
2580 1410 2721 1482 Quid
2768 1411 2919 1467 enim
2961 1410 3030 1468 de
3069 1411 3157 1467 illa
3200 1410 3363 1468 Chusi
3408 1411 3480 1468 ad
3519 1412 3762 1470 Absalon

2161 1521 2257 1577 pro
2303 1507 2474 1564 salute
2512 1509 2654 1582 regis
2680 1509 2859 1566 David
2884 1503 2914 1541 δ
2957 1508 3048 1582 pia
3095 1510 3444 1567 simulatione
3490 1509 3759 1579 dicimus,

2159 1620 2281 1676 quae
2306 1622 2433 1662 cum
2464 1614 2581 1663 toto
2610 1605 2842 1665 fallentis
2875 1617 2933 1665 et
2958 1608 3431 1666 circumvenientis
3473 1619 3762 1681 promatur

2158 1701 2390 1769 affectu,
2426 1712 2481 1759 et
2518 1702 2806 1761 utilitatem
2861 1705 3192 1762 consulentis
3242 1705 3559 1778 impugnet,
3611 1708 3757 1764 Scri-

2157 1809 2333 1874 pturm
2361 1788 2557 1858 divinae
2593 1803 2907 1860 testimonio
2935 1805 3347 1876 comprobatur,
3375 1805 3447 1861 ita
3472 1804 3706 1862 ditis
3734 1826 3752 1861 :

2160 1903 2382 1955 Domini
2406 1906 2587 1957 autem
2608 1906 2748 1958 nutu
2777 1888 3104 1975 dissipatum
3131 1910 3209 1961 est
3229 1907 3501 1961 consilium
3521 1909 3751 1963 Arbita-

2153 1998 2298 2066 phel,
2333 2002 2395 2053 ut
2442 2000 2719 2055 induceret
2759 2004 3015 2057 Dominus
3063 2018 3227 2072 super
3273 2002 3512 2057 Absalon
3548 2002 3759 2056 mlum

2160 2096 2229 2164 (ll
2258 2098 2388 2166 Reg.
2413 2096 2613 2168 xvn)?
2642 2098 2756 2153 Nec
2779 2097 2927 2154 enim
2951 2096 3272 2170 reprehendi
3299 2107 3515 2171 poterat
3531 2098 3590 2156 id
3611 2100 3761 2172 quod

2156 2201 2306 2250 recto
2334 2194 2611 2267 proposito
2633 2210 2697 2250 ac
2723 2193 2809 2266 pio
2830 2193 3039 2267 judicio
3063 2211 3161 2269 pro
3198 2195 3365 2268 justis
3394 2196 3641 2269 partibus
3660 2214 3763 2272 ge-

2156 2290 2400 2359 rebatur,
2425 2308 2491 2347 ac
2532 2308 2631 2364 pro
2660 2292 2801 2349 illius
2829 2294 2985 2365 cujus
3026 2294 3196 2366 pietas
3232 2298 3348 2351 Deo
3378 2295 3621 2366 placebat
3661 2312 3760 2352 sa-

2156 2387 2268 2444 lute
2293 2397 2456 2463 atque
2498 2391 2728 2448 victoria
2754 2391 3001 2465 religiosa
3027 2390 3202 2450 fuerat
3226 2392 3567 2450 simulatione
3609 2409 3757 2451 con-

2155 2498 2391 2564 ceptum.
2423 2489 2566 2562 Quid
2589 2491 2752 2547 etiam
2766 2490 2836 2547 de
2864 2492 3011 2548 illius
3032 2489 3254 2548 feminae
3279 2493 3763 2565 pronuntiabimus

2161 2590 2337 2659 facto,
2369 2604 2490 2662 quae
2543 2588 2843 2660 suscipiens
2878 2587 3032 2656 illos,
3082 2589 3176 2661 qui
3207 2589 3280 2645 ad
3308 2605 3493 2662 regem
3516 2590 3698 2647 David
3726 2608 3761 2647 a

2154 2686 2414 2761 praedicto
2483 2685 2652 2743 Chusi
2713 2684 2931 2741 fuerant
2982 2685 3237 2742 destinati
3255 2728 3272 2754 ,
3341 2686 3633 2745 abscondit
3698 2689 3761 2745 in

2154 2796 2358 2858 puteo,
2423 2793 2479 2841 et
2543 2782 2854 2856 expandens
2909 2784 3159 2839 velamen
3232 2799 3403 2856 super
3469 2801 3536 2841 os
3598 2784 3718 2857 ejus
3744 2829 3763 2853 ,

2148 2892 2170 2919 °
2194 2899 2323 2939 cum
2359 2883 2599 2954 ptisanas
2640 2898 2702 2939 se
2746 2890 2952 2938 torrere
2978 2881 3325 2948 simulasset,
3369 2883 3758 2941 Transierunt.

2149 2982 2345 3057 inquit,
2400 2986 2621 3053 gustata
2666 2982 2959 3052 paululum
3003 2995 3170 3050 aqua,
3201 2985 3369 3050 atque
3400 2981 3496 3035 hoc
3530 2995 3615 3035 eos
3644 2983 3761 3049 ﬁg-

2148 3083 2322 3135 mento
2374 3079 2443 3134 ab
2494 3079 2890 3150 insequentium
2938 3075 3187 3131 manibus
3230 3076 3484 3133 liberauit
3517 3075 3713 3147 (Ibid.)
3730 3080 3757 3131 ?

442 3167 543 3223 has
566 3183 700 3239 quas
736 3169 820 3224 vel
847 3169 921 3225 ob
965 3170 1300 3228 voluntatem
1339 3173 1439 3229 Dei
1460 3212 1476 3242 ,
1512 3174 1597 3231 vel
1624 3175 1697 3232 ob
1732 3177 2045 3250 praeﬁgura-
2079 3166 2126 3231 Ο
2155 3178 2500 3251 Quapmpter
2520 3177 2548 3213 (ι
2574 3174 2917 3248 respondete,
2943 3188 3156 3247 quaso,
3174 3172 3335 3243 mihi,
3359 3173 3491 3246 quid
3518 3170 3767 3229 fuissetis

1540 3290 1794 3388 acaum
1832 3333 2057 3389 GAZJEI
2096 3334 2651 3390 consummes.

443 3493 564 3545 XVI,
591 3488 645 3552 et
659 3480 754 3552 illa
780 3478 985 3552 Levita;
1014 3479 1420 3552 contubernalis
1438 3521 1454 3552 ,
1486 3482 1655 3539 modo
1684 3500 1842 3552 uxor,
1870 3485 2040 3543 modo

443 3549 742 3630 concubina
780 3549 1293 3630 appellaturucludic.
1325 3550 1480 3622 xxx).
1513 3555 1687 3630 Porro
1727 3549 1865 3612 hanc
1894 3558 2044 3630 poly-

443 3618 641 3698 gamiae
666 3618 935 3698 licentiam
962 3618 1352 3698 etlibertatem
1376 3661 1392 3688 ,
1420 3618 1624 3698 genere
1652 3618 1912 3698 humano.
1932 3618 2044 3698 iam

443 3687 572 3766 satis
601 3696 894 3766 propagato
914 3731 929 3755 ,
977 3687 1223 3747 Christus
1267 3687 1541 3766 Dominus
1570 3695 1737 3766 plane,
1774 3687 2035 3766 abolevit,

445 3759 958 3885 gﬁmamqueillam
988 3762 1353 3842 monogamia:
1380 3762 1550 3835 legem
1571 3759 1770 3835 'primis
1799 3759 2044 3837 parenti-'-

486 3846 550 3885 us
594 3840 911 3885 insmratam
935 3840 1175 3885 restituit
1201 3841 1255 3885 et
1292 3834 1603 3885 renovavit.
1633 3836 1880 3885 Matthmi
1908 3853 2037 3885 xm-

486 3830 911 3903 us_inspiratam
935 3830 1187 3888 restituit
1201 3841 1255 3888 et
1292 3830 1603 3903 renovavit,
1633 3830 1881 3893 Mattlizei
1908 3853 2039 3902 xxx,

442 3901 641 3973 triplici
666 3901 992 3974 argumento
1022 3904 1371 3974 exprimaava
1400 3904 1489 3960 illa
1521 3901 1858 3964 matrimonii
1881 3901 2043 3965 iusti?-

440 3973 655 4050 tutione
673 3973 936 4050 adducto;
951 3973 1194 4050 quodet
1217 3978 1288 4031 D.
1314 3976 1685 4050 Hieronymus
1712 3978 2034 4050 observavit,

444 4048 503 4098 1°
545 4044 668 4116 quia
714 4046 767 4098 in
796 4044 1024 4100 exordio
1065 4045 1343 4102 Geneseos
1357 4044 1563 4103 dictum
1588 4057 1671 4104 est
1702 4069 1714 4106 :
1744 4044 2043 4108 Masculum

441 4120 493 4170 et
519 4118 788 4190 feminam
807 4118 938 4183 fecit
961 4132 1072 4185 eos;
1098 4131 1208 4172 non
1239 4118 1540 4174 masculum
1565 4129 1620 4175 et
1645 4119 1895 4187 feminas,
1922 4124 2038 4190 sed,

439 4189 737 4242 masculum
777 4193 827 4242 et
848 4190 1107 4263 feminam
1124 4230 1141 4251 ,
1184 4192 1245 4243 ut
1280 4191 1444 4244 unius
1486 4191 1730 4263 conjugis
1779 4189 2040 4250 consortia

441 4261 895 4336 necterentur,_ai_t
920 4260 1321 4336 Hieronymus,
1336 4264 1395 4312 2°
1426 4260 1750 4318 Dictum'est
1776 4267 2044 4336 {Propter

442 4328 536 4380 hoc
578 4329 811 4382 dimittet
853 4331 1004 4383 homo
1029 4328 1241 4398 patrem
1274 4334 1327 4384 et
1355 4337 1600 4397 matrem,
1642 4340 1693 4389 et
1743 4328 2043 4392 adluefebit

442 4400 608 4450 umori
632 4412 764 4463 suae,
788 4413 905 4451 non
931 4397 1212 4453 uxoribus.
1245 4404 1303 4453 3°
1331 4401 1555 4457 Dictum
1583 4414 1666 4460 est
1696 4420 1711 4458 :
1740 4408 1915 4463 Erunt
1933 4408 2039 4463 duo

442 4469 499 4520 in
522 4482 691 4545 _carne
717 4482 845 4545 una,
878 4466 934 4522 id
971 4476 1081 4545 est,
1108 4478 1268 4545 erunt
1303 4469 1413 4526 duo
1441 4487 1551 4545 una
1580 4486 1706 4529 caro
1744 4496 1757 4530 :
1786 4477 1917 4545 duo,
1950 4478 2036 4533 in-

441 4537 601 4618 quit,
630 4554 736 4618 non
773 4537 989 4618 plu-res;
1031 4540 1190 4594 Hanc
1231 4539 1411 4618 itaque
1456 4542 1633 4615 legem
1677 4537 2041 4618 monogamiae

436 4608 698 4684 primitus
722 4608 1267 4684 in'stitutatn,gpostea
1281 4608 1604 4684 abrogatam
1622 4623 1719 4671 aut
1745 4608 2040 4677 rela‘iatam

437 4681 683 4765 Christus
729 4681 1253 4765 velu‘ti‘postliminio
1282 4681 1545 4765 revocans
1585 4694 1640 4742 et
1680 4685 1733 4765 in
1763 4687 2038 4765 integrum

436 4762 751 4831 restaurans
780 4751 1022 4810 subdidit
1053 4774 1065 4808 :
1092 4755 1419 4831 Dicopobis,
1446 4758 1576 4831 quia
1603 4751 1919 4831 quicumque
1946 4764 2036 4818 di-

434 4825 644 4897 miserit
658 4840 882 4897 umorem
890 4841 1043 4881 suam
1046 4866 1064 4894 ,
1076 4826 1188 4881 nisi
1195 4825 1258 4880 ob
1269 4825 1699 4897 fonneationém,
1716 4825 2028 4889 mwchatur.

2150 3486 2299 3558 quod
2332 3495 2556 3544 vocatur
2593 3485 2902 3558 ofﬁciosum
2922 3527 2937 3553 ,
2966 3492 3027 3539 ut
3068 3482 3123 3539 in
3151 3483 3406 3558 exemplo
3452 3480 3668 3558 Davidis
3699 3490 3764 3558 et

2150 3552 2404 3615 aliorum.
2431 3562 2635 3614 Verum
2665 3555 2813 3613 aliud
2842 3552 2931 3612 est
2947 3555 3212 3623 excusari,
3242 3552 3389 3609 aliud
3425 3552 3757 3626 approbari;

2149 3646 2276 3685 nam
2307 3629 2512 3699 bonum
2534 3639 2679 3685 certe
2707 3638 2762 3684 et
2784 3626 3083 3699 perfectum
3103 3625 3449 3683 excusatione
3465 3625 3583 3681 non
3605 3633 3761 3696 eget,

2150 3699 2247 3756 sed
2274 3698 2661 3771 imperfectum
2690 3707 2745 3755 et
2769 3698 3047 3754 mancum.

2219 3762 2546 3850 amonem
2577 3771 2922 3850 simulatum
2959 3782 3123 3850 quam
3151 3763 3410 3850 νςοιξδινίιὲ
3427 3770 3491 3850 εξ
3525 3762 3754 3850 densi-

2151 3841 2243 3897 bili
2265 3841 2497 3917 consilio
2526 3857 2656 3917 usus
2681 3849 2765 3897 est
2803 3834 3001 3897 Chusai
3025 3854 3128 3917 pro
3144 3834 3324 3917 salute
3352 3834 3494 3917 regis
3525 3834 3748 3917 David,

2151 3911 2302 3984 quod
2320 3912 2577 3971 Absaloni
2596 3912 2772 3969 visum
2797 3920 2879 3968 est
2906 3906 3228 3984 prudentius
3249 3906 3486 3984 ettutius
3498 3906 3757 3984 pensilia

2151 3975 2436 4057 Achitopel
2452 4005 2469 4053 ,-
2518 4000 2623 4057 qua
2650 3992 2837 4039 tamen
2883 3975 3170 4055 prudentia
3212 3979 3456 4035 Absalon
3482 3975 3763 4050 deceptus

2150 4063 2254 4111 est.
2560 4058 2563 4065 λ

2222 4135 2244 4161 ο
2264 4126 2442 4182 Verba
2464 4133 2649 4203 tostus
2682 4143 2695 4180 :
2733 4125 2901 4193 Quasi
2939 4125 3143 4179 siccana
3167 4120 3592 4203 ptisanas;
3640 4121 3761 4203 Ριξῖ

2151 4212 2314 4268 sanas
2337 4198 2583 4254 nonnulli
2610 4198 3039 4268 interpretantur
3050 4203 3341 4268 contusum
3369 4193 3640 4268 triticum,
3662 4193 3754 4246 alii

2154 4267 2425 4325 hordeum
2470 4262 2880 4324 deco‘rticatum.
2926 4268 3012 4322 De
3053 4281 3163 4338 quo
3190 4264 3396 4321 Plinius
3431 4262 3564 4338 _lib._
3589 4276 3755 4338 xynr

2151 4355 2269 4411 cap.
2301 4345 2353 4406 7,
2385 4339 2711 4411 et_lib.xxu
2734 4354 2852 4410 cap.
2882 4343 2972 4411 2s.
3003 4333 3191 4392 In'hac
3214 4350 3381 4411 porro
3396 4333 3759 4411 simulatione

2157 4403 2390 4482 aliisque
2402 4409 2673 4482 similibus
2721 4403 2980 4482 exemplis
3033 4403 3453 4482 commendatur
3494 4403 3758 4482 humani-

2148 4476 2314 4607 tatis;
2329 4479 2605 4563 ofﬁcium,
2658 4496 2771 4537 non
2800 4476 3193 4552 qualecumque
3236 4476 3401 4533 fuerit
3444 4476 3757 4533 admissum

2149 4566 2272 4606 meo
2317 4567 2525 4607 actum.

2149 4566 2497 4607 111900801001
2511 4594 2525 4607 .

2218 4623 2245 4658 α
2266 4621 2382 4695 Tali
2404 4623 2685 4694 quaestioni
2715 4621 3003 4695 respondet
3018 4621 3125 4677 div.
3154 4617 3489 4690 Augustinus
3514 4618 3759 4695 (Contra

2146 4693 2484 4767 mendacium
2510 4711 2630 4767 cap.
2653 4694 2745 4763 '17)
2772 4693 3004 4767 {Faciat
3030 4695 3184 4767 homo
3212 4695 3503 4767 etiamm
3536 4693 3758 4767 εςηιρο-

2062 4796 2115 4858 ι)
2144 4757 2918 4858 ζιξέέὶέςῖξξξητίνῑξὶίξξγεέωέ
2932 4757 3761 4858 ηετξθξέςΜ,Μ2ἐίιξέξ

2132 4839 2433 4907 articulum
2477 4843 2693 4892 ventum
2739 4831 3023 4905 fuerin—ut
3050 4836 3155 4891 tali
3192 4835 3365 4889 saluti
3396 4831 3608 4907 consule
3631 4832 3761 4907 nisi

668 4895 856 4979 verbis
884 4892 1249 4979 polygamiam
1272 4892 1505 4979 omnino
1534 4892 1807 4979 exclusam
1845 4906 2035 4979 Patres
2132 4902 2398 4977 peccando
2424 4924 2529 4964 non
2548 4892 2879 4979 possit,'jam
2900 4892 2955 4962 se
2980 4910 3371 4962 emistimetnon
3390 4904 3587 4979 habere
3602 4903 3761 4979 εἶναί

435 4960 863 5049 ἱρλῐθΙΙᾳιιει-ιιριε
884 4960 1043 5049 nam"
1072 4973 1136 5049 ut
1152 4969 1524 5049 innocentius
1554 4986 1657 5049 ut,
1710 4974 1762 5029 in
1781 4960 2030 5049 quadam
2133 4960 3445 5049 vidiiredliquum‘esseiperspexit,
3476 4960 3756 5049 quod‘m

431 5033 690 5115 decretali
722 5034 972 5115 Qimtrav.
1003 5035 1071 5115 de
1099 5036 1296 5115 divort:
1322 5055 1440 5115 cap.
1467 5033 1833 5115 Gaudemus);
1863 5047 2031 5103 ratio.

431 5107 651 5187 cinatur
669 5122 697 5187 :A
713 5107 782 5187 _Si
800 5121 968 5187 umore
1003 5107 1231 5187 dimissa
1259 5107 1403 5187 duci
1424 5113 1633 5187 alia_de
1639 5116 1767 5184 jure
1778 5107 1895 5171 'non
1924 5134 2031 5187 po-

431 5186 554 5248 test,
584 5182 789 5257 fortius
812 5184 864 5234 et
884 5182 1009 5257 ipsa
1034 5184 1261 5257 retenta.
1290 5183 1393 5235 Per
1404 5185 1554 5252 quod
1568 5182 1840 5257 evidenter
1858 5182 2030 5257 appa-

426 5253 913 5328 retpluralitatem
933 5254 994 5305 in
1018 5254 1419 5328 utroquesea-u,
1444 5270 1561 5328 eum
1586 5270 1689 5328 non
1702 5255 1776 5309 ad
1794 5253 2028 5328 impii—ria

416 5322 755 5402 judicentur,
785 5326 927 5402 circa
946 5324 1345 5402 matrimonium
1369 5325 1776 5402 reprobandum.
1797 5322 2029 5402 ltapon-

426 5392 569 5470 tifex_
584 5395 758 5470 _(Vi(_le
773 5396 938 5470 etiam
959 5394 1401 5470 StatumSenens.
1550 5392 2018 5470 vi,anrtotat.'82).

497 5466 522 5494 ⁸
548 5465 899 5539 Mendacium
949 5464 1029 5539 sic
1058 5473 1140 5520 est
1170 5464 1459 5539 intrinsece
1505 5469 1735 5539 malum,
1791 5480 1851 5528 ut
1877 5464 2023 5530 nulla

425 5535 745 5609 necessitate
772 5546 887 5609 aut
930 5536 1345 5609 rdiSpensatioue
1394 5540 1564 5609 possit
1620 5535 1734 5597 fieri
1788 5543 2016 5602 bonum.

423 5602 584 5671 Quod
613 5614 667 5658 et
688 5607 1006 5685 aristoteles
1026 5602 1248 5685 agnovit
1273 5625 1330 5685 ιγ
1358 5602 1681 5667 Ethicorum
1725 5630 1841 5685 cap.
1870 5623 1902 5669 7
1933 5617 2017 5672 di-

420 5688 549 5730 cens
566 5677 904 5755 mendacium
919 5693 1018 5755 per
1045 5677 1100 5732 se
1116 5681 1416 5755 improbum
1436 5697 1549 5755 esse
1572 5677 2013 5755 e_t_vimpe1'abile,

2138 5192 2230 5262 qui
2278 5192 2616 5248 mendacium
2647 5206 2743 5263 pro

2138 5208 2230 5276 qui
2278 5208 2616 5277 mendacmm
2647 5208 3057 5317 propugnabant
3087 5210 3100 5246 :
3155 5208 3431 5257 querneae
3455 5208 3608 5258 apva
3646 5208 3759 5239 ua—

2137 5279 2325 5346 mines,
2340 5280 2432 5333 qui
2446 5265 2640 5389 procul
2661 5264 2736 5318 du
2774 5280 2823 5317 to
2844 5280 2892 5317 Si
2905 5264 3197 5346 falluntur.
3222 5266 3555 5345 (ξυθνΐηηΐυτ
3574 5275 3611 5341 (ἦ
3623 5272 3765 5328 Pe"

2137 5349 2272 5387 uteie
2311 5336 2393 5389 vel
2415 5353 2448 5389 a
2476 5350 2620 5389 mia.
2653 5336 2736 5389 vel
2764 5350 2883 5389 sua.
2923 5333 3352 5389 periclitantibus
3380 5331 3761 5385 subveniatur

2136 5349 2272 5387 mm
2311 5349 2391 5389 vel
2415 5353 2448 5389 a.

2135 5405 2455 5467 hominibus,
2484 5408 2538 5461 si
2562 5422 2654 5460 nos
2679 5400 2946 5460 humaqu
2970 5406 3045 5459 ad
3066 5403 3437 5459 mentiendum
3458 5417 3565 5455 non
3588 5400 3766 5455 inch-

2132 5483 2221 5531 net
2235 5480 2477 5545 affectus
2488 5479 2515 5532 ?
2527 5477 2588 5534 Si
2592 5493 2665 5547 pa
2672 5480 2867 5531 tienter
2877 5492 2960 5532 me
2974 5477 3171 5532 audiat
3182 5474 3343 5547 turba
3358 5472 3767 5547 mortalitatis.

2133 5549 2294 5602 turba
2320 5545 3008 5618 inﬁnnitatis,respondebo
3034 5547 3248 5616 aliquid
3266 5546 3368 5616 pro
3386 5545 3596 5613 negotio
3614 5548 3779 5618 reri-

2129 5623 2274 5675 tatis.
2306 5616 2456 5678 Certe
2478 5622 2594 5690 pia,
2612 5635 2758 5679 vera,
2790 5624 2981 5673 sancta
3007 5622 3226 5690 castitas
3258 5632 3363 5671 non
3394 5618 3510 5669 nisi
3527 5616 3771 5690 exquir-

2128 5696 2240 5745 tute
2266 5693 2378 5760 [AL
2409 5688 2652 5762 veritate]
2687 5696 2783 5752 est,
2803 5696 2856 5744 et
2875 5691 3117 5760 quisquis
3139 5689 3400 5762 adversus
3426 5702 3547 5741 eam
3577 5688 3773 5762 (om,

2136 5056 2277 5123 recte
2296 5046 2486 5119 faciat.
2515 5054 2583 5107 Et
2604 5049 2744 5123 infra
2778 5046 2927 5123 (Cap.
2956 5054 3105 5116 XIX),
3137 5046 3343 5123 rimus
3365 5046 3614 5103 eamdem
3642 5052 3759 5098 aut

2142 5118 2377 5193 similem
2421 5118 3125 5193 quaastionem'pEOponens
3165 5118 3219 5173 in
3266 5130 3505 5193 persona

2785 5187 3057 5265 ugnabaut
3087 5210 3100 5246 :
3155 5187 3431 5257 Quoime
3455 5188 3609 5258 apud
3646 5187 3759 5239 ha—

2787 5266 2797 5275 ο

2476 5338 2620 5401 iena,
2653 5336 2736 5390 vel
2764 5350 2883 5401 sua,
2920 5333 3352 5405 periclitantith
3380 5331 3761 5405 subveniat!"

417 5761 606 5832 perum
627 5750 827 5832 autem
835 5746 1205 5832 pulcnipmetj
1219 5749 1508 5832 laudabile.
1521 5746 1780 5832 ‘Ell'ﬁcitur
1793 5746 2012 5832 quidem
2113 5746 2360 5832 profecto
2391 5746 2652 5818 adversus.
2679 5746 2963 5816 seruatam
3175 5760 3281 5815 Cur
3313 5774 3445 5827 ergo
3474 5763 3525 5813 et
3551 5746 3602 5811 si
3622 5746 3764 5832 {tori

419 5769 606 5825 parum
633 5769 815 5824 autem
835 5769 1119 5823 purely-uin
1139 5769 1190 5800 et
1219 5769 1508 5805 (auaaoue.
1541 5769 1780 5808 mucuur
1831 5769 2012 5813 tndem
2113 5769 2360 5832 profecto
2391 5769 2645 5818 adversus
2679 5769 2963 5816 veritatem
2987 5769 3142 5828 facit.
3175 5769 3281 5815 Cur
3313 5774 3445 5827 ergo
3474 5769 3525 5813 et
3551 5769 3600 5811 Si
3622 5770 3764 5811 non

419 5831 472 5870 In
514 5821 834 5870 necessrtate
870 5812 1136 5869 veniabile
1181 5830 1278 5870 seu
1319 5820 1629 5876 excusabile
1668 5769 2011 5885 mendacium
2112 5838 2290 5901 potest
2327 5835 2491 5889 aliter
2505 5834 2948 5903 periclitantibus
2975 5828 3277 5898 subveniri,
3318 5845 3427 5885 non
3453 5827 3765 5884 committo
