4014 6202
520 338 646 401 l07l

1588 326 1869 386 JOANNlS
1905 320 2210 384 CASSIANI
2247 318 2735 384 COLLATIONES.

3655 328 3766 389 l072

512 469 735 542 ﬁgmata
781 455 1129 529 descendere,
1175 473 1271 532 pro
1302 456 1671 513 imbecillitate
1710 454 2111 511 inﬁrmantium
2136 459 2190 522 Α
2216 453 2473 524 debetur;
2498 454 2592 511 sed
2610 453 2744 510 illud
2771 453 2946 525 magis
2971 453 3331 526 praeposuisse
3357 444 3509 527 quod
3538 453 3769 512 inﬁrman-

512 563 895 625 cohortantur,
919 571 1156 627 eumque
1193 550 1463 626 puriﬁcari
1491 548 1790 607 secundum
1818 548 2110 605 observan-

511 655 644 711 tiam
676 647 830 727 legis,
870 658 1033 723 caput
1075 647 1298 714 radere,
1330 654 1455 702 vota
1500 643 1702 701 offerre
1749 643 2105 715 compellunt,

511 762 754 819 praesens
803 743 940 800 illud
983 740 1343 815 dispendium,
1392 739 1541 813 quod
1586 754 1651 794 ex
1697 737 1801 794 hac
1840 736 2109 809 hypocrisi

511 839 848 913 gignebatur,
880 836 1033 893 nihili
1065 843 1396 907 reputantes,
1428 833 1527 888 sed
1557 831 1993 902 contemplantes
2015 843 2110 900 po-

510 935 620 991 tius
665 935 813 990 lucra
841 947 964 1003 quae
1002 937 1158 986 erant
1200 944 1264 985 ex
1300 928 1445 983 illius
1488 926 1695 982 diutina
1725 923 2111 997 praedicatione

512 1028 767 1100 parienda
808 1027 1011 1097 (Actor.
1055 1024 1209 1092 χχι).
1249 1024 1375 1077 Non
1414 1021 1559 1075 enim
1600 1025 1817 1075 tantum
1862 1018 2111 1089 apostolo

512 1124 681 1180 Paulo
721 1122 934 1177 lucrum
963 1135 1026 1174 ex
1076 1118 1179 1172 hac
1224 1115 1343 1187 ejus
1371 1114 1553 1169 fuerat
1576 1113 1914 1168 districtione
1944 1111 2109 1167 colla-

513 1224 654 1281 tum,
688 1220 952 1284 quantum
978 1209 1136 1265 celeri
1186 1207 1305 1278 ejus
1348 1206 1509 1262 exitio
1554 1205 1819 1261 universis
1865 1204 2114 1296 gentibus

514 1307 925 1362 detrimentum.
955 1301 1113 1371 Quod
1163 1300 1278 1356 sine
1308 1298 1475 1355 dubio
1524 1298 1793 1355 universa;
1825 1307 1959 1354 tunc
1987 1313 2114 1353 eve-

521 1403 691 1457 nisset
720 1398 995 1458 Ecclesiae,
1028 1395 1135 1450 nisi
1162 1394 1317 1449 illum
1347 1393 1464 1450 haec
1491 1392 1642 1449 utilis
1667 1408 1731 1448 ac
1760 1392 1990 1448 salubris
2013 1390 2117 1463 hy-

524 1494 750 1568 pocrisis
774 1489 1151 1564 praedicationi
1189 1487 1511 1559 evangelicae
1539 1494 1883 1543 reservasset.
1909 1496 1934 1521 δ
1965 1487 2119 1541 Tunc

523 1589 677 1647 enim
715 1584 1014 1642 necessario
1062 1598 1125 1638 ac
1163 1581 1500 1638 veniabiliter
1549 1580 1910 1653 acquiescitur
1966 1584 2118 1635 men-

524 1683 667 1740 dacii
694 1680 1046 1747 detrimento,
1068 1676 1285 1749 quando
1327 1675 1526 1748 majus,
1554 1683 1614 1730 ut
1649 1674 1905 1743 diximus,
1931 1674 2123 1729 immi-

526 1785 618 1833 net
650 1776 719 1832 de
757 1774 995 1831 veritatis
1034 1772 1375 1830 confessione
1406 1770 1774 1842 dispendium,
1816 1777 1876 1825 et
1916 1768 2122 1824 utilitas

2216 549 2360 605 tium
2401 549 2604 603 utilitas
2641 547 2926 619 exigebat?
2956 550 3027 604 Et
3055 556 3119 603 ut
3154 548 3269 604 haec
3306 547 3505 604 eadem
3548 550 3770 606 attentius

2218 641 2537 713 indagantes
2572 640 2852 713 sigillatim
2884 641 3329 714 Apostolicarum
3369 641 3630 699 virtutum
3672 642 3776 700 insi.

2216 736 2343 807 gnia
2384 735 2723 807 replicemus,
2759 745 2968 807 quaerat
2998 736 3194 807 aliquis
3225 735 3507 808 quomodo
3559 737 3778 795 omnibus

2218 843 2315 901 per
2344 827 2754 885 omnia'beatus
2787 829 3084 900 Apostolus
3111 844 3273 884 suam
3310 829 3571 900 probetur
3599 839 3779 902 aptae

2218 928 2544 996 personam?
2568 923 2661 980 ubi
2708 923 2880 980 factus
2908 923 2978 981 sit
2992 923 3202 981 Judaeis
3228 923 3371 979 sicut
3398 924 3651 981 Judmus?
3674 927 3784 983 Pro-

2217 1015 2363 1075 fecto
2403 1018 2497 1084 ibi,
2537 1018 2631 1074 ubi
2662 1017 2808 1074 illam
2834 1017 3162 1074 sententiam
3202 1018 3401 1074 intimo
3440 1018 3595 1076 corde
3631 1028 3783 1077 custo-

2220 1111 2399 1179 diens,
2441 1128 2608 1185 quam
2655 1112 2862 1170 Galatis
2898 1108 3339 1182 denuntiaverat,
3379 1112 3557 1170 dicens
3608 1133 3624 1171 :
3668 1119 3783 1172 Ecce

2223 1209 2537 1276 cgoPaulus
2548 1208 2665 1263 dico
2674 1209 2838 1271 vobis,
2850 1211 2983 1278 quia
2993 1210 3044 1263 si
3063 1209 3551 1272 circumcidamini,
3570 1209 3786 1265 Christus

2222 1299 2368 1352 nobis
2400 1300 2541 1353 nihil
2566 1300 2816 1369 proderit
2847 1299 3049 1370 (Galat.
3084 1299 3165 1371 v).
3207 1302 3271 1355 In
3317 1299 3589 1357 Timothei
3631 1309 3786 1358 tamen

2223 1391 2633 1449 circumcisione
2672 1392 2961 1465 imaginem
3009 1392 3414 1463 quodammodo
3450 1392 3688 1451 Iudaicae
3716 1411 3788 1451 su-

2226 1486 2551 1559 perstitionis
2574 1487 2884 1558 assumpsit.
2922 1489 2993 1542 Et
3027 1502 3244 1560 rursus,
3288 1487 3381 1543 ubi
3411 1486 3595 1544 factus
3618 1497 3694 1545 est
3723 1489 3787 1545 eis

2227 1580 2321 1652 qui
2356 1579 2460 1635 sub
2487 1579 2604 1652 lege
2629 1588 2786 1635 erant
2812 1589 3096 1653 tamquam
3130 1581 3233 1638 sub
3263 1581 3378 1654 lege
3404 1586 3588 1638 esset?
3613 1584 3790 1655 Nempe

2229 1674 2325 1743 ibi,
2356 1674 2447 1731 ubi
2476 1674 2716 1731 Iacobus
2738 1691 3039 1748 omnesque
3060 1676 3301 1733 seniores
3319 1677 3603 1747 Ecclesia,
3630 1676 3791 1735 formi-

2229 1768 2420 1825 dantes
2464 1784 2534 1825 ne
2580 1770 2636 1825 in
2674 1784 2803 1825 eum
2845 1770 2934 1826 illa
2972 1771 3204 1826 irrueret
3247 1770 3566 1827 Iudaeorum
3600 1772 3795 1828 creden-

524 1886 648 1944 quee
696 1870 855 1927 nobis
899 1867 967 1925 de
1005 1868 1232 1923 veritate
1284 1865 1561 1922 confertur
1614 1878 1969 1937 compensare
2028 1863 2123 1917 illa
2154 1939 2192 1944 _
2230 1864 2572 1933 tium,immo
2598 1865 3035 1923 Christianorum
3057 1850 3482 1939 judaizantium,
3506 1868 3792 1937 multitudo,

524 1939 673 2037 quae,
700 1962 1007 2038 generanda
1057 1970 1185 2017 sunt
1225 1959 1423 2015 damna
1470 1975 1585 2015 non
1642 1957 1916 2029 praevalet.
1958 1954 2119 2025 Quod
2152 1939 2201 2000 Β
2229 1974 2352 2032 qua:
2386 1959 2458 2015 ita
2495 1958 2659 2016 ﬁdem
2694 1960 2892 2016 Christi
2927 1968 3205 2032 receperat
3231 1969 3293 2016 ut
3330 1960 3501 2017 adhuc
3521 1959 3623 2017 ritu
3644 1977 3795 2018 caere-

522 2064 1011 2129 temperamentum
1068 2054 1233 2109 etiam
1297 2052 1416 2108 aliis
1470 2051 1648 2107 verbis
1715 2049 1864 2107 idem
1928 2049 2117 2106 beatus

516 2151 812 2222 Apostolus
875 2148 1079 2220 ubique
1142 2162 1199 2202 se
1254 2162 1479 2218 semper
1548 2144 1787 2201 tenuisse
1857 2151 2111 2201 testatur.

516 2246 656 2299 Nam
708 2257 838 2297 cum
886 2239 1044 2304 dicit,
1090 2240 1116 2273 ι’
1162 2242 1355 2294 Factus
1407 2254 1524 2293 sum
1586 2239 1805 2294 Judazis
1838 2243 2116 2309 tamquam

514 2336 765 2399 Iudaeus,
812 2338 865 2391 et
899 2335 1109 2391 Judazos
1150 2334 1564 2400 lucrifacerem;
1607 2333 1692 2388 his
1729 2334 1828 2402 qui
1864 2334 1961 2387 sub
2007 2333 2119 2401 lege

511 2434 686 2493 erant,
717 2430 881 2500 quasi
913 2428 1012 2483 sub
1042 2429 1155 2497 lege
1196 2441 1360 2481 essem
1397 2426 1533 2497 (cum
1584 2428 1697 2497 ipse
1732 2426 1830 2482 sub
1867 2426 1975 2494 lege
2014 2441 2120 2480 non

514 2522 718 2595 essem),
748 2527 810 2578 ut
838 2537 922 2578 eos
941 2524 1039 2592 qui
1062 2521 1158 2578 sub
1183 2521 1295 2590 lege
1314 2525 1469 2575 erant
1492 2521 1892 2589 lucri/acerem;
1922 2520 2006 2574 his
2023 2523 2121 2590 qui

514 2620 627 2674 sine
660 2619 776 2688 lege
805 2622 991 2680 erant,
1022 2621 1301 2686 tamquam
1339 2617 1454 2670 sine
1482 2616 1593 2684 lege
1622 2630 1783 2669 essem
1828 2618 1967 2680 (cum
2005 2617 2119 2669 sine

515 2715 626 2782 lege
654 2714 757 2769 Dei
775 2697 880 2767 non
907 2726 1089 2774 essem,
1114 2711 1208 2766 sed
1230 2711 1291 2764 in
1327 2711 1436 2778 lege
1474 2725 1637 2765 essem
1665 2710 1908 2775 Christi),
1947 2714 2011 2764 ut
2036 2724 2119 2764 eos

513 2809 614 2876 qui
645 2809 761 2861 sine
785 2806 893 2874 lege
918 2808 1076 2859 erant
1104 2804 1509 2869 lucrifacerem;
1539 2804 1723 2870 factus
1743 2817 1861 2856 sum
1888 2804 2118 2871 inﬁrmis

513 2902 777 2967 inﬁrmus,
823 2903 886 2951 ut
931 2900 1171 2966 inﬁmos
1212 2897 1618 2961 lucrifacerem;
1663 2895 1904 2947 omnibus
1938 2895 2118 2948 omnia

512 2993 694 3055 factus
720 3004 857 3049 sum,
883 2994 945 3042 ut
963 3003 1141 3042 omnes
1164 2989 1400 3054 facerem
1423 2987 1598 3040 salvos
1625 2985 1670 3056 (l
1690 2987 1808 3041 Cor.
1833 2989 1957 3052 Ix);
1987 2985 2117 3057 quid

515 3080 660 3136 aliud
707 3080 971 3146 ostendit,
1002 3094 1167 3150 quam
1204 3079 1504 3135 secundum
1542 3078 1911 3136 inﬁrmitatem
1954 3089 2118 3154 atque

515 3187 829 3229 mensuram
852 3187 1046 3228 eorum
1071 3171 1162 3243 qui
1204 3171 1623 3229 instituebantur
1665 3174 2117 3233 condescendisse

510 3283 571 3323 se
597 3281 832 3338 semper,
853 3274 908 3322 et
933 3281 965 3322 a
994 3265 1343 3338 perfectionis
1370 3266 1550 3339 rigore
1565 3267 1775 3341 aliquid
1817 3269 2113 3340 relaxasse,

2224 2053 2532 2108 moniarum
2570 2052 2819 2125 legalium
2870 2063 3173 2121 teneretur,
3218 2053 3520 2110 discrimini
3559 2054 3671 2128 ejus
3706 2055 3799 2111 hoc

2223 2146 2453 2202 consilio
2514 2162 2579 2202 ac
2636 2148 2986 2217 persuasione
3047 2156 3463 2217 succurrerunt,
3512 2148 3740 2206 dicentes
3783 2168 3796 2206 :

2232 2241 2415 2308 Vides,
2440 2242 2634 2308 frater,
2644 2245 2789 2310 quot
2814 2241 2988 2295 millia
3008 2243 3120 2298 sint
3138 2242 3197 2296 in
3223 2240 3431 2297 Judm’s
3455 2244 3558 2311 qui
3580 2243 3799 2298 credide-

2224 2338 2374 2397 runt,
2411 2338 2460 2388 et
2484 2335 2547 2388 hi
2571 2350 2747 2389 omnes
2778 2334 3110 2390 cemulatores
3154 2335 3280 2403 legis
3318 2340 3469 2391 sunt.
3515 2336 3803 2392 Audimmt

2223 2434 2405 2482 autem
2427 2428 2494 2483 de
2522 2433 2573 2483 te
2601 2431 2733 2499 quia
2756 2410 3123 2485 discessionem
3150 2429 3337 2485 doceas
3374 2447 3413 2484 a
3440 2433 3610 2500 Moyse
3630 2448 3801 2487 eorum

2225 2523 2321 2591 qui
2348 2537 2447 2592 per
2478 2526 2656 2591 gentes
2678 2527 2807 2576 sunt
2831 2522 3155 2591 Judceorum,
3188 2522 3370 2577 dicens
3394 2538 3500 2577 non
3525 2523 3702 2578 debere
3725 2540 3803 2579 eos

2227 2614 2604 2671 circumcidere
2632 2615 2770 2685 ﬁlios
2804 2630 2925 2671 suos
2957 2617 3161 2683 (Actor.
3196 2616 3347 2689 xxx).
3388 2619 3454 2677 Et
3477 2616 3661 2675 infra:
3706 2621 3804 2675 Hoc

2227 2724 2354 2777 ergo
2378 2710 2470 2775 fac
2494 2708 2639 2778 quod
2660 2710 2763 2764 tibi
2785 2710 3033 2765 dicimus.
3053 2712 3193 2768 Sunt
3202 2710 3355 2765 nobis
3365 2713 3479 2764 viri
3493 2717 3807 2781 quatuorve-

2222 2806 2340 2855 tum
2382 2802 2628 2857 habentes
2667 2817 2827 2872 super
2856 2818 2928 2858 se.
2976 2805 3073 2859 His
3109 2807 3423 2875 assumptis,
3460 2808 3735 2875 sanctiﬁca
3766 2813 3808 2861 te

2223 2909 2343 2948 cum
2364 2894 2497 2964 illis,
2520 2900 2571 2951 et
2580 2896 2827 2968 impende
2854 2898 2911 2953 in
2936 2898 3047 2953 illis
3065 2902 3127 2952 ut
3145 2898 3349 2953 radunt
3365 2900 3566 2969 capita,
3589 2905 3642 2955 et
3658 2902 3811 2956 scient

2225 3004 2403 3045 omnes
2422 2994 2678 3060 quoniam
2692 3008 2755 3047 ea
2775 3008 2894 3062 qua:
2907 2992 2973 3046 de
2997 2997 3048 3047 te
3074 2994 3369 3049 audierunt
3388 2995 3542 3061 falsa
3562 3002 3706 3064 εωιε,
3726 2997 3810 3051 sed

2226 3085 2473 3139 ambulas
2510 3089 2562 3139 et
2585 3088 2702 3155 ipse
2732 3086 3032 3142 custodiens
3070 3087 3234 3156 legem
3265 3087 3471 3159 (Ibid).
3513 3091 3583 3145 Et
3619 3090 3693 3145 ita
3723 3105 3809 3162 pro

2222 3176 2442 3234 illorum
2480 3178 2572 3251 qui
2613 3180 2716 3235 sub
2759 3181 2876 3252 lege
2924 3187 3080 3236 erant
3116 3181 3325 3249 salute,
3361 3181 3510 3239 illam
3555 3183 3815 3257 paulisper

2223 3270 2625 3330 districtionem
2667 3274 2955 3331 sententiae
2990 3289 3106 3332 suae
3146 3275 3394 3346 calcans,
3436 3293 3540 3350 qua
3578 3277 3814 3345 dixerat,

513 3377 614 3419 nec
641 3360 879 3419 tenuisse
904 3377 962 3418 se
991 3360 1045 3418 id
1074 3361 1221 3433 quod
1264 3358 1536 3419 districtio
1584 3361 1749 3435 rigida
1792 3379 2015 3436 poscere
2041 3365 2111 3421 vi-
2146 3353 2190 3417 C
2224 3370 2338 3437 Ego
2367 3370 2506 3422 enim
2536 3383 2634 3437 per
2662 3369 2825 3437 legem
2854 3369 2960 3437 legi
2983 3372 3229 3423 mortuus
3257 3384 3399 3433 sum
3428 3375 3489 3425 ut
3510 3374 3618 3428 Deo
3640 3375 3821 3427 uicum

1608 3462 1861 3519 ALARD]
1900 3465 2125 3522 GAZAZI
2163 3465 2722 3523 COMMENTARIUS.

513 3557 923 3631 conversionem
938 3557 1298 3631 impedirent.
1325 3563 1402 3616 Et
1425 3558 1529 3616 hoc
1549 3560 1767 3631 quidem
1788 3562 1959 3619 modo
1974 3564 2112 3621 dicit

513 3628 799 3717 simulasse
822 3628 1049 3717 Paulum
1078 3630 1293 3717 quando
1332 3628 1587 3717 persolvit
1607 3634 1875 3717 vo_tum_in
1902 3636 2107 3717 templo

515 3699 1209 3773 Hierosolymitano,_Act.
1252 3699 1367 3766 xxi,
1414 3709 1471 3756 et
1513 3702 1731 3773 quando
1773 3699 2111 3762 circumcidit

512 3769 893 3842 Timotheum,
910 3779 969 3842 ut
986 3769 1215 3826 habetur
1230 3774 1353 3827 Act.
1368 3786 1501 3835 xw,
1523 3769 1578 3827 et
1598 3773 1817 3842 quando
1838 3789 1867 3828 a
1893 3777 2103 3833 Jacobo

514 3841 754 3897 monitus
800 3841 1050 3914 quaedam
1090 3842 1274 3914 legalis
1312 3843 1578 3914 suscepit,
1610 3841 1670 3914 ut
1709 3843 1938 3900 habetur
1975 3851 2103 3903 Act.

513 3927 617 3967 xv.
637 3914 792 3986 Qum
819 3911 1041 3984 quidem
1084 3911 1360 3986 simulatio
1389 3914 1466 3986 sic
1486 3911 1843 3986 intelligenda
1869 3925 1972 3982 est,
1992 3933 2107 3975 non

510 3982 659 4054 quod
705 3982 1005 4054 illos—actus
1034 3982 1335 4054 secundum
1368 3985 1444 4039 rei
1476 3982 1758 4040 veritatém
1805 4002 1914 4042 non
1954 3986 2105 4045 face-

510 4052 652 4128 rent,
683 4053 778 4128 sed
806 4054 927 4125 quia
953 4069 1067 4109 non
1096 4052 1365 4128 faciebant
1391 4063 1670 4128 tamquam
1698 4056 1827 4128 legis
1845 4073 2107 4115 carremo-

512 4127 629 4181 nias
655 4124 1027 4203 observantes,
1059 4124 1155 4203 sed
1186 4134 1404 4203 propter
1430 4124 1564 4182 alias
1584 4124 1814 4203 causa}.
1853 4132 2108 4203 Augusti-

508 4211 615 4251 nus
648 4211 794 4273 vero_
817 4196 964 4273 dicit
984 4196 1132 4273 quod
1169 4196 1397 4267 apostoli
1428 4198 1713 4273 servabant
1753 4199 1867 4270 ipsa
1898 4196 2104 4273 legalia,

509 4281 623 4320 non
637 4267 799 4348 quod
834 4268 889 4321 in
919 4266 1139 4348 eis’vim
1164 4266 1442 4348 aut‘spem
1471 4269 1661 4348 salutis
1682 4266 1979 4348 ponerent}
2009 4266 2106 4330 sed

509 4335 751 4412 quodita
775 4336 1052 4412 expediret
1070 4345 1192 4391 tum
1221 4338 1290 4393 ad
1315 4335 1736 4412 conversionem
1762 4335 2103 4412 Iudaeorum,

508 4412 632 4482 tum_
659 4405 728 4460 ad
760 4405 1128 4482 sepeliendam
1153 4422 1279 4461 cum
1321 4407 1529 4482 honore
1566 4412 1935 4482 Synagogam,
1966 4429 2034 4469 ne
2059 4405 2103 4470 si

509 4474 694 4555 statim
747 4474 1104 4555 iabolerentur
1144 4485 1199 4555 et
1248 4474 1674 4555 prohiberentur
1712 4474 1934 4555 legalis,
1989 4487 2100 4555 pari

507 4545 678 4635 gradu
712 4554 793 4635 et.
811 4547 944 4635 loco.
984 4544 1172 4635 haberi
1213 4544 1523 4635 viderentur
1550 4544 2101 4635 .cum_riti_bus'gent_i-

507 4615 641 4673 lium
681 4625 738 4675 et
767 4615 1118 4690 idololatria,
1152 4618 1303 4690 quasi
1345 4634 1456 4690 non
1482 4617 1712 4675 fuissent
1734 4637 1767 4676 a
1798 4626 1912 4678 Deo
1938 4615 2107 4681 insti-

506 4697 624 4764 tuta
668 4698 739 4764 et
762 4689 925 4745 bona.
974 4689 1190 4764 Tertio,
1228 4689 1554 4764 discordant,
1580 4691 1649 4747 de
1688 4703 1908 4764 peccato
1942 4698 2102 4753 Petri.

502 4761 640 4815 Nam
669 4761 1040 4833 Hieronymus
1081 4758 1212 4816 dicit
1238 4761 1291 4834 in
1314 4758 1967 4834 Asimulatioﬁnefpmdicta
2005 4773 2107 4823 Pe-

507 4838 655 4884 trum
698 4846 810 4908 non
851 4831 1128 4908 peccasse,
1160 4832 1284 4905 quia
1314 4831 1417 4908 hoc
1456 4848 1519 4889 ex
1560 4831 1821 4908 charitate
1864 4836 2022 4908 fecit,
2051 4848 2105 4895 et

504 4913 617 4979 non
646 4915 713 4953 ex
743 4901 922 4970 aliquo
947 4902 1145 4957 timore
1176 4901 1839 4979 ntu_ndano.vAngustinus
1862 4925 1990 4964 vero
2011 4901 2104 4966 'di-

504 4974 582 5023 cit
609 4983 739 5024 eum
782 4985 1060 5048 peccasse,
1092 4974 1367 5048 venialiter
1407 4974 1623 5048 tamen,
1649 4993 1744 5048 per
1771 4979 2101 5037 indiscretiu

501 5054 806 5114 nem,_qua
845 5041 1131 5097 videbatur
1172 5043 1403 5100 nimium
1449 5041 1717 5104 inhaerere
1763 5051 1988 5114 Judaais,
2028 5053 2099 5108 ad

500 5111 1014 5187 vitandumeorum
1056 5114 1393 5187 scandalum.
1422 5119 1658 5187 Quarto,
1690 5111 2007 5177 discordant
2042 5123 2097 5178 in

501 5184 924 5263 reprehensione
972 5184 1160 5253 Pauli;
1196 5184 1743 5263 _nam_Hieronymus
1778 5191 1911 5263 dicit
1949 5193 2095 5263 quod

422 5315 439 5329 .
503 5256 704 5329 Paulus
743 5273 852 5312 non
883 5271 1004 5312 vere
1034 5256 1397 5329 reprehendit
1417 5256 1635 5314 Petrum
1658 5301 1673 5325 ,
1701 5260 1797 5316 sed
1825 5256 2098 5321 simulato-

500 5327 597 5389 rie,
627 5327 769 5400 sicut
789 5335 843 5383 et
871 5329 1061 5400 Petrus
1097 5328 1437 5400 simulatorie
1466 5330 1650 5400 legalis
1677 5332 1947 5388 servabat.
1976 5342 2094 5391 Au-

502 5398 751 5471 gustinus
773 5412 898 5471 vero
926 5398 1029 5453 hoc
1050 5399 1344 5471 improbat,
1376 5400 1502 5471 quia
1522 5398 1729 5457 Paulus
1755 5404 1810 5458 in
1834 5407 2093 5463 canonica

503 5467 750 5542 Epistola
784 5470 851 5525 ad
882 5471 1099 5526 Galatas
1131 5467 1216 5537 it,
1244 5471 1297 5526 in
1327 5467 1430 5542 qua
1457 5470 1610 5527 nefas
1638 5483 1720 5529 est
1755 5476 1977 5533 credere
2001 5479 2096 5533 ali-

502 5537 647 5618 quod
684 5538 879 5618 fals_um
916 5557 1052 5606 esse,
1075 5541 1207 5597 dicit
1241 5537 1404 5618 quod;
1420 5545 1613 5600 Petrus
1650 5547 2092 5618 reprehensibilis

499 5614 615 5686 erat.
643 5624 655 5658 ε
687 5609 829 5663 unde
855 5626 1041 5666 verum
1082 5621 1163 5686 est
1186 5609 1338 5686 quod
1376 5616 1567 5671 Petrus
1594 5609 1848 5686 peccavit,
1883 5628 1936 5672 et
1963 5621 2092 5674 Pau-

501 5677 584 5755 lus
614 5692 738 5730 vere
765 5692 912 5742 eum,
939 5695 1051 5755 non
1079 5677 1442 5755 simulatorie,
1472 5677 1840 5755 reprehendit.
1873 5691 2003 5743 Haec
2030 5693 2085 5747 S.

499 5748 762 5811 Thomas,
782 5750 1055 5803 nonnullis
1091 5753 1386 5807 contractis
1422 5748 1516 5807 aut
1535 5748 1867 5811 intermissis
1908 5760 1978 5815 ob
2003 5761 2088 5815 ni-

500 5818 677 5895 miarn
716 5816 1098 5895 prolixitatem.
1144 5820 1197 5874 Si
1215 5822 1386 5895 .plura
1413 5822 1704 5888 desideras,
1745 5827 1930 5895 lector,
1956 5846 2084 5886 con-

499 5889 625 5961 sulev
642 5887 941 5944 Baronium
978 5887 1047 5943 de
1072 5894 1184 5942 tota
1215 5887 1317 5944 hac
1341 5887 1710 5950 controversia
1751 5887 1960 5957 erudite
1986 5903 2087 5958 ad-

2217 3566 2447 3643 modum
2475 3572 2532 3622 et
2563 3575 2817 3643 accurate
2852 3567 3205 3643 disserentem
3237 3576 3392 3643 temo
3420 3569 3606 3643 primo
3633 3577 3827 3630 Anna-

2218 3638 2374 3697 lium,
2396 3652 2501 3693 nec
2523 3653 2636 3693 non
2663 3639 3063 3696 Bellarminum
3083 3640 3173 3696 lib.
3206 3656 3228 3697 ι
3258 3641 3329 3697 de
3346 3638 3525 3698 R6m.
3548 3645 3827 3701 Pontiﬁce

2214 3722 2262 3763 c.
2297 3715 2385 3763 28.

2286 3788 2312 3814 ι
2338 3780 2777 3853 D._.Augustinus
2805 3783 3025 3847 (Contra
3060 3783 3384 3840 Mendacium
3416 3797 3535 3851 cup.
3582 3781 3677 3851 ιο)
3716 3781 3832 3839 hu-

2207 3850 2455 3936 jusmodi
2484 3850 2792 3936 mendacia,
2812 3855 2882 3908 de
2900 3854 3099 3936 quibus
3121 3852 3414 3936 hicagitur,
3443 3850 3590 3908 sicut
3618 3850 3680 3907 et
3703 3853 3833 3936 alia

2216 3929 2454 4003 peccata,
2493 3937 2615 3996 qum
2647 3932 2832 4004 secuta
2863 3923 3043 3995 aliqua
3088 3923 3316 3981 utilitate
3352 3931 3833 3995 compensantur,

2215 3993 2447 4074 ideoque
2470 3994 2613 4065 apud
2634 3993 2887 4074 homines
2927 4006 3284 4074 excusantur,
3302 4003 3462 4074 vocat
3491 4010 3837 4074 compensa-

2212 4065 2325 4119 tiva
2356 4065 2375 4119 ἐ
2418 4069 2481 4118 In
2510 4067 2775 4127 omnibus,
2797 4065 2890 4131 ait,
2923 4069 3132 4122 actibus
3168 4070 3367 4123 nostris
3394 4065 3646 4122 maxime
3661 4071 3833 4122 etaim

2216 4136 2380 4210 bonos,
2390 4137 2614 4190 turbant
2639 4140 3028 4210 compensatiua
3044 4144 3283 4208 peccata,
3299 4141 3383 4194 ita
3407 4145 3471 4194 ut
3494 4143 3833 4210 necpwoata

2214 4209 2613 4280 existimentur,
2645 4210 2697 4262 si
2722 4209 2951 4280 habeant
2991 4212 3124 4265 tales
3167 4225 3387 4276 causas,
3422 4209 3652 4280 propter
3690 4225 3834 4280 quas

2212 4280 2368 4345 ﬁant,
2394 4280 2453 4330 in
2472 4278 2669 4351 quibus
2688 4278 2904 4351 videtur
2916 4284 3130 4351 peccari
3148 4285 3331 4351 potius
3355 4285 3410 4336 si
3422 4278 3541 4336 non
3567 4278 3738 4351 ﬁant.
3766 4284 3838 4336 Et

2206 4352 2484 4422 praecipue
2503 4349 2571 4402 de
2594 4350 2888 4404 mendaciis
2913 4349 3008 4406 hoc
3028 4354 3086 4405 in
3104 4349 3382 4407 hominum
3406 4349 3663 4422 apimbne
3686 4368 3843 4422 prat-

2211 4419 2399 4493 ualuit,
2424 4422 2504 4493 ut
2540 4424 2755 4487 peccata
2791 4437 2896 4476 non
2920 4427 3181 4492 putentur
3211 4424 3314 4477 illa
3342 4419 3627 4478 mendacia
3650 4465 3669 4485 .
3686 4419 3839 4493 quin

2212 4491 2371 4565 immo
2380 4492 2432 4543 et
2456 4495 2597 4565 recte
2609 4494 2763 4565 facta
2785 4506 2895 4565 esse
2921 4491 3232 4557 eradantur,
3250 4496 3470 4564 quando
3480 4491 3841 4565 quisquépro

2215 4560 2350 4628 ejus,
2381 4562 2471 4613 cui
2490 4562 2622 4627 falli
2638 4564 2877 4632 expedit,
2902 4566 3144 4620 utilitate
3156 4560 3459 4630 mentitur;
3478 4560 3579 4619 (ἷκε
3605 4560 3683 4619 ᾖε
3700 4560 3846 4618 τιὶώ

2214 4634 2416 4703 noceat,
2446 4634 2542 4700 qui
2558 4637 2840 4688 nociturus
2864 4635 3100 4703 videtur,
3116 4639 3227 4691 nisi
3240 4638 3532 4693 mendaciis
3557 4638 3841 4689 autem.

2286 4694 2312 4731 δ
2342 4701 2403 4756 Id
2426 4694 2705 4774 quomodo
2744 4705 2875 4760 citra
2901 4694 3311 4763 simulationem
3337 4713 3425 4762 aut
3452 4704 3845 4761 mendacium

2214 4770 2284 4845 ab
2303 4770 2568 4845 Apostolo
2594 4776 2899 4844 praestitum
2921 4777 3014 4845 sit,
3040 4777 3283 4834 declarat
3297 4779 3433 4835 idem
3463 4780 3847 4845 Augustinus

2131 4862 2182 4923 D
2218 4842 2302 4898 bis
2324 4842 2502 4923 verbis
2528 4842 2692 4923 (Ibid.
2714 4862 2833 4916 cap.
2864 4842 3163 4923 l2):rQuod
3176 4852 3380 4907 Paulus
3398 4852 3479 4904 ait
3506 4867 3523 4903 :
3545 4842 3843 4904 Omnibus

2214 4917 2395 4969 omnia
2422 4917 2602 4983 factus
2620 4923 3019 4984 smmutomnes
3038 4922 3439 4988 lua'ifaceran,
3461 4925 3590 4986 etc.,
3613 4934 3848 4988 Wt-

2211 4986 2388 5041 ticndo
2410 4987 2471 5041 id
2488 4990 2643 5055 fecit,
2667 5004 2776 5043 non
2798 4992 3122 5046 mentiendo.
3144 4994 3234 5046 Fit
3257 4996 3404 5047 enim
3420 4995 3662 5055 quisque
3683 4996 3843 5045 tam-

2211 5008 2388 5041 iwnao
2410 5008 2470 5041 ia
2488 5008 2643 5056 fecit,
2667 5008 2776 5043 non
2798 5008 3122 5046 manendo.
3144 5008 3234 5046 nt
3257 5008 3404 5047 enim
3420 5008 3662 5063 quisque
3683 5008 3840 5045 tam-

2205 5071 2373 5142 quam
2390 5059 2480 5142 ille
2491 5060 2703 5142 cuive“
2718 5061 3016 5142 ειςρνωιένει
3030 5063 3419 5142 quaedam“;
3443 5061 3840 5142 meme

2204 5128 2466 5190 subuenit,
2491 5135 2701 5199 quanta
2729 5132 2838 5186 sibi
2858 5128 3137 5189 subvenire
3155 5135 3332 5196 uellet,
3363 5137 3418 5189 si
3445 5139 3577 5189 esset
3604 5136 3746 5200 ipse
3783 5134 3845 5184 in

2205 5200 2387 5275 andem
2398 5203 2615 5275 miseria
2625 5205 2967 5275 constitutus.
2986 5207 3176 5274 Itaque
3196 5208 3260 5274 ﬁt
3274 5210 3561 5275 tamquam
3575 5205 3713 5269 silc,
3730 5216 3847 5275 non

2202 5270 2496 5358 ῐξιξξίξίειέἔξί
2510 5272 2937 5358 demisseque
2959 5270 3232 5358 ξειοοῐιίίάς
3253 5270 3592 5358 εξοαωιιαπ-
3618 5274 3849 5358 Nessi

2196 5343 2480 5407 Propterea
2503 5345 2634 5410 quia
2650 5344 2800 5399 dixit
2819 5362 2839 5397 :
2854 5343 3177 5401 Factussum
3195 5347 3403 5401 Judm's
3417 5347 3851 5417 tanquamlu-

2204 5409 2351 5463 datus
2369 5414 2467 5486 ;_et
2484 5414 2552 5466 iis
2563 5416 2893 5484 quisublege
2917 5420 3089 5480 erant,
3104 5422 3387 5486 tamquam
3413 5420 3653 5486 sublege
3670 5435 3699 5470 ,ο
3722 5415 3853 5469 ideo

2200 5482 2579 5557 putandusest
2593 5482 2920 5540 mendaciter
2945 5482 3389 5557 suscepisse'legis
3410 5482 3608 5544 ueteris
3634 5500 3861 5557 sacri?

2196 5557 2412 5615 merita;
2457 5553 2645 5609 debuit
2683 5561 2735 5609 et
2766 5559 3008 5625 gentium
3044 5553 3416 5614 idololatrian:
3444 5559 3645 5614 eodem
3675 5555 3865 5610 modo

2199 5625 2501 5679 mentiendo
2516 5628 2800 5697 suscipere,
2825 5631 2954 5698 quia
2969 5629 3123 5684 dixit
3146 5633 3314 5684 etiam
3344 5633 3413 5684 iis
3436 5633 3539 5700 qui
3559 5631 3716 5683 sine
3734 5628 3857 5692 189(

2197 5700 2371 5776 erant,
2391 5701 2663 5776 tamquam
2681 5700 2796 5776 sine
2824 5702 2938 5776 lege
2948 5717 3002 5776 se
3010 5703 3238 5776 factum,
3254 5706 3319 5776 ut
3341 5717 3428 5776 eos
3437 5701 3874 5776 ιιιενίΐᾳίβενιεξἡ

2199 5767 2350 5838 Quod
2375 5770 2561 5836 utique
2596 5783 2701 5822 non
2733 5767 2886 5835 fecit.
2910 5774 3030 5827 Non
3061 5773 3215 5826 enim
3237 5773 3445 5829 alicubi
3477 5770 3883 5838 sacruﬁcem:

2196 5837 2380 5899 idolis,
2394 5843 2495 5890 aut
2506 5840 2757 5913 adorauit
2776 5842 2872 5895 illa
2884 5845 3143 5911 ﬁgmenta
3158 5862 3173 5907 ;
3187 5859 3249 5898 ac
3260 5845 3448 5913 potius
3464 5837 3680 5905 liberes
3705 5846 3893 5913 (ω’

2196 5922 2360 5974 quam
2374 5914 2583 5978 martyr
2593 5911 2814 5979 Christi,
2829 5913 3143 5969 detestanda
3152 5919 3205 5969 et
3218 5911 3444 5970 vitanda
3455 5912 3836 5968 monstravi
3844 5914 3869 5960 τ
3880 5949 3896 5971 ν
