4000 6206
281 226 408 283 1073

1303 223 1639 281 COLLATIO
1677 225 1837 280 XVII.
1877 255 1948 266 -—
1983 226 2072 280 DE
2108 225 2542 282 DEFINIENDO.

3443 225 3463 278 ί
3474 226 3580 279 074

274 352 594 423 (ϐαιαιξιι),
618 360 780 424 caput
804 351 1016 421 radere,
1043 352 1313 421 puriﬁcari
1346 352 1643 409 secundum
1665 352 1862 425 legem,
1897 357 1949 418 Α
1972 356 2115 409 sione
2142 358 2301 410 estote
2328 354 2528 411 Iudicis
2556 357 2607 409 et
2635 353 2838 411 Grcecis
2863 355 2915 408 et
2932 352 3177 408 Ecclesia:
3198 350 3419 413 Christi,
3440 350 3578 404 sicut

273 446 512 518 atquein
552 445 755 518 templo
783 447 1027 504 Mosaico
1048 448 1155 503 ritu
1182 455 1306 503 vota
1353 444 1557 502 offerre
1581 441 1868 517 compelli-

273 548 378 595 tur.
410 539 623 612 Quaeris
663 539 827 595 etiam
860 540 950 596 ubi
983 555 1080 611 pro
1127 540 1305 596 salute
1349 555 1542 596 eorum
1570 539 1666 611 qui
1694 539 1868 611 legem

274 633 495 689 Domini
518 632 734 704 penitus
769 633 1129 705 ignorabant,
1160 642 1441 706 tamquam
1458 634 1500 688 si
1531 642 1585 688 et
1609 634 1724 704 ipse
1751 633 1870 688 sine

272 728 391 799 lege
415 733 576 795 esset,
605 725 835 783 effectus
863 728 933 783 sit
954 728 1074 785 sine
1106 727 1256 801 lege?
1293 729 1444 799 Lege
1466 727 1523 782 in
1550 727 1867 783 Atheniensi

271 821 405 877 urbe
449 820 769 892 gentilium,
802 820 898 877 ubi
937 818 1148 894 vigebat
1184 821 1462 893 impietas,
1492 835 1602 892 quo
1641 835 1772 876 usus
1800 816 1871 877 sit

273 913 670 985 praedicationis
688 915 913 971 exordio
943 935 955 970 :
979 918 1319 978 Prwteriens,
1346 914 1545 987 inquit,
1569 915 1690 969 uidi
1712 918 1873 970 simu-

273 1010 421 1063 lacra
448 1013 629 1064 uestra
657 1014 708 1065 et
737 1027 895 1065 aram
910 1013 968 1065 in
991 1027 1103 1081 qua
1128 1015 1248 1067 erat
1268 1014 1550 1081 scriptum,
1576 998 1755 1078 Ignoto
1770 1014 1872 1066 Deo

275 1099 480 1172 (Actor.
526 1104 691 1171 xvu).
743 1102 992 1174 Cumque
1024 1102 1092 1159 de
1118 1118 1310 1160 eorum
1339 1103 1719 1174 superstitione
1760 1118 1871 1158 ser-

270 1205 495 1249 monem
518 1191 706 1250 fuisset
742 1194 975 1262 orditas,
1005 1203 1287 1267 tamquam
1320 1195 1364 1251 si
1389 1202 1445 1251 et
1473 1194 1585 1266 ipse
1617 1195 1733 1250 sine
1757 1194 1870 1266 lege

271 1294 436 1353 esset,
462 1286 568 1343 sub
593 1287 882 1345 occasione
909 1288 1117 1359 profani
1137 1288 1282 1343 illius
1309 1287 1451 1344 tituli
1476 1286 1636 1344 fidem
1674 1286 1870 1343 Christi

268 1380 482 1450 intulit,
506 1383 697 1439 dicens
724 1400 738 1438 :
767 1386 919 1452 Quod
942 1400 1064 1453 ergo
1088 1400 1178 1438 vos
1207 1386 1519 1453 ignorantes
1549 1382 1743 1450 colitis,
1774 1384 1868 1436 hoc

267 1492 366 1545 ego
385 1480 651 1533 annuntio
685 1480 834 1533 vobis
864 1479 1095 1549 (Ibid).
1130 1480 1200 1532 Et
1237 1486 1358 1548 post
1396 1492 1595 1548 pauca,
1639 1476 1788 1531 velut
1822 1477 1868 1531 si

264 1567 464 1625 divina!
502 1569 639 1642 legis
680 1570 898 1641 penitus
945 1578 1087 1625 esset
1139 1569 1395 1639 ignarus,
1438 1569 1649 1641 gentilis
1695 1577 1869 1640 poetae.

265 1676 489 1719 versum
529 1663 709 1735 potius
735 1678 902 1735 quam
932 1663 1142 1736 Moysis
1170 1670 1265 1718 aut
1287 1660 1483 1719 Christi
1513 1661 1712 1717 maluit
1738 1677 1869 1732 pro-

1977 452 2027 502 et
2050 464 2143 517 ego
2165 464 2265 518 per
2306 452 2487 503 omnia
2520 449 2763 503 omnibus
2780 449 2983 518 placeo,
3029 462 3132 501 non
3157 459 3402 515 qurerens
3430 444 3578 513 quod

1974 542 2113 596 mihi
2125 544 2256 597 utile
2276 549 2373 605 est,
2400 544 2492 598 sed
2509 544 2653 613 quod
2673 544 2878 606 multis,
2901 547 2961 595 ut
2980 543 3120 597 salui
3130 540 3317 610 ﬁant(l
3336 540 3464 595 Cor.
3489 539 3573 608 χ).

1976 634 2127 690 Utile
2146 634 2293 690 enim
2315 637 2433 692 sine
2451 636 2618 692 dubio
2642 634 2819 692 fuerat
2828 633 3186 690 Timotheum
3204 648 3321 687 non
3335 632 3577 687 circum-

1975 729 2178 795 cidere,
2210 737 2374 799 caput
2399 744 2511 785 non
2555 729 2775 795 radere,
2815 727 3250 799 purificationem
3286 724 3575 781 Judaicam

1977 835 2088 877 non
2107 825 2398 880 assumere
2416 865 2431 888 ,
2456 832 2482 859 δ
2510 820 2862 895 nudipedalia
2890 836 3001 877 non
3033 828 3314 885 exercere,
3340 826 3467 873 vota
3496 818 3579 873 le-

1977 916 2115 988 galia
2138 932 2251 972 non
2275 913 2506 984 offerre,
2542 915 2639 971 sed
2680 915 2805 971 facit
2829 914 2946 971 hanc
2983 914 3166 969 omnia
3193 912 3327 967 dum
3354 911 3573 968 illorum

1977 1008 2138 1065 saluti
2168 1009 2287 1079 plus
2313 1008 2582 1076 consulit;
2613 1009 2742 1078 quia
2774 1024 2885 1063 non
2914 1007 3111 1079 quaerit
3139 1006 3290 1080 quod
3316 1006 3419 1062 sibi
3448 1004 3575 1061 utile

1975 1110 2077 1169 est,
2110 1102 2206 1158 sed
2230 1101 2378 1175 quod
2418 1103 2636 1168 multis,
2680 1112 2742 1157 ut
2766 1102 2901 1158 salvi
2941 1102 3091 1158 fiant.
3124 1100 3286 1172 Quod
3327 1099 3576 1173 quamvis

1976 1197 2437 1267 contemplatione
2472 1197 2575 1251 Dei
2613 1197 2686 1251 sit
2712 1194 2947 1262 factum,
2968 1198 2993 1231 ι’
3020 1204 3204 1250 tamen
3232 1195 3577 1251 simulatione

1980 1307 2089 1347 non
2126 1292 2319 1347 caruit.
2350 1292 2455 1362 Qui
2487 1292 2632 1347 enim
2681 1307 2778 1363 per
2822 1292 2996 1362 legem
3032 1289 3234 1346 Christi
3276 1290 3376 1361 legi
3422 1305 3574 1343 mor-

1976 1392 2101 1439 tuus
2135 1383 2316 1440 fuerat
2343 1393 2404 1439 ut
2434 1388 2552 1440 Deo
2582 1383 2787 1439 viveret
2837 1385 3036 1447 (Galat.
3070 1384 3169 1454 υ),
3200 1382 3401 1454 quique
3428 1381 3574 1436 illam

1967 1479 2240 1551 justitiam
2262 1478 2394 1551 legis
2421 1480 2477 1533 in
2499 1494 2604 1550 qua
2628 1486 2981 1534 conversatus
3016 1476 3190 1532 fuerat
3219 1476 3334 1534 sine
3358 1473 3577 1547 querela

1975 1572 2365 1630 detrimentum
2402 1571 2626 1639 fecerat,
2656 1582 2711 1627 et
2748 1572 3118 1628 arbitrabatur
3140 1577 3203 1625 ut
3228 1579 3488 1633 stercora,
3515 1576 3579 1623 ut

1977 1667 2255 1723 Christum
2277 1668 2617 1724 lucrifaceret
2644 1667 2866 1737 (Philip.
2898 1668 3015 1736 ιιι),
3043 1682 3105 1721 ea
3123 1680 3247 1736 quae
3274 1663 3409 1734 legis
3425 1669 3578 1717 erant

263 1755 409 1812 ferre
430 1758 754 1813 sententiam
787 1775 801 1812 :
834 1762 904 1814 Et
933 1759 1075 1812 sicut
1105 1758 1353 1827 quidam,
1386 1755 1656 1844 inquiens,
1675 1760 1873 1811 vestro-
1900 1765 1947 1827 Β
1983 1777 2111 1817 vero
2139 1760 2322 1816 cordis
2342 1759 2548 1816 affectu
2590 1758 2794 1815 offerre
2839 1775 2953 1813 non
2985 1756 3178 1829 potuit.
3231 1757 3344 1812 Nec
3386 1752 3468 1809 fas
3497 1761 3581 1808 est

262 1866 391 1905 rum
414 1857 698 1922 poetarum
726 1854 990 1909 dixerunt
1014 1871 1030 1906 :
1057 1855 1233 1922 Ipsius
1255 1855 1395 1906 enim
1420 1857 1471 1905 et
1488 1865 1656 1921 genus
1683 1865 1868 1905 sumus

265 1946 483 2015 (Ibid).
512 1947 655 2002 Cum
685 1947 865 2018 itaque
892 1946 1010 2002 suis
1040 1961 1155 2017 eos,
1185 1960 1307 2018 quae
1334 1945 1567 2000 refutare
1592 1961 1706 2001 non
1738 1960 1866 2017 pos-

262 2046 416 2107 sent,
486 2040 812 2095 testimoniis
874 2039 1073 2096 fuisset
1123 2053 1437 2111 aggressus,
1470 2039 1555 2093 ita
1606 2039 1674 2096 de
1721 2038 1872 2095 falsis

265 2146 395 2186 vera
420 2131 750 2189 confirmans
790 2132 1061 2199 subdidit,
1092 2132 1281 2190 dicens
1322 2149 1335 2185 :
1386 2133 1559 2188 Genus
1600 2149 1725 2202 ergo
1751 2148 1872 2187 cum

259 2226 434 2279 sinitis
461 2228 577 2289 Dei,
602 2242 707 2281 non
726 2227 974 2281 debemus
993 2229 1263 2281 cestimare
1280 2242 1414 2281 auro
1427 2227 1509 2280 vel
1528 2230 1749 2295 argento
1773 2230 1873 2281 aut

261 2317 546 2387 lapidibus
563 2320 997 2389 sculpturwartis
1006 2324 1058 2374 et
1071 2322 1385 2389 cogitationi
1402 2320 1649 2381 hominis,
1668 2320 1872 2389 divini-

259 2415 436 2465 tatem
463 2426 572 2467 esse
612 2414 839 2468 similem
883 2414 1086 2484 (Ibid).
1122 2412 1357 2468 lnﬁrmis
1392 2418 1574 2469 autem
1615 2412 1866 2468 inﬁrmus

257 2502 497 2560 effectus
547 2513 651 2573 est,
684 2521 816 2562 cum
838 2506 1139 2562 secundum
1166 2496 1555 2579 indulgentiam
1575 2548 1591 2575 ,
1631 2520 1745 2562 non
1776 2520 1863 2562 se-

254 2596 508 2653 cundum
533 2597 845 2670 imperium,
873 2600 959 2656 his
972 2599 1063 2671 qui
1083 2615 1143 2656 se
1163 2600 1442 2657 continere
1454 2615 1567 2655 non
1588 2608 1863 2671 poterant,

1975 1852 2127 1911 credi
2157 1870 2285 1909 eum
2323 1854 2417 1924 qui
2460 1852 2698 1920 dixerat,
2729 1854 2806 1908 'Si
2847 1854 3129 1920 cnimguce
3158 1850 3425 1923 destruati,
3471 1848 3580 1900 haec

1975 1952 2171 2004 iterant
2191 1949 2474 2018 rerediﬁco,
2500 1950 2973 2018 praevaricatorem
2996 1961 3078 2000 me
3090 1947 3350 1999 constituo
3373 1942 3574 2013 (Galat.

1976 2044 2067 2108 ιι),
2098 2039 2229 2096 inid
2255 2040 2496 2096 incidere
2526 2040 2674 2112 quod
2716 2039 2830 2111 ipse
2871 2038 3248 2094 damnaverat.
3292 2038 3361 2091 Et
3395 2036 3577 2090 inlan-

1977 2143 2095 2190 tum
2123 2149 2234 2189 non
2260 2134 2436 2205 magis
2478 2149 2565 2189 res
2609 2133 2721 2204 ipsa
2747 2146 2869 2203 qum
2900 2131 3105 2203 geritur
3131 2145 3299 2202 quam
3340 2128 3576 2200 gerentis

1978 2238 2234 2301 pensatur
2263 2226 2525 2295 affectus,
2553 2236 2613 2282 ut
2641 2227 2944 2282 econtrario
2984 2221 3314 2296 quibusdam
3342 2221 3578 2292 reperia-

1976 2329 2065 2377 tur
2090 2321 2290 2377 veritas
2321 2320 2600 2388 nocuisse,
2645 2328 2703 2376 et
2731 2318 2996 2391 profuisse
3023 2316 3394 2372 mendacium.
3427 2317 3573 2369 Nam

1976 2417 2130 2487 Doeg
2166 2415 2441 2472 ldumaaus
2464 2415 2573 2488 regi
2603 2414 2753 2472 Sauli
2793 2413 2860 2470 de
2894 2411 3024 2483 fuga
3067 2409 3249 2466 David
3278 2424 3467 2465 coram
3494 2407 3575 2464 fa-

1972 2507 2136 2564 mulis
2162 2508 2512 2581 conquerenti
2554 2524 2619 2563 ac
2642 2506 2880 2573 dicenti,
2906 2505 3184 2575 Numquid
3213 2504 3457 2558 omnibus
3485 2518 3575 2556 υο-

1975 2603 2053 2657 bis
2079 2604 2231 2657 dabit
2253 2605 2397 2672 ﬁlius
2424 2606 2569 2659 Jesse
2596 2617 2772 2671 agros,
2797 2605 2848 2655 et
2874 2602 3079 2663 vincas,
3106 2604 3157 2653 et
3178 2601 3454 2653 universos
3480 2610 3572 2650 vos

254 2691 312 2746 in
338 2693 397 2749 id
442 2693 621 2765 ipsum
648 2694 827 2751 redire
858 2697 1127 2752 concessit
1171 2699 1216 2764 (Ι
1266 2697 1384 2751 Cor.
1415 2695 1547 2766 vn),
1592 2696 1707 2751 sive
1730 2711 1861 2751 cum
1969 2699 2139 2765 faciet
2177 2698 2417 2752 tribunos
2462 2701 2513 2751 et
2554 2698 2901 2759 cmztum'ones,
2951 2697 3205 2765 quoniam
3250 2690 3572 2760 conjurastis

253 2785 423 2855 lacte,
450 2803 563 2844 non
591 2803 713 2846 esca
745 2790 1056 2847 Corinthios
1093 2800 1320 2861 potans,
1358 2790 1418 2845 in
1461 2790 1776 2846 infirmitate
1805 2798 1861 2845 et
1966 2808 2144 2848 omnes
2186 2793 2441 2847 adversus
2477 2807 2578 2853 me,
2628 2794 2678 2845 et
2719 2806 2823 2844 non
2875 2793 2953 2845 est
2989 2791 3086 2859 qui
3123 2787 3260 2841 mihi
3302 2786 3572 2839 renuntiet

253 2880 464 2936 timore
499 2890 555 2938 et
599 2891 840 2940 tremore
873 2885 1048 2940 multo
1095 2884 1239 2955 apud
1280 2898 1377 2940 eos
1411 2882 1582 2940 fuisse
1628 2898 1686 2939 se
1725 2882 1858 2940 dicit
1966 2889 2011 2953 (Ι
2030 2891 2156 2956 Reg.
2183 2890 2393 2953 XXII)?
2423 2886 2555 2958 quid
2580 2886 2688 2942 nisi
2709 2900 2900 2951 verum
2923 2883 3181 2956 prodidit,
3202 2881 3414 2938 dicens:
3437 2879 3572 2936 Vidi

254 2973 304 3037 (Ι
319 2974 445 3027 Cor.
460 2974 575 3043 ιιι).
598 2977 795 3030 Omnia
815 2985 996 3032 autem
1011 2978 1269 3034 omnibus
1287 2978 1570 3045 factusest,
1589 2985 1652 3033 ut
1667 2994 1857 3035 omnes
1963 2982 2138 3049 ﬁlium
2162 2983 2301 3035 Jcsse
2321 2981 2379 3034 in
2413 2981 2552 3037 Nobe
2580 2980 2731 3049 apud
2752 2979 3083 3036 Achimelech
3111 2976 3454 3036 sacerdotem,
3473 2974 3572 3042 qui

253 3062 470 3121 faceret
487 3065 684 3134 salvos,
713 3082 843 3123 cum
861 3068 996 3124 dicit
1020 3089 1033 3124 :
1068 3071 1179 3136 Qui
1212 3073 1520 3139 manducat,
1550 3088 1656 3126 non
1699 3089 1856 3127 man-
1964 3071 2227 3124 consuluit
2251 3085 2348 3139 pro
2376 3083 2433 3123 co
2460 3068 2759 3131 Dominum,
2790 3073 2841 3122 et
2881 3068 3087 3121 cibaria
3113 3066 3262 3120 dedit
3286 3066 3353 3125 ei,
3399 3062 3493 3117 sed
3517 3066 3568 3116 et

247 3161 551 3216 ducantem
572 3176 677 3215 non
705 3168 955 3232 spernat;
983 3169 1033 3219 et
1061 3167 1160 3234 qui
1176 3181 1281 3219 non
1308 3166 1613 3228 manducet,
1641 3167 1861 3221 mandu-
1889 3165 1933 3227 C
1964 3167 2207 3235 gladium
2254 3168 2468 3224 Goliath
2494 3168 2760 3222 Philistcei
2796 3165 2947 3221 dedit
2983 3167 3036 3220 ei
3056 3163 3283 3235 (Ibid)?
3322 3163 3428 3217 Pro
3454 3174 3564 3233 qua

245 3256 472 3306 cantem
519 3268 625 3308 non
643 3253 856 3323 judicet
882 3257 1057 3323 (Rom.
1099 3255 1263 3328 xw);
1295 3263 1352 3312 et
1379 3258 1484 3325 Qui
1516 3260 1856 3313 matrimonio
1963 3261 2184 3317 veritate
2221 3261 2483 3317 eradicari
2526 3260 2593 3316 de
2620 3267 2765 3316 terra
2805 3258 3101 3314 viventium
3128 3256 3352 3323 meruit,
3401 3270 3463 3312 ac
3492 3255 3562 3311 de

229 3345 451 3416 jungit
481 3349 741 3415 virginem
762 3364 938 3413 suam,
965 3350 1093 3406 bene
1119 3352 1290 3418 facit;
1321 3355 1372 3406 et
1400 3353 1499 3421 qui
1522 3367 1627 3407 non
1644 3352 1854 3421 jungit,

235 3440 449 3494 melius
474 3442 616 3509 facit
644 3443 688 3513 (ι
716 3442 834 3499 Cor.
866 3444 995 3513 vn).
1031 3446 1099 3500 Et
1119 3444 1248 3501 alibi
1282 3464 1294 3500 :
1321 3447 1471 3514 Quis,
1491 3446 1687 3518 inquit,
1715 3448 1860 3515 inﬁr-

233 3536 462 3603 matur,
488 3538 539 3589 et
559 3550 655 3604 ego
666 3550 770 3590 non
794 3538 1077 3606 inﬁrmor?
1093 3540 1214 3608 quis
1237 3539 1668 3603 scandalizatur,
1692 3546 1743 3596 et
1763 3558 1856 3611 ego

1964 3370 2029 3409 eo
2053 3353 2257 3410 dicitur
2285 3368 2381 3425 per
2421 3351 2757 3423 Prophetam
2789 3372 2800 3405 :
2837 3355 3122 3419 Propterea
3160 3355 3298 3405 Deus
3327 3349 3566 3403 destruet

1966 3452 2016 3502 te
2040 3449 2099 3501 in
2125 3444 2300 3516 ﬁnem,
2340 3446 2521 3500 evellet
2548 3449 2601 3499 te
2627 3448 2677 3499 et
2709 3443 2994 3512 emigrabit
3024 3448 3073 3497 te
3104 3442 3171 3496 de
3194 3442 3558 3509 tabernaculo,

1963 3546 2013 3597 et
2042 3542 2276 3597 radicem
2300 3546 2451 3596 tuam
2479 3539 2546 3594 de
2565 3543 2711 3595 terra
2744 3540 3036 3593 viventium
3060 3538 3222 3610 (Psal.
3245 3536 3347 3607 ιι).
3366 3538 3451 3592 Ex
3468 3536 3560 3592 illa

231 3642 349 3682 non
369 3642 518 3682 uror
536 3626 609 3699 (il
632 3630 750 3686 Cor.
782 3629 906 3701 x1)?
931 3636 1114 3703 Atque
1126 3630 1233 3688 hoc
1252 3630 1422 3688 modo
1447 3632 1579 3689 illud
1594 3634 1742 3706 quod
1760 3636 1858 3691 Co-

225 3722 473 3780 rinthiis
497 3731 832 3797 praeceperat
849 3765 864 3793 ,
889 3725 1224 3799 adimplevit,
1250 3725 1433 3784 dicens
1466 3744 1481 3783 :
1510 3730 1641 3786 Sine
1666 3732 1857 3798 offen-

1347 3843 1601 3900 ALARDI
1640 3845 1864 3902 ΟΑΖᾸΞΙ
1903 3844 2460 3903 COMMENTARIUS.

304 3962 335 3987 ⁸
362 3947 742 4029 Nudipeda‘lia
782 3948 926 4020 apud
969 3948 1196 4029 iudices
1245 3948 1562 4029 dicebantur
1598 3952 1851 4029 quaedam
1955 3958 2076 4012 illos
2116 3959 2504 4029 astringendos
2533 3960 2607 4014 ad
2639 3958 3074 4014 consuetudinem
3090 3956 3430 4029 Judceorum,
3460 3971 3553 4029 nec

224 4037 425 4100 sacra,
463 4018 1280 4100 seuupublica'fsupplicationes,
1310 4018 1375 4100 in
1393 4018 1851 4100 qui_bus_populus
1955 4028 2086 4081 istos
2111 4018 2382 4100 apater'na
2394 4030 2732 4083 deterrendos
2744 4032 2963 4083 censuit.
2984 4027 3243 4100 Undeilla
3262 4026 3425 4100 perba.
3441 4028 3555 4096 ejus

225 4092 417 4171 [mdis
441 4088 682 4171 .PedibPS
718 4088 973 4171 ίθρθδθέῖξ
1000 4090 1295 4171 ΡΙυνίίῖωέ
1482 4088 1846 4171 inﬂueret?“
1958 4101 2086 4171 sunt
2108 4114 2127 4149 ·’
2147 4088 2497 4171 Circumcisus
2511 4102 2631 4171 quis
2653 4104 2867 4171 vocatus
2886 4100 3006 4152 est?
3030 4113 3138 4171 non
3166 4097 3403 4171 adducat
3419 4088 3557 4171 {e-

222 4167 305 4241 de
350 4160 562 4233 quibus
592 4160 875 4241 ‘Jolsephus
914 4160 1005 4215 lib.
1048 4175 1097 4216 ιι
1139 4162 1206 4215 de
1247 4161 1398 4217 Bello
1436 4160 1684 4241 Judaico.
1714 4166 1852 4233 Qum
1952 4168 2281 4241 putium;in
2300 4160 2572 4241 prceputio
2587 4170 2709 4241 quis
2731 4172 2946 4222 vocatus
2966 4170 3200 4241 est?non
3218 4160 3556 4241 circumcida-

223 4230 419 4308 etiam
439 4230 613 4308 Δειριιρ
658 4230 992 4308 Christianos
1031 4247 1445 4308 nonnumquam
1488 4233 1545 4308 in
1580 4250 1687 4308 usu
1727 4230 1854 4308 sunt
1952 4230 2067 4292 tur.
2104 4230 2440 4293 Cirwmcisio
2467 4230 2610 4292 nihil
2629 4244 2725 4302 est,
2748 4243 2798 4293 et
2819 4239 3147 4308 praeputium
3170 4238 3312 4291 nihil
3341 4242 3438 4303 est,
3461 4241 3555 4294 sed

225 4305 406 4379 (Geel.
430 4302 769 4384 1}hodig._lib
818 4315 901 4384 25v
922 4304 1110 4384 4ntiq.
1139 4305 1278 4384 Lect.
1310 4319 1430 4384 cap.
1462 4304 1552 4383 ‘6).
1579 4306 1851 4384 Eumdem
1959 4308 2254 4384 observatio
2276 4309 2651 4384 mandatorum
2668 4312 2783 4365 Dei.
2804 4302 3178 4384 ﬂuusquisque
3196 4312 3254 4363 in
3280 4326 3389 4384 qua
3403 4302 3553 4384 uoca-

224 4373 371 4452 vero
418 4374 588 4452 ritum
628 4373 793 4428 etiam
833 4373 889 4427 in
931 4373 1471 4452 illasanctilicatione
1499 4373 1553 4452 et
1586 4376 1844 4447 puriﬁca-
1955 4382 2316 4436 tione'vocatus
2340 4384 2440 4448 est,
2456 4382 2516 4435 in
2541 4397 2601 4435 ea
2623 4373 3551 4452 permanéathtinfra:Timotheus

218 4449 396 4526 tione
440 4444 768 4526 Iudaeorum
796 4458 871 4526 _ex
907 4446 1139 4526 antiqua
1168 4445 1459 4526 traditione
1500 4444 1844 4526 observatum
1952 4444 3555 4526 cuminprceputiouocatusesset,tamenquiadejudceamatrc

217 4520 475 4592 innuere
511 4515 727 4570 videtur
755 4515 856 4592 hic
876 4515 1066 4592 abbas,
1097 4518 1346 4592 quamvis
1374 4519 1598 4592 Numer.
1633 4530 1721 4587 VI,
1750 4519 1844 4575 ubi
1880 4571 1924 4592 η
1954 4524 2104 4576 ortus
2129 4515 2363 4590 ἀναξία
2398 4524 2665 4579 ostendere
2685 4515 2923 4592 cognatis
2946 4515 3057 4579 suis
3074 4515 3337 4587 ’debebat,
3366 4525 3440 4578 ad
3467 4540 3549 4580 eos

215 4571 729 4670 deﬁlil‘aza'raaorum
750 4585 943 4670 ritibus
969 4571 1165 4670 agitur.
1194 4588 1342 4643 nulla
1371 4571 1849 4670 ejusfcaaremoniai
1880 4571 1927 4632 Ῑ)
1956 4571 2661 4670 ξιιᾷἦίᾶὀῖἐῖιᾲῥὲξῖιῖἦῖὀᾶ
2688 4571 3055 4670 ﬁliiﬁlii;
3066 4571 3359 4670 disciplina
3368 4571 3552 4670 “6hr:

210 4659 457 4737 mentio
484 4657 765 4737 habeatur.
798 4659 937 4737 [iam
959 4657 1088 4737 alias
1115 4673 1225 4737 non
1255 4657 1477 4728 apparet
1507 4661 1722 4737 quando
1761 4668 1843 4717 A-
1953 4657 2154 4730 stiana,
2181 4670 2241 4719 ut
2261 4667 2360 4720 illa
2383 4657 2723 4721 Sacramenta
2744 4683 2865 4737 qua:
2880 4667 3006 4733 legis
3032 4657 3223 4737 veteris
3238 4667 3406 4737 essent
3431 4665 3549 4737 abo-

211 4729 501 4810 postolus
542 4726 856 4810 hujnsmodi
879 4727 1246 4810 nudipedalia
1291 4726 1595 4810 eiercueri}
1616 4772 1629 4799 ,
1647 4747 1843 4810 __1_nore
1924 4726 2277 4810 ‘minarctur,
2306 4739 2643 4810 circumcisus
2671 4726 2843 4810 estfab
2866 4726 3116 4805 Apostolo
3155 4751 3174 4788 :
3194 4739 3257 4788 ut
3279 4736 3372 4788 hoc
3393 4735 3548 4810 modo

210 4796 451 4859 scilicet
471 4796 721 4876 Judaico,
750 4796 898 4876 quod
924 4796 1105 4876 ωηιρη
1132 4798 1532 4876 indicat_e_tiam_
1557 4796 1631 4876 0.;
1647 4804 1846 4876 Hiero-
1951 4796 2336 4860 demonstraret
2356 4809 2555 4861 Judleis
2574 4823 2678 4860 non
2702 4807 2820 4861 ideo
2844 4796 3020 4876 gentes
3048 4820 3153 4858 non
3181 4820 3243 4858 ea
3260 4807 3545 4875 suscipere,

208 4868 791 4949 nymu-sﬂlocosupra.
801 4870 1102 4949 citato._§1t_
1116 4884 1314 4949 rursus
1344 4868 1487 4949 “er
1518 4869 1841 4949 in‘Jovinia-
1952 4878 2083 4944 quia
2099 4878 2245 4949 mala
2266 4880 2412 4949 sunt,
2438 4882 2489 4930 et
2508 4878 2801 4946 perniciose
2816 4868 3115 4949 a'patribus
3135 4868 3435 4940 observata}
3455 4868 3549 4935 sed

206 4938 366 5017 niirn
402 4939 569 5011 (Cap.
592 4942 673 5005 8),
688 4938 792 5017 ubi
827 4939 903 5017 ait
933 4957 945 4992 :
986 4942 1162 5017 Multa
1196 4940 1536 5017 compellitur
1556 4944 1842 5017 Apostolus
1952 4938 2081 5015 quia
2090 4946 2213 5017 jam
2239 4948 2411 5000 saluti
2425 4938 2530 5000 non
2552 4949 2851 5017 necessaria
2864 4938 2989 5017 post
3005 4947 3292 5002 adventum
3313 4938 3451 5003 tanti
3469 4966 3548 5004 sa-

206 5015 363 5088 υεηε
383 5009 518 5088 Qua:
531 5024 637 5062 non
654 5009 808 5088 uult."
830 5012 1165 5088 circumcidit
1194 5009 1540 5073 Timotheum,
1561 5009 1700 5088 rasit
1721 5016 1775 5067 in
1790 5031 1844 5071 se
1952 5009 2233 5081 ammenti,
2260 5017 2403 5085 quod
2429 5033 2526 5086 per
2551 5022 2663 5071 tam
2692 5016 2850 5085 longa
2866 5009 3107 5088 tempora
3127 5023 3239 5075 tota
3268 5020 3369 5074 illa
3395 5022 3545 5076 Scri-

202 5080 917 5162 cahritium,~nrtd_zpeda-lia
938 5084 1188 5162 exercuit,
1213 5086 1754 5162 comamgnutriviyet
1774 5091 1842 5140 to-
1946 5093 2113 5157 ptum
2118 5080 2444 5162 propheticis
2458 5080 2877 5162 ﬁgurationibus
2888 5080 3206 5162 parturiuit.
3234 5092 3374 5144 Nam
3392 5096 3443 5144 et
3462 5094 3548 5145 Ti-

206 5158 410 5233 tondit
537 5151 800 5233 Cenchris.
832 5153 913 5205 De
931 5151 1357 5233 .nudipedalibus
1381 5153 1547 5233 etiam
1567 5154 1841 5233 gentilium
1946 5151 2628 5233 tumcircumcideret,cum
2651 5161 2745 5215 hoc
2758 5151 3008 5230 urgerent
3026 5161 3227 5233 Judaei,
3241 5162 3358 5214 nisi
3370 5162 3548 5215 subin.

202 5224 504 5302 meminit
537 5223 903 5302 Tertullianus
927 5223 981 5276 in
1006 5223 1359 5302 apologetico
1393 5224 1635 5302 (Cap._4l
1657 5228 1697 5302 )_.
1756 5296 1769 5302 η
1952 5230 2188 5302 traducti
2196 5231 2332 5298 falsi
2338 5223 2537 5296 fratres
2558 5231 2673 5285 ideo
2693 5235 2810 5302 ﬁeri
2829 5223 3040 5297 pellent,
3062 5235 3124 5285 ut
3136 5232 3384 5286 haberent
3402 5233 3546 5301 quod

1949 5301 2016 5355 de
2043 5304 2157 5371 ipso
2169 5302 2336 5358 Paulo
2358 5301 2794 5367 disseminarent;
2824 5308 3100 5371 tamquam
3126 5318 3306 5357 eorum
3327 5305 3550 5357 ueritati

1950 5375 2179 5439 cesserit,
2211 5375 2309 5442 qui
2334 5388 2479 5443 spem
2508 5374 2697 5428 salutis
2725 5375 3042 5443 evangelicae
3066 5376 3124 5426 in
3152 5375 3545 5429 circumcisione

1950 5445 2126 5497 carnis
2155 5447 2315 5512 atque
2346 5444 2650 5513 hujusmodi
2670 5445 3117 5500 observationibus
3147 5459 3256 5499 esse
3275 5446 3541 5515 praedica-

1949 5517 2089 5577 rent,
2114 5518 2163 5567 et
2172 5516 2286 5567 sine
2297 5514 2378 5566 his
2388 5518 2590 5569 nemini
2607 5517 2873 5571 Christum
2887 5515 3139 5585 prodesse
3148 5514 3540 5582 contenderent;

1948 5599 2066 5636 cum
2091 5588 2271 5656 contra
2312 5585 2449 5637 nihil
2470 5585 2745 5656 prodesset
2773 5587 3017 5643 Christus
3047 5588 3120 5639 eis
3149 5589 3247 5655 qui
3271 5604 3328 5642 eo
3362 5592 3539 5642 animo

1947 5655 2478 5718 circumcidcrentur,
2509 5661 2570 5711 ut
2594 5658 2674 5711 ibi
2690 5673 2797 5712 esse
2814 5658 3037 5712 salutem
3062 5664 3335 5718 putarent.

2018 5735 2039 5760 ο
2060 5727 2136 5802 De
2163 5727 2313 5802 Raab
2331 5728 2650 5802 meretrice,
2662 5728 2894 5802 ejusque
2925 5727 3227 5790 mendacio,
3254 5728 3387 5802 quid
3408 5745 3533 5784 sen-

1946 5796 2193 5853 tiendum
2222 5797 2313 5864 sit,
2352 5798 2596 5869 superius
2620 5796 2823 5857 dictum
2850 5808 2932 5856 est
2954 5802 3104 5871 (Cap.
3150 5808 3250 5864 I7).

1961 3634 2123 3709 igitur
2146 3643 2295 3691 terra
2333 3634 2424 3690 hic
2452 3649 2550 3706 pro
2579 3630 2780 3689 indicio
2804 3631 3048 3687 veritatis
3074 3638 3338 3703 perpetua
3365 3629 3553 3686 eradi-

1960 3729 2174 3787 catione
2218 3727 2565 3797 convellitur,
2592 3727 2648 3782 in
2676 3742 2784 3799 qua
2811 3729 2835 3759 °
2867 3725 3017 3782 Raab
3054 3724 3312 3781 meretrix
3354 3724 3550 3795 (Iosue,

283 5302 315 5336 ⁸³
342 5294 766 5364 Ιιῐιιιιορδιιιὶῑ,
809 5301 870 5349 ut
910 5308 976 5348 ex
1005 5292 1163 5349 dictis
1189 5292 1363 5364 patet,
1395 5292 1507 5351 nisi
1525 5295 1836 5352 simulatio-

199 5385 351 5428 nem
395 5362 969 5437 progdissimulatione
1002 5378 1096 5419 seu
1136 5362 1244 5421 veri
1288 5366 1659 5423 occultatione
1680 5383 1840 5423 usur-

200 5456 337 5516 pes,
364 5433 566 5516 u'tihic
594 5434 796 5516 passim
832 5444 1126 5516 usurpatur
1157 5440 1323 5516 :_.‘Non
1351 5440 1512 5501 enim,
1533 5438 1625 5516 ait
1655 5443 1853 5516 Αιιειι-Δ

198 5504 410 5571 ἑῑὶιιιιε
444 5504 681 5582 (ιίρξιίε
707 5504 988 5582 Mendacio‘
1007 5522 1124 5578 cap.
1158 5508 1210 5582 5)
1248 5513 1313 5563 ut
1342 5510 1594 5582 nonnulli
1619 5504 1836 5580 puta'nt,

199 5586 391 5641 etiam
411 5578 631 5651 Paulus
635 5580 734 5631 aut
758 5578 1081 5632 Timotheum
1105 5578 1457 5642 circumcidit,
1470 5584 1567 5647 aut
1580 5578 1693 5651 ipse
1705 5598 1842 5650 quae-

200 5658 351 5711 dam
381 5653 515 5707 ritu
528 5649 746 5702 Jadaico
761 5654 1096 5703 sacramenta
1116 5653 1434 5715 celebravit:
1462 5652 1555 5705 sed
1570 5649 1637 5705 ea:
1652 5649 1749 5705 illa
1773 5653 1839 5706 li-

204 5726 440 5781 bertate
489 5721 762 5773 sententia:
803 5734 935 5783 suae,
966 5734 1080 5787 qua
1120 5723 1444 5789 praedicavit
1470 5738 1563 5777 nec
1598 5724 1844 5791 gentibus

195 5795 487 5870 prodesse
508 5792 973 5850 circumcisimzem,
998 5806 1091 5844 nec
1120 5793 1320 5848 ,ϊιιάιείε
1344 5794 1537 5850 obesse.
1578 5794 1726 5850 Unde
1751 5798 1843 5850 nec
