4014 6202
423 244 560 299 1075
1500 174 1782 279 mmsis
1816 210 2121 273 cassum
2158 203 2646 267 COLLATIONES.
3589 192 3731 248 me

422 367 498 440 ιι)
528 378 627 438 pro
655 358 943 419 mendacio
965 370 1099 413 cum
1125 367 1223 410 sua
1242 347 1568 423 cognatione
1596 345 1893 418 plantatur.
1915 340 2007 399 Sic
2050 341 2105 405 Α
2129 332 2521 393 continentiam
2545 335 2790 387 nostram
2822 324 3008 400 potius
3036 334 3203 393 quam
3247 313 3731 389 percunctantibus

1530 439 1540 440 ί
1826 435 1839 440 -
2247 428 2286 440 υ
2632 424 2646 440 -
2712 423 2725 435 -
2750 416 3007 440 mm-”
3036 415 3325 440 ---ηεηη
3354 425 3577 440 mn...
3601 420 3624 440 ε
3650 409 3724 440 τι

426 409 940 518 utieitia'niuSVa-m'son
1183 409 1493 513 xv:)uillum
1514 409 1659 499 diem
1688 435 2024 494 occultatum
2132 428 2321 502 prodi;
2353 443 2420 484 ac
2442 440 2606 498 super
2632 416 3011 497 hujuscemodi
3031 415 3211 473 causis
3222 427 3327 471 nos
3352 425 3580 485 quoque
3601 420 3624 446 ε
3650 409 3733 467 fa-

426 551 748 619 mendacio,
792 503 1021 604 veritate
1065 540 1247 613 impiae
1299 534 1519 609 conjugi
1564 527 2028 605 pemiciosissime
2132 533 2317 583 temur
2354 518 2677 581 inevitabile
2704 531 2822 574 esse
2866 509 3233 570 mendacium.
3264 509 3322 563 ln
3349 503 3602 562 secundo
3636 520 3740 561 au-

2348 614 2382 619 --
2520 613 2571 619 -.
2631 612 2644 619 -
3236 597 3538 619 A__‘_L.__,.
3575 616 3587 619 _
3621 597 3705 619 __.

426 597 1180 723 prodidisse’reminiscimur,
1206 633 1295 690 cui
1324 638 1613 704 propterea
1640 624 2026 696 deceptionem
2132 625 2248 673 tem
2271 614 2421 672 nulla
2441 613 2603 670 nobis
2629 607 2901 675 incumbit
2920 603 3213 664 necessitas
3234 597 3543 657 mentiendi
3574 616 3589 653 :
3620 597 3743 670 pri-

1526 720 1542 723 ‘
1819 717 1831 723 ·
2010 712 2027 723 “
2402 709 2413 721 ·
2600 722 2603 723 ν
2662 722 2669 723 κ
2728 720 2767 723 ν-
2794 719 2843 723 η
2877 715 2993 723 μω.
3023 697 3259 723 tne...“
3288 690 3598 723 ...ξ-εηιηκξ,
3622 708 3727 723 η...

430 690 618 801 intulit
661 736 859 797 veritas
895 690 1357 788 inconsultissime
1391 690 1660 795 patefacta
1680 759 1696 787 ,
1740 690 1865 790 quia
1898 712 2033 771 illud
2137 726 2293 770 mum
2321 709 2451 782 quia
2479 720 2770 780 possumus
2787 719 2849 760 ea
2872 715 2997 775 qua:
3021 697 3261 755 fratrum
3288 690 3600 752 ministerio
3622 708 3744 766 por—

432 832 760 892 mandatum
805 824 1193 901 propheticum
1233 817 1509 877 custodire
1542 812 1821 887 neglexit,
1850 809 1935 867 Ab
1973 823 2035 863 ea

434 945 556 1000 qua:
584 927 785 983 donnit
822 924 885 980 in
924 922 1049 975 sinu
1094 921 1215 985 tuo,
1258 912 1467 972 custodi
1510 910 1747 965 claustra
1786 906 1897 961 oris
1952 903 2037 958 tui

436 1021 617 1097 (Mieh.
646 1018 784 1091 vn).

1011 1114 1253 1173 CAPUT
1282 1112 1450 1168 XXI.

435 1233 524 1287 An
544 1221 1001 1291 interrogantibus
1026 1216 1283 1291 occuitam
1297 1208 1679 1291 continentiam
1692 1206 1810 1291 sine
1821 1202 2038 1291 menda:

506 1278 856 1365 oporteat
872 1288 1204 1365 propalari,“
1220 1289 1271 1338 et
1308 1296 1381 1336 an
1406 1278 1745 1349 wscipienda
1782 1278 1893 1331 sint
1916 1288 2037 1344 qua:

505 1360 665 1423 semel
690 1364 897 1433 fuerint
921 1360 1207 1414 recusato?

505 1471 576 1523 Et
601 1475 664 1523 ut
689 1438 937 1534 exempla
965 1457 1220 1532 quaedam
1247 1453 1317 1510 de
1337 1450 1541 1509 nostris
1564 1463 1783 1520 quoque
1811 1446 2039 1503 inevita-

438 1562 637 1620 bilibus
661 1575 726 1615 ac
773 1571 911 1629 pene
964 1550 1291 1626 quotidianis
1329 1542 1741 1603 necessitatibus
1793 1538 2042 1613 profera-

437 1672 597 1723 mus,
637 1667 771 1725 quas
822 1647 1163 1722 quantalibet
1210 1638 1561 1700 observantia
1614 1650 1921 1707 numquam
1968 1634 2041 1690 ita

2136 807 2388 879 riguntur
2406 802 2479 859 ita
2500 815 2754 870 renuere,
2774 805 2836 854 ut
2859 795 3009 853 nullo
3029 807 3135 850 nos
3159 787 3504 847 deﬁnitionis
3526 786 3741 844 vinculo

2140 898 2479 972 colligemus,
2509 893 2705 952 deinde
2733 888 2881 964 quod
2909 885 3080 946 semel
3108 890 3415 945 renuentm
3445 894 3743 955 possumus

2140 990 2483 1053 immobilem
2506 997 2698 1047 tenere
2722 981 3065 1043 sententiam.

2688 1089 2931 1148 CAPUT
2970 1084 3195 1143 XXIII.

2144 1203 2450 1274 Responsio,
2497 1198 2639 1270 quod
3103 1187 3178 1241 sit
3226 1184 3392 1253 hujus
3416 1182 3746 1251 deﬁnitionis

2903 1275 3104 1316 eatacta.

2216 1372 2420 1446 Ioseph
2450 1392 2463 1428 :
2501 1373 2616 1428 Has
2635 1366 2980 1426 deﬁnitiones
3013 1361 3234 1419 illorum
3286 1354 3747 1414 monasteriorum

2146 1484 2265 1527 esse
2289 1483 2402 1524 non
2423 1464 2651 1523 dubium
2682 1470 2770 1519 est
2795 1460 2853 1516 in
2866 1456 3065 1531 quibus
3084 1450 3504 1515 renuntiationis
3528 1458 3747 1521 vestra,

2149 1572 2211 1620 ut
2224 1561 2425 1629 dicitis,
2447 1557 2755 1617 rudimenta
2782 1553 3019 1611 formata
3035 1556 3193 1614 sunt;
3217 1559 3454 1620 quorum
3462 1545 3745 1618 principes

2148 1654 2385 1712 fratrum
2412 1649 2695 1710 refectioni
2720 1662 2847 1706 suas
2874 1644 3116 1703 assolent
3146 1646 3454 1714 prmponere
3481 1638 3737 1697 volunta-

440 1760 733 1820 possumus
770 1755 1105 1816 praecavere,
1137 1745 1201 1794 ut
1225 1752 1340 1793 nou
1369 1734 1453 1790 vel
1497 1730 1649 1788 inviti
1680 1729 1764 1785 vel
1797 1726 2043 1783 volentes
2069 1724 2119 1788 B
2148 1759 2252 1819 tes,
2281 1756 2338 1806 et
2359 1741 2787 1804 Mimﬁssime
2815 1739 2873 1797 id
2899 1736 3050 1812 quod
3070 1735 3241 1793 semel
3268 1741 3440 1789 mm
3464 1746 3739 1802 00W

440 1854 702 1913 cogamur
727 1837 786 1894 in
818 1852 911 1892 eas
936 1836 1243 1898 incurrere;
1278 1827 1442 1902 quid,
1474 1839 1688 1900 quaeso,
1730 1820 2039 1878 faciendum

440 1942 543 1999 est,
596 1947 726 1989 cum
780 1917 1137 1986 refectionem
1189 1921 1586 1997 procrastinare
1627 1914 2042 1989 disponentibus

440 2027 629 2096 nobis,
651 2034 839 2081 utrum
865 2019 1218 2078 refecerimus
1249 2016 1317 2072 ad
1343 2026 1625 2085 vesperam
1667 2008 1840 2066 frater
1864 2006 2042 2063 adve-

441 2123 602 2179 niens
625 2124 1033 2192 percunctatur;
1061 2110 1427 2170 celandumne
1445 2105 1713 2179 jejunium
1734 2110 1820 2158 est
1843 2109 1901 2158 et
1926 2101 2042 2157 vir-

442 2224 533 2271 tus
553 2211 908 2285 parcimonite
932 2205 1296 2278 contegenda,
1323 2218 1396 2259 an
1423 2197 1671 2255 veritatis
1707 2194 2047 2269 professione

442 2304 756 2379 prodenda?
791 2312 817 2337 α
850 2302 907 2356 Si
937 2299 1183 2355 celamus
1222 2304 1284 2350 ut
1326 2291 1615 2349 Dominico
1652 2287 2047 2347 satisfaciamus

444 2397 701 2473 imperio,
726 2393 874 2468 quod
905 2391 1130 2458 dicitur,
1160 2390 1280 2446 Non
1304 2388 1539 2441 videaris
1571 2384 1877 2439 hominibus
1893 2382 2047 2452 jeju-

442 2508 604 2557 nans,
630 2491 725 2547 sed
752 2491 910 2547 Patri
934 2492 1026 2542 tuo
1055 2486 1153 2557 qui
1176 2488 1253 2540 est
1281 2485 1341 2537 in
1358 2479 1661 2536 abscondito
1683 2478 1899 2546 (Matth.
1917 2479 2008 2545 v1)
2034 2494 2046 2529 :

445 2593 519 2646 Et
533 2588 757 2653 iterum,
781 2586 995 2645 Nesciat
1017 2583 1244 2638 sinistra
1269 2583 1366 2633 tua
1385 2577 1518 2648 quid
1537 2576 1708 2644 faciat
1723 2573 2054 2628 dcxteratua

447 2683 671 2757 (Ibid);
703 2679 954 2754 profecto
979 2676 1296 2734 mentimur.
1336 2672 1393 2729 Si
1423 2671 1680 2727 virtutem
1709 2664 2055 2724 continentiae

447 2770 1159 2852 propalamus,'evangelica
1197 2783 1300 2826 nos
1325 2764 1598 2823 sententia
1613 2762 1738 2836 jure
1777 2758 2050 2834 percellit,

448 2873 621 2928 Amen
643 2871 761 2925 dico
786 2870 953 2935 vobis,
988 2868 1298 2936 receperunt
1337 2852 1628 2916 mercedem
1657 2872 1809 2911 suam
1841 2854 2050 2920 (Ibid).

451 2962 615 3034 Quod
638 2965 681 3019 si
709 2963 956 3018 oblatum
986 2974 1015 3014 a
1045 2957 1213 3013 fratre
1233 2954 1505 3026 quispiam
1531 2949 1786 3021 poculum
1809 2961 1935 3001 cum
1963 2944 2055 3000 de-

452 3056 700 3110 finitione
725 3051 997 3116 renuerit,
1043 3048 1294 3103 absolute
1327 3051 1680 3113 accepturum
1715 3054 1773 3095 se
1808 3053 1926 3094 esse
1953 3036 2055 3094 de-

2147 1845 2259 1901 rint
2284 1845 2674 1913 exsequuntur.
2702 1837 2976 1894 Caeterum
2999 1830 3241 1889 seniores
3271 1825 3469 1894 nostri,
3506 1839 3745 1897 quorum

2145 1935 2270 1994 ﬁdei
2337 1930 2767 2007 apostolicarum
2827 1927 2982 1998 signa
3036 1924 3307 1980 virtutum
3363 1918 3746 1976 testimonium

2148 2025 2532 2090 reddiderunt,
2575 2020 2775 2094 quique
2814 2018 3066 2075 universa
3106 2013 3318 2087 judicio
3341 2011 3525 2085 pctius
3550 2026 3616 2066 ac
3654 2008 3749 2066 dis-

2146 2122 2392 2180 cretione
2436 2117 2666 2191 spiritus
2724 2128 2893 2187 quam
2943 2109 3117 2184 rigida
3153 2107 3327 2166 animi
3383 2105 3751 2163 obstinatione

2147 2222 2431 2290 gesserunt
2448 2255 2464 2281 ,
2509 2226 2604 2268 eos
2630 2210 2723 2282 qui
2757 2204 2950 2263 alienis
2990 2200 3405 2261 inﬁrmitatibus
3451 2197 3749 2270 acquiesce-

2149 2320 2277 2369 rent
2316 2309 2493 2366 multo
2522 2304 2805 2363 uberiores
2844 2301 3057 2358 fruetus
3094 2311 3262 2369 quam
3303 2309 3403 2351 eos
3425 2293 3523 2367 qui
3564 2293 3619 2350 in
3641 2292 3751 2348 suis

2151 2400 2570 2463 deﬁnitionibus
2594 2396 2953 2472 perdurarent
2975 2405 3171 2464 capere
3195 2395 3565 2455 censuerunt;
3588 2385 3751 2442 subli-

2154 2497 2454 2568 miorisque
2491 2491 2986 2567 pronuntiaverunt
3030 2500 3147 2542 esse
3200 2481 3420 2539 virtutis
3463 2488 3753 2552 contegere

2157 2593 2339 2667 potius
2363 2586 2759 2647 continentiam
2796 2580 3135 2647 necessario,
3165 2584 3230 2635 ut
3264 2576 3475 2634 dictum
3504 2582 3621 2643 est,
3654 2574 3753 2630 hu-

2158 2686 2383 2758 milique
2418 2680 2727 2748 mendacio,
2753 2693 2918 2753 quam
2946 2673 3255 2750 patefacere
3278 2670 3522 2744 superbo
3560 2670 3758 2728 verita-

2163 2780 2234 2836 tis
2260 2775 2483 2834 indicio.

2711 2865 2950 2924 CAPUT
2996 2864 3208 2921 XXIV.

2165 2971 2431 3043 Quomodo
2455 2970 2623 3026 abbas
2667 2970 2947 3094 Piammmo‘rlt
2981 2981 3139 3093 mm
3177 2966 3561 3022 continentiam
3595 2965 3760 3020 celare

2940 3055 2979 3092 α
3042 3055 3063 3091 ι
3092 3080 3105 3092 .

2940 3053 3085 3092 uera
3092 3080 3105 3092 .

453 3159 659 3217 negans
681 3142 829 3215 quod
859 3142 950 3197 ille
978 3139 1221 3212 gaudens
1246 3136 1486 3193 adventu
1510 3133 1632 3206 ejus
1653 3131 1973 3205 suppliciter
1995 3141 2059 3188 ut
2084 3118 2130 3182 C
2234 3146 2485 3218 Denique
2508 3144 2536 3180 «ι
2561 3142 2730 3200 abbas
2768 3141 3057 3198 piammon
3106 3147 3232 3211 post
3285 3136 3481 3210 viginti
3527 3134 3763 3208 quinque

456 3244 708 3294 sumatur
725 3242 943 3302 exorat;
962 3240 1249 3290 rectumne
1272 3237 1356 3286 est
1377 3237 1439 3286 ut
1462 3226 1616 3285 fratri
1643 3226 1712 3283 ad
1732 3242 1903 3298 genua
1930 3241 2054 3298 pro-

455 3329 641 3386 voluto
660 3329 719 3385 in
740 3337 1055 3399 terramque
1088 3331 1392 3397 prostrato,
1426 3322 1520 3396 qui
1549 3336 1660 3398 non
1689 3318 1798 3375 nisi
1826 3318 1910 3375 his
1929 3318 2058 3375 ofﬁ-

458 3425 560 3482 ciis
588 3423 796 3481 viscera
837 3421 1116 3480 charitatis
1160 3418 1502 3492 expleturum
1542 3430 1662 3471 esse
1704 3428 1765 3470 se
1806 3411 2058 3480 credidit,

461 3519 626 3575 etiam
654 3533 783 3573 cum
811 3516 999 3571 labore
1020 3529 1122 3569 suo
1140 3520 1350 3583 pareat,
1381 3525 1450 3565 an
1479 3509 1538 3564 in
1561 3505 1837 3566 sermonis
1869 3506 1952 3564 sui
1971 3513 2058 3561 at-

463 3623 571 3681 que
596 3608 861 3680 propositi
894 3606 1188 3679 pertinacia
1219 3605 1561 3677 perseveret?

1019 3717 1259 3774 CAPUT
1293 3715 1486 3770 XXII.

466 3823 715 3894 Objectio,
738 3821 883 3894 quod
898 3823 1137 3891 oporteat
1157 3818 1373 3890 quidem
1388 3816 1645 3894 abscondi
1655 3806 2061 3894 continentiam,

773 3893 865 3947 sed
890 3888 1091 3962 suscipi
1110 3888 1353 3946 recusato
1381 3905 1487 3943 non
1511 3888 1754 3943 debeant.

539 4001 850 4058 Germanus
877 4017 889 4055 :
913 4001 976 4055 1n
1004 3997 1095 4053 illo
1125 3994 1351 4068 quidem
1373 3993 1655 4081 superiore
1679 3992 1931 4066 exemplo
1960 3991 2068 4049 du-

468 4096 649 4165 bium,
674 4102 739 4151 ut
754 4092 1052 4163 credimus,
1078 4106 1194 4147 non
1215 4096 1319 4157 est,
1339 4089 1366 4124 ³³
1385 4088 1517 4160 quin
1537 4086 1788 4161 expediat
1804 4088 2068 4146 abscondi

2165 3256 2340 3298 annos
2363 3240 2603 3297 oblatam
2623 3237 2726 3294 sibi
2761 3252 2795 3293 a
2818 3232 3062 3307 quodam
3090 3232 3450 3290 fratreaivam
3475 3244 3537 3284 ac
3575 3227 3756 3282 vinum

2165 3336 2371 3407 absque
2393 3333 2740 3392 haesitatione
2768 3328 3089 3402 suscipiens,
3117 3324 3409 3385 confestim
3435 3338 3496 3379 ea
3522 3334 3645 3395 qua:
3668 3320 3761 3376 iu-

2167 3438 2315 3504 gesta
2334 3429 2557 3487 fuerant
2572 3433 2759 3484 contra
2785 3421 3232 3482 consuetudinem
3257 3419 3569 3493 deguaare,
3594 3428 3762 3486 quam

2166 3527 2367 3600 ignota
2393 3524 2609 3581 cunctis
2649 3518 3004 3578 continentiae
3029 3515 3227 3573 maluit
3270 3512 3562 3587 propalare
3594 3509 3763 3565 virtu-

2168 3628 2303 3678 tem.
2332 3620 2477 3675 Nam
2502 3617 2547 3672 si
2574 3612 2709 3672 illud
2729 3626 2947 3686 quoque
2978 3610 3319 3669 considerem
3346 3606 3593 3667 velimus.
3619 3601 3765 3677 quod

2166 3714 2409 3771 seniores
2449 3717 2669 3767 nostros
2705 3709 3085 3764 incunctanter
3126 3702 3316 3762 fecisse
3369 3698 3763 3764 meminimus,

2169 3809 2261 3883 qui
2298 3805 2566 3863 mirabilia
2607 3803 2870 3860 virtutum
2919 3785 3168 3867 suarum,
3209 3797 3285 3853 vel
3311 3792 3558 3867 proprios
3599 3798 3759 3847 actus

2172 3916 2310 3978 quos
2328 3914 2551 3957 necesse
2578 3905 2694 3955 erat
2719 3896 2792 3954 ad
2816 3895 3231 3952 instructionem
3244 3890 3528 3964 juniorum
3554 3887 3613 3943 in
3647 3885 3764 3942 col-

2175 3995 2378 4052 latione
2407 3990 2662 4066 proferri,
2686 3991 2789 4047 sub
2832 3989 3070 4047 aliorum
3099 3985 3346 4044 solebant
3372 3980 3619 4039 colorare
3639 3994 3767 4052 per-

2177 4089 2354 4154 sonis,
2378 4093 2399 4118 °
2443 4085 2578 4159 quid
2613 4083 2757 4142 aliud
2798 4097 3093 4157 possumus
3117 4095 3285 4154 quam
3313 4084 3569 4151 apertum
3610 4089 3773 4148 super

1554 4188 1819 4244 ALARDI
1858 4190 2088 4245 GAZEI
2125 4184 2693 4245 COMMENTARIUS.

541 4297 566 4326 ⁸
590 4295 767 4364 Negat
788 4292 843 4347 S.
883 4289 1219 4363 Augustinus
1253 4307 1268 4364 ξ
1306 4291 1423 4345 Νοη
1445 4289 1607 4364 enim,
1633 4286 1833 4359 inquit,
1853 4289 1965 4364 _hoc
1992 4294 2070 4344 est

471 4358 736 4419 occultare
784 4358 1085 4422 veritatem,
1125 4362 1268 4430 quod
1313 4364 1389 4413 est
1421 4360 1666 4427 proferre
1710 4358 2063 4414 mendacium.

475 4435 723 4500 Quamvis
753 4435 896 4485 enim
917 4434 1083 4486 omnis
1108 4433 1206 4499 qui
1215 4432 1472 4484 mentitur
1489 4430 1616 4483 velit
1636 4430 1806 4484 celare
1825 4431 1969 4499 quod
1987 4447 2071 4484 ve-

474 4519 597 4556 rum
622 4507 718 4564 est,
738 4517 843 4555 non
866 4507 1045 4556 tamen
1063 4502 1233 4555 omnis
1257 4502 1356 4570 qui
1378 4501 1496 4553 vult
1518 4500 1661 4568 quod
1679 4516 1863 4554 verum
1890 4506 1967 4556 est
1989 4517 2070 4555 ce-

477 4576 611 4641 lare,
641 4574 925 4627 mentitur.
957 4572 1279 4640 Plerumque
1307 4572 1449 4624 enim
1474 4585 1598 4623 vera
1630 4585 1735 4623 non
1772 4572 2072 4625 mentiendo

474 4646 816 4710 occultamus,
854 4643 956 4705 sed
993 4642 1234 4698 tacendo.
1291 4642 1471 4711 Neque
1514 4641 1652 4711 enim
1701 4642 1955 4695 mentitus
1995 4647 2072 4696 est

478 4696 883 4780 ᾖὸἱῆἑῆὺλὲξηᾶὃί
896 4696 979 4769 ait
1047 4696 1220 4771 Multa
1248 4696 1413 4766 habeo
1441 4711 1585 4764 vobis
1605 4710 1780 4765 dicere
1804 4729 1819 4766 :
1847 4711 1941 4766 sed
1969 4729 2075 4766 non
2102 4696 2153 4758 D

470 4792 694 4859 potestis
722 4789 821 4843 illa
843 4792 1063 4857 portare
1094 4784 1250 4859 modo
1289 4784 1497 4859 (Joann.
1530 4785 1673 4859 xvi).
1712 4783 1854 4859 Yera
1885 4786 2074 4859 tacuit,

478 4853 583 4915 non
610 4862 757 4927 falsa
782 4853 982 4915 Ioc—atus
1002 4862 1079 4913 est
1103 4856 1296 4928 quibus
1323 4856 1464 4928 ueris
1489 4853 1881 4928 audiendiseos
1900 4856 2078 4928 minus

480 4924 690 4983 idoneos
708 4932 1002 4998 judicavit.
1026 4924 1147 4983 Non
1164 4935 1247 4983 est
1260 4927 1429 4998 igitur
1443 4924 1728 4998 austeritas
1742 4924 1866 4998 vitae
1885 4926 2077 4998 (quam

483 5001 572 5054 hic
596 4994 766 5053 abbas
795 5008 948 5052 vocat
974 4994 1387 5059 continentiam)
1409 4996 1693 5052 mendacio
1714 4994 1961 5059 celanda,
1982 4996 2078 5052 sed

481 5071 561 5126 vel
585 5068 803 5125 silentio
828 5076 925 5123 aut
940 5068 1119 5138 aliqua
1142 5066 1436 5138 verborum
1451 5066 1802 5138 ambiguitate
1821 5067 2074 5138 tegenda,

480 5143 586 5210 vel,
617 5141 709 5197 ubi
735 5139 971 5211 expedit,
1013 5136 1083 5194 ad
1113 5137 1213 5211 D_ei
1249 5136 1512 5211 gloriam,
1538 5136 1647 5193 non
1684 5136 1982 5211 propriam.
2010 5138 2079 5211 ῃ.

480 5206 608 5269 bere
634 5206 939 5290 proﬁtenda
974 5226 989 5263 :
1022 5206 1287 5290 quodqui
1339 5206 1510 5290 fa_cit,_
1531 5224 1643 5290 non
1684 5206 1874 5290 utique
1903 5206 2080 5290 perdit

481 5278 794 5342 mercedem
841 5278 1136 5364 suam,j_ut
1176 5278 1266 5336 hic
1294 5279 1437 5336 male
1497 5279 1902 5350 interpretatur.
1944 5278 2079 5334 Vide

480 5365 814 5458 “2“323‘152.
827 5360 1259 5458 ξιλξειξεῑειηξξῑκ

597 5430 712 5484 Non
733 5431 816 5483 ita
843 5432 1036 5487 tamen,
1062 5428 1123 5479 ut
1141 5425 1271 5479 dum
1295 5425 1509 5477 cavetur
1524 5421 1863 5489 arrogantia,
1878 5422 2077 5477 veritas

481 5499 841 5566 relinquatur,
873 5497 947 5553 ait
975 5498 1044 5551 D.
1077 5494 1417 5567 Augustinus
1462 5492 1666 5567 (Tract.
1697 5495 1765 5547 43
1802 5495 1858 5547 in
1882 5494 2074 5549 Joann.

483 5582 601 5649 cap.
630 5563 726 5649 in).
759 5572 828 5623 Et
842 5572 919 5649 Δ1).
955 5563 1261 5649 Gregorius
1295 5563 1766 5649 xavorﬁoralium
1786 5583 1811 5649 ε
1855 5567 2073 5620 Incaute

483 5634 714 5693 humiles
731 5643 875 5701 sunt,
898 5641 995 5708 qui
1022 5634 1378 5695 se'mendacio
1406 5636 1734 5708 illaqueant,
1766 5634 1895 5690 dum
1920 5650 2077 5690 arro—

481 5710 726 5778 gantiam
751 5702 927 5761 vitant
944 5711 1135 5762 :immc
1154 5708 1452 5778 mentime
1471 5702 1801 5778 superbiant,
1819 5708 1950 5778 quia
1968 5720 2079 5778 con-

484 5774 570 5836 tra
592 5774 873 5835 veritatem
897 5791 952 5831 se
980 5774 1215 5843 erigunt,
1245 5784 1408 5847 quam
1447 5774 1772 5845 relinquunt.
1804 5774 1911 5841 Qui
1936 5777 2078 5830 enim

2177 4288 2483 4342 necessitate
2516 4287 2745 4353 cogente,
2788 4296 2913 4337 vera
2955 4280 3021 4336 de
3048 4295 3102 4336 se
3152 4280 3289 4334 bona
3334 4278 3598 4353 loquitur,
3613 4278 3781 4353 tanta

2176 4361 2354 4426 magis
2372 4348 2677 4411 humilitati
2679 4348 2952 4426 jungitur,
2969 4356 3175 4426 quanto
3192 4356 3243 4426 et
3269 4350 3503 4426 scutati
3517 4348 3776 4426 sociatur.

2178 4418 2499 4485 AnvPaulus
2524 4418 2743 4480 Immitis
2766 4418 3018 4491 nonfuit,
3042 4422 3261 4492 quando
3286 4418 3781 4492 mulationeeeri-

2180 4501 2311 4553 tatis
2338 4503 2523 4553 contra
2540 4497 2708 4563 falsos
2731 4489 2995 4566 apostolos
3025 4489 3102 4547 tot
3126 4493 3194 4547 de
3221 4508 3277 4566 se
3304 4491 3597 4566 discipulis
3605 4489 3779 4566 fortia

2178 4560 2583 4639 gestanarrauit
2591 4568 2728 4635 ?Qui
2736 4560 2997 4622 nimirum
3004 4560 3489 4639 veritatiinimicus
3506 4560 3774 4625 cra-istam,

2180 4634 2230 4695 si
2241 4638 2601 4696 abscondendo
2618 4634 2842 4703 uirtutes
2856 4637 3128 4709 proprias,
3145 4634 3521 4709 medicam
3532 4644 3777 4709 murum

2177 4711 2466 4783 praevalere
2488 4710 2818 4783 permisisset
2846 4703 3012 4783 (Vide
3039 4703 3335 4764 Climacum
3362 4703 3530 4783 gradu
3562 4703 3673 4783 1});

2256 4792 2277 4817 ο
2305 4767 2702 4837 ιωωᾶωυιω
2720 4767 3003 4835 fatendum
3028 4786 3111 4832 est
3136 4767 3442 4847 numquam
3461 4767 3777 4847 inevitabile

2186 4868 2303 4909 esse
2339 4850 2707 4907 mendacium.
2735 4850 2821 4907 0b
2856 4848 2954 4904 has
2999 4863 3127 4903 vero
3154 4856 3212 4903 et
3238 4840 3442 4903 similes
3484 4840 3783 4900 sententias

2186 4938 2441 4994 erroneas
2462 4931 2518 4977 et
2547 4921 2845 4994 paradoxas
2872 4919 2931 4975 in
2950 4919 3068 4994 hac
3103 4917 3397 4994 collatione
3421 4913 3782 4994 βροτείῳ-κλέα

2184 4992 2382 5050 alicubi
2429 4993 2510 5064 (In
2534 4984 2639 5048 oet.
2668 4992 2784 5047 cod.
2814 4989 2967 5064 mss.)
3007 4989 3149 5064 hanc
3169 4984 3527 5064 collationem
3572 4984 3782 5064 abbatis

2184 5056 2568 5137 Josephi,'_una
2597 5079 2725 5119 cum
2746 5056 3040 5137 collatione
3067 5060 3276 5137 decima
3296 5058 3483 5137 tertia,
3501 5070 3679 5137 quam
3703 5056 3778 5135 1).

2185 5124 2431 5208 Prosper
2447 5133 2814 5208 impugnavit,
2835 5149 2867 5189 a
2882 5132 3136 5208 facultate
3166 5128 3473 5203 theologica
3501 5124 3782 5186 P'an'siensi

2187 5205 2691 5285 fuisseudamnatam
2722 5206 3211 5285 atqueexplosam.

2255 5279 2283 5314 ἀ
2314 5276 2458 5349 Ille,_
2484 5277 2637 5349 cujus
2675 5283 2759 5331 est
2796 5267 3023 5349 'collatio
3076 5267 3785 5349 quae_sequitur,_decima

2184 5355 2397 5415 octava,
2424 5339 2494 5404 de
2521 5339 2699 5419 tribus
2710 5347 3002 5419 generibus
3025 5339 3421 5400 mcnachorum
3456 5360 3471 5397 :
3504 5339 3601 5396 ubi
3630 5339 3785 5412 plura

2185 5420 2253 5476 de
2277 5420 2473 5475 eodem
2500 5417 2757 5474 notanda.

2255 5492 2280 5574 ξ
2308 5486 2587 5574 Ειιίχοζωῐι
2615 5488 2784 5574 plane.
2802 5494 3214 5574 argumentum,
3240 5493 3303 5542 ut
3324 5481 3625 5574 meritoIait
3647 5480 3793 5574 Guy-

2183 5561 2357 5644 chius.
2380 5561 2519 5644 Quis
2544 5551 2691 5644 enim
2729 5551 2934 5618 dimi-it
2975 5551 3348 5644 mentirier!!!
3381 5553 3674 5644 guijde‘se
3697 5551 3789 5644 l9;

2184 5621 2467 5713 quitnr’in
2493 5630 2652 5713 tertia
2697 5644 2951 5713 pergpua,
2997 5629 3044 5706 si
3095 5624 3227 5685 nihil
3273 5621 3791 5713 admisceat?

2367 5702 2631 5778 mentitus
2667 5688 2750 5757 est
2776 5688 3059 5778 Christus3
3097 5697 3332 5778 quapdq
3366 5695 3569 5778 dixi‘t‘:

2185 5741 3059 5842 mutummutum
3082 5741 3792 5838 sumserunt:
