4014 6202
475 276 610 330 1070

1551 270 1830 327 JOANNIS
1866 269 2168 326 CASSIANI
2208 270 2697 328 COLLATIONES.

3632 268 3758 322 1080

470 398 798 457 testimoniis
837 399 1113 473 copiosius
1152 398 1482 477 edooemur,
1530 395 1729 469 quibus
1774 398 1856 453 vel
1915 398 2067 454 viros
2093 402 2147 464 Α
2174 406 2443 455 statutum
2467 407 2679 454 mutare
2706 411 3046 463 sermonem,
3067 396 3208 451 sicut
3230 393 3511 465 Scriptura
3538 392 3753 465 subjun-

470 502 712 564 sanctos,
733 494 815 549 vel
841 494 1078 567 angelos,
1097 493 1181 548 vel
1207 494 1389 564 ipsum
1410 492 1840 564 omnipotentem
1866 493 2065 560 Deum,

471 602 531 644 ea
584 604 707 661 quae
751 586 1078 645 deﬁnierunt
1117 585 1424 658 frequenter
1455 584 1687 657 legimus
1723 585 2062 641 immutasse.

469 684 615 737 Nam
657 679 853 736 beatus
889 689 915 715 ⁸
944 679 1124 736 David
1181 694 1307 735 cum
1350 678 1705 751 jurisjurandi
1751 677 2067 734 deﬁnitione

470 776 727 845 decrevit,
758 775 941 853 dicens
972 796 985 832 :
1017 779 1142 832 Haec
1166 778 1337 844 faciat
1368 781 1508 832 Deus
1537 778 1768 830 inimicis
1794 776 1987 841 David,
2019 781 2069 830 et

471 871 581 924 hac
607 870 800 933 addat,
824 872 875 925 si
902 872 1168 940 reliquero
1197 871 1262 925 de
1282 871 1523 924 omnibus
1553 886 1671 940 quae
1690 871 1962 939 pertinent
1996 869 2069 923 ad

467 964 643 1023 Nabal
653 980 989 1035 usquemane
1000 967 1325 1033 mingentem
1343 964 1416 1017 ad
1422 966 1683 1033 parietem
1697 962 1739 1031 (Ι
1757 964 2065 1030 Reg.xxv).

469 1059 544 1113 Et
568 1058 835 1115 continuo
872 1057 1237 1114 intercedente
1270 1055 1481 1128 Abigail
1518 1068 1685 1110 uxore
1710 1055 1850 1127 ejus,
1886 1070 1949 1110 ac
1974 1070 2069 1126 pro

471 1150 665 1207 eodem
712 1150 1076 1222 supplicante,
1107 1148 1335 1204 remittit
1378 1148 1580 1215 minas,
1627 1146 1804 1203 mollit
1849 1155 2065 1202 senten-

469 1244 636 1314 tiam,
690 1251 747 1298 et
811 1242 1020 1297 mavult
1081 1251 1451 1312 transgressor
1521 1239 1781 1311 propositi
1835 1239 2066 1311 judicari

469 1350 635 1408 quam
659 1335 982 1391 sacramenti
1013 1334 1097 1390 sui
1132 1334 1296 1389 ﬁdem
1327 1347 1454 1388 cum
1480 1331 1818 1388 crudelitatis
1842 1347 2067 1389 exsecu-

468 1429 617 1485 tione
639 1443 878 1497 servare,
916 1427 1139 1484 dicens:
1168 1429 1319 1484 Vicit
1343 1429 1620 1488 Dominus,
1652 1427 1761 1479 nisi
1788 1428 1890 1479 cito
1907 1428 2070 1479 verus-

468 1538 549 1579 ses
576 1527 634 1577 in
670 1537 944 1578 occursum
983 1522 1142 1584 mihi,
1177 1536 1283 1575 non
1311 1522 1654 1575 remansisset
1682 1519 1857 1576 Nabal
1896 1533 2063 1589 usque

467 1620 542 1674 ad
563 1620 728 1674 lucem
751 1621 1080 1673 matutinum
1098 1620 1337 1686 mingens
1359 1617 1432 1670 ad
1448 1618 1708 1686 parietem
1730 1615 1934 1685 (Ibid.).
1965 1615 2065 1670 Cu-

458 1714 553 1787 jus
604 1714 745 1770 sicut
796 1714 946 1769 illam
991 1712 1284 1785 praecipitis
1340 1710 1667 1767 sacramenti
1723 1707 2059 1771 facilitatem,

2175 492 2250 567 git
2277 512 2288 546 :
2308 497 2378 549 Et
2394 496 2561 562 coegit
2579 509 2661 548 eos
2679 497 2791 560 Lot,
2815 497 2865 546 et
2878 492 3206 546 disertorum
3220 490 3420 544 adem
3437 488 3591 558 (Gen.
3613 489 3759 559 xu).

2176 586 2281 654 Qui
2325 585 2516 658 utique
2557 586 2600 641 si
2643 585 2953 642 diversuros
2979 600 3038 639 se
3065 582 3132 639 ad
3160 598 3286 638 eum
3315 597 3434 638 esse
3480 592 3759 649 noverant,

2176 678 2455 735 invitantis
2487 678 2803 750 petitionem
2840 675 3176 734 simulatoria
3204 674 3553 731 excusatione
3590 690 3762 733 renue-

2172 780 2302 828 runt
2339 793 2351 828 :
2411 773 2495 828 sin
2547 781 2729 828 autem
2784 771 3040 828 veraciter
3089 768 3452 835 excusabant,
3502 768 3763 826 evidenter

2178 869 2496 924 immutasse
2532 868 2854 923 sententiam
2904 865 3357 937 comprobantur.
3404 866 3545 933 Qum
3591 864 3761 937 utique

2176 978 2287 1017 non
2331 962 2398 1017 ab
2436 963 2600 1017 aliam
2645 961 2927 1019 credimus
2961 974 3183 1016 causam
3220 959 3484 1029 Spiritum
3522 968 3762 1017 sanctum

2176 1056 2345 1112 sacris
2382 1055 2751 1111 voluminibus
2774 1053 3056 1120 indidisse,
3082 1053 3183 1109 nisi
3210 1061 3276 1108 ut
3302 1053 3416 1109 istis
3458 1053 3761 1111 erudiamur

2175 1148 2442 1220 exemplis
2491 1148 2545 1202 in
2586 1147 2994 1204 deﬁnitionibus
3032 1146 3236 1203 nostris
3278 1161 3389 1202 non
3432 1147 3760 1218 pertinaciter

2174 1256 2514 1314 permanere,
2539 1240 2636 1297 sed
2662 1256 2755 1297 eas
2791 1241 3015 1297 arbitrio
3038 1249 3230 1296 nostro
3257 1239 3459 1297 debere
3484 1241 3760 1313 subjicere,

2174 1344 2229 1392 et
2260 1336 2333 1390 ita
2364 1334 2627 1407 judicium
2655 1343 2907 1391 nostrum
2939 1332 3008 1389 ab
3038 1334 3193 1390 omni
3229 1334 3364 1405 legis
3401 1334 3619 1391 vinculo
3650 1336 3765 1394 libe-

2174 1444 2299 1485 rum
2342 1444 2694 1497 conservare,
2731 1436 2797 1485 ut
2826 1438 3143 1501 promptum
3195 1429 3270 1484 sit
3317 1427 3388 1485 ad
3436 1430 3763 1501 sequendum

2171 1537 2523 1595 quocumque
2558 1522 2833 1579 vocaverit
2868 1522 3090 1579 salubre
3130 1522 3444 1590 consilium,
3478 1538 3582 1579 nec
3624 1523 3767 1581 diffe-

2170 1625 2255 1672 rat
2282 1622 2378 1671 aut
2408 1620 2621 1671 recuset
2646 1614 2716 1670 ad
2748 1614 2805 1671 id
2835 1614 2985 1688 quod
3027 1615 3214 1672 utilius
3246 1614 3501 1672 discretio
3532 1617 3765 1675 salutaris

2171 1710 2436 1766 invenerit
2470 1710 2677 1782 absque
2706 1709 2812 1766 ulla
2849 1710 3191 1766 cunctatione
3240 1710 3494 1766 transire.
3523 1712 3596 1766 Et
3621 1721 3679 1766 ut
3703 1710 3763 1769 ad

467 1820 595 1878 quae
619 1806 688 1863 de
714 1807 1043 1880 perturbatae
1071 1806 1267 1861 mentis
1291 1805 1659 1862 commotione
1687 1803 2060 1871 descenderat,
2090 1796 2140 1860 B
2166 1805 2484 1862 sublimiora
2515 1804 2695 1862 adhuc
2726 1804 3087 1860 ascendamus
3128 1805 3375 1876 exempla
3398 1844 3414 1871 ,
3446 1803 3765 1860 decumben-

467 1915 817 1975 nequaquam
855 1901 1174 1958 imitandam
1204 1916 1321 1957 esse
1350 1914 1637 1956 censemus
1659 1941 1673 1967 ,
1700 1899 1775 1953 ita
1805 1898 2068 1954 remissio-

467 2011 598 2053 nem
620 2005 783 2068 atque
809 1994 1247 2052 emendationem
1278 1994 1467 2050 statuti
1502 1992 1816 2049 sectandam
1837 2006 1953 2047 esse
1976 1991 2070 2048 de-

467 2090 760 2147 cernimus.
800 2090 1091 2146 Electionis
1132 2091 1241 2143 Vas
1283 2086 1579 2144 Corinthiis
1616 2084 1889 2149 scribens,
1928 2084 2069 2140 redi-

468 2191 589 2238 tum
636 2198 799 2238 suum
844 2182 1091 2237 absoluta
1127 2179 1444 2235 deﬁnitione
1486 2177 1785 2249 promittit,
1832 2176 2063 2235 dicens:

475 2278 708 2333 Veniam
740 2281 922 2331 autem
948 2276 1023 2330 ad
1048 2289 1137 2328 vos
1153 2289 1272 2328 cum
1292 2273 1661 2329 Macedoniam
1683 2275 2064 2342 pertransiero.

469 2368 835 2424 Macedoniam
873 2368 1016 2421 enim
1039 2366 1410 2437 pertransibo,
1437 2366 1586 2436 apud
1612 2380 1704 2420 vos
1735 2370 1914 2421 autem
1949 2382 2069 2420 ma-

466 2462 618 2525 nebo,
641 2461 728 2516 vel
754 2463 918 2517 etiam
944 2461 1206 2523 hiemabo,
1227 2464 1292 2515 ut
1307 2475 1399 2515 vos
1410 2476 1495 2514 me
1511 2460 1790 2515 deducatis
1812 2475 2064 2529 quocum-

468 2572 569 2627 que
594 2558 725 2611 iero.
746 2558 877 2613 Nolo
902 2557 1047 2611 enim
1064 2568 1155 2609 vos
1183 2555 1340 2609 modo
1358 2556 1419 2608 in
1440 2555 1681 2609 trans-itu
1692 2553 1894 2617 videre,
1914 2567 2066 2622 spero

469 2653 611 2706 enim
639 2666 722 2706 me
762 2651 1048 2721 aliquanto
1072 2652 1306 2718 tempore
1340 2662 1556 2703 manere
1583 2647 1733 2718 apud
1754 2661 1842 2701 vos
1874 2648 1918 2712 (ι
1945 2647 2065 2702 Cor.

467 2746 624 2814 XVI).
651 2744 818 2817 Cujus
846 2743 921 2800 rei
946 2742 1111 2799 etiam
1138 2741 1195 2797 in
1222 2735 1732 2811 secunda'lipistola
1762 2739 1833 2794 ita
1864 2738 2069 2794 memi—

468 2839 588 2894 nit:
619 2842 690 2895 Et
717 2840 817 2894 hac
843 2838 1165 2907 conﬁdentia
1198 2838 1348 2891 volui
1376 2837 1534 2905 prius
1565 2837 1744 2888 uenire
1775 2834 1848 2887 ad
1877 2849 1987 2895 vos,
2008 2837 2069 2886 ut

470 2933 760 2987 secundam
786 2934 1027 3001 gratiam
1051 2929 1333 2991 haberetis,
1357 2933 1407 2981 et
1436 2942 1535 2997 per
1559 2942 1648 2980 vos
1689 2927 1973 2980 transirem
2010 2927 2069 2979 in

471 3026 864 3087 Macedoniam,
887 3027 940 3077 et
960 3026 1157 3077 iterum
1179 3037 1214 3074 a
1232 3020 1549 3076 Macedonia
1583 3021 1767 3072 venire
1786 3018 1861 3071 ad
1880 3032 1992 3081 vos,
2018 3022 2071 3072 et

470 3132 506 3170 a
540 3116 688 3170 vobis
714 3116 910 3170 deduci
941 3117 1003 3168 in
1026 3114 1269 3169 Judazam
1298 3114 1369 3181 (ll
1406 3112 1525 3167 Cor.
1552 3111 1620 3179 ι).
1659 3109 1767 3167 Sed
1808 3126 2067 3182 superve-

2175 1909 2290 1956 tem
2330 1899 2386 1954 in
2414 1899 2554 1955 lecto
2592 1914 2775 1971 regem
2805 1898 3131 1973 Ezechiam,
3158 1898 3419 1971 gravique
3449 1896 3764 1970 aegritudine

2175 1992 2533 2061 laborantem,
2555 2008 2619 2046 ex
2650 2006 2882 2062 persona
2913 1991 3007 2046 Dei
3048 1991 3216 2047 Isaias
3238 1990 3499 2063 propheta
3539 1988 3765 2046 adorsus

2176 2094 2280 2149 est,
2302 2085 2490 2142 dicens
2522 2102 2535 2139 :
2561 2089 2683 2141 Πιεο
2706 2086 2838 2139 dicit
2875 2088 3155 2148 Dominus,
3184 2087 3418 2155 Dispone
3441 2085 3627 2140 domui
3645 2089 3767 2152 title,

2176 2183 2311 2249 quia
2344 2181 2591 2234 morieris
2629 2183 2689 2233 tu
2716 2184 2767 2233 et
2793 2194 2898 2232 non
2926 2182 3088 2234 vives.
3132 2182 3204 2234 Et
3251 2180 3531 2240 convertit,
3580 2177 3764 2249 inquit,

2175 2275 2431 2330 Ezechias
2454 2274 2647 2341 faciem
2665 2287 2821 2327 suam
2847 2273 2921 2327 ad
2934 2273 3223 2343 parietem,
3243 2276 3295 2326 et
3322 2273 3496 2326 orauit
3510 2271 3587 2325 ad
3608 2272 3767 2328 Domi-

2173 2383 2324 2429 num,
2357 2371 2409 2420 et
2447 2367 2592 2421 dicit
2629 2384 2645 2419 :
2681 2367 2929 2430 Obsecro,
2968 2367 3209 2428 Domine,
3247 2369 3509 2419 memento
3524 2405 3539 2431 ,
3576 2378 3761 2433 quaso,

2174 2462 2430 2533 quomodo
2465 2461 2857 2516 ambulaverim
2892 2476 3074 2515 coram
3101 2464 3150 2515 te
3184 2460 3244 2513 in
3267 2461 3519 2525 ueritate,
3541 2464 3590 2512 et
3615 2457 3764 2512 corde

2168 2560 2429 2628 perfecto,
2469 2560 2523 2611 et
2545 2556 2690 2626 quod
2717 2557 2910 2610 bonum
2932 2560 3010 2611 est
3037 2557 3093 2609 in
3123 2555 3286 2609 corllas
3311 2556 3427 2609 tuis
3442 2555 3679 2621 fecerim.
3702 2555 3767 2607 Et

2174 2655 2317 2723 ﬂevit
2341 2653 2595 2709 Ezechias
2618 2654 2746 2721 ﬂetu
2768 2667 2968 2720 magno
2984 2652 3160 2718 (Isaia
3179 2651 3476 2720 xxxvm).
3506 2651 3636 2705 Post
3655 2665 3769 2721 qua!

2174 2762 2363 2803 rursus
2392 2747 2592 2804 dicitur
2616 2745 2683 2802 ad
2708 2746 2965 2802 eumdem
2994 2763 3008 2800 :
3046 2750 3323 2803 Reum-tere
3349 2749 3401 2800 et
3423 2745 3512 2799 dic
3531 2745 3769 2799 Ezechia

2176 2845 2295 2909 regi
2333 2842 2494 2902 Juda,
2536 2841 2717 2895 dicens
2743 2858 2762 2893 :
2799 2842 2923 2895 Haec
2953 2841 3086 2895 dicit
3126 2842 3385 2896 Dominus
3426 2841 3564 2893 Deus
3602 2838 3773 2895 Βανιὶί

2168 2935 2347 3006 patris
2365 2935 2485 2987 tui:
2514 2934 2726 2990 Λιιιίἰυί
2741 2936 3031 2989 orationem
3057 2938 3229 3001 tuam,
3252 2938 3307 2988 et
3332 2933 3452 2988 vidi
3478 2934 3770 3002 lacrymam

2176 3032 2349 3093 tuam,
2380 3031 2431 3081 et
2456 3043 2564 3082 ecce
2589 3026 2848 3098 adjiciam
2879 3043 3040 3098 super
3059 3028 3179 3083 dies
3203 3032 3322 3083 tuos
3348 3028 3664 3097 quindecim
3688 3044 3771 3081 an

2175 3135 2291 3184 nos,
2323 3126 2374 3175 et
2410 3121 2476 3175 de
2495 3137 2661 3176 manu
2684 3125 2830 3190 regis
2848 3122 3203 3191 Assyriorum
3227 3122 3466 3177 liberabo
3494 3128 3566 3185 te,
3591 3128 3642 3177 et
3660 3124 3774 3176 civi-

470 3209 658 3263 niente
706 3206 1005 3264 salubriore
1060 3205 1302 3270 consilio,
1334 3218 1681 3276 nequaquam
1725 3219 1784 3260 se
1825 3205 1882 3260 id
1920 3204 2066 3275 quod
2101 3202 2145 3265 C
2178 3218 2343 3270 tatem
2376 3216 2511 3270 hanc
2541 3221 2825 3286 protegam
2844 3220 3070 3287 propter
3107 3232 3210 3280 me,
3249 3221 3304 3271 ει
3338 3220 3563 3287 μορίαν
3601 3215 3774 3271 Πανία

471 3301 796 3376 promiserat
826 3311 1146 3359 exsecutum
1171 3298 1573 3356 evidentissime
1600 3298 1910 3356 conﬁtetur.
1939 3300 2070 3357 Cum

472 3398 586 3467 hoc,
616 3396 816 3471 inquit,
846 3398 1147 3460 voluissem,
1177 3395 1447 3466 numquid
1493 3396 1710 3451 levitate
1746 3410 1876 3450 usus
1912 3397 2071 3450 sum?

471 3495 585 3549 Aut
612 3509 735 3563 qua:
757 3495 950 3561 cogito,
976 3492 1263 3546 secundum
1286 3505 1497 3544 carnem
1516 3492 1708 3559 cegito,
1740 3495 1804 3545 ut
1820 3492 1895 3544 sit
1921 3489 2071 3560 apud

471 3601 555 3639 me
589 3590 740 3639 estet
778 3601 885 3639 non
919 3586 1159 3652 (Ibid)?
1206 3584 1451 3655 Denique
1478 3600 1577 3640 cur
1603 3584 1857 3640 maluerit
1886 3584 2071 3641 deﬁni-

470 3677 680 3734 tionem
703 3680 787 3734 sui
834 3679 1112 3749 prmterire
1152 3678 1445 3745 sermonis,
1483 3693 1647 3749 quam
1685 3678 1917 3735 adventu
1966 3693 2068 3735 suo

474 3786 764 3829 onerosam
785 3771 1065 3845 discipulis
1082 3770 1284 3827 inferre
1308 3770 1614 3839 tristitiam,
1643 3771 1809 3827 etiam
1832 3788 1962 3828 cum
1982 3788 2068 3829 sa-

472 3867 734 3923 cramenti
746 3867 1110 3924 obtestatione
1124 3866 1389 3923 declarat:
1402 3869 1515 3935 Ego
1524 3870 1702 3921 autem
1714 3871 1893 3921 testem
1904 3872 2071 3923 Deum

471 3964 653 4017 invoco
674 3964 732 4016 in
752 3964 995 4019 animam
1008 3977 1201 4029 meam,
1225 3962 1370 4031 quod
1382 3976 1606 4031 parcens
1628 3961 1795 4024 vobis,
1817 3977 1922 4017 non
1948 3965 2074 4017 veni

473 4056 806 4112 Corinthum.
828 4055 1162 4111 Statuienim
1184 4055 1278 4130 hoc
1300 4056 1476 4127 ipsum
1495 4056 1644 4124 apud
1670 4070 1771 4117 me,
1785 4070 1851 4109 ne
1878 4057 2072 4110 iterum

470 4153 530 4205 in
550 4153 779 4219 tristitia
805 4153 1043 4207 venirem
1071 4152 1341 4220 advos(ll
1369 4151 1486 4207 Cor.
1521 4149 1586 4221 ι).
1617 4151 1756 4207 Cum
1775 4153 2072 4207 intraturos

474 4260 531 4300 se
558 4245 792 4303 domum
831 4248 944 4302 Lot
970 4244 1226 4302 Sodomis
1261 4244 1440 4317 angeli
1479 4244 1858 4317 denegassent,
1889 4245 2070 4301 dicen-

473 4345 558 4392 tes
587 4337 655 4392 ad
680 4353 828 4401 eum,
859 4331 1018 4396 bNon
1040 4338 1391 4405 intrabimus,
1422 4338 1516 4392 sed
1536 4340 1594 4391 in
1612 4338 1795 4408 platea
1826 4341 2072 4394 manebi-

472 4444 590 4506 mus
617 4434 773 4499 (Gen.
804 4432 958 4499 XIX),
974 4430 1234 4486 continuo
1251 4430 1370 4502 ejus
1395 4430 1646 4503 precibus
1670 4432 2073 4504 compelluntur

2176 3323 2385 3363 servum
2422 3325 2599 3363 meum
2628 3310 2834 3378 (Ibid)
2879 3308 3020 3380 Quid
3058 3307 3359 3366 evidentius
3399 3308 3503 3364 hoc
3527 3307 3775 3363 testimo-

2176 3403 2291 3470 nio,
2330 3418 2439 3475 quo
2476 3402 2867 3460 misericordiae
2911 3418 2975 3459 ac
3017 3402 3235 3476 pietatis
3286 3402 3491 3459 intuitu
3517 3400 3543 3429 °
3566 3400 3776 3457 mavult

2175 3494 2447 3550 Dominus
2475 3510 2639 3552 suum
2663 3511 2872 3553 cessare
2897 3510 3210 3552 sermonem
3231 3539 3248 3565 ,
3282 3504 3337 3552 et
3360 3497 3429 3552 ad
3457 3497 3774 3568 praestituta!

2179 3587 2373 3654 mortis
2419 3587 2683 3644 terminos
2734 3587 3045 3661 quindecim
3085 3588 3246 3644 annis
3294 3588 3462 3645 vitam
3507 3588 3777 3661 precantis

2176 3680 2489 3747 extendere,
2546 3695 2714 3753 quam
2766 3696 2862 3752 per
2934 3681 3373 3737 immobilitatem
3418 3681 3629 3737 decreti
3689 3679 3776 3736 sui

2177 3772 2520 3829 inexorabilis
2567 3775 2835 3832 inveniri?
2887 3775 3148 3831 Similiter
3189 3776 3347 3830 etiam
3404 3774 3652 3843 loquitur
3698 3772 3773 3828 ad

2176 3865 2449 3922 Ninivitas
2471 3882 2697 3923 censura
2731 3868 2913 3924 divina
2944 3887 2956 3923 :
2990 3870 3185 3925 Adhuc
3219 3867 3453 3921 triduum
3483 3871 3533 3920 et
3567 3867 3771 3923 Niniue

2175 3960 2509 4025 subvertetur
2528 3964 2691 4027 (Ionia
2715 3961 2829 4033 ni).
2861 3964 3107 4035 Moxque
3130 3960 3437 4035 paenitentia
3465 3975 3658 4016 eorum
3680 3959 3778 4031 je-

2170 4054 2451 4127 juniisque
2492 4056 2742 4112 mollitur
2784 4065 2897 4112 tam
2928 4057 3115 4112 minax
3142 4064 3199 4112 et
3223 4056 3459 4126 abrupta
3486 4053 3779 4119 sententia,

2182 4159 2346 4222 atque
2383 4150 2449 4207 ad
2480 4159 2693 4224 partem
2723 4151 3110 4209 misericordiae
3148 4165 3318 4224 prona
3360 4151 3565 4222 pietate
3603 4149 3781 4206 deﬁeb

2180 4246 2360 4303 ctitur.
2412 4245 2575 4318 Quod
2608 4246 2652 4302 si
2697 4245 2845 4316 quis,
2888 4247 3036 4302 velut
3081 4245 3374 4318 prazscium
3410 4243 3783 4301 conversionis

2180 4355 2397 4408 eorum,
2426 4339 2832 4395 ubversionem
2873 4339 3102 4395 civitatis
3130 4338 3200 4395 ad
3234 4338 3341 4394 hoc
3372 4338 3451 4394 eis
3475 4337 3785 4395 Dominum

2180 4440 2391 4490 asserat
2412 4433 2833 4503 comminatum,
2865 4443 2925 4492 ut
2952 4449 3047 4491 eos
3074 4432 3143 4490 ad
3166 4433 3466 4490 salutarem
3503 4431 3783 4506 poeniten-

1560 4584 1818 4639 ALARDI
1855 4585 2085 4642 GAZEI
2123 4587 2682 4644 COMMENTARIUS.

542 4721 567 4751 ³
596 4720 688 4789 De
711 4716 816 4772 hoc
845 4715 1074 4789 Davidis
1087 4714 1398 4786 juramento
1422 4722 1626 4789 temere
1652 4711 1814 4780 facto,
1844 4713 2068 4789 ejusque
2095 4720 2146 4782 D
2179 4714 2329 4771 abest
2357 4716 2490 4787 quin
2524 4725 2579 4772 et
2621 4718 2803 4773 Deum
2841 4716 3032 4789 ipsum
3057 4716 3256 4789 doceat
3284 4731 3401 4772 esse
3425 4712 3773 4789 mendacem.

471 4788 675 4845 salubri
716 4788 1054 4844 correctione
1083 4785 1135 4842 et
1177 4788 1557 4843 retractatione
1587 4785 1704 4842 haec
1731 4786 2068 4858 Augustinus

470 4860 613 4915 libro
651 4874 795 4930 saepe
819 4860 988 4915 citato
1021 4860 1185 4929 (Cant.
1214 4859 1461 4930 mendae.
1496 4874 1542 4912 c.
1564 4861 1615 4929 9)
1643 4878 1655 4914 :
1685 4860 1775 4915 An
1810 4860 1938 4927 quia
1964 4859 2069 4928 ju-

472 4932 619 4982 ravit
641 4929 817 4983 Dauid
839 4947 893 4984 se
916 4933 1211 4984 occisurum
1233 4945 1342 4985 esse
1364 4929 1559 4992 Nabal,
1598 4934 1649 4985 et
1685 4930 1931 4985 clementi
1954 4944 2066 4983 con-

470 4998 799 5070 sideratione
826 5016 932 5053 non
952 5002 1103 5067 fecit,
1126 5007 1415 5070 propterea
1439 5002 1592 5055 illum
1616 5002 1944 5056 imitandum
1959 5014 2066 5055 esse

473 5069 727 5133 dicemus,
752 5073 826 5153 _ut
846 5074 1060 5153 temere
1079 5069 1343 5153 juremis
1359 5087 1454 5153 nos
1489 5087 1596 5153 esse
1623 5075 1887 5153 (acturos,
1924 5071 2067 5142 quod

468 5157 718 5274 ﬁnisse
738 5141 1050 5211 faciendum
1072 5146 1260 5213 postea
1285 5142 1598 5198 videamus?
1625 5143 1792 5213 Quasi
1821 5141 2062 5199 diceret:

557 5231 602 5273 ει
633 5258 647 5271 .

557 5214 647 5273 sit.

535 5289 563 5324 ³³
604 5288 768 5344 Putat
814 5285 904 5343 hic
951 5283 1118 5340 abbas
1159 5282 1552 5355 angelosiusos
1597 5283 1943 5338 simulatione
1980 5282 2063 5338 vel

468 5367 708 5414 mutasse
750 5357 1099 5416 sententiam.
1131 5354 1253 5411 Sed
1288 5354 1624 5426 probabilius
1657 5362 1739 5409 est
1779 5355 1930 5426 quod
1967 5355 2063 5426 alii

467 5431 683 5493 (lucent,
713 5438 932 5506 tanth
970 5443 1194 5555 negasse
1228 5424 1303 5481 se'
1330 5427 1667 5507 ingressurus
1705 5424 1884 5509 prima
1929 5425 2058 5492 vice,

470 5507 527 5551 ut
548 5501 761 5555 dicitur.
786 5502 839 5555 id
861 5512 963 5555 est.
993 5516 1021 5555 a
1089 5501 1323 5555 primam
1346 5497 1487 5552 hanc
1511 5505 1919 5555 mutationem:
1948 5513 2058 5553 non

470 5507 527 5551 ut
548 5501 761 5565 dicitur,
786 5502 839 5557 id
861 5512 963 5564 est,
993 5496 1069 5555 ad
1089 5501 1323 5571 primam
1346 5496 1487 5552 hanc
1511 5496 1919 5571 invitationem;
1948 5513 2063 5553 non

467 5584 613 5635 vero,
638 5572 680 5641 si
707 5573 942 5641 amplius
981 5567 1322 5641 urgerentur.
1349 5571 1432 5625 Ita
1466 5567 1773 5641 Cajetanus.

537 5592 613 5635 r0,
638 5592 680 5622 SI
707 5592 942 5641 amplius
981 5592 1048 5625 ur
1063 5592 1322 5625 πει-01111112
1352 5592 1432 5625 ιω
1466 5592 1773 5641 υδῃειδιωδ.

537 5648 558 5673 ε
597 5639 885 5711 Nihilnon
924 5643 1035 5711 agit
1050 5592 1154 5696 ιῖιὶρ
1188 5641 1390 5707 abbas,
1422 5649 1483 5696 ut
1513 5641 1797 5697 mendacio
1827 5639 2061 5711 patroci-

464 5711 617 5766 nium
651 5708 1033 5782 undecumque
1074 5720 1333 5766 accersat.
1382 5714 1574 5782 ltaque
1618 5727 1729 5765 non
1770 5708 2062 5765 contentus

466 5784 730 5838 hactenus
764 5780 1011 5833 homines
1040 5782 1201 5834 etiam
1228 5780 1621 5843 sanctissimos,
1661 5782 1829 5833 immo
1868 5787 1922 5833 et
1963 5795 2058 5833 an-

463 5854 612 5924 gelos
650 5849 839 5908 iecisse
869 5849 1152 5904 mendaces
1181 5857 1236 5903 et
1262 5849 1526 5903 mendacii
1553 5858 1828 5919 patronos,
1859 5865 2052 5919 parum

2178 4789 2351 4843 Porro
2371 4784 2669 4844 sententiae
2698 4789 2807 4843 illa:
2832 4784 3293 4856 cbmminatoriae,
3319 4801 3448 4856 quas
3474 4785 3527 4839 in
3548 4799 3658 4856 con
3668 4784 3784 4856 ﬁr—

2175 4860 2474 4930 mationem
2508 4874 2622 4916 suae
2653 4859 2924 4930 opinionis
2959 4874 3246 4930 perperam
3283 4854 3533 4930 adducit,
3570 4854 3786 4930 quibus

2176 4929 2384 4985 scilicet
2420 4932 2567 4985 Deus
2596 4926 2843 4986 Ezechiae
2871 4926 3129 4995 mortem,
3157 4930 3418 4986 Ninivitis
3452 4926 3786 4984 subversio-

2120 4996 2141 5006 ’
2173 5016 2323 5068 nem,
2351 5000 2472 5057 aliis
2512 5000 2884 5072 peccatoribus
2926 5000 3070 5072 varia
3103 5001 3364 5072 supplicia
3408 4999 3786 5072 comminatus

2172 5079 2276 5143 est,
2306 5086 2430 5143 quae
2462 5070 2647 5127 tamen
2683 5087 2793 5127 non
2842 5071 3045 5143 intulit,
3088 5070 3455 5143 nonf't'uerunt
3484 5070 3780 5143 absolutae,

2171 5142 2268 5197 sed
2294 5140 2696 5209 conditionatae,
2746 5148 2800 5197 et
2842 5142 2945 5197 sub
2993 5142 3094 5198 hac
3136 5142 3217 5199 vel
3254 5142 3426 5197 simili
3458 5140 3788 5197 conditione

2170 5211 2533 5285 intelligendas
2561 5213 2713 5285 :rnisi
2752 5214 3126 5285 pmnitentiam
3169 5213 3379 5285 egerint
3405 5222 3501 5267 aut
3528 5211 3631 5267 Dei
3669 5209 3787 5264 mi-

2169 5284 2524 5357 sericordiam
2582 5284 3014 5357 imploraverint.
3074 5284 3311 5357 Proinde
3363 5299 3479 5339 non
3518 5290 3788 5357 icassatur

2172 5354 2283 5427 Dei!
2294 5370 2496 5421 sermo,
2527 5370 2629 5427 nec
2658 5354 2903 5427 mutatur
2926 5355 3140 5427 proprie
3167 5354 3265 5427 Dei
3289 5356 3587 5417 sententia,
3613 5366 3793 5427 quan-

2170 5425 2245 5497 do,
2273 5425 2374 5480 hac
2411 5424 2745 5497 conditione,
2774 5426 2829 5481 id
2866 5422 2965 5490 est,
3008 5422 3342 5481 correctione
3371 5434 3427 5481 et
3452 5422 3793 5497 paenitentia

2167 5496 2455 5552 subsecuta
2495 5494 2721 5554 effectus
2749 5497 3201 5553 comminatorius
3231 5512 3342 5551 non
3372 5494 3636 5568 sequitur.
3676 5494 3797 5568 Mi:

2165 5577 2331 5623 natur
2345 5569 2490 5639 enim
2530 5571 2693 5633 Deus,
2725 5584 2836 5623 non
2862 5576 2924 5624 ut
2955 5568 3126 5623 minas
3153 5582 3317 5639 opere
3342 5563 3647 5639 compleat,
3682 5563 3797 5619 sed

2167 5639 2348 5711 potius
2374 5647 2433 5695 ut
2462 5637 2773 5695 hominibus
2797 5638 3102 5711 emendatis
3124 5647 3179 5694 et
3195 5637 3587 5711 paenitentiam
3609 5650 3801 5711 agen-

2166 5709 2463 5837 gliuslnpn
2503 5716 2847 5783 exsequatur.
2880 5710 3018 5769 Vide
3051 5708 3219 5784 plura
3245 5709 3301 5766 in
3336 5722 3572 5766 censura
3606 5708 3798 5764 dom.

2214 5796 2422 5837 uvcin.

2214 5796 2394 5855 uycnn
2407 5822 2422 5839 .
