4000 6206
236 246 359 310 1081

1260 237 1597 299 COLLATIO
1634 238 1796 295 XVII.
1835 262 1907 278 --
1945 236 2033 291 DE
2070 232 2501 291 DEFINIENDO.

3391 227 3528 284 l082

231 379 366 435 tiam
410 383 750 450 provocaret,
788 387 1129 445 consequens
1151 379 1239 427 est
1263 380 1325 427 ut
1352 369 1404 426 hi
1441 369 1530 442 qui
1558 365 1818 424 fratribus
1849 369 1904 432 Α
1929 363 2178 437 quotidie
2216 378 2375 420 suam
2669 360 2755 417 vel
2796 367 3023 417 avertat.
3077 356 3242 428 Quod
3288 356 3366 414 ita
3406 370 3528 450 esse

230 479 474 545 praesunt
498 470 704 541 absque
745 465 1162 539 reprehensione
1197 463 1466 520 mendacii
1500 461 1586 518 his
1612 460 1705 534 qui
1733 461 1819 517 in-

230 564 416 638 digent
447 561 727 618 emendari
762 561 938 633 aliqua
978 559 1145 615 etiam
1174 557 1504 614 districtiora
1546 570 1714 628 quam
1742 552 1823 611 fa-

229 655 368 713 cturi
404 663 532 712 sunt
552 696 569 719 ,
609 652 655 710 si
695 669 833 725 opus
876 651 1063 719 fuerit,
1096 651 1524 707 comminentur.
1554 649 1650 705 Sin
1692 661 1822 703 vero

229 748 424 806 dixerit
448 750 623 804 Deum
647 760 891 803 severam
927 745 1075 800 illam
1104 745 1430 802 sententiam
1464 759 1620 802 suam
1646 741 1822 815 pmni-

231 841 421 898 tentim
460 855 655 896 eorum
692 837 1126 895 consideratione
1157 854 1469 906 revocasse,
1518 836 1824 895 secundum

227 933 362 991 illud
407 934 555 1007 quod
609 949 705 1007 per
754 931 1097 989 Ezechielem
1139 932 1246 1002 ait,
1293 935 1358 990 Si
1400 934 1593 988 direre
1632 932 1818 1000 impio,

228 1034 399 1085 morte
425 1030 695 1091 morieris,
726 1032 777 1083 et
804 1028 976 1097 egerit
995 1029 1372 1097 paenitentiam
1406 1041 1443 1081 a
1468 1030 1684 1096 peccato
1706 1040 1823 1090 me,

226 1123 523 1192 feceritque
530 1121 803 1191 judicium
821 1124 873 1175 et
882 1120 1184 1190 justitiam,
1200 1122 1317 1174 vita
1339 1121 1499 1187 vivet,
1526 1123 1581 1173 et
1592 1134 1705 1172 non
1723 1132 1845 1191 me:

227 1218 405 1271 rietur
451 1216 668 1287 (Ezech.
701 1215 967 1285 xxxut);
1013 1212 1210 1287 quibus
1252 1212 1519 1269 docemur
1539 1211 1822 1282 exemplis,

229 1323 344 1363 non
386 1307 591 1365 debere
632 1323 737 1364 nos
772 1307 1043 1364 obstinate
1081 1302 1139 1376 in
1176 1306 1380 1363 nostris
1417 1304 1831 1363 deﬁnitionibus

226 1402 544 1474 perdurare,
574 1403 671 1459 sed
710 1401 1207 1458 comminationem
1234 1414 1308 1457 ex
1346 1400 1667 1455 necessitate
1690 1406 1825 1470 pro-

228 1495 491 1564 positam,
519 1494 781 1551 clementi
804 1494 1159 1551 miseratione
1193 1492 1429 1549 mollire.
1457 1491 1618 1563 Quod
1643 1506 1828 1548 neeo-

227 1589 296 1644 lis
328 1588 639 1661 specialiter
681 1588 936 1644 Ninivitis
960 1587 1275 1645 crederetur
1302 1587 1582 1645 Dominus
1621 1585 1829 1660 praesti-

226 1681 379 1750 tisse,
423 1681 590 1737 etiam
633 1681 953 1754 generaliter
990 1697 1115 1753 erga
1155 1696 1349 1738 omnes
1386 1678 1577 1738 eadem
1616 1697 1675 1737 se
1712 1695 1829 1736 esse

1927 458 2092 515 etiam
2116 457 2207 514 illa
2226 457 2404 514 Saulis
2441 453 2761 512 manifestat
2797 453 2986 511 electio
3020 452 3069 525 (Ι
3090 455 3226 523 Reg.
3255 452 3342 523 Χ),
3369 449 3525 522 cujus

1929 552 2115 624 utique
2174 566 2302 607 cum
2344 534 2757 622 vituperabilem
2809 547 2982 605 ﬁnem
3030 544 3370 619 praeseientia
3425 541 3527 609 Dei

1928 647 2176 720 ignorare
2218 661 2332 702 non
2369 652 2571 718 posset,
2604 643 2674 701 de
2712 650 2798 700 tot
2843 641 3082 698 millibus
3109 639 3327 698 lsraelis
3363 636 3533 710 elegit

1932 755 2060 796 eum
2099 747 2156 797 et
2191 740 2349 796 unxit
2381 738 2438 795 in
2479 753 2688 811 regem,
2722 735 3012 810 praesentis
3045 734 3106 790 in
3142 733 3235 790 illo
3266 732 3530 793 meritum

1932 832 2062 889 vitm
2086 847 2466 900 remunerans,
2491 846 2604 887 non
2640 838 2928 903 peceatum
2968 827 3170 885 futurae
3203 825 3528 900 praevarica-

1932 925 2097 983 tionis
2132 924 2422 983 mtendens
2452 944 2468 981 :
2502 925 2576 981 ita
2619 932 2682 981 ut
2722 932 3018 996 postquam
3042 921 3313 994 reprobus
3351 918 3537 983 {sum

1936 1029 2039 1089 est,
2073 1020 2221 1077 velut
2244 1019 2642 1092 paenitudinem
2666 1032 2860 1092 gerens
2903 1015 3193 1089 electionis,
3214 1028 3327 1091 snite
3350 1015 3526 1081 Deus,

1932 1113 2184 1171 humanis
2205 1111 2618 1186 quodammodo
2641 1111 2710 1167 de
2730 1110 2927 1168 eodem
2954 1107 3177 1165 vocibus
3199 1114 3361 1179 atque
3386 1104 3530 1163 affe-

1931 1207 2106 1264 ctibus
2123 1214 2508 1279 conqueratur,
2530 1204 2718 1260 dicens
2741 1221 2758 1257 :
2779 1213 2804 1239 ε
2821 1205 3048 1259 Paenitet
3066 1216 3151 1256 me
3170 1199 3315 1270 quod
3332 1201 3527 1254 consti-

1933 1306 2128 1359 tuerim
2155 1303 2290 1360 Saul
2317 1318 2519 1371 regem,
2548 1302 2682 1371 quia
2709 1300 2994 1370 dereliquit
3014 1313 3118 1361 me,
3148 1300 3199 1352 et
3219 1296 3384 1351 verba
3410 1309 3529 1349 mea

1932 1412 2088 1467 opere
2108 1412 2214 1452 non
2238 1397 2500 1466 implevit.
2527 1396 2600 1449 Et
2626 1395 2828 1450 iterum
2852 1411 2865 1446 :
2900 1394 3284 1449 Verumtamen
3311 1389 3530 1458 lugebat

1934 1491 2153 1546 Samuel
2180 1490 2417 1552 Saulem,
2448 1490 2698 1558 quoniam
2737 1489 3026 1542 Dominum
3050 1483 3347 1561 paenitebat
3385 1480 3531 1552 quod

1934 1585 2292 1640 constituisset
2310 1597 2491 1651 regem
2512 1582 2646 1637 Saul
2668 1595 2829 1650 super
2847 1579 3016 1634 Israel
3045 1577 3091 1648 (Ι
3113 1580 3245 1645 Reg.
3262 1575 3379 1647 xv).
3412 1576 3527 1630 De-

1934 1677 2101 1750 nique
2126 1677 2233 1733 hoc
2261 1676 2524 1749 quoniam
2548 1673 2719 1747 [quod
2738 1674 2878 1746 jam]
2901 1686 3069 1744 opere
3101 1668 3279 1726 fuerat
3304 1681 3529 1723 exsecu-

227 1776 507 1832 faeturum
537 1788 634 1847 per
667 1776 967 1831 Jeremiam
1000 1773 1322 1847 prophetam
1364 1782 1715 1848 protestatur,
1746 1782 1820 1843 et,
1855 1780 1903 1843 B
1932 1779 2041 1838 tus,
2073 1779 2261 1843 postea
2287 1760 2453 1826 etiam
2482 1783 2580 1841 per
2598 1767 2937 1824 Ezechielem
2975 1762 3305 1837 prophetam
3331 1759 3531 1817 Domi-

228 1885 359 1925 cum
402 1884 624 1927 necesse
660 1868 858 1939 fuerit,
898 1871 1277 1937 incunctanter
1317 1886 1475 1927 suam
1512 1885 1573 1927 se
1602 1877 1821 1926 senten-

230 1962 370 2018 tiam
399 1971 740 2019 mutaturum
767 1978 869 2033 pro
895 1963 1100 2022 nostris
1124 1963 1334 2025 meritis
1353 1963 1708 2034 repromittit,
1736 1962 1824 2019 di-

231 2069 363 2111 cens
395 2072 411 2111 :
450 2058 684 2126 Repente
711 2056 900 2126 loquar
938 2055 1194 2111 adversus
1235 2060 1443 2125 gentem
1478 2061 1533 2112 et
1567 2056 1827 2111 adversus

228 2163 476 2217 regnum,
511 2153 573 2204 ut
616 2149 836 2209 evellam
861 2153 910 2204 et
940 2149 1214 2205 destruant
1249 2154 1299 2205 et
1330 2148 1639 2220 disperdam
1665 2148 1825 2204 illud.

228 2242 293 2297 Si
307 2244 687 2311 prsnitentiam
723 2244 891 2312 egerit
917 2258 1044 2311 gens
1066 2243 1181 2301 illa
1207 2259 1245 2297 a
1275 2244 1418 2301 malo
1443 2242 1588 2312 quod
1624 2242 1830 2298 locutus

227 2351 348 2391 sum
391 2337 649 2394 adversus
689 2353 805 2393 eam
818 2381 834 2402 ,
883 2348 1049 2407 agam‘
1064 2342 1118 2392 et
1159 2351 1256 2407 ego
1270 2339 1647 2408 pwnitentiam
1673 2351 1830 2407 super

227 2430 434 2485 malum
443 2430 588 2499 quod
610 2433 842 2500 Cogitavi
862 2432 1165 2500 utfacerem
1184 2432 1252 2486 ei.
1273 2432 1346 2487 Et
1358 2431 1532 2501 subito
1555 2431 1745 2500 loquar
1763 2431 1829 2487 de

229 2527 382 2590 gerite
413 2528 475 2579 et»
493 2539 676 2593 regno,
700 2529 767 2580 ut
793 2526 1047 2594 ludiﬁcem
1070 2529 1122 2580 et
1145 2526 1388 2595 plantam
1406 2524 1564 2579 illud.
1595 2526 1659 2581 Si
1683 2526 1830 2591 fece-

227 2619 307 2671 rit
323 2616 529 2671 malum
551 2619 611 2672 in
629 2620 799 2673 oculis
819 2620 971 2682 meis,
998 2622 1062 2673 ut
1080 2633 1187 2672 non
1208 2618 1408 2672 audiat
1429 2631 1605 2671 vocem
1628 2632 1825 2679 meam,

222 2710 604 2777 paenitentiam
629 2726 792 2780 agam
810 2725 973 2781 super
1004 2711 1199 2766 bonum
1226 2708 1370 2782 quod
1396 2710 1604 2765 locutus
1631 2724 1750 2765 sum
1770 2714 1830 2764 ut

228 2804 462 2869 facerem
496 2804 767 2875 ei(.lerem.
799 2808 930 2872 xv).
961 2803 1046 2869 Ad
1076 2802 1418 2861 Ezechielem
1446 2818 1665 2875 quoque
1702 2801 1778 2858 ait
1809 2820 1825 2857 :

233 2896 356 2951 Noli
364 2898 681 2952 subtrahere
698 2899 938 2960 verbum,
957 2900 1007 2952 si
1038 2898 1183 2965 forte
1209 2897 1460 2965 audiant,
1478 2900 1529 2951 et
1555 2899 1830 2951 converta-

236 2990 322 3040 tur
353 2990 717 3059 unusquisque
738 3006 773 3042 a
803 2991 895 3042 via
921 3004 1019 3045 sua
1037 2992 1202 3052 mala,
1224 2994 1274 3045 et
1287 2990 1567 3060 paenitebit
1592 3004 1674 3043 me
1696 2990 1831 3044 mali

234 3078 381 3151 quod
401 3082 631 3149 cogitaui
662 3084 845 3149 facere
877 3083 952 3139 eis
977 3085 1197 3151 propter
1232 3082 1502 3139 malitiam
1523 3081 1829 3138 studiorum

1929 1878 2034 1920 nus
2061 1870 2395 1934 protestatur
2421 1877 2549 1919 cum
2585 1860 2845 1918 omnibus
2877 1873 2936 1916 se
2986 1855 3313 1914 hominibus
3336 1852 3531 1926 'quoti-

1930 1956 2095 2014 diano
2134 1965 2415 2029 gesturum
2457 1970 2575 2013 esse
2592 1954 2803 2027 judicio
2849 1973 2864 2011 :
2904 1954 3142 2017 Etiamsi
3180 1951 3404 2014 dixero,
3437 1949 3530 2006 in-

1932 2052 2126 2122 quiens
2144 2051 2365 2121 (Ezeeh.
2389 2054 2645 2117 χχχιιι),
2655 2050 2806 2119 justo
2833 2048 3119 2118 quodvita
3146 2048 3314 2107 vivat,
3339 2048 3390 2099 et
3407 2057 3530 2098 cono

1935 2147 2062 2215 ﬁsus
2076 2145 2134 2199 in
2137 2146 2361 2216 justitia
2379 2160 2477 2200 sua
2501 2146 2698 2212 fecerit
2721 2144 3083 2213 iniquitatem,
3117 2132 3530 2208 omnesjustitiw

1934 2238 2049 2308 ejus
2069 2239 2325 2295 oblivioni
2333 2228 2640 2301 tradentur,
2651 2242 2703 2293 et
2721 2239 2781 2292 in
2800 2237 3088 2306 iniquitate
3105 2248 3269 2303 quam
3285 2235 3532 2302 operatus

1935 2336 2013 2387 est
2037 2334 2099 2387 in
2122 2333 2243 2402 ipsa
2282 2333 2556 2386 morietur.
2587 2331 2688 2387 Sin
2713 2333 2895 2384 autem
2928 2328 3121 2383 dixero
3143 2326 3331 2396 impio,
3362 2326 3532 2381 Morte

1933 2427 2197 2489 morieris,
2214 2431 2265 2481 et
2273 2429 2439 2495 egerit
2446 2425 2823 2496 pcenitentiam
2832 2438 2866 2477 a
2878 2426 3092 2493 peccato
3108 2435 3222 2483 suo,
3238 2420 3533 2490 feceritque

1924 2522 2199 2591 judicium
2230 2525 2283 2576 et
2303 2523 2604 2591 justitiam,
2636 2522 2837 2590 pignus
2860 2518 3159 2577 restituerit
3187 2516 3279 2571 ille
3308 2516 3528 2587 impius,

1934 2618 2298 2684 rapinamque
2323 2613 2649 2680 reddiderit,
2668 2612 3013 2667 inmandatis
3036 2613 3162 2664 vitae
3175 2609 3532 2664 ambulaverit

1933 2721 2027 2762 nec
2040 2708 2227 2775 fecerit
2248 2706 2545 2777 quidquam
2567 2705 2977 2776 injustam,vita
2992 2706 3134 2758 vivet
3156 2706 3326 2756 etnon
3347 2701 3534 2754 morie-

1937 2806 2057 2867 tur;
2085 2803 2265 2857 omnia
2268 2806 2488 2871 peccata
2500 2801 2614 2870 ejus
2633 2815 2753 2869 quce
2772 2800 3036 2870 peccavit,
3056 2812 3161 2852 non
3178 2795 3532 2866 imputabuno

1938 2899 2031 2948 tur
2049 2896 2117 2948 ei.
2145 2894 2392 2966 Denique
2415 2908 2541 2950 cum
2563 2891 2634 2948 ab
2657 2892 2750 2948 illo
2775 2892 2974 2977 popqu
3001 2903 3169 2962 quem
3192 2904 3257 2944 ex
3276 2888 3532 2945 omnibus

1935 2987 2186 3061 gentibus
2214 2986 2483 3051 Dominus
2520 2984 2817 3058 adoptavit,
2842 2992 3083 3057 propter
3115 2981 3355 3040 subitam
3383 2981 3532 3038 vituli

1938 3080 2443 3154 praevaricationem
2485 3079 2881 3141 misericordiae
2909 3095 3024 3137 sua:
3046 3078 3333 3136 avertisset
3371 3093 3534 3150 aspe-

204 3189 416 3229 ~eorum
456 3176 668 3241 (Imm.
708 3172 891 3245 xxvi).
922 3172 1133 3242 Quibus
1165 3172 1493 3229 testimoniis
1522 3172 1831 3230 dederetur
1862 3172 1907 3235 C
1934 3184 2085 3232 ctum
2103 3214 2119 3242 ,
2190 3176 2562 3235 interveniens
2621 3190 2720 3247 pro
2789 3190 2857 3231 eo
2917 3172 3212 3245 legislstor,
3260 3171 3533 3229 exclamat

231 3284 343 3327 non
382 3277 635 3343 Oportere
681 3277 742 3326 ut
792 3268 1135 3340 pertinaciter
1169 3267 1229 3324 in
1265 3266 1467 3324 nostris
1498 3266 1829 3325 deﬁnitioni-

230 3360 334 3419 bus
356 3361 688 3431 haereamus,
718 3361 817 3420 sed
840 3362 1052 3431 ratione
1084 3377 1176 3423 eas
1205 3378 1269 3419 ac
1284 3359 1489 3434 judicio
1514 3371 1831 3436 temperan-

227 3453 346 3524 das,
378 3470 706 3529 semperque
732 3453 1077 3528 praelegenda
1103 3471 1169 3512 ac
1192 3452 1534 3527 praeferenda
1567 3469 1688 3512 esse
1712 3470 1833 3512 me-

228 3547 363 3604 liora
394 3564 408 3604 :
436 3555 490 3602 et
514 3547 584 3604 ad
618 3548 771 3604 illam
794 3563 918 3621 qua:
958 3548 1146 3624 utilior
1178 3547 1472 3621 dijudicata
1501 3547 1667 3606 fuerit
1698 3564 1830 3623 par-

228 3650 341 3700 tem
365 3642 484 3701 sine
511 3643 865 3705 cunctatione
888 3644 1072 3717 aliqua
1093 3641 1515 3703 transeundum.

722 3774 727 3783 '
787 3755 1035 3813 CAPUT
1068 3755 1279 3811 XXVI.

231 3855 383 3923 Quod
402 3872 509 3910 non
534 3857 825 3911 secundum
841 3856 1615 3926 immensitatemprwscientice
1640 3856 1831 3912 divina

302 3928 606 3991 clementia,
630 3927 723 3982 sed
745 3925 1036 3980 secundum
1055 3930 1342 3994 praesentes
1364 3932 1514 3981 actus
1547 3929 1631 3981 vel
1658 3942 1827 3983 remu-

297 3999 448 4054 neret
475 4010 904 4065 unumquemque
933 3995 1016 4049 vel
1040 3996 1260 4064 puniat.

301 4103 449 4163 lllud
467 4103 634 4160 etiam
652 4114 769 4176 prie
785 4102 1045 4159 omnibus
1066 4101 1462 4159 inmstimabilis
1490 4102 1578 4159 illa
1601 4119 1833 4162 censura

230 4216 332 4258 nos
362 4197 582 4256 instruit
602 4196 748 4269 quod
785 4212 912 4253 cum
939 4196 1011 4252 sit
1037 4196 1086 4253 ei
1124 4204 1249 4253 ante
1267 4205 1455 4254 ortum
1485 4198 1828 4271 uniuscujus-

226 4310 334 4365 que
363 4291 879 4365 pratcognitusﬁnis
897 4333 914 4360 ,
953 4292 1035 4348 ita
1050 4290 1302 4349 ordinate
1326 4307 1392 4349 ac
1420 4292 1631 4350 ratione
1669 4308 1830 4350 com-

230 4387 388 4443 muni
436 4393 493 4441 et
538 4384 791 4441 humanis
841 4385 1255 4457 quodammodo
1311 4388 1498 4443 omnia
1557 4387 1832 4461 dispensat

233 4477 545 4548 affectibus,
581 4486 643 4535 ut
665 4494 775 4536 non
804 4479 1172 4552 potentialiter
1205 4494 1307 4539 nec
1348 4480 1655 4539 secundum
1683 4496 1832 4555 prae-

231 4575 478 4632 scientize
520 4589 635 4631 suae
668 4572 1004 4630 ineffabilem
1054 4575 1334 4639 notitiam,
1380 4577 1480 4635 sed
1526 4576 1827 4637 secundum
1858 4558 1909 4621 Ῑ)

1937 3270 2133 3342 (Εωοά.
2166 3269 2367 3341 xxxn)
2403 3289 2416 3325 ε
2458 3271 2698 3333 Obsecro,
2743 3260 2999 3331 Domine,
3025 3269 3265 3343 peccavit
3299 3264 3532 3337 populus

1935 3365 2034 3419 iste
2060 3368 2337 3435 peccatum
2360 3376 2613 3431 magnum
2639 3380 2655 3417 :
2684 3360 2928 3428 fecerunt
2955 3359 3063 3417 sibi
3086 3360 3456 3425 deosiaureos;
3480 3361 3532 3412 et

1935 3472 2079 3511 nunc
2104 3459 2158 3512 si
2183 3457 2415 3511 remittis
2445 3458 2723 3525 peccatum
2745 3469 2958 3515 eorwn,
2987 3454 3231 3517 remitte;
3256 3453 3344 3507 sin
3367 3451 3531 3513 alias,

1937 3551 2052 3607 dele
2078 3567 2160 3606 me
2196 3550 2263 3607 de
2281 3550 2416 3605 libro
2439 3563 2592 3620 quem
2610 3548 2891 3620 scripsisti.
2907 3546 3008 3603 Cui
3024 3543 3315 3621 respondit
3334 3545 3535 3601 Domi-

1934 3659 2040 3701 nus
2067 3662 2080 3697 :
2109 3645 2174 3702 Si
2196 3646 2339 3715 quis,
2360 3641 2556 3714 inquit,
2574 3643 2872 3713 peccaverit
2897 3657 3075 3697 coram
3092 3640 3193 3705 mu,
3224 3639 3534 3697 deleboeum

1936 3738 2002 3793 de
2028 3738 2163 3795 libro
2185 3754 2320 3795 meo.
2359 3735 2541 3794 David
2559 3750 2778 3809 quoque
2818 3734 2952 3794 dum
2981 3734 3053 3792 de
3087 3733 3230 3795 Juda
3254 3743 3315 3790 et
3348 3748 3530 3807 perse-

1935 3832 2222 3890 cutoribus
2240 3830 2443 3891 Christi
2472 3829 2795 3904 prephetico
2822 3828 3030 3901 spiritu
3056 3835 3398 3901 quereretur,
3428 3830 3534 3883 De-

1936 3929 2170 3993 leantur,
2195 3927 2396 4001 inquit,
2413 3927 2479 3984 de
2500 3927 2637 3982 libro
2655 3926 2965 3981 viventium.
2987 3924 3060 3979 Et
3076 3921 3205 3995 quia
3221 3935 3337 3979 non
3354 3935 3534 3977 mere-

1941 4018 2141 4074 bantur
2172 4021 2242 4077 ad
2290 4018 2675 4091 paenitentiam
2724 4016 3019 4073 salutarem
3068 4031 3169 4087 pro
3207 4021 3363 4075 reatu
3397 4013 3533 4070 tanti

1942 4109 2183 4165 criminis
2223 4110 2523 4182 pervenire,
2570 4107 2899 4180 subjungit:
2950 4110 3022 4162 Et
3054 4124 3173 4162 cum
3208 4107 3378 4177 justis
3422 4120 3530 4160 non

1940 4202 2248 4258 scribantur
2275 4202 2441 4267 (Psal.
2481 4200 2719 4270 vam).
2751 4199 3002 4271 Denique
3041 4197 3097 4253 in
3127 4197 3247 4271 ipso
3275 4195 3416 4254 Juda
3458 4197 3537 4255 vis

1938 4294 2268 4366 prophetica:
2296 4290 2692 4353 maledictionis
2706 4280 2988 4351 evidenter
3011 4292 3232 4365 impleta
3258 4300 3373 4360 est;
3405 4307 3535 4353 nam

1938 4389 2152 4460 expleto
2209 4388 2527 4463 proditionis
2574 4388 2811 4445 crimine
2867 4388 3151 4459 suspendio
3208 4403 3264 4444 se
3328 4390 3537 4443 necavit

1941 4484 2154 4556 (Matth.
2184 4488 2406 4554 xxvu),
2435 4498 2505 4541 ne
2541 4485 2587 4541 si
2613 4492 2734 4556 post
2760 4483 2910 4541 illam
2937 4482 3263 4541 deletionem
3297 4482 3537 4539 nominis

1935 4578 2021 4637 sui
2062 4593 2356 4637 conversus
2386 4576 2455 4635 ad
2505 4577 2892 4650 pmnitentiam
2937 4584 3117 4644 esset,
3161 4576 3362 4635 iterum
3406 4590 3535 4633 cum

235 4674 529 4738 praesentes
566 4666 860 4723 hominum
898 4672 1053 4723 actus
1090 4666 1336 4724 universa
1376 4668 1713 4743 dijudicans,
1748 4670 1831 4727 vel
1931 4671 2097 4745 justis
2132 4671 2294 4729 scribi
2324 4676 2629 4729 mereretur
2654 4671 2710 4727 in
2738 4652 2902 4727 stilo.
2934 4672 3058 4726 Non
3086 4683 3216 4739 ergo
3243 4675 3327 4723 est
3352 4665 3537 4721 smnia

228 4772 453 4835 respuat
481 4777 931 4838 unumquemque
974 4763 1056 4820 vel
1086 4761 1358 4834 attrahat,
1389 4771 1445 4819 et
1472 4764 1553 4819 vel
1584 4763 1833 4823 infundat
1939 4765 2207 4838 gendum,
2241 4767 2405 4823 etiam
2453 4764 2612 4824 Iuda:
2640 4778 2841 4821 nomen
2879 4760 2974 4819 illo
3010 4768 3260 4835 tempore
3293 4775 3404 4835 quo
3429 4759 3535 4816 ele-

1326 4924 1580 4982 ALARDI
1620 4926 1843 4983 ΕΑΖᾸΞΙ
1882 4925 2443 4985 COMMENTARIUS.

302 5091 329 5118 ι
354 5085 425 5158 D.
443 5080 840 5158 Gregoriusan
853 5084 881 5158 Δ1
898 5084 1023 5158 Reg.
1041 5088 1178 5153 xv):
1199 5085 1343 5151 Quid
1357 5088 1457 5148 est,
1486 5084 1682 5158 inquit,
1696 5088 1838 5156 quaid
1945 5086 2194 5158 superbis
2214 5086 2420 5140 dicitur
2435 5086 2568 5155 quia
2584 5084 2730 5158 quod
2751 5087 2900 5158 sunt,
2903 5083 3024 5153 jam
3042 5084 3237 5158 nonad
3262 5086 3530 5145 meritum.

231 5155 489 5228 pmtitere
518 5154 774 5228 Dyninus
801 5153 1023 5215 dicitur,
1049 5169 1172 5228 cum
1182 5159 1400 5228 mutari
1425 5153 1836 5224 aﬂ'ec'tibus'non
1943 5153 2039 5213 sed
2063 5157 2140 5212 ad
2161 5171 2379 5228 pinnam
2410 5153 2557 5223 sunt,
2578 5153 2678 5228 qui
2705 5158 2765 5210 in
2793 5155 3068 5210 voluntate
3381 5158 3530 5228 sunt.

235 5225 530 5296 credatur?
546 5224 651 5280 Sed
668 5226 800 5293 quia
821 5240 940 5278 cum
963 5225 1316 5280 mutabilibus
1342 5242 1551 5281 summa
1578 5231 1834 5283 immuta-
1940 5224 2201 5285 Pienitere
2226 5243 2350 5296 ergo
2366 5229 2475 5283 Dei
2489 5232 2568 5283 est
2587 5224 2925 5281 voluntatem
2961 5228 3024 5280 in
3047 5224 3284 5296 reprobis
3304 5239 3411 5278 non
3438 5224 3534 5278 ha-

237 5296 418 5349 bilitas
435 5295 694 5367 loquitur.
713 5310 854 5349 more
878 5311 1059 5350 eorum
1078 5297 1394 5365 quibuscum
1417 5299 1677 5367 loquitur,
1700 5301 1831 5355 dum
1941 5301 2082 5362 bere,
2100 5316 2219 5355 cum
2238 5317 2273 5353 a
2290 5295 2353 5353 ise
2381 5298 2601 5352 honores
2619 5301 2882 5367 impensos
2902 5297 3175 5360 meminit;
3194 5295 3288 5367 sed
3313 5309 3397 5349 eos
3421 5297 3535 5363 qui-

233 5367 489 5441 paenitere
506 5365 1033 5441 dicitur,_displicere
1049 5368 1158 5441 sibi
1181 5365 1525 5437 superborum
1555 5374 1827 5425 temeritas
1867 5437 1871 5441 .
1938 5372 2035 5426 bus
2056 5374 2193 5427 bona
2214 5369 2458 5435 contulit,
2473 5371 2615 5424 male
2627 5365 2716 5423 uti
2733 5370 2881 5423 bonis
2893 5384 3016 5438 qua:
3033 5366 3261 5441 contulit
3275 5369 3528 5441 agnoscit.

596 5437 853 5512 Paenitere
886 5440 1026 5493 enim
1054 5439 1315 5512 solemus,
1341 5455 1461 5494 cum
1488 5442 1632 5495 mala
1671 5442 1826 5497 nobis
1867 5437 1871 5441 ’
1933 5444 2086 5497 Hanc
2106 5445 2304 5512 quippe
2325 5443 2700 5512 prandentium
2719 5455 2877 5493 suam
3073 5438 3202 5512 aliis
3232 5437 3408 5512 verbis
3432 5452 3533 5512 per

238 5508 324 5582 illi
359 5507 699 5568 retribuunt,
731 5509 925 5582 quibus
955 5525 1050 5565 nos
1084 5510 1301 5565 honores
1332 5515 1431 5565 aut
1455 5512 1598 5565 dona
1626 5515 1833 5582 impen-
1939 5507 2591 5581 Malacliiamprophetam
2611 5512 2809 5565 luditis
2832 5511 3075 5582 insumat
3090 5509 3265 5582 dicens
3286 5508 3434 5579 (Cap.
3449 5509 3526 5579 1):

237 5578 378 5652 disse
404 5592 789 5652 memorantur.
817 5578 956 5652 Quia
989 5596 1113 5650 ergo
1132 5597 1277 5636 more
1300 5586 1479 5636 nostro
1502 5578 1831 5652 omnipotens
1936 5585 2053 5639 Non
2081 5587 2158 5638 est
2193 5578 2333 5637 milii
2370 5578 2633 5639 voluntas
2668 5584 2727 5635 in
2762 5581 2937 5652 vobis,
2976 5584 3028 5634 et
3069 5581 3299 5652 sacriﬁci

238 5651 372 5703 Deus
400 5650 466 5709 de
485 5648 698 5719 superbi
727 5650 865 5723 regis
898 5648 1286 5717 ingratitudine
1311 5654 1574 5722 queritur,
1594 5648 1831 5721 dignita-
1933 5654 2219 5723 suscipiam
2249 5653 2317 5707 de
2353 5668 2523 5708 manu
2547 5656 2752 5707 vestra.
2775 5650 2914 5707 Vide
2938 5652 3007 5723 Β.
3038 5650 3399 5723 Ambrosium
3428 5649 3527 5723 lib,

241 5724 340 5794 tem
369 5718 596 5794 regiam
640 5721 924 5794 contulisse
965 5735 1024 5794 se
1072 5723 1158 5776 illi
1191 5718 1444 5793 pamitere
1490 5718 1823 5794 perhibetur.
1932 5725 2002 5780 de
2028 5718 2168 5781 A'rca
2199 5734 2255 5780 et
2282 5726 2405 5779 Noe
2430 5740 2478 5779 c.
2518 5734 2582 5791 4;
2618 5725 2674 5778 S.
2724 5722 3093 5792 Augustinum
3127 5719 3196 5777 de
3234 5721 3393 5776 Civit.
3427 5718 3526 5774 Dei

238 5788 385 5855 Quod
411 5793 651 5860 profecto
687 5791 761 5845 ad
798 5791 1070 5845 cumulum
1109 5788 1314 5862 magna
1348 5788 1718 5851 damnatimus
1760 5796 1827 5851 de
1932 5795 2030 5852 lib.
2063 5811 2146 5852 xv
2174 5810 2294 5867 cap.
2320 5799 2413 5862 25,
2442 5803 2496 5852 et
2519 5788 2577 5852 S.
2598 5788 2874 5852 Thomam
2904 5802 3041 5865 part.
3072 5804 3184 5863 t,q.
3216 5796 3303 5858 t9,
3326 5797 3432 5845 art.
3466 5795 3520 5844 7.

3133 5581 3389 5649 criﬁcium
3424 5594 3531 5635 non
