4000 6206
252 209 271 260 l
281 207 380 260 085

1274 199 1613 257 COLLA'I‘IO
1652 199 1816 256 XVII.
1854 226 1925 240 --
1962 199 2051 254 DE
2089 200 2527 257 DEFINIENDO.

3416 206 3551 262 1086

247 338 326 386 est
349 335 601 384 nostrum
625 341 730 382 nos
754 325 1030 398 praaterire
1055 341 1372 384 sermonem
1395 369 1410 391 ,
1447 341 1610 399 quam
1638 325 1714 381 rei
1748 339 1836 381 sa-
1863 325 1922 394 Α
1948 325 2186 383 mnabile
2210 333 2311 382 est.
2339 329 2423 382 De
2450 327 2560 384 illis
2588 342 2715 384 vero
2745 327 3122 398 corporalibus
3142 327 3412 386 exercitiis
3429 345 3552 400 quae

245 422 503 481 lubrioris
524 437 590 478 ac
614 421 716 492 piae
741 420 923 476 subire
940 421 1234 493 jacturam.
1268 420 1514 492 Denique
1536 432 1840 491 numquam

243 517 587 575 rationabiles
615 531 679 572 ac
712 515 974 588 probatos
1006 523 1188 586 patres
1229 513 1397 571 duros
1421 522 1517 571 aut
1558 515 1840 570 irrevoca-

246 612 379 668 biles
396 609 450 666 in
467 609 782 683 hujusmodi
792 607 1204 664 deﬁnitionibus
1217 606 1387 664 fuisse
1400 607 1806 664 reminiscimur
1823 625 1840 673 ;

243 705 336 762 sed
359 704 509 760 velut
531 719 714 760 ceram
740 702 920 760 calore
942 701 1095 769 solis,
1122 702 1198 758 ita
1217 718 1311 759 eos
1331 702 1544 759 ratione
1571 702 1839 767 mollitos,

242 806 296 853 et
315 795 678 853 intercedente
701 796 1006 852 salubriora
1034 795 1266 852 consilio
1305 794 1626 851 melioribus
1671 793 1840 865 parti-

240 889 342 946 bus
385 890 507 946 sine
552 888 892 946 hmsitatione
929 888 1178 944 cessisse.
1230 890 1619 960 Quoscumque
1654 895 1840 944 autem

241 981 474 1040 vidimus
511 981 923 1038 deﬁnitionibus
961 981 1081 1037 suis
1136 982 1490 1052 pertinaciter
1543 981 1836 1046 inhaerere,

241 1076 640 1134 irrationabiles
695 1091 915 1150 semper
963 1075 1311 1148 probavimus
1363 1092 1426 1132 ac
1491 1075 1840 1134 discretionis

241 1180 508 1243 expertes.

750 1267 991 1322 CAPUT
1033 1267 1301 1322 XXVIII.

240 1371 595 1439 Interrogatio
614 1387 646 1424 α
654 1374 712 1423 ut
726 1372 775 1425 si
783 1373 1115 1425 contrarium
1123 1371 1400 1440 pradicta:
1408 1371 1681 1425 sententia:
1696 1369 1836 1423 illud

519 1443 662 1510 quod
685 1441 904 1505 αἰσίων,
926 1444 1120 1497 Juravi
1145 1447 1195 1496 et
1221 1443 1414 1508 statui,
1444 1448 1548 1496 etc.

306 1544 618 1600 Germanus
647 1563 662 1600 :
693 1547 972 1616 Quantum
1001 1544 1070 1600 ad
1107 1544 1246 1600 hanc
1291 1544 1565 1600 rationem
1603 1542 1837 1616 pertinet

234 1654 358 1712 qua;
393 1639 674 1696 evidenter
713 1642 1044 1714 copioseque
1081 1639 1290 1713 digesta
1320 1649 1422 1707 est,
1448 1640 1579 1696 nihil
1617 1648 1836 1712 oportet

235 1734 570 1790 monachum
597 1733 852 1800 deﬁnire,
879 1750 950 1790 ne
975 1743 1072 1791 aut
1106 1735 1492 1807 praevaricator
1526 1734 1830 1791 inveniatur
1861 1746 1910 1812 Β

235 1834 332 1881 aut
361 1827 621 1898 pertinax.
667 1830 739 1882 Et
786 1827 876 1882 ubi
925 1826 1060 1883 illud
1099 1827 1402 1884 Psalmista:
1453 1827 1832 1899 postponimus

236 1919 534 1993 eloquium,
562 1924 760 1976 Juravi
785 1927 834 1976 et
877 1925 1052 1977 statui
1078 1923 1343 1978 custodi-re
1363 1923 1584 1992 judicia
1600 1924 1838 1993 justitiw

239 2020 346 2069 tuae
376 2015 539 2085 (Psal.
569 2015 790 2085 cxvm)
807 2019 830 2070 Ρ
847 2015 988 2084 Quid
1013 2025 1097 2071 est
1121 2015 1267 2071 enim
1290 2015 1438 2072 aliud
1455 2015 1644 2086 jurare
1661 2025 1716 2072 et
1738 2024 1838 2072 sta-

235 2114 408 2175 tuere,
439 2123 603 2180 quam
634 2105 858 2164 definita
888 2107 1244 2163 immobiliter
1269 2107 1582 2164 custodire?

781 2215 1022 2271 CAPUT
1075 2215 1299 2271 XXIX.

239 2316 542 2383 Responsio,
564 2317 621 2369 in
647 2315 839 2383 quibus
851 2316 1135 2370 immobilis
1163 2317 1400 2385 deﬁnitio
1413 2317 1484 2370 sit
1513 2316 1759 2382 tenenda,
1785 2320 1834 2370 et

481 2387 539 2439 in
559 2387 776 2456 quibus,
797 2389 848 2440 si
869 2390 1184 2457 oportuerit,
1207 2387 1579 2441 rescindendo.

298 2486 504 2559 Joseph
529 2507 546 2542 :
576 2489 693 2544 Nos
719 2498 743 2524 ⁸
761 2504 872 2545 non
897 2488 966 2546 de
987 2488 1377 2561 principalibus
1402 2486 1698 2557 mandatis,
1719 2488 1834 2544 sine

231 2581 433 2652 quibus
464 2596 578 2638 non
616 2591 795 2654 potest
838 2584 985 2640 salus
1007 2591 1190 2641 nostra
1234 2584 1462 2639 omnino
1501 2582 1829 2650 subsistere,

229 2675 330 2731 ista
358 2673 723 2745 decernimus,
764 2677 862 2734 sed
890 2675 958 2732 de
987 2677 1070 2733 his
1090 2692 1214 2749 qua:
1243 2678 1361 2733 sine
1389 2676 1633 2750 periculo
1659 2684 1832 2732 status

227 2768 405 2824 nostri
452 2768 694 2825 relaxare
729 2785 1050 2841 possumus,
1095 2771 1175 2826 vel
1213 2781 1399 2827 tenere
1436 2791 1448 2827 :
1492 2779 1554 2826 ut
1596 2780 1725 2843 puta
1762 2769 1831 2826 de

232 2859 514 2916 irremisso
546 2863 729 2933 rigore
767 2863 990 2935 jejunii,
1034 2863 1105 2942 de
1130 2862 1238 2919 vini
1277 2864 1390 2922 sive
1422 2864 1527 2924 olei
1574 2873 1827 2936 perpetua

232 2949 584 3018 abstinentia,
611 2953 678 3008 de
707 2971 995 3026 progressu
1029 2957 1238 3013 cellula:
1264 2957 1474 3028 penitus
1500 2956 1830 3023 cohibendo,

229 3042 300 3099 de
333 3043 586 3100 lectionis
604 3059 699 3100 seu
721 3047 1088 3103 meditationis
1112 3048 1413 3104 incessabili
1437 3049 1688 3122 jugitate,
1710 3065 1831 3121 qua:

225 3137 350 3192 sine
371 3137 580 3209 jactura
607 3137 959 3210 professionis
997 3157 1060 3196 ac
1087 3142 1349 3214 propositi
1386 3144 1559 3198 nostri
1592 3152 1646 3198 et
1671 3159 1826 3199 exer-
1853 3161 1900 3222 ρ

225 3231 339 3288 ceri
366 3247 498 3288 cum
517 3232 734 3288 libuerit
762 3242 1007 3305 possunt,
1027 3242 1082 3290 et
1108 3250 1234 3291 cum
1265 3249 1482 3292 necesse
1514 3233 1680 3292 fuerit
1706 3236 1832 3292 irre-

225 3323 666 3396 prehensibiliter
711 3326 1072 3398 praetermitti.
1125 3329 1400 3384 Caterum
1445 3343 1607 3400 super
1638 3331 1826 3386 obser-

224 3418 406 3474 vantia
446 3419 666 3475 illorum
699 3421 1071 3492 principalium
1098 3421 1487 3478 mandatorum
1515 3423 1831 3480 constantis-

219 3511 360 3567 sime
389 3511 764 3570 deﬁniendum
796 3523 909 3582 est,
938 3531 1002 3570 ac
1026 3531 1126 3587 pro
1150 3515 1232 3572 his
1260 3517 1425 3572 etiam
1455 3533 1625 3585 mors,
1654 3519 1700 3574 si
1727 3535 1831 3574 ne-

218 3620 370 3661 cesse
397 3603 588 3674 fuerit,
618 3623 729 3663 non
756 3607 990 3674 vitanda,
1020 3625 1119 3681 pro
1147 3609 1342 3681 quibus
1361 3611 1721 3668 immobiliter
1747 3621 1832 3669 est

217 3699 550 3767 dicendum,
570 3704 767 3757 Juravi
793 3707 844 3757 et
862 3707 1052 3758 statui.
1086 3704 1250 3774 Quod
1279 3705 1392 3760 fieri
1421 3705 1582 3762 debet
1606 3722 1704 3778 pro
1734 3724 1832 3765 cu-

217 3792 397 3848 stodia
420 3792 726 3859 charitatis,
755 3811 853 3866 pro
874 3811 977 3866 qua
994 3797 1302 3868 spernenda
1321 3806 1450 3853 sunt
1471 3799 1737 3869 universa,
1758 3816 1828 3857 ne

214 3884 429 3940 bonum
474 3887 887 3956 tranquillitatis
928 3888 1070 3942 illius
1096 3887 1463 3961 perfectioque
1499 3895 1824 3950 maculetur.

213 3977 598 4047 Similiterque
616 3977 917 4048 jurandum
937 3986 1022 4033 est
1055 3993 1153 4049 pro
1194 3981 1528 4038 castimoniae
1564 3985 1822 4056 puritate,

214 4085 321 4126 nec
347 4068 504 4125 aliud
525 4067 702 4124 facere
731 4085 835 4125 nos
863 4078 1078 4142 oportet
1102 4087 1200 4142 pro
1227 4071 1363 4138 ﬁde,
1405 4090 1504 4145 pro
1529 4077 1826 4136 sobrietate

212 4172 382 4235 atque
396 4161 637 4233 justitia,
666 4178 790 4235 quae
809 4163 991 4220 omnia
1019 4163 1391 4223 indemutabili
1424 4174 1824 4240 perseverantia

211 4266 348 4314 sunt
373 4256 634 4325 tenenda,
663 4265 718 4312 et
744 4249 770 4288 ³³
797 4274 826 4312 a
858 4258 1058 4330 quibus
1086 4259 1368 4333 paululum
1398 4265 1686 4336 recessisse
1722 4267 1822 4325 da-

1948 419 2018 475 ad
2043 420 2321 476 modicum
2351 419 2611 478 dicuntur
2638 436 2758 477 esse
2781 421 2934 478 utilia
2949 423 2993 488 (ι
3022 424 3160 477 Tim.
3194 422 3302 494 Iv),
3332 422 3404 478 ita
3444 432 3548 492 est,

1949 520 2011 568 ut
2027 513 2286 582 diximus,
2303 512 2682 580 statuendum,
2695 523 2759 570 ut
2773 514 2818 571 si
2841 530 2945 586 qua
2964 515 3334 586 supervenerit
3350 516 3552 576 certior

1952 606 2169 679 pietatis
2202 608 2416 663 occasio
2445 624 2568 680 qua:
2601 607 2689 664 illa
2720 607 2945 668 suadeat
2963 607 3224 678 relaxari,
3263 608 3412 666 nulla
3452 625 3550 666 su—

1951 717 2047 772 per
2101 701 2185 757 his
2208 702 2321 772 lege
2370 710 2671 768 teneamur,
2703 701 2799 758 sed
2835 703 3213 774 praetermissis
3254 701 3334 758 eis
3357 702 3424 759 ad
3446 703 3551 760 uti-

1948 795 2086 851 liora
2137 795 2304 852 libere
2336 805 2692 852 transeamus.
2736 797 2800 852 In
2840 795 2944 852 illis
2985 794 3129 850 enim
3173 795 3550 867 corporalibus

1948 889 2222 946 exercitiis
2246 931 2262 957 ,
2288 890 2332 946 si
2385 905 2483 961 pro
2509 899 2776 961 tempore,
2805 889 3207 960 relinquantur,
3244 886 3546 959 periculum

1947 998 2058 1038 non
2090 990 2202 1048 est;
2232 983 2302 1038 ab
2329 983 2411 1040 his
2437 998 2565 1039 vero
2595 981 2664 1040 ad
2695 991 3040 1039 momentum
3069 980 3368 1038 declinasse
3393 996 3550 1039 mor-

1946 1074 2168 1131 tiferum
2199 1085 2302 1133 est.

2504 1174 2751 1230 CAPUT
2786 1176 2978 1230 XXX.

2018 1289 2476 1358 Quemadmodum
2511 1290 2736 1344 celanda
2765 1291 2890 1343 aliis
2932 1290 3195 1344 committi
3229 1290 3474 1345 debeant.

2022 1419 2145 1473 Hoc
2186 1431 2405 1489 quoque
2440 1415 2606 1472 simili
2635 1417 2889 1471 cautione
2920 1416 3226 1473 curandum
3270 1426 3374 1484 est,
3421 1417 3548 1472 utsi

1950 1512 2076 1584 quis
2114 1511 2340 1567 forsitan
2380 1526 2564 1567 sermo
2606 1525 2770 1583 quem
2807 1525 2924 1566 esse
2963 1510 3126 1566 vultis
3170 1510 3444 1566 occultum
3479 1509 3548 1567 de

1950 1613 2130 1661 vestro
2153 1619 2249 1661 ore
2272 1603 2438 1661 fuerit
2465 1603 2784 1676 prolapsus,
2815 1603 2961 1659 nulla
3001 1604 3381 1660 occultationis
3401 1620 3545 1676 prae-

1946 1707 2099 1770 cepta
2146 1699 2442 1755 sollicitent
2484 1697 2822 1762 audientem;
2870 1698 3045 1768 magis
3096 1697 3244 1753 enim
3275 1697 3462 1753 latebit
3488 1699 3534 1753 si

1937 1793 2270 1866 negligenter
2319 1801 2483 1864 atque
2533 1791 2849 1865 simpliciter
2886 1799 3213 1859 transeatnr,
3260 1792 3385 1866 quia
3432 1809 3544 1848 non

1946 1887 2178 1959 quilibet
2217 1885 2449 1942 fratrum
2479 1901 2643 1958 super
2687 1884 3072 1959 divulgationis
3099 1885 3217 1958 ejus
3260 1886 3546 1958 impugna-

1946 1982 2096 2036 tione
2137 1979 2509 2053 torquebitur,
2552 1979 2877 2036 existimans
2929 1995 3046 2034 rem
3092 1979 3252 2034 vilem
3306 1979 3543 2051 aliquam

1942 2075 2250 2131 transitoria
2289 2073 2728 2130 confabulatione
2765 2074 3065 2145 prolatam,
3110 2081 3316 2146 etquae
3343 2090 3406 2129 ex
3442 2073 3548 2130 hoc

1945 2170 2066 2241 ipso
2095 2170 2168 2226 sit
2193 2169 2362 2224 levior
2389 2169 2513 2240 quia
2555 2169 2875 2225 cautissimo
2902 2168 3103 2223 silentii
3127 2176 3401 2244 precepto
3421 2181 3544 2224 sen-

1941 2263 2093 2319 sibus
2114 2261 2381 2320 audientis
2400 2260 2780 2318 commendata
2804 2276 2914 2316 non
2937 2259 3116 2318 fuerit.
3143 2263 3190 2316 Ν
3195 2275 3284 2316 am
3315 2262 3357 2316 si
3377 2259 3543 2318 etiam

1942 2356 2109 2412 ﬁdem
2145 2356 2261 2428 ejus
2311 2356 2490 2428 aliqua
2536 2362 3010 2414 sacramentorum
3048 2354 3410 2412 obtestatione
3445 2355 3545 2412 de-

1943 2449 2204 2516 vinxeris,
2230 2459 2252 2485 °
2276 2449 2439 2506 citius
2462 2448 2596 2506 illud
2624 2448 2970 2521 prodendum
2997 2462 3116 2503 esse
3137 2463 3248 2504 non
3272 2449 3540 2521 ambigas.

1940 2543 2117 2615 Major
2157 2544 2302 2600 enim
2331 2541 2590 2600 adversus
2620 2543 2801 2614 ipsum
2829 2541 2907 2597 vis
2939 2540 3222 2598 diabolicae
3260 2541 3544 2614 impugna-

1939 2636 2106 2692 tionis
2135 2637 2397 2710 insurget,
2445 2643 2507 2692 ut
2536 2645 2591 2692 et
2628 2643 2683 2690 te
2711 2634 3024 2692 mmstilicet
3056 2636 3136 2691 vel
3182 2635 3451 2704 denudet,
3490 2644 3543 2690 et

1941 2727 2090 2784 illum
2138 2737 2592 2801 transgressorem
2651 2729 2974 2802 quantocius
3020 2729 3104 2784 sui
3165 2729 3328 2785 faciat
3367 2744 3544 2785 sacra-

1940 2825 2131 2884 menti.
2311 2875 2316 2878 .
2371 2875 2396 2880 ,,
2447 2899 2450 2902 Δ

2305 2957 2308 2960 -
2419 2957 2426 2966 ι
2457 2917 2734 2975 «CAPUT
2775 2919 2994 2975 XXXI.

1938 3036 2092 3094 Nihil
2113 3050 2274 3106 super
2297 3033 2382 3089 his
2411 3050 2531 3105 qua:
2555 3035 2630 3089 ad
2655 3051 2813 3090 usum
2842 3036 3135 3091 communis
3159 3037 3286 3091 vitce
3311 3039 3545 3091 attinent

2543 3107 2926 3176 deﬁniendum.

2010 3237 2080 3291 Et
2104 3233 2310 3292 idcirco
2339 3233 2476 3292 nihil
2504 3229 2663 3294 ddiet
2685 3234 2916 3307 abrupte
2935 3235 3240 3294 monachus
3267 3253 3430 3309 super
3453 3237 3543 3292 his

1938 3325 2225 3384 dumtaxat
2253 3343 2376 3399 quae
2408 3327 2476 3382 ad
2497 3327 2814 3398 corporales
2832 3319 3245 3384 exercitationes
3270 3331 3542 3401 pertinent

1937 3421 2160 3477 delinire
2185 3463 2200 3487 ,
2238 3436 2308 3476 ne
2333 3419 2703 3475 adversarium
2739 3418 2808 3474 ad
2834 3419 3309 3492 impugnationem
3347 3439 3538 3479 eorum

1935 3527 2059 3586 qua:
2083 3512 2229 3568 velut
2249 3511 2352 3568 sub
2383 3511 2518 3584 legis
2546 3511 2923 3568 observatione
2951 3514 3214 3582 custodit,
3248 3516 3418 3588 magis
3444 3517 3536 3572 in-

1936 3608 2134 3674 citans,
2164 3607 2325 3664 citius
2349 3621 2411 3662 ea
2434 3605 2636 3661 violare
2663 3615 2908 3676 cogatur.
2945 3607 3237 3680 Praaligens
3268 3609 3535 3682 siquidem

1937 3702 2040 3757 sibi
2069 3702 2244 3775 legem
2263 3701 2631 3775 unusquisque
2648 3701 2750 3757 sub
2779 3701 3050 3758 libertatis
3069 3705 3239 3775 gratia
3264 3705 3536 3761 constitu-

1937 3804 2047 3864 tus,
2101 3797 2402 3869 perniciosa
2443 3794 2796 3865 semetipsum
2833 3795 3037 3867 obligat
3065 3796 3344 3864 servitute,
3378 3807 3444 3852 ut
3474 3814 3536 3853 ea

1934 3905 2061 3962 qum
2082 3890 2261 3956 licite,
2289 3889 2461 3948 immo
2488 3888 2656 3944 etiam
2695 3886 3056 3954 laudabiliter,
3079 3901 3206 3942 cum
3237 3889 3534 3959 gratiarum

1936 3985 2147 4039 actione
2177 3975 2510 4054 praesumere
2559 3981 2850 4052 potuisset,
2899 3980 2944 4035 si
2980 3981 3276 4036 necessitas
3307 3979 3535 4037 fortasse

1932 4075 2280 4146 compulerit,
2303 4073 2454 4128 velut
2482 4081 2856 4142 transgressor
2875 4073 3152 4144 percipere
3177 4075 3536 4145 compellatur

1934 4184 2062 4225 cum
2115 4165 2554 4240 prevaricatione
2594 4164 2815 4234 peccati.
2862 4163 2966 4218 Ubi
3001 4169 3140 4219 enim
3176 4182 3279 4221 non
3318 4172 3395 4222 est
3425 4169 3532 4235 loco,

1934 4285 2027 4324 nec
2049 4263 2426 4336 prwva-ricatzb
2451 4259 2620 4329 (Rom.
2655 4256 2764 4327 ιγ).
2804 4244 2831 4288 ά
2859 4257 2979 4313 Hac
3009 4257 3307 4317 beatissimi
3332 4263 3531 4337 Joseph

1323 4383 1576 4440 ALARDI
1617 4386 1841 4444 GAZzEI
1880 4380 2438 4444 COMMENTARIUS.

202 4484 391 4552 pserit
410 4500 427 4534 :
448 4497 576 4560 nam
588 4485 662 4560 qd
680 4486 946 4560 inferiora
964 4489 1386 4560 vel‘remissiora,
1406 4507 1488 4545 me
1501 4495 1824 4560 consulente;

207 4556 688 4635 nonapostqtcbit.
717 4559 794 4635 Ita
821 4557 1148 4635 Bernartius.
1167 4562 1246 4614 Ex
1264 4561 1465 4635 quibus
1481 4564 1616 4619 satis
1637 4556 1827 4635 proba-

208 4623 400 4703 biliter
422 4623 615 4703 colligi
661 4631 842 4703 potest
870 4629 1192 4703 Cassianum
1215 4623 1672 4703 ac'Germanum,
1713 4653 1826 4693 non

208 4695 472 4776 obstante
515 4695 614 4751 sua
658 4695 991 4776 professione
1038 4707 1096 4754 et
1139 4701 1536 4770 promissione,
1575 4695 1822 4776 potuisse

206 4765 358 4848 apud
392 4765 519 4820 illos
547 4765 727 4848 patr—es
771 4768 822 4822 in
852 4785 1047 4848 eremo
1087 4765 1402 4848 permanere
1429 4780 1485 4827 et
1512 4765 1821 4848 religiosam

208 4837 386 4920 vitam
425 4837 709 4920 cumnillis
728 4854 918 4920 agerc;
957 4840 1048 4920 qui
1080 4837 1401 4920 statusfuit
1426 4852 1484 4900 et
1509 4837 1706 4917 scopus
1730 4856 1820 4905 to-

206 4907 317 4986 tiu_s
337 4903 520 4986 huius
538 4903 916 4986 diSputat‘ionis
940 4903 994 4986 et
1010 4911 1338 4986 collationis.

279 4981 306 5009 ³
335 4977 642 5047 Diligenter
670 4979 907 5060 notanda
945 4981 1190 5038 delinitio
1219 4984 1336 5060 ive
1362 4984 1624 5060 resolutio
1651 4986 1819 5060 hujus

203 5064 357 5130 μιν.)
382 5062 635 5130 qua_non
669 5049 852 5105 minus
875 5050 1034 5130 docte
1062 5069 1227 5130 quam
1267 5055 1361 5130 pic
1381 5056 1684 5130 explicatur
1704 5049 1818 5130 qui-

207 5118 311 5174 bu's
335 5121 392 5175 in
437 5118 604 5174 rebus
649 5135 712 5174 ac
745 5118 1095 5178 sermonibus
1132 5118 1313 5180 locum
1350 5118 1546 5182 habeat
1569 5127 1658 5183 illa
1702 5118 1817 5186 sen-

206 5191 379 5246 tentia
407 5205 533 5261 cap.
563 5195 630 5265 27
662 5191 912 5263 superius
936 5193 1160 5265 allegata
1193 5216 1205 5251 :
1238 5199 1450 5252 Rectius
1475 5203 1552 5252 est
1574 5205 1816 5256 nostrum

203 5277 302 5342 nos
319 5334 330 5342 .
343 5264 628 5342 praeterire
652 5279 943 5320 sermonem
983 5264 1146 5334 quam
1169 5270 1252 5321 rei
1275 5268 1589 5325 salubrior-is
1619 5287 1681 5326 ac
1703 5277 1813 5342 pice

203 5333 394 5386 subire
413 5333 716 5400 jacturam.

277 5405 315 5483 Ρ.
337 5403 510 5483 Vides
534 5404 697 5483 etiam
726 5406 883 5483 apud
907 5415 1113 5464 veteres
1136 5408 1441 5483 monachos
1463 5410 1809 5468 violationem

203 5474 316 5530 voti
349 5474 714 5548 continentia:
737 5474 792 5530 et
819 5478 1046 5534 aliorum
1076 5480 1468 5548 essentialium,
1498 5498 1609 5536 non
1650 5498 1810 5541 secus

203 5560 268 5618 ac
295 5545 684 5618 principalium
725 5549 1104 5606 mandatorum
1140 5551 1264 5616 Dei,
1300 5545 1604 5618 judicatam
1641 5551 1808 5608 fuisse

203 5613 587 5698 damnabilem
603 5626 658 5674 et
685 5619 1170 5698 mortaleijuod
1184 5613 1473 5698 confirmat
1494 5623 1630 5698 alius
1648 5623 1809 5698 locus

205 5684 336 5768 huic
359 5695 796 5768 consentaneus,
836 5704 938 5746 nec
968 5684 1146 5768 minus
1173 5695 1351 5750 serius
1380 5694 1575 5768 quoad
1611 5694 1804 5768 obliga-

203 5758 418 5814 tionem
447 5766 505 5813 et
531 5758 874 5815 violationem
905 5765 1155 5818 votorum
1194 5758 1588 5835 essentia'Iium,
1618 5758 1800 5822 lib.iv

1857 4494 2116 4566 D,Instit.
2145 4508 2261 4562 cap.
2305 4495 2392 4566 33,
2421 4490 2475 4566 in
2511 4488 2627 4566 haec
2659 4491 2821 4547 verba
2851 4509 2864 4545 ε
2889 4492 3040 4566 Sicut
3061 4489 3532 4566 immensdgloria

1933 4567 2164 4635 ﬁdeliter
2182 4563 2534 4635 sm‘vtentibus
2561 4565 2668 4617 Deo
2692 4580 2753 4618 ac
2772 4564 3058 4618 secundum
3079 4562 3292 4629 Regula:
3315 4563 3534 4635 institu-

1937 4632 2133 4694 tionem
2151 4638 2201 4690 εἰ
2218 4634 2613 4689 adluerentibus
2641 4637 3045 4703 repromittitur
3068 4636 3125 4684 in
3144 4635 3421 4703 futurum,
3449 4632 3530 4682 ita

1930 4725 2100 4777 poema
2129 4709 2462 4775 gravissimos
2480 4702 2865 4774 prmparuntur
2889 4705 2972 4756 his
2993 4704 3092 4770 qui
3310 4715 3424 4752 eam
3439 4715 3531 4777 ne:

1929 4771 2298 4848 gligenterque
2336 4771 2547 4848 fuerint
2575 4771 2839 4848 ediscenti,
2868 4778 2919 4848 et
2945 4772 3238 4848 secundum
3267 4771 3361 4848 hcc
3385 4771 3532 4848 quod

1924 4842 2170 4918 foro/essi
2193 4842 2342 4908 sunt,
2364 4847 2448 4899 vel
2467 4845 2611 4913 quod
2647 4845 2716 4896 ab
2748 4843 3057 4918 hominibus
3085 4855 3200 4894 esse
3217 4842 3526 4918 cred-untur,

1928 4913 2143 4986 fructus
2170 4919 2336 4971 etiam
2357 4928 2611 4982 congruos
2634 4915 2943 4986 sanctitatis
2970 4913 3140 4986 eidem
3163 4913 3410 4966 exhibere
3434 4929 3531 4966 ne-

1928 4985 2218 5058 glexerint.
2238 4987 2428 5042 Melius
2438 4989 2516 5038 est
2531 4986 2691 5051 enim,
2708 4985 3002 5039 secundum
3017 4985 3314 5053 Scriptum
3328 4989 3534 5058 senten-

1928 5057 2084 5124 tiam,
2109 5075 2214 5114 non
2243 5072 2426 5112 vovere
2443 5071 2784 5125 quemquam,
2807 5071 2973 5126 quam
2989 5071 3195 5122 voce-re,
3217 5061 3267 5109 et
3291 5071 3396 5110 non
3411 5057 3523 5109 red-

1925 5133 2067 5187 dere.
2098 5133 2189 5197 Εἰς
2216 5128 2534 5186 Maledictus
2573 5129 2672 5196 qui
2689 5130 2824 5194 facit
2871 5141 2999 5197 opus
3031 5127 3129 5181 Dei
3173 5126 3524 5194 negligenter.

1925 5204 2060 5259 Haec
2090 5201 2185 5257 ibi.

1995 5285 2016 5310 °
2043 5277 2185 5344 Ergo
2207 5287 2271 5327 ex
2297 5267 2568 5344 sententia
2601 5266 2766 5338 hujus
2789 5266 3005 5344 abbatis
3032 5282 3150 5344 non
3161 5264 3393 5344 expedit
3422 5265 3524 5320 ali-

1920 5344 2006 5400 cui
2038 5336 2241 5401 secreta
2277 5341 2388 5398 sive
2413 5355 2609 5396 arcana
2645 5336 2745 5395 sua
2783 5339 2887 5394 sub
2911 5337 3110 5408 silentii
3157 5336 3264 5392 ﬁde
3289 5345 3342 5392 et
3365 5336 3526 5408 jura-

1921 5425 2110 5471 mento
2138 5413 2518 5478 committere,
2560 5409 2661 5465 nisi
2703 5409 2780 5464 rei
2827 5407 3062 5480 gravitas
3101 5408 3182 5462 vel
3226 5407 3524 5464 necessitas

1918 5485 2069 5542 aliud
2089 5485 2334 5540 suadeat.
2357 5484 2476 5551 Qua
2515 5480 2583 5536 de
2601 5497 2662 5536 re
2684 5479 2911 5536 consule
2932 5487 3224 5536 tractatum
3251 5479 3523 5538 Dominici

1917 5571 1946 5610 a
1973 5557 2109 5612 Soto
2134 5556 2202 5612 de
2223 5554 2430 5608 ratione
2452 5551 2667 5622 tegendi
2707 5551 2917 5622 secreti.

1987 5627 2013 5662 ά
2040 5629 2209 5683 Recte
2234 5619 2552 5696 observavit
2570 5625 2679 5696 Do.
2708 5621 2980 5696 Cuychius
3005 5636 3067 5696 ex
3093 5619 3177 5696 bis
3201 5620 3378 5680 verbis
3405 5621 3517 5676 col-

1917 5696 2007 5768 ligi
2031 5693 2585 5768 Cassianum_abba_t_is
2618 5689 2840 5768 Iosephi
2882 5689 3118 5768 opinioni
3149 5700 3314 5768 atque
3337 5708 3516 5768 asser-

1911 5761 2050 5826 tioni
2085 5768 2156 5826 de
2182 5764 2481 5825 mendacii
2511 5764 2723 5822 licentia
2751 5761 3068 5833 adhaesisse,
3095 5772 3188 5821 aut
3208 5761 3351 5821 certe
3374 5763 3520 5832 ejus-
