4014 6202
301 248 434 305 1089

927 239 1267 298 COLLATIO
1308 240 1509 297 xvm.
1532 266 1604 282 ——
1642 240 1731 296 ne
1771 236 2016 299 TRIBUS
2050 242 2435 299 caueamus
2471 202 2974 302 nosscuoauu.

3472 252 3607 307 £090

292 370 603 438 Theodore,
646 366 855 425 credidi
899 366 1256 439 deputandas.
1305 365 1581 424 Posterior
1618 364 1892 438 siquidem
1916 370 1971 435 Α
1998 382 2097 439 pro
2120 366 2705 426 conditione-locorum
2724 377 2981 429 aestatus
2999 369 3087 427 sui
3108 385 3375 429 tmensura
3389 371 3605 444 plenius

294 475 535 521 vestrum
562 463 717 519 illam
744 460 1130 518 cmuobiorum
1157 469 1400 518 sanctam
1435 467 1597 532 atque
1621 461 1897 533 egregiam

294 557 639 630 disciplinam
664 556 722 612 in
750 554 1045 626 provinciis
1067 554 1373 611 Gallicanis
1394 555 1741 626 antiquarum
1783 556 1898 612 vir-

295 654 489 709 tutum
511 650 854 707 districtione
893 647 1176 716 fundavit;
1203 648 1385 706 emteri
1411 664 1543 705 vero
1572 664 1685 705 non
1717 648 1894 705 solum

294 742 661 801 cmuobialem
691 741 1087 814 professionem
1116 741 1363 814 apprime
1396 742 1699 798 monachos
1726 757 1897 814 expe-

294 848 431 907 tere,
460 852 652 894 verum
676 836 841 893 etiam
869 834 1309 893 anachoreticam
1327 835 1476 892 sitire
1501 834 1896 892 sublimitatem

294 930 956 989 vestris-institutionibus
985 929 1345 1002 provocastis.
1373 932 1451 985 Ea
1472 944 1710 1002 namque
1731 929 1893 986 colla.

293 1029 477 1084 tiones
493 1027 609 1084 istm
628 1040 978 1083 summorum
996 1027 1223 1081 Patrum
1244 1024 1612 1097 disputatione
1624 1033 1895 1082 contextae

294 1131 450 1189 sunt,
476 1131 533 1179 et
548 1124 623 1177 ita
649 1121 705 1177 in
724 1121 986 1177 omnibus
1005 1129 1345 1191 temperatae,
1373 1126 1435 1174 ut
1452 1119 1667 1190 utrique
1687 1118 1896 1191 profes-

294 1215 473 1284 sioni,
526 1231 632 1288 qua
664 1215 792 1270 non
830 1215 1014 1270 solum
1061 1212 1315 1270 occiduas
1362 1212 1642 1284 regiones,
1701 1227 1892 1269 verum

293 1309 460 1367 etiam
485 1319 513 1346 ⁸
530 1308 749 1373 insulas,
768 1307 1025 1364 maximis
1045 1305 1287 1364 fratrum
1312 1306 1547 1369 catervis
1563 1303 1776 1362 fecistis
1799 1305 1899 1361 ﬂo-

294 1417 436 1468 rere,
468 1401 821 1469 conveniant;
854 1400 911 1457 id
935 1408 1042 1469 est,
1077 1409 1143 1457 ut
1166 1415 1278 1456 non
1308 1400 1494 1456 solum
1522 1399 1576 1455 hi
1598 1399 1693 1470 qui
1716 1398 1896 1456 adhuc

294 1496 367 1553 in'
400 1500 821 1570 congregatione
877 1495 1135 1553 laudabili
1182 1494 1524 1568 subjectione
1574 1493 1890 1566 perdurant,

292 1591 582 1648 sed-etiam
612 1591 691 1651 illi
717 1590 811 1661 qui
831 1589 976 1646 haud
1001 1589 1160 1662 longe
1187 1603 1221 1645 a
1244 1588 1447 1646 vestris
1462 1586 1724 1645 emnobiis
1753 1602 1894 1644 sece-

292 1685 485 1743 dentes
522 1685 982 1743 anachoretarum
1009 1684 1203 1741 sectari
1253 1684 1493 1757 gestiunt
1519 1681 1888 1755 disciplinam,

2001 461 2364 518 instruantur.
2395 461 2609 532 Quibus
2637 461 2746 518 hoc
2773 463 3110 535 prmeipuum
3137 464 3605 537 munitm-iece-

2001 553 2136 611 dens
2163 555 2328 612 vestri
2357 555 2559 612 laboris
2583 555 2872 625 industria,
2898 565 2963 613 ut
2986 557 3159 629 parati
3192 558 3313 630 jam
3342 567 3510 632 atque
3545 560 3602 617 in
3628 584 3637 587 ~

2000 649 2194 707 iisdem
2214 650 2483 706 exercitiis
2510 648 2861 722 deprehensi,
2886 646 3100 708 facilius
3124 660 3391 724 praecepta
3410 655 3598 711 senio-

1998 757 2127 800 rum
2146 750 2310 814 atque
2333 743 2580 800 instituta
2606 743 2930 816 suscipiant,
2955 738 2983 777 ¹³
3008 744 3269 818 ipsosque
3296 745 3351 802 in
3378 747 3598 804 cellulas

2000 852 2128 894 suas
2180 847 2435 896 auctores
2474 839 2832 896 collationum
2880 854 3010 897 cum
3061 840 3195 913 ipsis
3240 840 3594 913 collationum

2001 931 2370 989 voluminibus
2390 933 2739 1005 recipientes,
2765 941 2821 989 et
2837 933 3164 1005 quotidiauis
3183 932 3597 1006 quodammodo

2001 1041 2131 1082 cum
2158 1026 2237 1082 eis
2264 1026 2783 1098 interrogationibus
2814 1043 2881 1083 ac
2905 1027 3181 1100 responsis
3202 1027 3592 1101 colloquentes,

2000 1133 2114 1174 non
2142 1118 2377 1190 propriis
2410 1118 2886 1176 adinveutionibus
2914 1120 3144 1177 arduam
3182 1120 3344 1177 istam
3372 1130 3431 1179 et
3457 1123 3606 1191 inco-

2001 1212 2211 1285 gnitam
2238 1210 2413 1268 ferme
2433 1211 2493 1266 in
2519 1211 2625 1269 hac
2648 1212 2873 1286 regione
2897 1221 3153 1284 appetant
3185 1214 3348 1281 viam,
3371 1215 3467 1272 sed
3498 1232 3599 1287 pe-

2001 1305 2302 1364 riculosam
2336 1305 2507 1362 etiam
2548 1305 2677 1371 illic,
2731 1305 2826 1363 ubi
2872 1305 2992 1377 jam
3033 1307 3305 1364 tritissimi
3348 1308 3513 1366 calles
3545 1317 3602 1364 et

2000 1399 2293 1457 innumera
2331 1399 2755 1472 prmcedentium
2780 1399 3027 1473 exempla
3054 1416 3166 1459 non
3207 1401 3427 1469 desunt,
3460 1417 3598 1458 ana-

2001 1494 2291 1549 choreseos
2315 1491 2660 1564 disciplinam
2705 1492 2925 1550 illorum
2949 1493 3132 1566 potius
3170 1494 3453 1566 prmeeptis
3503 1511 3600 1551 ca—

1948 1634 1967 1647 ..
2000 1601 2127 1659 pere
2145 1593 2525 1655 comuescant,
2548 1598 2689 1657 quos
2703 1585 2758 1641 in
2779 1586 3035 1643 omnibus
3054 1593 3113 1643 et
3134 1586 3357 1659 antiqua
3379 1587 3599 1645 traditio

1998 1690 2055 1737 et
2083 1681 2261 1752 longas
2283 1679 2635 1753 experientia:
2655 1679 2919 1736 instruxit
2949 1679 3240 1738 industria.

1391 1799 1648 1856 ALARDI
1684 1799 1910 1854 GAZEI
1946 1794 2508 1854 COMMENTARIUS.

367 1915 393 1941 ιι
422 1906 627 1962 Insulas
652 1919 849 1976 nempe
878 1902 1212 1976 Stoechadas
1241 1903 1297 1959 in
1324 1903 1467 1960 mari
1515 1904 1730 1960 Gallico
1756 1902 1890 1959 sitas
1923 1908 1971 1971 Β
2001 1910 2180 1970 tanea,
2199 1909 2270 1976 ut
2296 1899 2555 1976 monachi
2581 1914 2777 1976 omnes
2796 1900 2894 1958 has
2911 1898 3231 1976 collatioues
3259 1916 3388 1976 cum
3406 1916 3595 1960 eorum

298 1984 355 2029 et
380 1984 493 2031 tam
523 1977 715 2031 Lerino
747 1973 914 2046 quam
952 1974 1073 2029 aliis
1111 1973 1337 2041 vicinas,
1361 1983 1418 2046 et
1453 1990 1652 2045 magna
1691 1990 1892 2030 mona—

299 2046 534 2118 chorum
585 2045 896 2118 frequentia
941 2053 1000 2101 et
1052 2045 1342 2118 sanctitate
1384 2045 1672 2118 ﬂorentes,
1701 2046 1897 2118 quibus

298 2114 440 2173 hanc
469 2114 702 2174 tertiani
720 2115 1076 2172 collationum
1097 2114 1325 2172 classem
1348 2119 1556 2175 Auctor
1581 2114 1896 2182 deStihavit,

297 2194 360 2258 ut
390 2187 507 2258 ipse
530 2196 760 2244 testatur
784 2188 841 2242 in
861 2203 956 2243 sua
983 2185 1302 2258 praefatione
1331 2186 1401 2241 ad
1423 2186 1772 2258 collationem
1792 2203 1898 2243 un-

294 2257 591 2328 decimam,
619 2259 696 2315 ita
731 2257 1084 2314 Honoratum
1126 2257 1439 2328 episcopum
1468 2266 1524 2312 et
1567 2257 1894 2313 Eucherium

294 2327 580 2400 alloquens
610 2349 624 2384 :
649 2332 711 2387 Si
736 2345 859 2383 vero
881 2334 1123 2384 sanctam
1150 2327 1320 2391 studii
1340 2330 1505 2400 vestri
1522 2330 1671 2383 sitim
1689 2329 1800 2382 hac
1817 2344 1897 2400 sa:

296 2399 439 2454 εἰανὲ
466 2417 571 2454 non
598 2401 890 2471 quiverint,
928 2404 1127 2471 septem
1166 2400 1291 2453 alite
1319 2399 1642 2466 collationes,
1677 2414 1797 2467 quae
1822 2399 1897 2453 ad

291 2473 503 2525 sanctos
515 2470 613 2540 qui
624 2473 683 2526 in
698 2470 1067 2527 Sttechadibus
1081 2472 1377 2525 consistunt
1395 2471 1590 2525 insulis
1599 2470 1903 2525 emittendae

291 2546 451 2604 sunt,
476 2544 711 2609 fratres,
733 2542 1094 2604 desiderium,
1124 2545 1187 2596 ut
1206 2542 1464 2608 arbitror,
1493 2542 1663 2596 uestri
1682 2542 1901 2595 ardens

294 2612 776 2739 Ὓιῗδζῖἔῗιόηἰῑὶο
798 2691 853 2739 et
884 2682 1124 2740 hortatio
1147 2698 1274 2739 meo
1301 2680 1489 2739 itidem
1521 2691 1646 2739 voto
1672 2696 1901 2738 consen-

2001 1973 2346 2045 auctoribus,
2367 1972 2573 2045 sanctis
2594 1972 2855 2029 videlicet
2874 1973 3123 2045 patribus
3156 1982 3213 2045 et
3233 1972 3578 2031 snachoretis

2003 2015 3603 2118 ἷᾶἒῖἐῗὲἕῖιιῖῖὲζῖίῑρέέιῖἔὲἒῐ’ὗῖἱιῖ”ξὶοίᾘίὲ’ἐίἷνᾶνὶῖἰιῖἰ

2004 2131 2077 2188 se
2092 2115 2401 2188 retineant:
2433 2113 2679 2188 quotidie
2700 2129 2825 2169 cum
2855 2115 2959 2170 illis
2978 2113 3363 2188 colloquantur
3394 2124 3447 2173 et
3471 2113 3604 2188 con-

1998 2182 2341 2257 'fabulentur,
2370 2182 2466 2240 eos
2494 2182 2912 2257 in‘terrogentqet
2935 2182 3418 2257 peorumr'responsa
3452 2186 3600 2242 acci~

2006 2258 2184 2328 piant;
2215 2266 2277 2312 ut
2295 2256 2365 2312 ab
2391 2257 2470 2328 eis
2493 2254 2694 2323 edocti,
2708 2253 3073 2328 perfectionis
3101 2253 3429 2328 viam-absis
3452 2268 3604 2312 mon.

2003 2325 2231 2383 stratam
2279 2335 2335 2381 et
2364 2326 2631 2381 calcatam
2670 2325 3011 2398 propensius,
3043 2328 3292 2384 securius
3332 2325 3599 2387 incedant.

2003 2402 2145 2456 Nam
2190 2399 2498 2454 collationes
2537 2399 2860 2467 Patrum,pet
2890 2399 3172 2461 instituta,
3197 2402 3249 2453 et
3269 2400 3387 2454 vita
3422 2414 3603 2454 eorum

2010 2470 2106 2533 (ait
2133 2477 2319 2524 noster
2347 2470 2419 2522 D.
2453 2466 2772 2523 Benedictus
2797 2482 2989 2523 eorum
3020 2469 3308 2525 aemulator
3335 2477 3390 2524 et
3416 2468 3606 2525 imita-

2006 2548 2099 2596 tor
2125 2539 2408 2605 eximius),
2436 2538 2574 2606 quid
2599 2538 2755 2593 aliud
2781 2544 2929 2601 sunt,
2953 2541 3065 2596 nisi
3095 2541 3222 2596 bene
3245 2541 3535 2596 viventium
3552 2544 3605 2595 et

2008 2612 2365 2666 obedientium
2379 2609 2755 2680 monachorum
2773 2608 3022 2680 eampla
3045 2615 3096 2665 et
3118 2612 3473 2666 instrumenta
3485 2613 3605 2665 vir-

2008 2687 2185 2737 tutum
2213 2682 2356 2751 (Reg.
2387 2694 2507 2749 cap.
2537 2678 2686 2751 ult.).

818 2920 1323 3020 COLLA
1343 2920 1598 3020 T10
1672 2919 1896 3019 DE

2003 2917 2303 3018 [ΜΛ
2383 2916 2791 3018 οσΤΑ
2803 2874 3081 3036 VA,

1417 3090 1571 3163 Quae
1609 3090 1711 3152 est
1745 3085 2156 3159 Piammonis
2194 3086 2482 3154 abbatis.

676 3226 757 3278 DE
791 3225 1022 3279 TRIBUS
1054 3225 1353 3291 ANTIQUIS
1387 3225 1750 3280 GENERIBUS
1781 3220 2259 3294 MONA'CHORUM,
2296 3230 2377 3281 ΕΤ
2411 3228 2665 3290 QUARTO
2702 3228 2914 3282 NUPER
2945 3226 3221 3281 EXORTO.

796 3468 1036 3525 CAPUT
1078 3467 1395 3526 PRIMUM.

301 3565 752 3639 Quemadmodum
771 3568 987 3623 Diolcon
1006 3568 1272 3622 venientes
1298 3566 1366 3621 ab
1383 3564 1573 3636 abbate
1590 3568 1900 3621 Piammone

829 3640 1031 3709 recepti
1067 3639 1360 3706 fuerimus.

364 3750 501 3804 Post
520 3757 873 3821 conspectum
905 3756 1073 3819 atque
1107 3748 1448 3821 colloquium
1476 3747 1644 3804 trium
1674 3746 1894 3807 illorum

292 3855 512 3911 senum,
560 3858 796 3914 quorum
845 3844 1197 3911 Collationes,
1246 3851 1435 3900 sancto
1488 3841 1893 3900 fratre'nostro

286 3932 560 3991 Eucherio
588 3934 969 4006 compellente,
1021 3942 1322 4005 utcumque
1365 3933 1713 4006 digessimus,
1767 3950 1895 3991 cum

288 4026 469 4084 etiam
509 4027 781 4084 ulterioris
810 4028 1025 4101 (Egypti
1064 4037 1280 4101 partes,
1328 4028 1382 4085 in
1414 4028 1622 4100 quibus
1663 4027 1897 4100 amplior

286 4128 462 4193 atque
512 4120 806 4192 perfectior
848 4131 1166 4178 sanctorum
1207 4136 1477 4178 numerus
1525 4120 1894 4185 commeabat,

285 4214 508 4288 majore
553 4214 838 4289 ﬂagrantia
883 4214 1319 4273 desideraremus
1348 4223 1620 4288 expetere,
1655 4224 1680 4249 ⁸
1708 4214 1777 4271 ad
1815 4215 1898 4269 vi-

289 4321 423 4366 cum
451 4307 539 4365 cui
565 4323 774 4365 nomen
797 4317 882 4365 est
910 4310 1164 4378 Diolcos,
1193 4308 1286 4366 uni
1312 4325 1377 4365 ex
1410 4317 1618 4381 septem
1650 4306 1754 4363 Nili
1790 4307 1898 4364 tiu-

1929 3470 1974 3533 c
2009 3464 2169 3522 minis
2191 3462 2345 3529 ostiis
2368 3463 2765 3533 imminentem,
2787 3480 2898 3521 non
2913 3471 3026 3521 tam
3050 3459 3256 3522 itineris
3281 3462 3604 3523 necessitate

2006 3575 2174 3633 quam
2198 3554 2464 3618 desiderio
2490 3567 2807 3617 sanctorum
2829 3559 2939 3618 illic
2962 3562 3428 3618 commorantium
3456 3577 3602 3618 com-

2007 3655 2259 3726 pellente,
2304 3652 2682 3728 pervenimus.
2721 3654 2859 3710 Cum
2888 3653 3036 3711 enim
3074 3655 3224 3711 velut
3266 3652 3611 3727 cupidissimi

2007 3754 2339 3805 mercatores
2364 3745 2598 3819 plurima
2622 3745 2731 3803 illic
2756 3746 3217 3819 celeberrimaque
3246 3746 3496 3803 coenobia
3535 3745 3605 3802 ab

2003 3842 2242 3916 antiquis
2285 3842 2684 3900 audivisemus
2727 3839 2971 3912 patribus
3025 3839 3306 3906 instituta,
3341 3837 3604 3895 continuo

2001 3937 2167 4011 quasi
2182 3936 2589 4009 navigationem
2609 3932 2983 4006 inquisitionis
3000 3933 3245 4001 incertat,
3261 3945 3361 4004 spe
3382 3929 3611 4002 majoris

2002 4028 2139 4085 lucri
2176 4028 2561 4100 persuadente,
2590 4027 2953 4096 suscepimus.
2980 4027 3096 4084 Ubi
3138 4042 3265 4084 cum
3294 4022 3606 4082 diutissime

2005 4121 2333 4177 ﬁuctuantes
2360 4120 2430 4176 ad
2460 4121 2584 4177 illos
2617 4120 2885 4176 virtutum
2910 4119 3251 4199 sublimitate
3278 4117 3606 4189 conspicuos

2004 4221 2221 4270 montes
2242 4212 2482 4286 undique
2507 4210 2695 4269 oculos
2712 4210 3083 4280 tenderemus,
3106 4211 3361 4268 abbatem
3375 4212 3400 4247 ³³
3424 4210 3603 4266 Pium-

2004 4322 2234 4364 manem
2273 4307 2522 4364 omnium
2550 4304 3009 4367 anachoretarum
3039 4305 3148 4371 illic
3181 4301 3604 4365 inhabitantium

1393 4425 1650 4481 ALARDI
1686 4425 1909 4479 GAZEI
1950 4424 2509 4480 COMMENTARIUS.

366 4538 405 4614 ι,
420 4533 502 4586 De
531 4530 635 4614 hoc
659 4531 778 4613 vico
823 4531 909 4587 vel
934 4529 1141 4614 ει)ρίὰο
1172 4532 1301 4591 alias
1332 4532 1542 4614 dictum
1574 4540 1680 4614 est_
1699 4532 1836 4613 (Lib.
1865 4547 1897 4584 v

295 4603 428 4674 inst.
465 4617 514 4657 c.
548 4605 671 4671 3B);
699 4603 761 4657 in
798 4603 1315 4674 quoPiammonem
1352 4604 1604 4659 abbatem
1632 4603 1897 4659 claruisse

294 4672 634 4744 Soaomenus
660 4682 718 4730 et
744 4672 1086 4744 Nicephorus
1110 4681 1402 4729 testantur.

2005 4534 2220 4588 nomine
2233 4533 2618 4593 Piammonem,
2647 4533 2810 4589 totius
2839 4531 3167 4591 humilitatis
3183 4535 3233 4586 et
3256 4529 3605 4593 benignitatis

2004 4606 2204 4668 virum,
2220 4604 2499 4659 habentem
2513 4606 2677 4658 etiam
2690 4603 3074 4658 revelationum
3091 4603 3351 4669 gratiam.
3368 4602 3607 4667 Denique

2005 4676 2242 4744 quodam
2265 4680 2519 4745 tempore,
2545 4690 2666 4729 cum
2689 4675 2903 4745 Domino
2917 4668 3241 4745 sacriﬁcium
3259 4669 3497 4745 oﬂ‘m'ret,
3518 4671 3604 4722 vi-

365 4736 394 4781 ”
418 4744 728 4815 Piammon,
758 4760 868 4800 non
884 4736 1152 4810 "Piamon,
1182 4744 1469 4815 legendum
1497 4758 1615 4815 esse
1640 4743 1905 4815 admonet
2010 4736 2093 4799 dit
2112 4736 2895 4815 angelum‘Deistantemjumta
2910 4736 3107 4815 altare,
3123 4736 3607 4815 etuniuscujusque

297 4810 609 4878 Ciaconius,
622 4829 684 4869 ex
696 4810 1265 4871 Graecisauctoribus'.
1296 4816 1393 4869 Est
1406 4822 1587 4870 autem
1608 4814 1697 4870 hic
1716 4815 1902 4871 Piam—

299 4896 454 4957 _r_non,
479 4884 550 4937 de
571 4898 686 4957 quo
708 4886 957 4956 superius
978 4885 1171 4957 habita
1197 4884 1427 4957 mentio,
1445 4884 1557 4957 ubi
1576 4885 1691 4957 ejus
1718 4886 1897 4941 humi-

299 4951 426 5028 Iitas
440 4938 1687 5028 ἐιβιῖιάξυπιτιέερίιδέέβίδρίίέέίρέέςέέιίρῑτίέ
1716 4938 1901 5028 asa-
1928 4938 1980 5001 ι)

297 5024 565 5081 steritatis
588 5024 852 5081 refertur.
868 5024 968 5081 ’ΒΘ
996 5024 1199 5082 eodem
1221 5024 1560 5082 Sozomenus
1589 5025 1706 5083 haec
1732 5026 1901 5083 habet

302 5096 516 5163 (Lib-.vr
536 5113 581 5151 c.
607 5100 708 5163 29;
735 5098 958 5167 Niccph.
991 5098 1030 5150 ι.
1050 5110 1117 5152 xx
1139 5101 1289 5163 6.35)
1319 5116 1331 5151 :
1364 5100 1638 5153 Piammon
1663 5102 1717 5152 et
1735 5101 1898 5153 Joan-

296 5180 389 5239 nes
416 5169 479 5222 id
508 5170 767 5239 temporis
789 5183 1000 5238 quoque
1024 5170 1236 5222 circiter
1265 5167 1476 5220 Διολκόν
1501 5171 1740 5238 ΛΕθῃρίὶ,
1767 5170 1899 5224 cele-

301 5236 550 5293 berrimis
578 5236 854 5310 phefuere
872 5236 1246 5307 monasteriis;
1275 5236 1693 5309 exquisitissime
1719 5244 1901 5295 autem

300 5310 602 5364 sacerdotio
634 5311 962 5382 (presbyteri
974 5312 1117 5365 enim
1138 5315 1309 5377 erant)
1331 5317 1382 5365 et
1407 5327 1616 5367 summa
1628 5327 1743 5366 cum
1759 5326 1900 5365 rece-

300 5383 485 5435 rentia
492 5381 990 5450 perﬂntgebantur.
1009 5381 1293 5437 Traditum
1307 5398 1429 5437 vero
1455 5388 1531 5437 est
1544 5385 1900 5437 Piammonem

302 5453 535 5517 quodam
559 5457 812 5521 tempore,
842 5468 963 5507 cum
992 5469 1208 5508 sacrum
1238 5454 1493 5521 faciebat,
1520 5453 1720 5507 vidisse
1752 5454 1895 5505 circa

303 5535 513 5577 sacram
549 5538 788 5578 mensam
823 5529 1053 5580 stantem
1097 5525 1349 5594 angelum
1379 5526 1499 5584 Dei,
1530 5527 1581 5578 et
1617 5524 1901 5576 monachos

296 5597 586 5657 prasentes
615 5597 676 5648 in
714 5594 850 5650 libro
878 5593 1184 5663 scripsisse,
1204 5597 1446 5651 absentes
1468 5610 1591 5649 vero
1607 5593 1732 5649 inde
1758 5593 1899 5648 dele-

303 5663 456 5739 nisse.
480 5665 573 5739 Sic
591 5665 698 5739 ille.
729 5671 801 5721 At
812 5664 922 5721 hoc
942 5663 1088 5739 idem
1102 5665 1656 5739 exemplumiujVitis
1674 5668 1900 5739 Patrum

306 5734 464 5807 ppulo
479 5736 693 5807 plenius
718 5742 776 5792 et
793 5735 1098 5792 accuratius
1115 5734 1402 5794 enarratur
1418 5737 1477 5793 in
1505 5737 1651 5792 hunc
1670 5735 1900 5792 modum

308 5800 437 5871 (Lib.
475 5800 521 5863 it
545 5822 591 5861 c.
628 5809 721 5876 32)
757 5825 771 5863 :
815 5808 1065 5863 Vidimus
1093 5808 1470 5864 admirabilem
1493 5808 1896 5879 presbyterum,

2009 4811 2393 4875 monachorum
2402 4811 2765 4870 accedentium
2784 4813 2859 4865 ad
2870 4813 3046 4866 altare
3056 4811 3370 4866 scribentem
3383 4812 3606 4865 nomina

2009 4888 2068 4939 in
2093 4887 2229 4940 libro
2250 4901 2408 4954 quem
2438 4884 2645 4939 tenebat
2665 4882 2726 4937 in
2752 4880 3021 4954 manibus,
3047 4881 3401 4954 quorumdam
3427 4886 3605 4937 tamen

2010 4971 2117 5011 non
2131 4956 2469 5011 scribentem.
2493 4955 2736 5023 Cumque
2753 4953 3046 5024 diligenter
3069 4953 3390 5011 observasset
3407 4955 3602 5016 senior,

2010 5029 2108 5096 qui
2130 5028 2302 5081 essent
2339 5040 2567 5095 quorum
2596 5027 2814 5081 nomina
2841 5041 2945 5080 non
2967 5026 3284 5095 scripsisset,
3316 5030 3604 5095 postquam

2009 5102 2137 5152 sunt
2155 5097 2416 5167 completa
2434 5099 2715 5165 mysteria,
2732 5111 3163 5166 unumquemque
3179 5110 3362 5167 eorum
3370 5109 3604 5167 seorsum

2008 5184 2218 5235 uocans,
2252 5166 2639 5238 percunctatur
2665 5168 2823 5235 quid:
2848 5168 2917 5222 ab
2957 5171 3047 5238 eis
3077 5168 3137 5220 in
3163 5166 3360 5229 occulto
3397 5166 3607 5235 peccati

2009 5242 2206 5307 fuisset
2220 5236 2514 5295 admissum
2531 5256 2548 5303 ;
2564 5242 2614 5292 et
2628 5239 2830 5295 invenit
2845 5254 2913 5292 ea:
2924 5236 3249 5304 confessione
3262 5250 3604 5304 unumquem-

2009 5328 2113 5380 que
2139 5325 2322 5367 eorum
2344 5311 2555 5380 peccati
2576 5308 2819 5363 mortalis
2840 5309 3148 5362 obnoxium.
3183 5307 3329 5380 Tunc
3355 5307 3604 5380 hortatur

2010 5376 2093 5436 eos
2116 5376 2493 5451 paenitentiam
2514 5395 2693 5449 agere,
2717 5384 2768 5433 et
2778 5382 3113 5448 semetipsum
3139 5392 3254 5431 cum
3267 5378 3343 5451 eis
3362 5381 3484 5451 ante
3510 5376 3604 5434 Do-

2007 5448 2586 5520 minumprostemens,
2611 5451 2701 5503 die
2724 5465 2786 5504 ac
2798 5454 2964 5510 nocte,
2997 5455 3276 5520 tamquam
3303 5448 3415 5519 ipse
3432 5450 3490 5503 in
3515 5464 3602 5503 eo-

2010 5538 2134 5576 rum
2151 5519 2384 5591 pecoatis
2402 5525 2534 5578 esset
2550 5522 2835 5586 obnoxius,
2860 5520 3020 5588 ﬂebat
3043 5524 3093 5574 et
3116 5519 3327 5591 tamdiu
3345 5535 3603 5590 perman-

2009 5594 2082 5647 sit
2122 5590 2240 5647 cum
2267 5594 2341 5646 eis
2371 5594 2431 5646 in
2471 5592 2789 5661 pemitentia
2817 5595 2868 5645 et
2905 5591 3177 5659 lac-rymis,
3217 5590 3379 5646 donec
3408 5593 3602 5645 iterum

2008 5664 2215 5719 uideret
2244 5663 2485 5719 eumdem
2512 5663 2765 5733 angelum
2791 5666 3020 5718 stantem
3043 5667 3092 5717 et
3127 5664 3439 5718 scribentem
3463 5673 3604 5714 acce-

2008 5736 2253 5811 dentium
2276 5736 2516 5798 nomina,
2529 5739 2579 5811 et
2590 5738 2951 5811 posteaquam
2963 5735 3199 5811 omnium
3217 5732 3602 5811 scripsithtunc

2007 5809 2173 5863 etiam
2188 5807 2310 5862 illos
2327 5822 2395 5862 ea:
2414 5800 2718 5862 nominibus
2739 5800 3038 5863 adorantem
3058 5808 3107 5859 et
3125 5805 3199 5859 ad
3218 5800 3601 5857 reconciliatio-
