4000 6206
465 273 592 328 1091

1540 271 1819 331 JOANNIS
1853 271 2159 332 CASSIAN!
2192 270 2680 332 COLLATIONES.

3620 276 3765 330 l092

456 395 752 464 seniorem,
776 393 1208 469 eormdemque
1248 397 1645 472 presbyterum,
1680 400 1824 459 velut
1852 416 2052 475 quam-
2077 407 2133 469 Α
2158 401 2337 459 nullos
2364 403 2439 460 ita
2463 401 2799 459 adhaecloca
2818 399 2889 458 de
2904 398 3101 458 vestris
3114 396 3435 472 regionibus
3449 395 3759 465 advenisse,

455 488 583 545 dam
602 486 1053 566 sublimi-imam
1066 500 1093 527 ³
1112 490 1366 563 phorum,
1384 492 1593 565 primus
1606 493 2055 568 circumspectan-

456 582 597 638 tium
622 582 847 640 notavit
887 582 1135 641 intuitus.
1172 584 1279 642 Hic
1324 585 1528 643 etenim
1562 588 1710 645 sicut
1746 588 2054 663 evangelica

454 673 547 730 illa
595 675 793 734 civitas
840 677 901 734 in
948 678 1143 735 excelsi
1198 676 1409 737 montis
1473 680 1675 740 vertice
1719 684 2053 742 constitutus

454 768 672 832 (Matth.
708 769 795 841 ν),
824 779 1017 829 nostro
1038 773 1293 844 protinus
1329 773 1546 831 refulsit
1580 777 1841 849 aspectui.
1885 778 2054 851 Cujus

454 862 685 921 virtutes
705 866 875 938 atque
896 866 1167 924 mirabilia
1189 882 1312 939 qua:
1340 884 1438 941 per
1460 884 1589 926 eum
1611 874 1778 928 etiam
1798 872 1901 930 sub
1926 888 2052 929 con-

454 966 657 1029 spectu
672 968 867 1017 nostro
890 959 1069 1017 divina
1093 962 1264 1036 gratia
1289 962 1666 1021 testimonium
1696 966 1905 1023 meritis
1932 966 2053 1039 ejus

454 1049 738 1120 reddente,
766 1051 1005 1124 perfecta
1042 1063 1202 1121 sum,
1224 1070 1294 1111 ne
1317 1055 1398 1111 vel
1422 1057 1687 1129 propositi
1716 1059 1890 1114 nostri
1927 1057 2050 1115 for-

455 1158 604 1200 mam
640 1144 724 1201 vel
751 1145 986 1203 modum
1012 1147 1177 1220 hujus
1204 1147 1496 1206 voluminis
1527 1150 1874 1219 excedamus,
1902 1167 2050 1222 prae-

458 1237 810 1295 termittenda
847 1238 1198 1297 credidimus.
1242 1242 1369 1298 Non
1412 1241 1557 1298 enim
1595 1241 1665 1299 de
1708 1243 2051 1301 mirabilibus

456 1329 582 1398 Dei,
610 1329 706 1388 sed
733 1330 801 1388 de
827 1331 1089 1390 institutis
1113 1333 1422 1408 studiisque
1457 1346 1774 1394 sanctorum
1802 1338 2060 1411 quaedam

457 1438 582 1494 qua:
608 1425 891 1483 reminisci
914 1426 1174 1500 possibile
1200 1437 1302 1497 est,
1332 1444 1444 1486 non
1467 1430 2059 1503 spopondimustradi-

458 1524 634 1587 turos,
662 1527 725 1577 ut
769 1521 1137 1579 necessariam
1160 1529 1379 1579 tantum
1405 1522 1665 1597 perfecte
1695 1524 1821 1583 vita:
1846 1525 2058 1583 instru—

455 1610 716 1683 ctionem,
746 1624 861 1671 non
886 1612 1136 1671 inutilem
1163 1615 1375 1687 absque
1400 1617 1508 1673 ulla
1553 1615 1941 1674 emendatione
1971 1618 2057 1674 vi-

456 1706 666 1763 tiorum
717 1724 785 1765 ac
840 1714 1232 1781 supervacuam
1277 1710 1700 1769 admirationem
1746 1711 2055 1786 legentibus

455 1896 821 1968 gratulatione
870 1906 1154 1973 susceptos
1207 1897 1552 1957 humanitate
1600 1901 1767 1957 etiam
1809 1915 2051 1973 congrua

454 1987 755 2057 refecisset,
780 1991 1087 2065 intelligens
1112 2008 1215 2049 nos
1239 2008 1355 2049 non
1376 1993 1619 2064 ejusdem
1635 2010 1755 2051 esse
1781 1993 2048 2066 regionis,

454 2082 703 2151 primum
733 2084 884 2141 unde
913 2084 995 2149 vel
1022 2099 1124 2140 cur
1138 2086 1436 2157 Egyptum
1462 2085 1790 2156 petissemus
1816 2085 2050 2143 sollicite

454 2182 867 2245 percunctatus,
894 2192 958 2234 ac
983 2174 1054 2234 de
1088 2177 1343 2234 coenobio
1385 2178 1551 2251 Syria:
1598 2178 1671 2236 ob
1716 2178 2051 2239 desiderium

455 2266 805 2338 perfectionis
822 2285 929 2326 nos
956 2270 1050 2327 illo
1076 2269 1357 2328 advenisse
1383 2287 1749 2344 cognoscens,
1779 2274 1855 2332 ita
1884 2290 2051 2334 exor-

448 2373 542 2416 sus
562 2367 663 2416 est.

1082 2458 1324 2519 CAPUT
1368 2462 1440 2518 ll.

451 2571 722 2639 Quomodo
759 2572 924 2630 rudes
961 2574 1484 2702 monacMemplo
1524 2579 1792 2632 seniorum
1824 2576 2049 2633 debeant

1290 2664 1362 2702 rt.

1290 2664 1362 2703 τι.

519 2762 547 2804 δ
574 2771 835 2848 Quisquis
862 2772 1174 2843 hominum,
1214 2790 1249 2831 o
1272 2777 1296 2807 ο
1322 2774 1441 2845 lilii,
1481 2774 1773 2848 cujuslibet
1793 2775 1921 2832 artis
1950 2791 2048 2848 pe—

450 2865 630 2923 ritiam
657 2869 874 2941 assequi
905 2868 1264 2941 concupiscit,
1293 2868 1401 2925 nisi
1428 2870 1583 2925 omni
1611 2884 1741 2925 cura
1773 2876 1936 2938 atque
1966 2868 2048 2921 vi-

447 2959 670 3032 gilantia
718 2960 838 3033 ejus
877 2976 958 3029 se,
1009 2977 1175 3034 quam
1208 2975 1371 3017 nosse
1408 2959 1700 3026 desiderat,
1748 2956 2044 3031 disciplina:

446 3053 641 3109 studiis
666 3055 1018 3126 manciparit,
1046 3070 1111 3110 ac
1142 3052 1509 3125 perfectorum
1537 3066 1881 3125 quorumque
1920 3052 2045 3124 opi-

2162 505 2224 554 ut
2244 495 2607 569 cognoscendi
2628 493 3015 552 tantummodo
3037 492 3210 567 gratia
3231 491 3467 549 fratrum
3487 500 3766 549 monaste-

2161 592 2242 648 ria
2257 591 2628 659 circumirent,
2650 590 2763 648 non
2777 588 2953 648 uthas
2971 588 3208 661 regulas,
3230 586 3303 644 ob
3315 601 3456 659 quas
3477 584 3592 644 huc
3615 602 3765 645 com-

2162 691 2496 753 meaverant,
2524 691 2687 756 atque
2714 682 2963 740 instituta
2997 679 3362 752 susciperent,
3390 693 3457 735 ac
3498 677 3765 737 seceden-

2160 786 2245 835 tes
2267 778 2325 833 in
2363 776 2587 834 cellulas
2610 784 2938 833 conarentur
2962 789 3027 831 ea
3068 788 3193 846 quae
3216 771 3310 829 vel
3339 772 3456 829 visu
3481 773 3567 829 vel
3592 773 3764 831 tradi-

2157 871 2307 928 tione
2334 877 2712 945 perceperant,
2737 865 2992 942 operibus
3008 866 3266 940 experiri.
3286 865 3393 940 Qui
3421 880 3610 923 meres
3634 882 3766 925 suos

2159 982 2224 1023 ac
2263 966 2446 1023 studia
2476 966 2677 1040 quibus
2711 964 2907 1021 imbuti
2940 963 3159 1020 fuerant
3201 970 3551 1030 ostentantes,
3585 971 3655 1020 ut
3684 962 3766 1019 eis

2160 1061 2477 1133 exprobrari
2497 1077 2531 1117 a
2544 1060 2819 1118 nonnullis
2836 1057 2994 1127 solet,
3019 1072 3132 1113 non
3157 1054 3431 1128 profectus
3446 1057 3531 1114 sui
3551 1056 3761 1130 gratia,

2157 1154 2254 1213 sed
2315 1154 2551 1213 vitandae
2603 1155 2857 1227 egestatis
2898 1149 3223 1209 necessitate
3284 1148 3576 1205 existimati
3627 1157 3768 1205 sunt

2161 1247 2467 1319 provincias
2502 1255 2890 1304 commutasse.
2931 1248 3055 1303 Non
3091 1243 3275 1301 solum
3301 1242 3451 1300 enim
3485 1241 3627 1299 nihil
3651 1258 3767 1301 cru

2166 1340 2387 1398 ditionis
2412 1341 2714 1414 acquirere,
2742 1340 2842 1397 sed
2866 1354 2935 1396 ne
2957 1337 3167 1396 diutius
3192 1336 3422 1410 quidem
3449 1336 3510 1393 in
3532 1335 3627 1393 his
3647 1353 3769 1410 par-

2166 1434 2309 1491 tibus
2333 1435 2696 1505 commorari,
2726 1432 3018 1506 pertinacis
3051 1432 3218 1488 animi
3259 1430 3643 1489 obstinatione
3667 1448 3765 1503 po-

2165 1537 2408 1587 tuerunt.
2452 1531 2595 1587 Cum
2621 1529 2770 1585 enim
2805 1543 2909 1584 nec
2936 1526 3276 1601 jejuniorum
3299 1540 3551 1594 morem,
3591 1541 3766 1599 neque

2164 1625 2505 1698 psalmorum
2526 1622 2801 1694 ordinem,
2826 1637 2928 1679 nec
2948 1621 3203 1694 ipsorum
3220 1618 3455 1692 denique
3478 1617 3765 1677 indumen-

2162 1728 2347 1776 torum
2371 1718 2619 1775 habitum
2660 1723 3092 1790 permutasseut,
3123 1712 3259 1788 quid
3281 1713 3435 1772 aliud
3458 1714 3523 1772 in
3556 1713 3661 1771 hac
3681 1730 3763 1772 re-

325 1808 335 1817 '
456 1800 843 1873 praeberemus.
875 1804 1016 1860 Cum
1056 1802 1238 1875 itaque
1277 1803 1468 1862 beatus
1494 1804 1790 1863 Piammon
1831 1820 2051 1863 summa
2079 1821 2128 1884 Β
2159 1814 2322 1888 gione
2349 1812 2544 1871 sectari
2568 1829 2735 1887 quam
2764 1813 2882 1871 sola
2905 1811 3081 1868 victus
3112 1811 3196 1868 sui
3220 1808 3550 1884 compendia
3575 1810 3762 1868 crede-

2158 1913 2346 1971 rentur
2362 1910 2386 1964 ?

2771 1999 3012 2057 CAPUT
3049 2001 3154 2056 lli.

2245 2106 2395 2177 Quod
2408 2105 2654 2178 juniores
2678 2109 2950 2232 seniozuezt
2967 2109 3242 2231 prtwcepta
3269 2102 3541 2160 discutere
3563 2120 3675 2159 non

2497 2198 2516 2217 ο
2930 2192 3031 2231 ean
3059 2219 3075 2232 .

2236 2301 2634 2373 Quamobrem,
2684 2301 2732 2359 si
2777 2315 2896 2369 vos,
2945 2298 3416 2373 quemadmodum
3462 2301 3761 2367 creditum,

2164 2397 2266 2454 Dei
2309 2412 2469 2455 causa
2515 2396 2585 2453 ad
2622 2396 3029 2453 aemulationem
3070 2403 3276 2453 nostris
3303 2395 3638 2469 cognitionis
3680 2406 3763 2454 at-

2160 2492 2346 2558 traxit,
2367 2491 2628 2548 omnibus
2656 2490 2925 2547 institutis
2960 2489 3162 2562 quibus
3196 2488 3305 2546 illic
3338 2489 3648 2562 primordia
3672 2507 3762 2548 ve-

2155 2596 2269 2643 stra
2315 2592 2592 2658 praeventa
2629 2593 2787 2653 sunt,
2814 2584 3031 2656 penitus
3076 2583 3360 2653 abdicatis,
3390 2599 3763 2659 quaecumque

2154 2681 2406 2737 seniores
2451 2686 2661 2735 vestros
2695 2692 2855 2751 agere
2881 2676 2966 2732 vel
2995 2676 3212 2736 tradere
3238 2676 3505 2747 videritis,
3540 2695 3760 2737 summa

2157 2774 2465 2830 humilitate
2488 2771 2788 2829 sectamini.
2821 2773 3012 2843 Neque
3034 2787 3130 2828 vos
3155 2780 3392 2836 moveat,
3424 2780 3523 2829 aut
3551 2772 3623 2830 ab
3650 2774 3762 2830 imi-

2154 2867 2357 2922 tatione
2403 2864 2644 2921 retrahat
2683 2880 2746 2921 ac
2771 2863 3031 2933 divertat,
3074 2865 3287 2923 etiamsi
3329 2866 3490 2924 vobis
3517 2865 3592 2924 ad
3621 2884 3758 2940 prte-

2153 2972 2278 3016 sens
2303 2957 2531 3031 alicujus
2556 2957 2634 3014 rei
2664 2957 2748 3013 vel
2773 2955 2904 3015 facti
2931 2960 3071 3016 ratio
3096 2958 3179 3015 vel
3208 2974 3371 3016 causa
3394 2976 3511 3018 non
3534 2959 3756 3034 liqueat,

2150 3051 2282 3125 quia
2319 3064 2414 3108 eos
2436 3051 2527 3122 qui
2554 3050 2694 3108 bene
2719 3049 2788 3108 de
2821 3052 3032 3108 cunctis
3057 3068 3123 3109 ac
3145 3051 3464 3125 simpliciter
3487 3055 3757 3123 sentiam,

448 3144 553 3200 ﬁcii
580 3143 748 3214 ipsius
768 3144 853 3200 vel
885 3144 1123 3201 scientiae
1154 3144 1544 3217 magistrorum
1586 3151 1856 3217 praecepta
1877 3153 2041 3217 atque
2080 3212 2116 3221 Δ
2149 3153 2205 3203 et
2238 3145 2493 3203 universa
2528 3158 2652 3217 quae
2686 3160 2717 3201 a
2742 3144 3051 3202 senioribus
3085 3146 3225 3202 tradi
3262 3147 3445 3220 gerive
3469 3164 3756 3221 perspexe-

428 3212 690 3292 ‘instituta
714 3236 1036 3307 servaverit,
1064 3212 1275 3294 frustra
1296 3236 1552 3295 inanibus
1570 3212 1717 3295 votis
1739 3212 2043 3298 eorum—si-
2073 3212 2119 3278 (ἶ
2149 3238 2278 3308 rint,
2301 3212 2755 3297 ﬁdeliter—imitari
2775 3238 2949 3312 magis
2978 3254 3148 3311 quam
3167 3226 3196 3272 δ
3214 3212 3487 3298 discutere-
3496 3212 3745 3307 strident,

444 3330 812 3390 militudinem
833 3340 1053 3406 exoptat
1079 3333 1367 3405 attingere,
1392 3348 1636 3405 quorum
1661 3348 1852 3390 curam
1879 3343 2044 3407 atque

447 3425 775 3485 industriam
818 3425 1085 3485 detrectat
1121 3426 1387 3484 aemulari.
1427 3426 1697 3484 Novimus
1724 3427 1875 3484 enim
1902 3443 2042 3485 non-

2148 3349 2246 3408 per
2271 3332 2451 3406 operis
2476 3331 2867 3405 experientiam
2892 3332 3061 3388 etiam
3086 3347 3275 3388 rerum
3309 3333 3552 3389 omnium
3575 3331 3751 3389 scien-

2146 3428 2220 3484 tia
2246 3427 2625 3501 subsequetur.
2668 3428 2945 3483 Cmterum
2988 3441 3297 3498 numquam
3325 3426 3604 3484 rationem
3624 3426 3759 3484 veri-

1535 3548 1791 3604 ALARDI
1829 3548 2056 3606 GAZzEI
2093 3547 2654 3607 COMMENTARIUS.

444 3671 562 3711 nem
586 3655 778 3721 altaris
809 3656 1146 3711 invitantem.
1177 3657 1255 3712 At
1282 3671 1406 3711 vero
1442 3655 1539 3710 ubi
1565 3654 1658 3710 hoc
1679 3658 1857 3711 senior
1878 3657 2038 3723 vidit,

441 3726 707 3782 intellexit
730 3742 912 3781 eorum
935 3731 1232 3796 susceptam
1258 3742 1366 3785 esse
1377 3726 1769 3796 pamitentiam,
1793 3730 1843 3780 et
1865 3729 1939 3781 sic
1955 3743 2042 3781 eos

443 3798 618 3853 altari
639 3802 751 3853 tota
768 3814 885 3852 cum
899 3795 1270 3867 gratulatione
1290 3795 1694 3867 ‘restituiLHmc
1706 3795 1814 3861 ibi;
1836 3810 1901 3851 ex
1913 3798 2041 3866 qui-

440 3867 553 3941 bus
578 3865 927 3941 intelligimus
950 3868 1270 3941 Cassianum
1298 3883 1412 3941 non
1435 3881 1536 3941 pro
1565 3865 1762 3922 eodem
1794 3865 2037 3937 accipere

440 3940 715 4012 seniorem
742 3937 797 3997 ει
833 3938 1358 4012 presbyterum,sed
1387 3937 1665 4012 seniorem
1689 3944 1880 4012 aetate,
1910 3953 2039 4009 pre-

438 4010 723 4084 sbyterum
770 4004 962 4084 or'dine
997 4004 1073 4084 'et
1118 4007 1301 4084 officio
1354 4006 1643 4084 sacerdotii
1686 4004 2035 4084 inielligere:

438 4078 687 4165 quamvis
704 4078 1027 4165 πρεσϐέςιρος
1046 4080 1246 4165 Latine
1261 4079 1532 4165 seniorem
1552 4086 1727 4135 sonet.
1742 4081 1823 4136 Ex
1841 4078 2038 4165 eodem

437 4151 567 4211 loco
584 4151 755 4211 etiam
781 4151 1092 4226 colligimus
1116 4153 1231 4226 iam
1251 4152 1389 4208 olim
1408 4151 1709 4226 plerosque
1733 4151 2035 4226 monacho-

436 4239 565 4282 rum
584 4236 768 4297 patres
786 4234 842 4283 et
859 4221 1319 4297 archimandritas
1341 4221 1662 4297 solere_es§e
1692 4221 2039 4295 presbyteros

434 4301 489 4349 et
518 4293 851 4363 sacerdotes,
875 4297 943 4352 ad
990 4296 1096 4352 hoc
1133 4293 1399 4351 nimirum
1436 4293 1714 4350 ordinatos
1753 4302 1815 4349 ut
1849 4293 2036 4349 Sacra-

435 4366 623 4420 menta
638 4365 865 4437 Domini
887 4366 1218 4437 conﬂcerent
1241 4374 1297 4420 et
1310 4363 1826 4437 aliisministrarent
1846 4384 1863 4432 ;
1885 4363 2034 4437 quod

435 4447 501 4508 es
543 4435 729 4489 multis
775 4434 897 4488 aliis
943 4435 1079 4488 locis
1131 4442 1188 4489 et
1231 4435 1493 4506 exemplis
1533 4435 1662 4491 alibi
1713 4434 2036 4508 comproba-

436 4516 634 4558 vnmus.

504 4581 529 4607 ⁸
560 4571 804 4647 Pharus,
829 4578 891 4647 ut
923 4579 1153 4628 annotat
1181 4572 1476 4645 Cuychius,
1520 4573 1694 4647 insula
1730 4582 1815 4647 est
1861 4591 2031 4647 prope

432 4642 734 4725 Egyptum.
753 4640 1013 4725 oblonga,
1029 4640 1319 4716 parvaque,
1344 4650 1536 4725 contra
1547 4643 1669 4725 ΔῙςίιί
1691 4640 2031 4725 osgiajnujc

430 4712 734 4788 continenti
765 4712 1084 4788 conjuncta,
1102 4712 1241 4787 qua:
1278 4721 1503 4788 portum
1531 4712 1876 4771 Alexandriae
1904 4714 2028 4771 efﬁ-

431 4784 608 4870 ciebat
637 4786 798 4870 (Plin.
832 4784 885 4869 ιζ
903 4800 1099 4870 anxvr
1122 4784 1239 4870 cap.
1278 4784 1368 4870 '13)
1388 4804 1404 4853 ;
1424 4784 1636 4870 .in'quo
1662 4792 2031 4870 portu_,mtes_te

2149 3656 2326 3710 ctrina
2348 3658 2613 3725 nequeant
2648 3653 3020 3726 comprehendi
3032 3672 3051 3720 ;
3078 3669 3242 3724 quam
3262 3653 3510 3724 ineptum
3532 3658 3623 3726 est
3639 3670 3754 3709 ατ-

2149 3726 2273 3781 dere
2292 3724 2433 3781 hanc
2454 3726 2622 3779 solam
2652 3724 2773 3779 non?
2794 3742 2941 3794 egere
2967 3726 3200 3793 doctore,
3225 3732 3328 3780 etc.
3357 3727 3427 3780 Et
3448 3727 3523 3780 D.
3556 3724 3750 3780 Hiero—

2147 3811 2349 3880 nymus
2369 3795 2424 3851 in
2453 3794 2679 3878 epistola
2704 3798 2842 3879 103,_
2854 3796 2923 3852 ad
2943 3797 3231 3879 Paulinum
3252 3814 3265 3849 :
3301 3798 3468 3877 Taceo
3579 3813 3751 3878 grum-

2147 3872 2385 3923 matiets.
2409 3866 3096 3923 rhetoribusmhtlosonhts.
3116 3867 3749 3923 aeometrts.dtolecttcas.

2265 3869 2385 3936 ieis,
2409 3867 2732 3930 rhetoribus,
2740 3867 3096 3938 philosophis,
3116 3867 3749 3936 geometris,diolecticis,

2146 3940 2381 4007 musicis,
2414 3938 2753 4001 astronomia,
2775 3946 2880 3993 etc.
2912 3938 3004 3993 Ad
3030 3941 3258 3992 minores
3277 3942 3426 3993 artes
3445 3941 3683 4004 ueniam,
3703 3943 3753 3993 et

2148 4026 2268 4080 qua:
2281 4025 2388 4064 non
2401 4014 2513 4063 tam
2527 4010 2713 4077 lingua
2724 4024 2891 4078 quam
2906 4025 3074 4063 manu
3081 4009 3551 4064 administrantur
3564 4028 3584 4063 :
3598 4012 3755 4079 Agri»

2145 4082 2288 4143 cola',
2310 4083 2664 4145 crementa'rii,
2684 4080 2840 4147 fabri
2853 4080 3211 4143 metallorum,
3243 4080 3626 4151 lignei-mque
3650 4096 3757 4136 ca-

2145 4166 2307 4215 sores,
2327 4152 2534 4208 lanarii
2550 4166 2779 4221 quoque,
2797 4154 2849 4207 et
2866 4151 3118 4223 fullones,
3133 4152 3394 4223 etcateri,
3420 4153 3525 4223 qui
3538 4154 3757 4223 ear-uiam

2144 4223 2516 4293 supellectilem
2529 4227 2579 4276 et
2587 4223 2721 4277 uilia
2741 4222 2993 4293 opuscula
3008 4223 3305 4290 fabricant,
3324 4222 3757 4293 absquedoctore

2144 4309 2254 4349 esse
2288 4310 2395 4350 non
2428 4297 2654 4364 possunt
2689 4293 2833 4362 quod
2864 4295 3108 4363 cupiunt.
3139 4293 3291 4360 Quod
3312 4293 3647 4364 medicorum
3673 4298 3753 4349 est

2140 4363 2472 4434 promittunt
2494 4365 2705 4427 medici,
2738 4368 2978 4419 tractant
2992 4364 3227 4432 fabrilia
3246 4363 3422 4432 fabri,
3446 4373 3555 4421 etc.

2214 4444 2237 4471 α
2266 4432 2409 4507 Filii,
2426 4434 2654 4507 non‘ﬁli,
2675 4443 2737 4490 ut
2748 4442 2905 4490 antea
2920 4434 3271 4507 impressum.
3297 4436 3446 4507 Nam
3468 4434 3539 4491 ad
3562 4433 3754 4507 plures

2137 4520 2330 4588 sermo.
2346 4505 2410 4588 iit
2434 4521 2463 4561 a
2483 4505 2838 4588 flammeae,
2865 4513 2929 4562 ut
2955 4513 3104 4579 patet
3123 4521 3190 4561 ex
3210 4506 3325 4562 line
3352 4505 3516 4579 hujus
3540 4505 3749 4579 capitis

2137 4586 2193 4632 et
2216 4584 2374 4632 initio
2394 4584 2564 4631 tertii.

2206 4647 2234 4683 ά
2257 4646 2657 4725 Monachorum
2684 4654 2901 4725 nonest
2922 4644 3273 4725 superiorum
3310 4647 3458 4725 jussa
3480 4653 3575 4725 aut
3598 4653 3734 4725 _a_cta

2135 4715 2426 4789 discutere,
2455 4717 2550 4774 sed
2573 4716 2892 4789 simpliciter
2910 4726 2966 4773 et
2988 4714 3112 4789 sine
3128 4714 3461 4789 discussione
3480 4714 3730 4773 obedire.

2135 4787 2224 4844 Sic
2264 4787 2355 4844 alii
2403 4791 2589 4845 Patres
2613 4787 2868 4845 docuere.
2914 4788 3147 4845 Basilius
3192 4790 3249 4845 in
3282 4788 3565 4847 Consum.
3597 4802 3736 4843 mo-

431 4855 717 4955 §trabone,
745 4857 913 4955 iuri-is
954 4859 1149 4955 ingens
1178 4855 1243 4955 in
1267 4855 1707 4955 altissima—rupe
1732 4857 2021 4955 Ediﬁcata
2054 4892 2106 4955 Β
2136 4861 2443 4931 nast.(Cap.
2467 4865 2602 4955 acet
2628 4861 2712 4931 23)
2734 4860 3745 4955 :1

430 4935 707 5015 gratique;
718 4928 1100 5015 navigantibus
1113 4938 1387 5015 nocturno
1399 4928 1659 5015 tempore
1677 4928 1861 5015 lumen
1878 4943 2023 5015 prte-
2054 4928 2105 4955 υ
2132 4928 2557 5015 suopmposito,
2586 4928 2766 5015 τωο.ᾱὸ
2789 4929 2887 5015 illo
2909 4945 3091 5015 eorum
3110 4948 3234 5014 qua
3251 4934 3365 4989 sibi

427 4997 611 5065 bebat,

426 5078 526 5126 est.
576 5070 710 5127 Iade
732 5070 869 5126 vero
904 5070 1099 5143 omnes
1144 5070 1355 5143 ejusmo

424 5156 548 5213 quae
584 5140 1123 5215 lumeuerrautibus
1151 5140 1247 5215 aut
1275 5140 1701 5215 periclitantibus
1740 5151 2020 5213 praeterit,

423 5211 604 5337 ῗὶξροι,
649 5211 798 5285 quasi
828 5213 1007 5297 φάνοι,
1052 5211 1200 5286 quod
1245 5211 1311 5268 ei:
1355 5211 1460 5268 illis
1509 5211 1654 5269 faces
1700 5211 2019 5294 appareant.

479 5301 565 5337 me
604 5300 737 5337 eruo
780 5284 1168 5337 Piammonem
1207 5282 1488 5337 abbatem.
1518 5290 1746 5337 nronter
1788 5282 2019 5337 msmnis

479 5282 565 5356 inc
588 5282 737 5356 ergo
780 5282 1168 5341 Piammonem
1207 5282 1488 5356 abbatem,
1518 5282 1753 5356 propter
1778 5282 2020 5356 insignis

421 5355 589 5411 animi
617 5352 773 5412 dotes
788 5372 853 5413 ac
879 5357 1127 5420 virtutes,
1157 5352 1571 5410 sublimissim'm
1595 5352 1815 5409 cuidam
1843 5352 2019 5411 Pharo

420 5437 699 5506 comparat
738 5428 1055 5506 Cassianus.
1096 5427 1233 5483 Haec
1270 5425 1549 5497 Cuychius
1582 5434 1640 5481 et
1678 5423 1869 5481 eadem
1900 5426 2022 5482 aliis

418 5493 598 5548 verbis
624 5497 933 5556 Ciaconius.

489 5563 515 5598 δ
546 5564 722 5642 §imili
749 5568 861 5623 fere
891 5569 1162 5642 sententia
1189 5576 1323 5625 utus
1349 5574 1435 5625 est
1459 5566 1627 5642 abbas
1654 5571 1874 5642 Moys
1897 5570 2017 5625 col-

418 5632 513 5711 lat.
542 5637 577 5687 2
596 5649 715 5711 cap.
754 5642 771 5689 l
789 5643 808 5690 ι
833 5654 850 5690 :
878 5640 1007 5694 Cum
1028 5654 1203 5696 omnes
1222 5645 1365 5696 artes
1392 5657 1455 5694 ac
1468 5632 1771 5711 disciplinae
1786 5641 2020 5696 humano

420 5706 898 5781 ingeniorepertw,
916 5714 966 5762 et
980 5726 1099 5781 qua:
1115 5710 1255 5764 nihil
1275 5712 1509 5781 amplius
1532 5706 1695 5781 quam
1713 5712 1842 5764 vita:
1857 5711 2020 5780 hujus

417 5777 703 5834 commodis
716 5781 974 5848 prosunt,
995 5777 1122 5833 licet
1142 5795 1304 5832 manu
1322 5777 1768 5849 palpavi'queant
1781 5786 1833 5834 et
1855 5777 2020 5836 oculis

412 5850 703 5915 pervideri,
731 5851 875 5902 recte
893 5850 1070 5901 tamen
1093 5862 1127 5899 a
1142 5862 1409 5915 quoquam
1428 5852 1543 5905 sine
1566 5852 1899 5905 instituentis
1919 5850 2022 5904 do-

676 4998 872 5071 uaaque'
895 4998 963 5054 ab
1003 4999 1117 5071 ipsa
1159 4999 1336 5056 insula
1358 4998 1580 5126 Iberus
1628 5014 1851 5073 quoque
1876 4998 2020 5057 dicta

676 5084 710 5126 e
732 5083 869 5126 vero
904 5082 1099 5125 omnes
1144 5070 1355 5129 eiusmo
1395 5070 1414 5125 i
1455 5079 1637 5126 turres
1665 5078 1721 5127 et
1757 5071 2024 5129 machinae

2131 5005 2397 5075 rationem
2421 5007 2719 5075 reposcant,
2739 5002 2879 5075 nihil
2895 5002 3115 5057 omnino
3131 5004 3371 5075 ipsorum
3390 5002 3558 5075 jussu
3574 5004 3745 5057 curio-

2130 5074 2245 5128 sius
2263 5074 2669 5158 perscrutanda.
2702 5076 2769 5174 D:
2799 5073 3174 5158 Hieronymus
3199 5073 3271 5129 ad
3298 5073 3599 5158 Rusticum
3623 5088 3741 5156 mo-

2128 5143 2366 5200 nachum
2403 5148 2620 5215 (Epist.
2651 5150 2723 5210 4)
2755 5185 2769 5198 .
2802 5143 3003 5214 Credas
3034 5144 3137 5199 tibi
3162 5146 3422 5207 solum,
3466 5144 3742 5215 quaqu

3582 5232 3737 5273 orum

2131 5218 2451 5277 monasterii
2468 5218 2790 5287 mepositus
2820 5218 3162 5285 praepetit.
3213 5231 3307 5271 ηεσ
3350 5215 3419 5270 de
3461 5217 3583 5286 καί

2128 5289 2396 5342 sententia
2415 5286 2662 5356 judices,
2690 5286 2846 5356 cujus
2883 5287 3053 5357 ofﬁcii
3076 5292 3153 5341 est
3181 5286 3396 5342 obedire
3433 5287 3744 5357 et-implere

2129 5373 2249 5425 qua:
2279 5358 2441 5427 jussu
2469 5362 2618 5421 sunt,
2663 5358 2870 5414 dicente
2889 5359 3070 5427 Moyse
3106 5358 3285 5427 (Deut.
3321 5359 3481 5425 xvn)
3513 5374 3531 5413 :
3561 5358 3738 5417 Audi.

2130 5427 2314 5489 Israel,
2346 5431 2399 5481 et
2429 5430 2560 5482 tace.
2592 5428 2881 5484 Cassianus
2925 5427 3020 5483 lib.
3066 5441 3127 5482 tv
3170 5429 3418 5485 lnstitut.
3456 5429 3646 5500 (0.10
3686 5434 3741 5483 et

2125 5502 2222 5565 41)
2247 5521 2258 5554 ε
2284 5500 2527 5569 Egypt-ii
2540 5500 2787 5555 monachi
2804 5501 3056 5555 mtiuersa
3082 5500 3360 5570 complere,
3387 5514 3739 5570 quiscumque

2128 5572 2339 5635 fuerint
2362 5585 2400 5624 (ι
2422 5573 2709 5640 praposito
2734 5585 2831 5626 suo
2851 5575 3145 5642 prmeepto,
3175 5576 3456 5641 tamquam
3487 5574 3543 5628 si
3561 5588 3599 5626 a
3624 5574 3738 5628 Deo

2128 5642 2334 5696 cazlitas
2365 5644 2476 5696 sint
2504 5643 2670 5704 edita,
2697 5643 2813 5696 sine
2840 5642 2960 5698 ulla
2985 5643 3311 5698 discussione
3335 5644 3629 5709 festinant.
3664 5643 3741 5697 Et

2128 5712 2185 5796 ξε
2220 5712 2535 5796 Gregorius,
2566 5712 2741 5796 lib..u
2782 5712 2844 5796 in
2888 5712 3393 5796 primum‘ﬁeguni
3437 5713 3594 5796 (gap.
3632 5715 3685 5781 2)
3714 5731 3733 5770 :

2127 5785 2305 5869 Nescit
2315 5783 2570 5852 judicare
2591 5785 2837 5854 quisquis
2854 5783 3094 5855 perfecte
3118 5783 3313 5842 didicit
3337 5783 3573 5841 obedire.

3222 5954 3261 5969 δ
