4014 6202
509 264 646 323 4093

1579 256 1864 325 JOANNIS
1898 249 2203 324 cassus
2238 250 2726 324 COLLATIONES.

3672 269 3807 322 1096

508 387 799 447 dicationis
842 389 1150 463 apostolicae
1190 391 1423 463 sumpsit
1463 389 1773 448 exordium.
1799 393 1946 448 Nam
1990 391 2110 448 talis
2133 395 2187 458 Α
2211 391 2547 449 credulitatis
2596 391 2810 448 indulta
2858 397 2959 451 est.
3006 390 3173 448 etiam
3210 388 3355 446 illius
3399 388 3655 446 Ecclesiae
3682 406 3808 462 qua:

506 484 712 540 exstitit
734 484 788 541 in
814 484 1213 558 Hierosolymis
1240 484 1419 541 omnis
1446 484 1535 540 illa
1557 484 1898 541 credentium
1918 483 2105 540 multi-

504 577 660 643 tudo,
702 590 825 651 qua:
867 578 922 633 in
961 577 1188 664 Actibqs
1231 568 1623 650 Apostolorum
1660 578 1735 634 ita
1781 577 2036 634 scribitur
2080 598 2094 634 :

504 672 873 727 Multitudinis
892 674 1215 728 credentium
1235 678 1351 728 erat
1376 689 1465 728 cor
1489 688 1654 728 unum
1672 677 1724 728 et
1747 676 1932 728 anima
1962 687 2094 739 una,

507 780 600 820 nec
618 767 907 837 quisquam
922 780 1100 821 eorum
1119 768 1553 837 quwpossidebat
1568 768 1787 837 aliquid
1808 782 1967 822 suum
1989 782 2097 823 esse

503 856 729 927 dicebat,
755 860 850 916 sed
876 864 1031 915 erant
1056 861 1169 914 illis
1197 863 1381 915 omnia
1402 862 1724 917 communia.
1747 863 2095 916 Possessiones

502 957 555 1008 et
591 954 920 1009 substantias
960 954 1276 1017 vendebant,
1326 958 1378 1008 et
1412 954 1725 1009 dividebant
1759 970 1821 1009 ea
1850 955 2095 1009 omnibus

496 1051 662 1116 prout
681 1048 872 1117 cuique
893 1061 1024 1117 opus
1051 1051 1170 1101 erat
1195 1049 1399 1112 (Actor.
1428 1051 1532 1113 ιγ).
1561 1049 1632 1101 Et
1654 1046 1855 1101 iterum
1879 1065 1892 1099 :
1918 1049 2095 1117 Neque

504 1143 647 1195 enim
669 1143 955 1210 quisquam
982 1152 1132 1209 egens
1157 1144 1278 1193 erat
1300 1142 1443 1193 inter
1468 1141 1610 1193 illos.
1638 1141 1906 1209 Quotquot
1949 1142 2091 1195 enim

495 1249 816 1305 possessores
850 1248 1104 1302 agrorum
1130 1237 1227 1287 aut
1265 1233 1542 1287 domorum
1589 1240 1765 1296 erant,
1806 1236 2092 1290 uendentes

499 1325 803 1395 offerebant
816 1327 999 1395 pretia
1025 1339 1206 1380 eorum
1240 1339 1361 1394 qua:
1396 1325 1716 1393 vendebant,
1746 1330 1801 1381 et
1820 1328 2090 1396 ponebant

498 1422 624 1473 ante
653 1417 817 1488 pedes
857 1418 1237 1487 apostolorum.
1269 1418 1623 1474 Dividcbatur
1649 1422 1830 1475 autem
1863 1421 2091 1489 singulis

492 1516 659 1583 prout
695 1514 885 1582 cuique
920 1526 1051 1582 opus
1089 1517 1209 1567 erat
1249 1512 1448 1583 (Ibid).
1495 1512 1663 1581 Talis,
1702 1512 1944 1584 inquam,
1970 1522 2091 1569 erat

496 1614 630 1664 tunc
665 1607 847 1663 omnis
885 1605 1146 1673 Ecclesia,
1183 1607 1541 1679 quales‘nunc
1581 1621 1880 1680 perpaucos
1905 1608 1959 1664 in
1986 1623 2095 1665 cu:-

496 1701 680 1756 nobiis
714 1698 960 1757 invenire
994 1699 1217 1777 difﬁcile
1243 1707 1345 1756 est.
1379 1700 1486 1757 Sed
1512 1716 1636 1757 cum
1666 1709 1791 1773 post
1815 1701 2095 1775 apostolo-

2210 485 2605 558 Hierosolymis
2622 481 2953 541 consistebat
2974 481 3359 556 perfectionem
3385 481 3655 552 paulatim
3682 497 3811 538 con-

2208 579 2481 635 taminare
2501 578 2780 650 coepisset,
2809 585 2866 633 et
2892 584 3168 633 crescente
3191 573 3431 647 quotidie
3462 573 3548 630 vel
3594 573 3807 646 indige-

2205 686 2402 729 narum
2451 686 2704 744 numero,
2744 671 2827 727 vel
2871 669 3232 733 advenarum,
3260 668 3457 740 primae
3499 666 3642 723 illius
3682 667 3801 725 ﬁdei

2204 766 2575 840 rel'rigesceret
2613 765 2823 834 fervor;
2872 780 2988 820 non
3046 763 3228 820 solum
3276 760 3333 818 hi
3374 761 3472 832 qui
3518 760 3593 817 ad
3635 760 3800 817 ﬁdem

2202 859 2400 917 Christi
2443 860 2847 927 conﬂuxerant,
2904 871 3090 914 verum
3147 856 3316 911 etiam
3364 854 3440 911 illi
3493 854 3587 926 qui
3650 863 3800 911 erant

2203 954 2455 1011 Ecclesia
2500 954 2789 1026 principes,
2845 952 2915 1008 ab
2952 951 3041 1007 illa
3071 948 3407 1007 districtione
3451 948 3613 1005 laxati
3651 958 3795 1006 sunt.

2202 1047 2463 1104 Nonnulli
2489 1048 2639 1104 enim
2668 1047 3045 1103 existimantes
3081 1043 3137 1099 id
3174 1041 3325 1114 quod
3363 1042 3610 1099 videbant
3631 1044 3801 1114 genti-

2199 1139 2305 1198 bus
2349 1156 2451 1214 pro
2491 1139 2810 1197 inﬁrmitate
2836 1152 3175 1203 concessum,
3217 1135 3320 1192 sibi
3355 1136 3524 1192 etiam
3554 1137 3791 1203 licitum,
3860 1152 3867 1159 '

2194 1233 2329 1290 nihil
2351 1250 2409 1290 se
2438 1233 2749 1291 detrimenti
2776 1232 2980 1306 perpeti
3017 1229 3391 1296 crediderunt,
3438 1229 3485 1285 si
3513 1244 3647 1284 cum
3674 1229 3801 1285 sub-

2196 1326 2405 1383 stantiis
2440 1343 2506 1383 ac
2530 1324 2877 1383 facultatibus
2915 1323 3031 1380 suis
3059 1322 3221 1380 fidem
3250 1320 3448 1379 Christi
3494 1320 3794 1378 confessio-

2196 1436 2435 1493 nemque
2459 1428 2837 1494 sequerentur.
2867 1419 2939 1475 Hi
2965 1425 3150 1474 autem
3168 1416 3366 1488 quibus
3381 1414 3564 1471 adhuc
3582 1425 3787 1488 aposto-

2196 1514 2333 1571 licus
2376 1514 2552 1570 inerat
2595 1512 2796 1583 fervor,
2850 1527 3124 1568 memores
3174 1510 3316 1566 illius
3368 1508 3618 1581 pristinae
3675 1526 3793 1582 per-

2200 1604 2477 1676 fectionis,
2506 1604 2845 1663 discedentes
2891 1621 2924 1663 a
2958 1603 3264 1661 civitatibus
3300 1601 3435 1670 suis,
3472 1601 3796 1674 illamque

2200 1703 2479 1759 consortio
2503 1702 2595 1773 qui
2632 1700 2733 1757 sibi
2770 1700 2851 1757 vel
2888 1699 3144 1757 Ecclesia:
3179 1697 3280 1753 Dei
3319 1697 3654 1753 remissioris
3679 1697 3795 1752 vitae

496 1810 623 1852 rum
644 1810 926 1852 excessum
949 1802 1224 1867 tepescere
1257 1794 1515 1867 cmpisset
1536 1794 1872 1851 credentium
1904 1794 2093 1851 multi-
2116 1798 2172 1864 ιΒ
2203 1794 2583 1868 negligentiam
2616 1793 2825 1850 licitam
2852 1808 2972 1851 esse
2998 1791 3326 1859 credebant,
3362 1790 3421 1845 in
3448 1789 3584 1849 locis
3604 1790 3801 1846 subur-

499 1885 657 1956 tudo,
687 1902 748 1944 ea
779 1888 860 1944 vel
887 1886 1123 1943 maxime
1167 1901 1292 1958 quae
1324 1886 1394 1942 ad
1425 1886 1590 1943 ﬁdem
1623 1886 1830 1944 Christi
1866 1886 1934 1943 de
1962 1887 2094 1945 alio,

495 1978 709 2052 nigenis
758 1996 823 2038 ac
857 1979 1086 2037 diversis
1134 1979 1386 2053 gentibus
1435 1978 1761 2043 conﬂuebat,
1814 1994 1843 2034 a
1896 1977 2095 2049 quibus

502 2072 732 2143 apostoli
797 2087 898 2144 pro
955 2072 1087 2144 ipsis
1136 2071 1260 2128 ﬁdei
1309 2070 1632 2128 rudimentis
1678 2078 1768 2126 ac'
1798 2070 2094 2129 inveterata

500 2166 816 2239 gentilitatis
847 2164 1237 2221 consuetudine
1280 2164 1412 2220 nihil
1462 2163 1700 2236 amplius
1733 2164 2093 2235 expetebant,

496 2258 597 2315 nisi
614 2263 676 2313 ut
698 2260 767 2313 ab
790 2259 1153 2313 immolatitiis
1164 2259 1431 2313 idolorum
1452 2264 1505 2313 et
1526 2259 1888 2325 fornicatione
1905 2262 1956 2314 et
1974 2261 2091 2327 suf-

495 2353 688 2419 focatis
725 2354 776 2405 et
816 2353 1079 2420 sanguine
1118 2358 1485 2423 temperarent
1528 2350 1729 2421 (Actor.
1772 2355 1899 2419 xv),
1929 2358 2091 2422 atque

495 2442 597 2500 ista
625 2441 842 2500 libertas
859 2458 983 2517 qua:
1003 2441 1253 2517 gentibus
1270 2451 1493 2517 propter
1512 2442 1880 2501 inﬁrmitatem
1896 2443 2091 2516 primae

2199 1887 2354 1944 benis
2388 1903 2453 1944 ac
2493 1886 2882 1944 secretioribus
2926 1899 3309 1951 commanere,
3350 1890 3407 1943 et
3450 1898 3514 1939 ea
3558 1897 3685 1954 quae
3726 1882 3799 1938 ab

2198 1980 2458 2052 apostolis
2484 1994 2579 2052 per
2611 1979 2928 2036 universum
2963 1993 3165 2050 corpus
3194 1977 3444 2034 Ecclesiae
3469 1974 3801 2048 generaliter

2199 2074 2568 2131 meminerant
2602 2074 2876 2142 instituta,
2903 2073 3154 2145 privatim
3178 2087 3244 2129 ac
3278 2069 3617 2143 peculiariter
3643 2083 3800 2126 exer-

2198 2181 2323 2223 cere
2351 2175 2661 2237 eruperunt;
2680 2174 2843 2237 atque
2865 2165 2943 2221 ita
2969 2164 3172 2221 coaluit
3195 2162 3318 2233 ista,
3343 2177 3517 2234 quam
3543 2161 3795 2225 diximus,

2199 2258 2583 2331 discipulorum
2626 2258 2717 2331 qui
2758 2272 2817 2314 se
2851 2257 2920 2314 ab
2949 2257 3168 2313 illorum
3191 2255 3444 2328 contagio
3486 2263 3798 2327 sequestra-

2200 2360 2422 2420 verant,
2453 2351 2750 2435 disciplina.
2775 2352 2884 2422 Qui
2907 2351 3166 2424 paulatim
3194 2358 3444 2423 tempore
3472 2348 3796 2422 procedente

2199 2446 2462 2519 segregati
2485 2462 2516 2502 a
2536 2445 2879 2503 credentium
2901 2446 3100 2513 turbis,
3125 2446 3195 2503 ab
3217 2459 3283 2503 eo
3297 2455 3323 2482 ι
3354 2443 3509 2517 quod
3528 2443 3793 2516 conjugiis

1585 2587 1839 2644 ALARDI
1875 2586 2097 2643 GAZ/El
2135 2586 2691 2645 COMMENTARIUS.

496 2728 622 2773 rum
649 2723 797 2774 recte
824 2714 1126 2774 obsonavit
1155 2716 1601 2773 Turrecrematus
1629 2718 1831 2779 (Tract.
1854 2718 1969 2771 Sin
1989 2717 2090 2770 Re-

493 2790 677 2861 gulam
702 2792 775 2861 D.
813 2788 1056 2861 Bened.),
1094 2787 1205 2861 hoc
1231 2802 1401 2861 genus
1442 2786 1867 2861 ctenobitarum,
1905 2785 2087 2857 quoad

492 2860 717 2932 aliquid,
762 2860 976 2932 initium
1003 2858 1304 2932 sumpsisse
1342 2874 1375 2914 a
1419 2858 1605 2914 uineis
1643 2858 2081 2932 prophetarum;

498 2928 667 2993 Unde,
698 2931 896 3003 inquit,
925 2928 1147 3003 Samuelw
1164 2931 1368 3003 dicitur
1627 2929 1932 3003 instituisse
1952 2928 2085 3003 reli-

495 2998 1303 3071 giosorum'conventus,jugiter
1312 2998 1663 3071 psallentium
1677 2999 1917 3071 mnino,
1927 3002 1990 3051 ut
2004 3000 2086 3052 ait

491 3068 756 3138 Magister
779 3074 838 3124 in
862 3072 1106 3125 Historia
1133 3069 1457 3125 Scholastica
1484 3082 1646 3136 super
1664 3068 1837 3122 illud!
1858 3070 1985 3137 Reg.
2008 3082 2079 3123 ιε

493 3120 1169 3207 ostentauit-gata»:
1179 3120 1568 3208 prophetat-uni
2115 3120 2161 3184 C

490 3211 716 3272 excelso,
746 3214 799 3265 et
820 3214 946 3264 ante
972 3224 1056 3263 eos
1082 3210 1424 3279 psalterium.
1460 3208 1610 3277 Quod
1635 3213 1816 3263 autem
1860 3212 2086 3264 istorum

482 3281 870 3351 prophetam
898 3285 1181 3335 conventus
1194 3293 1479 3350 personam
1504 3281 1874 3348 religiosorum
1890 3296 2089 3351 reprae-

487 3355 783 3416 sentarent,
798 3356 1027 3407 testatur
1043 3353 1397 3420 Hieronymus
1409 3353 1465 3405 in
1477 3351 1703 3421 epistola
1713 3351 1788 3405 ad
1806 3353 2085 3407 Rusticum

486 3425 799 3480 manachum
827 3424 1005 3479 dicens
1025 3439 1046 3477 :
1070 3424 1198 3495 Filii
1214 3423 1782 3495 prophetarumquos
1808 3425 2083 3478 monachos

486 3494 548 3548 in
558 3498 727 3550 veteri
740 3497 1069 3550 Testamento
1081 3494 1162 3561 leg
1168 3494 1326 3559 imus,
1345 3498 1439 3547 etc.
1455 3494 1642 3559 Quoad
1650 3495 1947 3563 perfectam
1961 3510 2083 3549 vero

484 3568 719 3631 formam
746 3566 1040 3619 communis
1061 3566 1186 3617 vitae
1201 3605 1218 3627 ,
1241 3569 1291 3617 et
1312 3565 1828 3619 abrenuntiationem
1846 3569 2083 3620 terreno-

486 3649 629 3702 rum,
647 3636 742 3689 hoc
766 3649 930 3702 genus
954 3635 1352 3696 monachorum,
1383 3635 1493 3688 haec
1514 3635 1894 3689 coenobitarum
1917 3636 2079 3690 disci-

480 3705 660 3773 plina,
681 3709 745 3760 ut
767 3705 902 3759 dicit
929 3706 1237 3777 Cassianus,
1259 3721 1294 3758 a
1316 3709 1552 3777 tempore
1573 3706 1873 3774 apostolica:
1884 3707 2082 3777 praedi-

486 3778 711 3859 cationis
732 3778 964 3859 sumpsit
984 3775 1585 3859 eaordiumaljaaeille.
1650 3844 1672 3859 β
1769 3845 1801 3859 ῃ

560 3850 587 3880 ³
612 3844 867 3903 Monachi
900 3861 1070 3918 quare
1109 3846 1185 3918 sic
1208 3844 1360 3918 dicti,
1406 3854 1464 3918 et
1496 3858 1619 3917 quae
1649 3844 1809 3918 fuerit
1829 3845 1959 3918 ejus
1984 3862 2083 3902 no-

481 3916 647 3974 minis
676 3918 832 3992 origo
874 3914 932 3973 et
961 3914 1313 3989 etymologia,
1336 3917 1480 3971 varie
1512 3914 1552 3971 'a
1591 3914 1944 3987 scriptoribus
1973 3926 2083 3974 tra-

479 3989 646 4045 ditur.
689 3988 953 4045 Ouamvis
991 3988 1143 4045 enim
1181 4000 1387 4043 nomen
1412 3985 1666 4042 monachi
1706 3987 1848 4045 anud
1886 4002 2079 4045 omnes

480 3991 646 4045 ditur.
689 3991 953 4058 Quamvis
991 3991 1143 4045 enim
1181 4000 1387 4043 nomen
1412 3991 1666 4042 monachi
1706 3991 1848 4058 apud
1886 4002 2079 4045 omnes

480 4062 692 4128 Patres,
720 4068 840 4116 tum
869 4060 1115 4122 Graecos,
1147 4066 1263 4115 tum
1296 4059 1548 4123 Latinos,
1577 4055 2076 4128 frequentissimum

478 4131 571 4199 sit,
601 4139 787 4188 tamen
811 4131 939 4202 quid
969 4129 1253 4256 signiticet,
1274 4144 1385 4185 non
1406 4130 1601 4185 eodem
1626 4128 1792 4185 modo
1821 4128 1892 4184 ab
1909 4130 2077 4186 omni-

481 4202 586 4257 bus
614 4202 912 4257 exnlicatur
937 4201 1029 4257 (Bc
1053 4203 1271 4256 larmin.
1300 4202 1394 4257 lib.
1421 4200 1835 4257 ndeMonachis
1854 4216 1973 4257 cap.
2009 4201 2075 4257 ll.

481 4202 586 4259 bus
614 4201 912 4275 explicatur
937 4201 1271 4273 (Bellarmin.
1300 4202 1394 4257 lib.
1421 4216 1468 4257 ιι
1485 4201 1835 4256 deMonachis
1854 4216 1973 4272 cap.
2009 4201 2075 4272 l).

479 4274 730 4346 Plerique
757 4290 788 4346 a
830 4271 1470 4346 solitudinedeductum
1517 4279 1734 4346 putant,
1772 4272 1897 4346 quia
1928 4273 2077 4346 uiso;

476 4341 670 4399 Latine
695 4345 846 4399 solus
873 4343 1090 4398 dicitur.
1117 4342 1329 4410 Quibus
1357 4341 1549 4397 favere
1594 4341 1809 4397 videtur
1836 4345 1908 4397 D.
1931 4341 2079 4399 Hie-

474 4427 742 4498 ronymus
769 4414 823 4467 in
847 4415 1007 4498 epist:
1032 4412 1100 4498 ad
1132 4412 1718 4498 Heliodorum‘wpist.
1739 4417 1812 4498 ξ),
1833 4411 1925 4468 ubi
1952 4414 2067 4498 ait;

2194 2717 2357 2771 etiam
2367 2719 2688 2772 monasteria
2707 2718 2929 2788 peperit.
2948 2716 3188 2773 Adhunc
3213 2730 3405 2770 sonum
3423 2717 3658 2771 exacti
3672 2719 3790 2770 sunt

2194 2788 2417 2853 fratres,
2433 2790 2530 2857 qui
2543 2790 2606 2843 in
2626 2804 2793 2844 ustum
2811 2789 3063 2842 habitare
3075 2789 3472 2856 concupierunt.
3496 2789 3599 2841 Iste
3613 2802 3792 2842 versus

2192 2859 2310 2929 fuit
2337 2859 2465 2912 tuba
2489 2861 2750 2927 ipsorum.
2771 2860 2962 2916 Sonuit
2983 2874 3081 2929 per
3103 2858 3277 2913 orbem
3304 2862 3598 2924 terrarum,
3620 2860 3796 2929 quiqui

2193 2928 2429 3000 dispersi
2470 2934 2626 2984 erant
2665 2928 2991 3000 congregati
3002 2935 3130 2984 sunt
3170 2931 3232 2983 in
3264 2945 3455 2983 unum.
3495 2930 3573 2984 Et
3613 2928 3787 2984 infra:

2195 2998 2371 3064 Quare
2395 3015 2503 3054 non
2523 2998 2851 3071 appellemus
2865 2998 3171 3065 monachos,
3193 3016 3315 3055 cum
3330 3000 3480 3055 dicat
3499 3001 3751 3070 psalmus
3767 3016 3787 3052 .·

2192 3070 2514 3139 Eccequam
2543 3070 3789 3141 bonumetquamjucundwnhabitarefmtres

2192 3142 2252 3194 in
2274 3155 2472 3213 unum,
2495 3144 2647 3213 μόνος
2670 3145 2811 3197 enim
2843 3158 2986 3197 unus
3021 3143 3256 3207 dicitur;
3284 3146 3339 3196 et
3365 3156 3475 3195 non
3499 3158 3640 3197 unus
3660 3158 3788 3212 quo~

2504 3228 2589 3275 ue,
2611 3230 2737 3268 nam
2764 3216 2893 3268 etin
2923 3214 3086 3268 turba
3112 3216 3190 3267 est
3224 3228 3388 3275 unus,
3417 3212 3513 3269 sed
3538 3228 3790 3267 meum

2193 3283 2380 3336 multis
2401 3284 2515 3339 dici
2528 3289 2722 3353 potest.
2748 3283 2918 3345 Μόνος
2931 3300 3039 3339 non
3052 3289 3246 3355 potest,
3263 3284 3325 3338 id
3338 3289 3435 3345 est,
3451 3283 3617 3350 solus;
3635 3286 3791 3353 μόνος

2194 3355 2333 3407 enim
2356 3369 2494 3408 unus
2520 3356 2663 3410 solus
2686 3361 2784 3410 est.
2816 3356 2923 3422 Qui
2949 3371 3075 3425 ergo
3100 3356 3177 3425 su:
3193 3357 3387 3408 vivunt
3414 3357 3473 3408 in
3502 3370 3693 3416 unm,
3723 3362 3791 3409 ut

2191 3438 2360 3478 unum
2388 3426 2650 3480 hominem
2678 3428 2910 3493 faciant,
2937 3431 2989 3481 et
3007 3424 3083 3481 sit
3108 3424 3221 3479 illis
3248 3441 3370 3481 uere
3387 3426 3789 3495 quomodoscri-

2184 3499 2343 3564 ptum
2363 3501 2460 3557 est,
2484 3512 2596 3550 una
2618 3500 2820 3565 anima,
2845 3502 2897 3552 et
2914 3513 3085 3551 unum
3101 3512 3221 3561 cor;
3240 3497 3413 3550 multa
3429 3512 3674 3565 corpora,
3695 3497 3790 3552 sed

2189 3512 2343 3563 ptum
2363 3512 2460 3557 ρει,
2484 3512 2596 3550 una
2618 3513 2820 3565 anuna,
2845 3512 2897 3552 et
2914 3513 3085 3551 unum
3101 3512 3221 3561 cor;
3240 3512 3413 3550 multa
3695 3512 3789 3552 sca

2189 3581 2295 3620 non
2308 3568 2488 3621 multa:
2498 3570 2693 3621 anima:
2707 3586 2724 3634 ;
2739 3569 2913 3623 multa
2928 3584 3167 3638 corpora,
3182 3568 3276 3623 sed
3284 3582 3394 3621 rm
3406 3512 3757 3623 W
3772 3588 3789 3633 ;

2189 3641 2329 3691 recte
2351 3638 2559 3692 dicitur
2579 3639 2748 3708 μόνος,
2767 3640 2829 3693 id
2849 3644 2947 3701 est,
2962 3655 3104 3694 unus
3117 3639 3278 3693 solus.
3301 3638 3436 3693 Inde
3450 3643 3505 3693 et
3528 3639 3620 3693 ille
3638 3654 3787 3693 unus

2188 3709 2492 3781 satiabatur
2516 3711 2575 3781 in
2585 3711 2799 3781 piscina
2810 3710 2992 3781 (Joan.
3016 3710 3097 3781 γ).
3121 3708 3789 3781 ΗωᾳᾼΑυευεῐὶηυελᾳιιὶέ

2188 3776 2293 3832 bus
2329 3778 2506 3851 verbis
2527 3774 2736 3851 indicat
2768 3774 2899 3835 nihil
2927 3774 3077 3835 aliud
3113 3774 3410 3851 signiﬁcare
3431 3774 3812 3851 monaohhm’

2187 3863 2355 3919 quam
2386 3848 2665 3905 hominem
2695 3851 2749 3904 in
2777 3851 2867 3905 tali
2893 3851 3103 3906 unitate
3131 3848 3191 3906 et
3223 3848 3613 3919 communitate
3637 3866 3784 3906 cum

2187 3918 2308 3975 aliis
2333 3920 2580 3991 ejusdem
2610 3921 2844 3977 instituti
2869 3921 3165 3987 viventem,
3187 3928 3249 3976 ut
3272 3934 3401 3974 cum
3426 3918 3529 3975 illis
3560 3918 3788 3977 efﬁcia-

2186 3996 2279 4045 tur
2315 3990 2478 4046 veluti
2524 4007 2670 4048 unus
2705 3992 2898 4060 homo,
2941 4007 3116 4048 unum
3156 4007 3274 4052 cor.
3321 3998 3379 4046 et
3414 3990 3600 4047 anima
3645 4009 3787 4060 una,

2184 4060 2327 4116 cut
2360 4062 2571 4118 dictum
2611 4070 2694 4118 est
2734 4063 2803 4119 de
2831 4062 3020 4135 primis
3050 4061 3391 4127 Christianis,
3430 4062 3629 4135 quibus
3654 4071 3778 4119 erat

2185 4144 2274 4205 cor
2301 4147 2489 4205 unum,
2529 4136 2717 4205 animo
2736 4132 2869 4195 una,
2897 4139 2949 4189 et
2973 4137 3155 4189 omnia
3180 4136 3481 4205 comma
3500 4132 3645 4205 (Act.
3671 4137 3787 4201 ιν).

2183 4203 2388 4259 Verum
2430 4203 2533 4260 hac
2569 4204 2780 4260 ratione
2804 4220 3010 4261 nomen
3048 4203 3305 4260 monachi
3332 4202 3467 4258 solis
3493 4202 3790 4261 emnobitis

2182 4275 2520 4347 conveniret,
2549 4274 2721 4347 immo
2749 4290 2876 4331 vero
2896 4276 3031 4331 nihil
3062 4275 3214 4330 aliud
3251 4273 3588 4347 signiﬁcaret
3612 4292 3787 4347 quam

2183 4345 2542 4412 cmnobitam,
2580 4346 2633 4400 id
2658 4354 2760 4414 est,
2784 4347 3155 4403 communiter
3178 4345 3451 4401 cum’aliis
3480 4345 3783 4402 viventem.

2182 4414 2527 4499 Relinquitur
2548 4432 2681 4499 ergo
2704 4416 2979 4499 verissima
3008 4415 3294 4499 explicatio
3323 4415 3488 4487 hujus
3509 4418 3785 4499 vocabuli,

478 4483 1717 4582 επξςρτετετελεῖοαέέξειιξίνεξ.Μαεξίιζεοξξξξ
1735 4486 2076 4582 mare
2107 4519 2160 4582 ι)
2182 4500 2348 4582 quas
2363 4483 2481 4541 τηου
2504 4483 2815 4582 refundit
2835 4487 3005 4582 ειξδεε
3040 4483 3367 4582 Perrona.

475 4555 617 4621 facis
647 4556 707 4607 in
737 4554 917 4616 turba,
950 4555 1046 4623 qui
1069 4554 1212 4607 solus
1236 4556 1331 4607 es?
1357 4554 1428 4607 Et
1454 4567 1640 4607 rursus
1663 4553 1716 4607 in
1754 4553 1985 4622 epistola
2002 4555 2074 4611 ad

475 4624 768 4682 Paulinum
800 4624 994 4696 (Epist.
1040 4624 1126 4693 13)
1157 4642 1170 4677 :
1202 4624 1264 4679 Si
1290 4625 1440 4748 culp:
1462 4638 1570 4677 esse
1593 4624 1737 4692 quod
1763 4623 1977 4686 diceris.
2008 4627 2091 4681 id

475 4703 570 4748 est.
609 4697 772 4748 solus.
804 4696 941 4748 auid
961 4697 1100 4748 facis
1129 4696 1187 4748 in
1210 4694 1336 4748 urbi
1436 4734 1452 4748 .
1477 4708 1597 4748 aute
1620 4696 1807 4748 utiaue
1822 4710 1927 4748 non
1945 4702 2069 4748 sum:

1433 4734 1452 4762 ,

473 4703 570 4777 est,
609 4697 772 4777 solus,
959 4697 1100 4777 facis
1129 4696 1187 4777 in
1210 4694 1452 4777 urbibus,
1477 4708 1597 4777 quae
1620 4696 1807 4777 utique
1822 4710 1927 4749 non
1945 4702 2069 4777 sum

471 4765 703 4825 solarum
731 4765 1059 4831 habitacula,
1087 4765 1180 4821 sed
1202 4766 1494 4821 multorum
1512 4768 1540 4819 ?
1569 4765 1736 4837 Atqui
1765 4766 2067 4837 secundum

475 4838 616 4895 hanc
642 4840 915 4896 rationem
938 4848 994 4895 et
1021 4837 1418 4910 etymologiam
1434 4850 1638 4891 nomen
1660 4835 1916 4910 monachi
1936 4839 2069 4910 solis

473 4911 716 4980 eremitis
759 4921 814 4980 et
847 4907 1187 4980 anachoretis
1207 4979 1212 4980 ί
1234 4907 1456 4980 proprie
1505 4908 1838 4973 conveniret,
1867 4917 1935 4980 ut
1969 4909 2064 4980 qui

471 4979 575 5033 soli
603 4979 924 5035 habitabant
945 4981 999 5033 in
1019 4978 1268 5043 desertis,
1289 4978 1415 5035 cum
1445 4987 1631 5034 tamen
1665 4978 2065 5035 monachorum

471 5064 676 5123 nomen
703 5056 756 5106 et
784 5049 1050 5123 institutio
1068 5050 1370 5123 reperiatur
1390 5049 1530 5123 apud
1552 5050 1880 5123 Dionysium
1893 5053 2067 5123 Areo-

469 5122 737 5195 pagitam,
779 5119 873 5193 qui
913 5119 1024 5176 fere
1056 5118 1329 5195 trecentis
1367 5118 1522 5195 annis
1567 5118 1795 5195 Paulum
1827 5120 2063 5195 primum

468 5191 766 5250 Erémitam
795 5191 1126 5257 antecessit;
1166 5199 1221 5247 et
1256 5191 1367 5260 ipse
1397 5192 1558 5247 etiam
1602 5191 1975 5262 Hieronymus
2003 5192 2060 5246 in

466 5266 698 5337 epistola
726 5265 796 5322 ad
840 5262 1198 5337 Eustochium
1224 5265 1421 5337 (Epist.
1452 5266 1772 5337 22)_nomen
1802 5262 2058 5319 monachi

466 5332 578 5394 tam
603 5336 891 5408 cmnobitis
915 5350 1081 5408 quam
1106 5332 1451 5408 anachoretis
1464 5332 1590 5408 velit
1604 5346 1723 5386 esse
1741 5347 2054 5408 commune.

462 5409 568 5465 Alii
607 5425 637 5466 a
678 5407 915 5465 monade
935 5404 1259 5462 monachos
1306 5404 1482 5460 dictos
1520 5404 1959 5473 interpretantur,
2003 5405 2057 5462 id

463 5487 569 5545 est,
607 5480 677 5535 ab
714 5480 942 5545 unitate,
963 5477 1076 5535 sive
1105 5476 1325 5533 unione.
1357 5473 1461 5530 Sed
1490 5472 1606 5529 haec
1633 5472 1852 5530 rursum
1879 5475 2059 5532 unitas

2185 4557 2494 4625 μανάζοντας
2518 4557 2643 4613 inde
2665 4558 3000 4627 nominatos,
3020 4558 3167 4629 quod
3191 4574 3228 4613 a
3247 4557 3519 4628 conjugiis
3539 4557 3794 4615 abstine-

2186 4631 2327 4695 rent,
2357 4633 2408 4682 et
2435 4643 2470 4682 a
2487 4632 2779 4699 parentum
2799 4644 2856 4685 se
2876 4632 3134 4685 consortio
3158 4646 3222 4685 ac
3247 4630 3445 4683 mundi
3461 4630 3617 4698 hujus
3634 4644 3790 4684 ωηο

2175 4700 2475 4754 versatione
2499 4708 2840 4763 secernerent,
2867 4710 2931 4757 ut
2956 4701 3219 4756 nimirum
3249 4700 3348 4756 soli
3374 4701 3480 4754 Deo
3500 4715 3596 4769 per
3620 4715 3786 4755 con-

2174 4769 2576 4841 templationem
2604 4771 2949 4827 inhaererent.
2972 4772 3138 4841 Quod
3167 4780 3224 4826 et
3242 4769 3521 4827 conﬁrmat
3533 4771 3594 4841 B.
3620 4770 3790 4841 Dio—-

2170 4839 2359 4911 nysius
2387 4842 2715 4913 Areopagita
2742 4858 2863 4924 cap.
2897 4848 2931 4896 6
2970 4839 3177 4898 Eccles.
3208 4842 3452 4926 .Hierar?
3493 4839 3587 4897 ubi
3630 4840 3794 4926 dicit

2170 4910 2478 4984 monachos
2507 4913 2783 4984 appellan,
2813 4913 2958 4983 quod
2975 4915 3137 4969 rebus
3157 4913 3520 4968 dunssbiltbus
3540 4914 3787 4976 relictis.

2169 4982 2417 5054 monadi,
2446 4985 2508 5039 id
2532 4982 2629 5046 est,
2942 4986 3047 5039 soli
3066 4986 3275 5054 placere
3291 4987 3459 5053 atque
3474 4987 3629 5039 uniri
3642 5001 3791 5040 con-

2170 5053 2463 5125 tenderent.
2514 5055 2679 5122 Inde,
2730 5055 2933 5125 inquit,
2980 5053 3153 5112 ειυἱοιὶ
3200 5061 3551 5125 praeoptares
3594 5061 3795 5111 nostri

2168 5122 2464 5198 (Apostol‘i)
2502 5126 2704 5180 divinis
2730 5122 3451 5198 eosappellattbnibusstint
3477 5132 3790 5198 prosecuti,

2168 5196 2374 5267 partim
2385 5195 2750 5267 therapeutas,
2769 5196 2830 5251 id
2839 5195 2937 5259 est,
2949 5198 3193 5260 cultores,
3209 5213 3244 5251 a
3253 5196 3460 5252 sincero
3472 5195 3572 5255 Dei
3583 5200 3763 5265 fama
3778 5230 3792 5240 -

2167 5264 2283 5319 tatu
2300 5271 2463 5336 atque
2485 5264 2633 5321 cultu
2645 5285 2662 5336 ;
2674 5270 2879 5336 partim
2893 5270 3174 5323 monachos
3194 5268 3263 5322 ab
3281 5264 3654 5324 inditﬁduaet
3673 5274 3795 5325 sin-

2165 5307 2474 5409 ἕεέἓξι
2485 5307 3800 5409 “amicasjttmm;5;m&xs:

2164 5405 2662 5480 biliumqaﬂ’ectuum
2682 5412 2740 5463 in
2752 5425 2918 5464 unum
2932 5405 3364 5480 complicationes
3374 5416 3429 5465 et
3438 5413 3797 5469 collectione:

2160 5478 2220 5531 in
2250 5477 2568 5552 'deiformem
2591 5480 2888 5552 monademg
2904 5477 3348 5552 singularemque
3375 5484 3796 5552 perfectionem

461 5549 572 5604 sive
599 5550 728 5604 unio
764 5549 1049 5630 dupliciter
1076 5549 1384 5630 exponitur.
1413 5549 1571 5630 Nam.
1609 5548 1680 5602 D.
1714 5548 2054 5630 Augustinus
2157 5554 2483 5630 promoveat.
2510 5551 2717 5630 Eodem
2746 5550 2939 5630 alludit
2960 5548 3140 5630 canon
3161 5548 3618 5630 concilii—Meet)!
3652 5560 3795 5623 (16,

458 5631 739 5690 exponens
793 5618 949 5674 illum
985 5618 1309 5676 versiculum
1353 5618 1547 5690 psalmi
1598 5618 1873 5674 cxxxu":
1927 5622 2055 5674 Ecce

459 5688 625 5760 quam
660 5688 932 5760 bormmget
969 5706 1136 5758 quam
1154 5688 1459 5759 jucundum
1490 5690 1736 5760 habitare
1772 5693 1972 5756 fratres
1992 5691 2054 5743 in

457 5758 627 5816 unum
656 5778 673 5814 :
697 5761 825 5821 Ista,
852 5758 1045 5829 inquit,
1064 5758 1222 5814 verba
1247 5761 1521 5822 Psalterii,
1544 5763 1645 5813 iste
1671 5759 1844 5813 dulcis
1868 5774 2048 5822 sonus,

459 5835 569 5887 ista
590 5832 772 5886 sitavis
799 5829 1030 5886 molodia
1052 5832 1164 5883 tam
1181 5831 1471 5909 incantico
1494 5843 1657 5897 quam
1674 5830 1733 5882 in
1759 5829 2048 5899 intellectu,

2161 5636 2216 5689 q.
2254 5628 2303 5686 l,
2333 5636 2379 5675 c.
2416 5623 2464 5689 l)
2502 5636 2532 5675 a
2566 5620 2825 5677 Gratiano
2856 5621 3051 5678 citatus
3072 5622 3127 5677 in
3161 5624 3276 5678 hinc
3320 5625 3519 5679 verba:
3548 5620 3807 5682 Placuit

2160 5691 2402 5763 omnibus
2418 5692 2774 5748 residentibus
2800 5692 2863 5747 id
2877 5700 3068 5749 sancta
3092 5696 3310 5752 Merena
3328 5695 3557 5763 synodo,
3573 5704 3655 5752 ut
3670 5717 3801 5754 mo-

2157 5762 2449 5817 nachorum
2472 5764 2806 5836 conversatio
2829 5768 2880 5819 et
2914 5768 3047 5826 vita,
3073 5762 3799 5836 setandum’etymologirm

2158 5836 2409 5897 nominis,
2426 5835 2495 5888 ab
2514 5835 2756 5889 omnibus
2769 5834 3050 5906 discrepet.
3071 5838 3362 5895 Monachus
3381 5834 3525 5892 cutim
3543 5834 3794 5907 eam,
