4014 6202
238 240 273 291 ἰ
307 248 436 303 1103

931 243 1267 300 COLLATIO
1305 242 1493 298 XVIII.
1527 270 1601 285 -
1639 243 1728 298 DE
1766 242 2010 298 TRIBUS
2048 242 2432 299 GENERIBUS
2470 241 2969 300 MONACHORUM.

3465 247 3600 301 “06

292 371 689 437 renuntiantes,
730 379 827 427 aut
880 371 934 426 in
984 371 1098 426 suis
1136 368 1425 426 domiciliis
1461 368 1568 425 sub
1610 367 1893 441 privilegio
1924 373 1976 436 Α
2003 369 2252 424 omnium
2281 384 2466 426 rerum
2505 376 3005 442 paupertatemque.
3030 368 3369 442 possideant,
3418 368 3505 425 isti
3543 378 3604 427 ut

292 463 453 536 hujus
481 463 728 520 nominis
769 462 969 520 iisdem
1012 462 1258 525 obstricti
1301 462 1746 535 occupationibus
1773 478 1894 534 per-

291 566 556 626 severant,
590 566 690 613 aut
717 564 1102 614 construentes
1119 556 1222 614 sibi
1253 555 1471 613 cellulas
1489 597 1505 626 ,
1530 571 1731 629 easque
1768 570 1895 613 mo-

290 650 524 706 nasteria
568 658 983 722 nuncupantes,
1023 664 1123 706 suo
1164 649 1221 705 in
1269 649 1351 707 eis
1397 648 1517 722 iure
1548 665 1615 706 ac
1649 649 1894 707 libertate

290 742 624 812 consistunt,
670 758 1019 815 nequaquam
1071 742 1390 814 evangelicis
1443 741 1895 816 praeceptionibus

288 835 728 902 succumbentes,
753 845 812 892 ut
840 836 985 892 nulla
1013 836 1225 893 scilicet
1246 836 1555 910 quotidiani
1581 838 1756 895 victus
1779 837 1895 894 sol-

289 926 590 995 licitudine,
621 928 787 984 nullis
821 928 900 983 rei
935 926 1221 984 familiaris
1259 928 1681 986 distentionibus
1723 943 1891 985 occu-

290 1028 506 1091 pentur.
565 1018 727 1089 Quod
777 1019 852 1076 illi
916 1020 1015 1077 soli
1062 1020 1267 1094 absque
1310 1021 1511 1079 inﬁdeli
1556 1022 1893 1080 dubitatione

290 1122 701 1183 consummant,
746 1114 837 1185 qui
873 1115 1081 1171 cunctis
1112 1114 1303 1173 mundi
1339 1115 1501 1189 hujus
1543 1115 1894 1174 facultatibus
1941 1179 1947 1185 ,

290 1212 552 1280 absoluti,
583 1213 654 1269 ita
683 1228 741 1269 se
777 1213 1154 1271 coenobiorum
1178 1212 1485 1286 praepositis
1506 1211 1891 1282 subdiderunt,

289 1312 353 1360 ut
385 1319 456 1360 ne
483 1304 569 1360 sui
608 1305 826 1376 quidem
856 1305 1020 1377 ipsius
1058 1304 1332 1363 fateantur
1368 1321 1487 1363 esse
1514 1320 1574 1363 se
1612 1297 1888 1372 dominos,

288 1397 372 1454 Illi
392 1406 579 1457 autem
599 1399 688 1471 qui
709 1398 1138 1469 districtionem,
1160 1409 1220 1457 ut
1245 1400 1509 1470 diximus,
1533 1400 1767 1457 cmnobii
1790 1400 1893 1457 de-

286 1494 571 1563 clinantes,
635 1495 744 1550 bini
789 1496 878 1552 vel
925 1497 1068 1552 terni
1107 1496 1162 1552 in
1207 1496 1414 1554 cellulis
1450 1505 1889 1561 commorantur,

282 1601 396 1641 non
436 1588 672 1643 contenti
701 1588 915 1645 abbatis
954 1604 1084 1645 cura
1127 1596 1292 1661 atque
1320 1588 1549 1662 imperio
1576 1588 1890 1661 gubernari,

283 1678 381 1734 sed
402 1677 506 1735 hoc
529 1662 1193 1753 praecipue'procurantes,
1209 1690 1272 1738 ut
1294 1681 1530 1740 absoluti
1559 1698 1588 1737 a
1608 1682 1889 1739 seniorum

2001 463 2251 518 omnium
2284 463 2569 535 capiarurn
2601 461 2941 519 afﬂuentiam
2967 471 3393 534 consequantur.
3427 462 3510 519 Illi
3530 463 3603 519 ob

2000 556 2104 614 hoc
2127 558 2378 614 certatim
2405 568 2672 616 statutum
2692 558 3075 616 transcendere
3105 575 3372 616 canonem
3389 558 3598 616 diurnis

2001 651 2256 724 operibus
2301 652 2611 722 elaborant,
2641 660 2703 710 ut
2738 652 3001 725 quidquid
3052 654 3366 710 monasterii
3396 653 3602 711 sanctis

2002 744 2191 802 usibus
2215 745 2562 814 redundarit,
2594 746 2675 803 vel
2711 745 3042 815 carceribus,
3072 747 3154 802 vel
3178 739 3206 777 δ
3235 744 3596 815 xcnodocbio,

2000 840 2080 895 vel
2110 840 2452 904 nosocomio.
2477 840 2558 896 vel
2584 838 2955 912 indigentibus
2992 854 3092 909 pro
3130 837 3342 894 abbatis
3376 837 3599 909 dispen-

1998 940 2148 989 setur
2168 933 2419 989 arbitrio.
2457 933 2549 989 Isti
2571 941 2631 989 ut
2655 931 2921 1006 quidquid
2950 930 3283 1004 quotidianae
3312 929 3593 1002 superfue-

1994 1026 2069 1083 rit
2105 1026 2264 1100 gulaa,
2289 1034 2385 1083 aut
2409 1024 2703 1097 profusiori
2735 1024 2983 1098 proﬁciat
3012 1024 3295 1095 voluptati,
3320 1031 3417 1079 aut
3445 1032 3592 1080 certe

1999 1119 2341 1192 philargyriae
2368 1119 2499 1175 vitio
2537 1118 2888 1175 recondatur.
2921 1120 3205 1174 Postremo
3235 1125 3297 1172 ut
3327 1115 3596 1173 conceda-

1999 1225 2126 1266 mus
2148 1210 2216 1266 ab
2246 1209 2361 1265 istis
2396 1208 2517 1266 haec
2539 1225 2760 1283 quoque
2787 1224 2911 1282 quae
2934 1224 3045 1265 non
3085 1209 3296 1280 optimo
3320 1210 3601 1280 preposito

2000 1312 2388 1376 congeruntur,
2429 1303 2622 1360 melius
2647 1319 2814 1377 quam
2842 1302 3081 1361 diximus
3124 1317 3282 1373 posse
3323 1302 3598 1369 distribui,

1999 1414 2099 1454 nec
2123 1399 2205 1455 sic
2233 1398 2458 1470 quidem
2487 1398 2556 1455 ad
2585 1399 2844 1455 meritum
2880 1397 3091 1453 virtutis
3116 1396 3337 1452 illorum
3366 1411 3433 1452 ac
3480 1411 3603 1468 per-

2001 1491 2251 1549 fectionis
2270 1492 2534 1564 aspirant.
2574 1492 2659 1548 Illi
2689 1492 2841 1547 enim
2868 1499 3049 1547 tantos
3088 1489 3421 1546 monasterio
3460 1488 3592 1546 red—

2001 1585 2148 1642 ditus
2188 1584 2567 1654 conferentes,
2601 1586 2789 1658 eisque
2826 1583 3061 1658 quotidie
3099 1583 3502 1653 renuntiantes,
3544 1585 3602 1639 in

2000 1687 2149 1737 tanta
2182 1679 2535 1753 subjectionis
2572 1679 2878 1736 humilitate
2902 1678 3213 1752 perdurant,
3246 1685 3306 1733 ut
3335 1677 3602 1749 quemad-

280 1769 437 1843 jugo,
482 1773 765 1829 exercendi
810 1774 1115 1831 voluntates
1153 1760 1300 1844 tias,
1332 1782 1388 1831 et
1433 1774 1764 1845 procedendi
1810 1776 1888 1831 vel
1919 1798 1967 1859 Β
2002 1774 2231 1831 modum
2272 1775 2380 1840 sui,
2426 1774 2500 1830 ita
2545 1773 2709 1830 etiam
2750 1788 2945 1829 eorum
2987 1787 3111 1844 qua:
3143 1771 3363 1843 proprio
3402 1770 3602 1827 sudore

287 1878 401 1935 quo
427 1864 691 1937 placuerit
714 1867 996 1939 evagandi,
1022 1867 1282 1940 agendive
1304 1867 1450 1941 quod
1478 1866 1694 1925 libitum
1726 1867 1893 1926 fuerit

288 1956 524 2015 habeant
546 1959 869 2027 libertatem,
900 1960 1065 2018 etiam
1091 1962 1330 2034 amplius
1353 1962 1411 2018 in
1444 1961 1698 2033 operibus
1732 1962 1894 2020 diur—

288 2050 377 2106 nis
404 2067 566 2123 quam
588 2052 641 2107 hi
666 2052 756 2123 qui
784 2053 837 2107 in
860 2054 1130 2110 coenobiis
1149 2053 1377 2127 degunt,
1407 2053 1599 2112 diebus
1622 2071 1686 2112 ac
1717 2058 1891 2114 nocti-

286 2142 393 2199 bus
422 2153 843 2212 consumuntur,
878 2144 971 2201 sed
1000 2160 1110 2201 non
1138 2159 1200 2202 ea
1231 2145 1335 2202 ﬁde
1361 2145 1661 2218 eodemque
1687 2164 1893 2222 propo—

282 2235 414 2292 sito.
446 2239 567 2294 Hoc
588 2239 732 2294 enim
762 2238 845 2294 isti
875 2238 1228 2307 faciunt,non
1257 2248 1319 2296 ut
1343 2238 1584 2297 fructum
1608 2241 1693 2298 sui
1712 2243 1893 2315 operis

278 2327 577 2401 subjiciant
630 2331 1023 2403 dispensatoris
1067 2332 1316 2401 arbitrio,
1361 2332 1459 2390 sed
1510 2341 1574 2390 ut
1611 2335 1894 2406 acquirant

278 2423 550 2513 pecunias
565 2438 703 2496 quas
718 2424 1041 2481 recondant.
1060 2427 1210 2483 Inter
1226 2440 1365 2498 quos
1384 2434 1650 2499 quantum
1676 2427 1893 2485 intersit

277 2512 580 2571 advertite.
615 2517 700 2571 Illi
742 2516 881 2573 nihil
930 2517 997 2574 de
1027 2518 1265 2575 crastino
1292 2518 1614 2591 cogitantes,
1643 2519 1892 2592 gratissi-

276 2622 406 2664 mos
436 2611 557 2664 Deo
594 2608 811 2667 sudoris
832 2610 915 2667 sui
940 2609 1182 2668 offerunt
1217 2610 1447 2669 fructus.
1478 2611 1578 2668 Isti
1606 2627 1742 2669 vero
1777 2629 1893 2669 non

271 2703 466 2760 solum
504 2704 559 2759 in
601 2705 920 2775 crastinum,
963 2704 1060 2762 sed
1099 2706 1265 2764 etiam
1308 2706 1363 2762 in
1387 2706 1693 2764 multorum
1721 2722 1895 2765 anno-

271 2812 402 2854 rum
434 2798 610 2870 spatia
635 2798 909 2856 inﬁdelem
934 2799 1364 2856 sollicitudinem
1390 2809 1764 2874 prorogantes,
1796 2810 1893 2858 aut

271 2890 606 2948 mendacem
636 2895 814 2949 Deum
833 2902 928 2949 aut
947 2892 1164 2966 inopem
1179 2892 1428 2962 credunt,
1453 2892 1546 2966 qui
1562 2895 1891 2966 promissam

270 2984 583 3057 quotidiani
612 2986 787 3041 victus
831 2994 993 3056 atque
1025 2986 1467 3043 indumentorem
1507 2986 1889 3045 sufficientiam

271 3078 532 3152 praebere
554 3078 631 3134 eis
657 3088 751 3135 aut
766 3095 874 3135 non
891 3078 1080 3151 possit,
1097 3088 1193 3134 aut
1215 3079 1371 3136 nolit.
1392 3079 1476 3136 Illi
1501 3080 1608 3137 hoc
1636 3082 1889 3138 omnibus

2002 1867 2330 1938 conquirunt
2356 1874 2620 1940 potestate
2643 1866 2945 1939 priventur,
2971 1864 3461 1922 abrenuntiationis
3489 1862 3603 1936 pri-

2002 1976 2111 2017 mae
2146 1959 2414 2017 fervorem
2437 2004 2452 2029 ,
2476 1959 2610 2018 dum
2640 1959 2887 2032 quotidie
2919 1958 3240 2031 semetipsos
3272 1957 3472 2015 laboris
3510 1958 3602 2014 sui

2000 2055 2268 2112 fructibus
2306 2053 2541 2123 nudant,
2565 2054 2767 2128 jugiter
2812 2054 3149 2110 innovantes.
3196 2052 3287 2108 Isti
3316 2057 3499 2108 autem
3546 2051 3602 2107 in

2001 2163 2068 2205 eo
2097 2149 2216 2222 ipso
2254 2146 2402 2220 quod
2430 2146 2632 2220 aliquid
2660 2146 2984 2219 pauperibus
3012 2144 3313 2218 largiuntur
3354 2144 3502 2214 elati,
3544 2144 3601 2199 in

2002 2256 2240 2314 praeceps
2276 2239 2516 2314 quotidie
2555 2239 2926 2298 collabantur.
2966 2239 3096 2295 Illos
3135 2239 3389 2310 patientia
3437 2245 3600 2309 atque

2000 2333 2286 2399 districtio,
2313 2349 2419 2406 qua
2452 2342 2566 2389 tam
2595 2333 2796 2391 devote
2840 2333 2895 2388 in
2938 2333 3038 2389 hac
3065 2348 3231 2404 quam
3260 2332 3428 2388 semel
3458 2332 3597 2387 arri-

2000 2435 2236 2502 puerunt
2277 2426 2622 2500 professione
2664 2426 2980 2499 perdurant,
3030 2434 3091 2483 ut
3132 2441 3435 2498 numquam
3475 2440 3602 2481 suas

2002 2522 2251 2594 espleant
2273 2520 2603 2588 voluntates,
2630 2529 2649 2555 ο
2674 2518 2971 2577 cruciﬁxos
2998 2518 3124 2593 huic
3156 2519 3322 2575 modo
3356 2519 3601 2591 quotidie

2000 2616 2264 2687 vivosque
2304 2621 2575 2686 martyres
2599 2611 2759 2681 facit;
2791 2612 2894 2668 hos
2914 2612 3120 2668 arbitrii
3147 2612 3230 2668 sui
3260 2620 3416 2684 tepor
3451 2612 3602 2669 vivos

2002 2707 2071 2765 ad
2094 2706 2302 2762 inferna
2329 2704 2615 2778 demergit.
2650 2707 2787 2762 Hec
2827 2704 2989 2776 igitur
3029 2705 3139 2761 duo
3168 2720 3367 2777 genera
3405 2721 3597 2763 mona-

2000 2802 2232 2859 chorum
2260 2799 2314 2855 in
2334 2799 2433 2856 hac
2450 2798 2673 2873 quidem
2695 2798 2970 2872 provincia
2989 2798 3181 2871 aequali
3205 2798 3601 2871 propemodum

1998 2893 2391 2952 numerositate
2414 2893 2627 2950 interse
2648 2892 3009 2950 contendunt.
3036 2892 3312 2949 Caeterum
3338 2908 3439 2966 per
3467 2893 3602 2950 alias

1997 2988 2246 3061 regiones
2273 3001 2408 3059 quas
2431 3002 2521 3042 me
2546 2986 2841 3043 necessitas
2867 2986 3153 3043 catholicae
3182 2977 3309 3042 ﬁdei
3328 2985 3597 3059 compulit

1995 3088 2323 3155 peragrare,
2349 3078 2494 3136 istud
2527 3079 2751 3136 tertium
2781 3079 3184 3136 Sarabaitarum
3223 3094 3394 3152 genus
3426 3078 3597 3135 abun-

270 3180 548 3245 expetunt
592 3172 751 3240 votis,
794 3178 857 3228 ιιι
891 3182 916 3207 ε
942 3170 1312 3243 ἁκτημοσύνην,
1356 3172 1413 3229 id
1440 3180 1545 3241 est,
1582 3173 1888 3231 nuditatem
1922 3160 1967 3224 C
1998 3173 2127 3229 dare
2149 3187 2214 3229 ac
2241 3188 2407 3245 pr0pe
2434 3172 2615 3230 solum
2635 3188 2755 3232 esse
2781 3172 3157 3247 cognovimus.
3181 3173 3207 3209 ἀ
3225 3171 3598 3245 Temporibus

1384 3292 1639 3348 ALARDI
1675 3294 1902 3351 GAZEI
1937 3293 2492 3362 COMMENTARIUS.

352 3409 380 3436 ι
405 3399 789 3473 Ἀπημοσύνη,
816 3407 878 3456 ιιι
911 3407 1072 3456 notat
1114 3399 1450 3473 Ciaconius,‘
1476 3399 1687 3473 aliquid
1704 3401 1892 3473 magis
2000 3400 2088 3470 27)
2123 3419 2136 3453 :
2169 3403 2302 3473 Pars
2326 3403 2427 3453 tua
2454 3402 2744 3473 Dominus;
2772 3404 2823 3453 et
2845 3415 2949 3466 quo
2975 3401 3173 3473 magis;
3189 3400 3447 3473 gaudeas,
3475 3415 3592 3473 ma-

276 3476 372 3542 est
394 3484 565 3542 quam
595 3470 819 3542 penuria
832 3478 887 3526 et
909 3479 1145 3542 egestas:
1170 3486 1301 3542 nam
1319 3470 1600 3542 ’Agitwiumv
1626 3471 1672 3527 is
1688 3470 1891 3528 dicitur

268 3539 374 3611 qui
396 3538 536 3593 nihil
561 3538 787 3614 omnino
806 3538 1063 3614 possidet,
1091 3550 1151 3598 ut
1169 3541 1244 3597 illi
1258 3538 1598 3614 anachoreta!
1623 3542 1842 3614 Egypti
1871 3562 1885 3599 :

274 3558 374 3611 qm
396 3558 536 3593 mnu
561 3558 787 3596 omnino
806 3558 1063 3623 possidet,
1091 3558 1151 3598 ut
1169 3558 1598 3598 nnanacnoreue
1623 3558 1842 3670 mgygn
1871 3562 1885 3599 :

274 3618 478 3694 contra
507 3613 674 3692 κτῆσις
700 3613 782 3694 rei
809 3612 1036 3694 alicujus
1082 3612 1352 3694 possessio
1380 3620 1482 3694 est,
1502 3627 1684 3694 quam
1721 3629 1750 3694 a
1792 3613 1889 3694 bas

270 3684 530 3737 Joannes
557 3682 613 3736 in
666 3682 912 3755 solitario
946 3682 1196 3755 maxime
1240 3682 1551 3755 improbat;
1584 3684 1763 3740 collat.
1824 3690 1886 3741 l9

268 3769 401 3836 cap.
421 3756 459 3806 6
456 3771 504 3844 ἐ.
516 3753 1001 3844 quamzisuinquit,
1027 3753 1342 3844 Ciaconips,
1356 3753 1711 3836 inbucusque
1726 3770 1888 3844 elicu-

264 3820 659 3953 gis'cﬁgicibus
680 3820 834 3890 ἀλιιῆς
852 3820 1021 3895 nam;
1045 3833 1300 3899 corrupte
1318 3820 1540 3898 legitur,
1568 3820 1667 3898 pro
1690 3830 1879 3893 κτῆσις.

308 3910 360 3950 ιο
385 3910 402 3949 ι
490 3935 503 3948 .

344 3935 503 4036 ἴδἐξ
542 3963 877 4036 xenodochio
925 3964 1176 4036 superius
1219 3971 1405 4036 actum
1441 3973 1525 4021 est
1568 3967 1777 4036 (Collat.
1816 3973 1882 4023 14

263 4051 399 4107 cap.
457 4032 533 4103 4).
580 4036 753 4107 Porro
800 4035 944 4091 sicut
990 4032 1399 4107 ienodochium
1443 4032 1880 4107 peregrinorum,

264 4103 354 4164 ita
391 4103 808 4179 nosocomium,
838 4120 1034 4179 graece
1056 4105 1406 4179 νρσοκομεῖον,
1443 4103 1654 4179 dicitur
1699 4103 1884 4179 hospi;

260 4179 438 4248 tium,
462 4175 864 4246 aegrotantium'
884 4192 980 4233 seu
1020 4175 1388 4248 inﬁrmorum,
1437 4190 1534 4248 seu
1577 4177 1731 4233 locus
1772 4175 1882 4248 quo

242 4247 620 4320 recipiuntur
648 4252 712 4309 et
753 4255 1014 4320 curantur
1059 4246 1267 4319 aegroti.
1309 4249 1380 4301 D.
1416 4246 1806 4320 Hieronymus
1826 4249 1883 4304 in

259 4315 435 4393 epist.
466 4315 847 4393 ad_chanum
864 4319 1063 4393 (Epist.
1096 4315 1182 4393 3'0)
1208 4337 1220 4373 :
1255 4319 1479 4393 Censum
1498 4315 1658 4393 quem
1687 4319 1883 4375 habere

250 4388 495 4463 pbterat
518 4388 823 4457 distribuit,
842 4390 1168 4463 dilapidauit
1193 4405 1257 4444 ac
1282 4390 1545 4453 uendidit,
1571 4395 1622 4446 et
1645 4392 1705 4445 in
1721 4405 1883 4460 pecu-

258 4461 429 4519 niam
475 4464 858 4541 congregatum
884 4461 1067 4544 usibus
1088 4476 1390 4586 pagis-mm
1420 4464 1780 4532 prwparauit.
1807 4465 1881 4518 Et

258 4536 462 4586 primo
511 4545 749 4584 omnium
777 4546 1123 4586 nosocomwn.
1152 4547 1174 4585 ι
1231 4536 1327 4586 est.
1362 4533 1736 4586 languentium
1767 4534 1876 4586 vil-

302 4536 462 4589 rimo
511 4533 749 4584 omnium
777 4534 1123 4597 nosocomion,
1152 4533 1215 4586 id
1231 4536 1327 4599 est,
1362 4533 1736 4602 languentium
1767 4534 1876 4587 vil-

280 4620 383 4660 am
403 4602 676 4675 instituit,
709 4604 895 4675 inquo
914 4606 1231 4671 aegrotantes
1260 4607 1310 4675 et
1332 4610 1644 4675 consumpta
1668 4606 1883 4673 languo-

255 4677 425 4733 ribus
438 4676 613 4741 atque
623 4672 809 4737 inedia
819 4675 1132 4727 miserorum
1144 4672 1383 4726 membra
1398 4672 1676 4740 refoveret.
1691 4672 1880 4732 Utitur

255 4723 970 4805 si'iagnasssgi‘.imui
982 4723 1021 4798 ὅ
1036 4723 1653 4812 ὲξ“ι.’ἑὲιῖιάὦιὶέίἓ,ἶ6
1665 4723 1875 4802 sese;
1906 4723 1958 4784 D

1999 3475 2081 3525 ter
2105 3474 2201 3524 tua
2228 3471 2381 3537 longo
2403 3471 2668 3538 martyrio
2700 3474 2952 3523 coronata
2989 3474 3084 3524 est.
3122 3471 3238 3526 Non
3257 3471 3427 3523 solum
3454 3472 3595 3524 enim

1997 3541 2190 3611 effusio
2216 3541 2506 3608 sanguinis
2530 3541 2589 3593 in
2616 3540 2941 3606 confessione
2954 3544 3261 3611 reputatur,
3281 3541 3374 3595 sed
3393 3541 3594 3595 devota

1997 3628 2207 3682 quoque
2227 3613 2420 3665 mentis
2435 3612 2663 3666 servitus
2679 3612 3028 3682 immaculata
3047 3612 3421 3681 quotidianum
3440 3627 3592 3666 mar-

1996 3681 2198 3752 tyrium
2228 3686 2323 3737 est.
2347 3684 2413 3736 Et
2440 3696 2627 3737 rursus
2655 3681 2781 3737 alibi
2814 3684 3005 3753 (Epist.
3036 3689 3091 3749 8)
3112 3684 3371 3739 :Assume
3387 3688 3592 3738 scutum

1992 3755 2151 3823 ﬁdei,
2198 3755 2415 3809 loricam
2442 3753 2708 3823 justitiw,
2750 3755 2959 3823 galeam
2997 3756 3190 3809 salutis
3207 3796 3221 3816 ,
3260 3754 3483 3823 procede
3517 3756 3592 3810 ad

1986 3827 2263 3896 prwlium.
2287 3824 2459 3896 Habet
2477 3828 2532 3880 et
2539 3825 2812 3895 pudicitia
2826 3829 3039 3896 servata
3052 3826 3380 3893 martyrium
3406 3840 3583 3896 suum.

1991 3893 2064 3951 D.
2125 3895 2467 3967 Augustinus
2520 3893 2575 3950 in
2615 3895 2957 3967 sermonibus
3002 3893 3070 3949 de
3104 3902 3353 3964 tempore.
3395 3893 3583 3965 (Serm.

1992 3966 2080 4037 50)
2117 3987 2129 4021 :
2162 3966 2325 4026 Nemo
2350 3967 2496 4021 dicat
2520 3967 2665 4036 quod
2704 3966 3033 4038 temporibus
3058 3969 3257 4020 nostris
3279 3969 3586 4034 martyrum

1991 4040 2287 4092 certamina
2319 4053 2428 4091 esse
2448 4052 2552 4090 non
2572 4040 2816 4105 possint;
2853 4038 3008 4091 habet
3027 4039 3164 4091 enim
3185 4041 3236 4092 et
3252 4052 3370 4106 pare
3397 4041 3586 4091 nostra

1990 4112 2260 4174 martyres
2296 4121 2438 4160 suos.
2473 4108 2633 4171 Nam,
2678 4109 2817 4160 sicut
2854 4108 3164 4175 frequenter
3202 4109 3582 4175 suggessimus,

1991 4176 2335 4231 iracundiam
2356 4176 2628 4242 mitigare,
2650 4176 2930 4230 libidinem
2947 4177 3155 4243 fugere,
3173 4176 3452 4244 justitiam
3466 4191 3588 4232 cus-

1992 4247 2194 4315 todire,
2223 4246 2517 4301 auaritiam
2551 4249 2874 4301 contemnere
2894 4287 2907 4307 ,
2932 4246 3240 4316 superbiam
3265 4246 3526 4301 humilior
3534 4262 3580 4309 e,

1960 4310 1974 4325 ’
1984 4333 2119 4387 pars
2144 4310 2343 4387 magna
2370 4317 2635 4385 martyrii
2649 4320 2746 4389 est.
2770 4319 2837 4372 D.
2855 4310 3155 4389 Gregorius
3182 4316 3373 4372 homil.
3401 4323 3470 4372 36
3495 4319 3581 4385 (In

1987 4389 2218 4460 Evang.)
2259 4405 2272 4441 :
2319 4390 2584 4456 Martyres
2616 4388 2727 4442 sine
2753 4389 2898 4455 ferro
2929 4403 3037 4444 esse
3066 4404 3371 4458 possumus,
3405 4391 3457 4445 si
3482 4405 3584 4459 pa-

1988 4462 2233 4515 tientiam
2248 4461 2505 4514 veraciter
2527 4461 2586 4513 in
2604 4461 2782 4514 animo
2805 4460 3152 4515 custodimus.

2055 4518 2083 4603 f‘
2110 4532 2313 4587 Lucius
2342 4538 2465 4603 post
2496 4537 2745 4603 sanctum
2786 4530 3143 4603 Athanasium
3175 4531 3389 4588 Arianae
3415 4532 3585 4603 partis

1988 4601 2300 4684 episcopus,
2328 4600 2499 4684 utique
2529 4600 2597 4657 ad
2631 4600 3000 4684 Theodosium
3039 4603 3371 4684 principem,
3406 4600 3452 4684 εὶ
3467 4618 3579 4684 quo

1987 4672 2070 4745 eat
2088 4672 2372 4745 expulsus,
2402 4672 2837 4745 Alexandrinam
2858 4672 3161 4745 Ecclesium
3189 4672 3381 4745 tenuit.
3411 4672 3579 4743 Cujus

1991 4742 2247 4801 immania
2275 4742 2478 4814 scelera
2511 4752 2671 4814 atque
2700 4742 2935 4798 faciliora
2963 4743 3018 4814 in
3046 4742 3401 4805 orthodoxos,
3433 4742 3578 4813 prae-

256 4817 427 4875 Eccl.
466 4817 539 4868 In
568 4813 1161 4886 monasteriisvulgato
1198 4813 1464 4886 vocabulo
1490 4813 1691 4886 dicitur
1719 4816 1876 4871 inﬁr-
1984 4816 2172 4886 sertim
2215 4813 2554 4886 monachos,
2581 4811 2597 4814 “
2619 4814 2924 4886 perpetrata
2964 4811 3097 4886 _fu_se
3149 4811 3473 4886 enarrantur
3519 4815 3575 4870 in

255 4886 456 4945 maria
481 4924 498 4949 ,
527 4883 630 4956 vel
676 4883 1070 4952 inﬁrmarium',
1098 4884 1165 4941 de
1207 4899 1321 4956 quo
1360 4883 1513 4956 plura
1548 4884 1672 4941 alibi
1715 4894 1874 4941 nota-

255 4960 492 5027 vimus
519 4951 629 5021 (Ad
656 4956 783 5027 Reg.
825 4960 867 5027 57
896 4951 1240 5022 Pachomii).'
1261 4951 1519 5027 Ejusdem
1574 4956 1878 5012 meminere

254 5024 495 5089 summi
545 5023 824 5097 pontiﬁces
850 5026 1193 5083 Innocentius
1217 5023 1623 5097 Ill'capscitm
1659 5027 1736 5081 ad
1773 5043 1877 5082 mo-
1982 5026 2198 5097 athletaz
2226 5024 2445 5086 Christi,

253 5099 591 5166 nasterium
627 5093 694 5150 de
736 5102 861 5150 stat.
908 5104 1161 5166 monast.,
1200 5104 1254 5152 et
1301 5093 1623 5153 Benedictus
1662 5098 1776 5152 XII
1820 5097 1877 5152 in

256 5189 362 5231 sua
399 5163 808 5239 constitutione
836 5182 956 5239 cap.
990 5172 1081 5239 26,
1118 5163 1212 5239 qui
1239 5174 1426 5239 tamen
1460 5166 1880 5239 inﬁrmitorium

255 5249 498 5303 vocant.
518 5237 680 5311 “Huic
715 5237 882 5294 afﬁne
902 5236 1241 5311 vocabulum
1276 5245 1332 5293 et
1365 5237 1707 5311 domicilium
1736 5238 1883 5311 quod

251 5329 451 5392 graece
493 5309 695 5392 dicitur
729 5310 1174 5392 rspov‘rgxopel'ov,
1198 5309 1368 5392 locus
1392 5308 1626 5392 senibus
1654 5308 1882 5392 deputa-

253 5379 376 5455 t'ns,
410 5381 584 5453 cujus
613 5379 858 5438 meminit
884 5384 952 5437 D.
982 5379 1281 5453 Gregorius
1308 5379 1364 5435 in
1391 5380 1645 5454 Registro
1672 5379 1769 5438 lib.
1814 5396 1884 5438 ιι

579 5523 875 5607 monastica
917 5523 1022 5607 (cui
1066 5522 1359 5607 conjuncta
1403 5522 1883 5607 est_rnortiﬁcati_o

253 5599 524 5676 propriae
554 5594 847 5676 voluntatis
888 5593 962 5676 et.
980 5593 1278 5676 carnalipm
1294 5593 1688 5676 cupiditatum)
1703 5593 1886 5676 _8pi_ri_-

251 5664 431 5732 iualis
461 5676 555 5724 est
583 5665 867 5722 cruciﬁxio
911 5665 1001 5737 (de
1024 5681 1134 5737 qua
1161 5664 1446 5737 Cassianus
1481 5664 1581 5737 lib.
1612 5680 1679 5723 tv
1702 5664 1883 5737 Instit.

252 5761 386 5816 cap.
436 5738 537 5809 34)
577 5747 633 5818 et
665 5734 1135 5819 genus_quoddam
1164 5736 1433 5819 mart_yrii_.
1476 5736 1624 5819 Illuc
1652 5736 1889 5819 D’._H_ig-

250 5806 552 5890 rohymus
581 5807 637 5864 in
663 5806 937 5881 épitapbio
978 5807 1156 5864 Paulae
1182 5807 1251 5865 ad
1289 5806 1650 5867 Eustochium
1682 5806 1884 5880 (Epist.

1984 4885 2213 4964 epistola
2239 4882 2382 4964 Petri
2416 4882 2662 4964 episcopi
2686 4882 3039 4964 [tlegandrini
3076 4883 3220 4964 apud
3253 4883 3574 4964 'I‘heodore-

1985 4952 2127 5014 tum.
2159 4953 2252 5009 ubi
2278 4952 2402 5025 haec
2427 4952 2569 5008 inter
2595 4952 2696 5025 alia
2715 4952 2989 5009 habentur
3019 4974 3030 5009 :
3076 4952 3143 5012 Ut
3180 4958 3417 5025 primum
3452 4972 3574 5012 vero

2480 5024 2626 5094 quod
2652 5024 2914 5092 diximus,
2950 5024 3211 5096 appulere
3237 5029 3576 5097 Heliopolim,

1989 5096 2087 5169 ubi
2118 5110 2293 5151 omnes
2327 5099 2481 5169 erant
2516 5097 2884 5164 superstitioni
2915 5096 3121 5163 dediti;
3162 5098 3223 5152 hi
3249 5114 3370 5169 pra:
3386 5096 3583 5153 divino

1988 5168 2100 5222 zelo
2126 5168 2336 5222 strenui
2359 5167 2605 5239 Ecclesia
2636 5171 3061 5239 propugnatores
3098 5167 3312 5239 arrepti
3346 5171 3584 5238 primum

1988 5183 2100 5222 zelo
2126 5183 2334 5222 strenui
2359 5183 2605 5221 molesta;-
2625 5183 3061 5292 (propugnatores
3098 5183 3309 5239 arrepti
3346 5183 3584 5238 primum

1987 5240 2049 5293 in
2076 5239 2370 5294 custodiam
2400 5237 2622 5307 conjicie
2692 5243 2843 5293 ntur.
2878 5240 3077 5295 Deinde
3099 5240 3403 5295 verberibus
3440 5242 3584 5300 caesi.

1991 5311 2254 5374 lacerati,
2278 5315 2332 5366 et
2357 5311 2636 5365 tormentis
2669 5309 2881 5379 affecti,
2913 5311 2986 5364 ad
3007 5311 3225 5365 metalla
3249 5313 3308 5365 in
3341 5312 3516 5365 Pheno
3533 5316 3587 5367 et

1989 5384 2310 5438 Proconneso
2328 5381 2766 5452 amandabantur
2783 5383 2955 5452 :inter
2971 5397 3100 5452 quos
3123 5383 3416 5452 complures
3435 5386 3593 5437 erant

1991 5455 2262 5525 monachi,
2292 5460 2399 5508 etc.
2425 5450 2659 5525 Ruﬁnus
2700 5450 2942 5525 ejusdem
2970 5450 3253 5525 tragmdiae
3276 5452 3429 5525 testis
3454 5469 3586 5510 ocu-

1993 5524 2253 5595 latus,_ut
2270 5526 2513 5595 quitum
2544 5522 2605 5595 in_
2643 5522 2882 5594 ἐξεγριο
2913 5522 3124 5595 agebat,
3159 5523 3278 5580 hinc
3307 5523 3376 5580 de
3419 5524 3590 5581 Lucio

1993 5593 2217 5667 scriptis
2244 5592 2467 5667 tradidit
2497 5592 2636 5665 (Lib.
2678 5592 2803 5667 ne;
2831 5600 2861 5649 3
2899 5592 3028 5665 et?!)
3071 5611 3084 5649 :
3117 5595 3249 5651 Inde
3274 5600 3397 5667 post
3421 5598 3593 5667 fugas

1993 5666 2190 5737 civium
2215 5668 2266 5719 et
2282 5664 2499 5728 exsilia,
2512 5668 2637 5735 post
2663 5665 2830 5720 cades
2849 5668 2900 5720 et
2929 5664 3212 5730 tormenta,
3243 5664 3595 5737 ﬂammasque

1994 5735 2189 5806 quibus
2213 5737 2517 5792 innumeros
2544 5737 2867 5804 confecerat,
2910 5737 2984 5792 ad
3022 5735 3351 5794 monasteria
3385 5735 3592 5805 furoris

1991 5812 2081 5865 sui
2112 5822 2269 5863 arma
2290 5810 2568 5873 convertit,
2592 5811 2773 5865 vastat
2803 5823 3054 5874 eremum,
3081 5814 3132 5865 et
3156 5809 3291 5865 bella
3325 5810 3598 5877 quiescen-
