4014 6202
316 298 444 353 “09

899 417 1139 475 CAPUT
1166 417 1317 473 VIII.

641 568 717 621 De
742 567 938 635 quarto
964 579 1150 635 genere
1168 565 1560 620 monachorum.

374 718 622 775 Saneest
656 716 870 799 etiam“
896 715 1041 773 aliud
1087 724 1344 789 quartum
1384 732 1561 789 genus
1604 716 1756 790 quod
1793 734 1902 775 nu-

304 828 400 885 per
426 810 700 870 cernimus
743 810 1030 868 emersisse
1082 809 1137 866 in
1184 810 1268 867 his
1307 811 1400 883 qui
1444 810 1901 870 anachoretarum

301 905 407 963 sibi
446 905 630 979 specie
668 912 831 977 atque
864 902 1123 977 imagine
1178 903 1558 970 blandiuntur,
1597 904 1805 978 quique
1846 906 1899 963 in

303 1000 621 1074 primordiis
650 999 788 1057 suis
838 997 1054 1056 fervore
1119 998 1359 1071 quodam
1420 997 1569 1056 brevi
1589 1039 1606 1069 ,
1663 1000 1899 1057 cmnobii

301 1092 692 1167 perfectionem
740 1091 991 1150 videntur
1039 1100 1291 1166 expetere
1307 1132 1324 1161 ,
1375 1092 1474 1150 sed
1513 1094 1771 1151 continuo
1812 1102 1899 1152 tc-

300 1187 517 1261 pel’actl,
542 1187 678 1245 dum
702 1186 960 1260 pristinos
1012 1202 1199 1243 mores
1231 1202 1296 1243 ac
1335 1187 1461 1244 vitia
1494 1203 1733 1244 resecare
1761 1203 1898 1244 con-

298 1290 581 1349 temnunt,
631 1296 733 1338 nec
767 1282 964 1354 jugum
1013 1280 1339 1337 humilitatis
1373 1297 1437 1337 ac
1464 1281 1732 1353 patientia:
1769 1281 1899 1337 diu-

296 1373 409 1431 tius
450 1373 720 1432 sustinere
765 1373 1007 1431 contenti
1070 1381 1234 1442 sunt,
1295 1372 1564 1445 subdique
1616 1373 1898 1429 seniorum

295 1468 533 1540 imperio
562 1467 943 1540 dedignantur,
992 1475 1266 1540 separatas
1285 1469 1557 1539 fexpetunt
1601 1464 1794 1538 cellas,
1833 1480 1898 1521 ac

288 1561 519 1619 solitarii
553 1561 747 1619 sedere
788 1561 1125 1631 desiderant,
1157 1568 1217 1616 ut
1257 1559 1330 1616 ita
1374 1559 1580 1617 scilicet
1620 1575 1652 1615 a
1679 1558 1898 1615 nemine

290 1655 523 1713 lacessiti
544 1698 559 1725 ,
602 1655 893 1729 patientes,
949 1654 1220 1712 mansueti
1284 1669 1351 1711 ac
1396 1654 1633 1711 humiles
1688 1652 1899 1725 possint

288 1749 360 1807 ab
412 1748 733 1807 hominibus
780 1748 1056 1807 aestimari.
1091 1750 1229 1818 Quae
1268 1748 1568 1817 institutio,
1617 1748 1790 1804 immo
1819 1757 1898 1804 te-

289 1857 416 1914 por,
473 1858 569 1901 eos
617 1858 758 1917 quos
809 1843 978 1901 semel
1040 1843 1318 1912 infecerit,
1372 1843 1443 1899 ad
1505 1839 1894 1916 perfectionem

937 290 1275 349 COLLATIO
1314 291 1501 348 XVIII.
1539 321 1612 333 —
1649 291 1738 346 DE
1777 290 2024 347 TRIBUS
2061 289 2449 346 GENERIBUS
2486 288 2990 348 MONACHORUM.

3486 299 3622 353 IIIO

1930 420 1983 484 Α
2012 429 2317 486 numquam
2377 414 2641 486 permittit
2690 415 2967 473 accedere.
3012 410 3040 449 δ
3067 418 3190 474 Hoc
3249 415 3398 475 enim
3450 421 3621 477 modo

2012 522 2125 562 non
2145 506 2324 564 solum
2349 522 2460 563 non
2503 506 2908 577 abscindentur,
2958 525 3150 567 verum
3184 509 3354 568 etiam
3391 512 3447 568 in
3475 511 3624 570 dete-

2010 600 2127 657 rius
2149 615 2341 658 eorum
2370 601 2497 657 vitia
2536 602 2939 672 convalescent,
2977 603 3110 660 dum
3152 621 3185 662 a
3223 584 3444 663 nemine
3490 622 3619 679 pro-

2008 696 2204 765 vocati,
2267 703 2329 752 ut
2360 694 2640 769 quoddam
2696 695 2897 753 lethale
2959 705 3014 753 et
3064 697 3380 756 intestinum
3437 700 3615 769 virus,

2010 797 2217 862 quanto
2258 790 2496 862 amplius
2544 790 2783 847 celatum
2840 788 3026 859 fuerit,
3079 797 3234 848 tanto
3289 790 3619 864 profundius

2009 896 2230 956 serpens
2290 883 2647 941 insanabilem
2708 884 2972 941 morbum
3038 892 3259 958 generat
3303 889 3611 959 aegrotanti.

2009 974 2117 1035 Pro
2159 980 2462 1036 reverentia
2518 979 2661 1036 enim
2711 978 2996 1049 singularis
3040 979 3229 1048 cellae,
3273 980 3455 1036 nullus
3498 979 3616 1052 jam

2008 1073 2138 1129 vitia
2167 1074 2398 1131 solitarii
2442 1073 2607 1131 audet
2635 1090 2886 1148 arguere,
2921 1090 3044 1146 quae
3080 1074 3167 1131 ille
3206 1075 3443 1149 ignorari
3488 1092 3615 1133 ma-

2008 1164 2111 1222 luit
2159 1181 2325 1240 quam
2363 1167 2562 1223 curari.
2604 1168 2776 1223 Porro
2822 1167 3050 1223 virtutes
3097 1183 3210 1224 non
3251 1168 3614 1226 occultatione

2006 1256 2280 1328 vitiorum,
2302 1262 2399 1315 sed
2419 1258 2843 1330 expugnatione,
2868 1258 3169 1329 pariuntur.

2608 1374 2848 1430 CAPUT
2907 1375 3010 1428 IX.

2186 1472 2540 1541 Interrogatio
2564 1471 2698 1541 quid
2734 1473 2948 1526 intersit
2975 1474 3116 1526 inter
3142 1472 3432 1529 coenobium

2162 1548 2171 1558 ’
2561 1546 2612 1597 et
2647 1545 3045 1596 monasterium.

2075 1652 2381 1710 Germanus
2414 1671 2428 1707 :
2457 1655 2623 1709 Estne
2665 1652 2843 1725 aliqua
2886 1651 3030 1708 inter
3070 1652 3384 1708 coenobium
3419 1668 3605 1708 mona-

2002 1747 2341 1818 steriumque
2369 1746 2626 1804 distantia
2647 1786 2665 1815 ,
2693 1762 2761 1801 an
2789 1745 2842 1801 in
2874 1754 3108 1819 utroque
3130 1745 3353 1802 nomine
3382 1760 3472 1803 res
3499 1763 3606 1803 una

2001 1849 2254 1899 censetur
2267 1844 2292 1897 Ρ

1391 2018 1655 2075 ALARDI
1690 2019 1915 2075 GAZEI
1953 2017 2509 2074 COMMENTARIUS.

285 2178 479 2250 plures
532 2176 589 2233 in
634 2177 806 2250 Ponto
851 2175 1125 2250 exstitisse
1185 2175 1547 2250 disertissime
1599 2184 1888 2250 testantur.
1922 2180 1969 2242 B
2002 2190 2401 2250 gyrovagorum
2447 2175 2577 2250 satis
2614 2174 2888 2250 exprimit.
2936 2175 3049 2232 Cur
3084 2176 3607 2250 autemgyrovagia

283 2246 455 2332 Quod
495 2256 551 2303 et
590 2247 795 2304 notavit
845 2247 1171 2304 Possevinus
1216 2246 1301 2320 (In
1337 2249 1646 2318 Apparatu)
1682 2248 1734 2302 in
1759 2249 1897 2304 Cas-

282 2334 470 2376 snano.

358 2393 387 2424 ⁸
422 2392 693 2460 Quartum
723 2388 827 2447 hoc
847 2405 1028 2464 genus
1064 2387 1663 2464 monachorum,__quod
1688 2387 1898 2464 hic_ab-

284 2459 773 2534 basanonymum
813 2459 924 2518 sive
976 2461 1381 2534 innominatum
1420 2459 1655 2532 reliquit,
1687 2462 1751 2534 Ι).
1784 2461 1893 2534 Be-

278 2530 543 2604 nedictus
567 2530 810 2604 'proprio
863 2532 1152 2604 vocabulo
1179 2547 1511 2604 gyrovagum
1538 2530 1891 2604 nominavit,

323 2603 443 2659 uod
472 2611 527 2658 et
568 2601 983 2659 suis—coloribus
1013 2605 1084 2658 ita
1122 2601 1366 2672 depinxit
1388 2601 1419 2674 ⁷(
1438 2604 1570 2673 Cap.
1618 2606 1638 2655 1
1673 2601 1839 2673 Reg.)
1875 2622 1888 2658 :

440 2679 560 2729 tum
596 2689 718 2731 vero
741 2679 820 2730 est
860 2690 1028 2744 genus
1053 2675 1450 2736 monachorum,
1478 2674 1623 2743 quod
1644 2675 1893 2727 nomina-

275 2750 373 2801 tur
400 2760 757 2816 gyrovagum,
782 2748 882 2815 qui
907 2751 1018 2800 tota
1040 2747 1155 2798 vita
1173 2760 1274 2799 sua
1295 2761 1396 2814 per
1413 2746 1654 2799 diversas
1668 2746 1894 2814 prouin-

275 2818 391 2872 cias
414 2815 583 2871 ternis
614 2819 712 2869 aut
741 2818 1016 2885 quaternis
1041 2816 1228 2869 diebus
1254 2831 1352 2884 per
1378 2815 1713 2869 diversorum
1739 2816 1894 2869 cellas

274 2889 668 2958 hospitanturﬁ;
710 2901 913 2958 semper
946 2888 1092 2955 vagi,
1118 2890 1169 2941 et
1198 2902 1497 2955 numquam
1518 2885 1892 2958 stabilesggsed

271 2956 491 3028 sérrlper
515 2962 567 3011 et
589 2957 784 3026 ubique
806 2956 1042 3026 propriis
1064 2958 1430 3028 voluptatibus
1468 2961 1522 3011 et
1546 2956 1687 3028 gula
1720 2956 1893 3011 illece-

272 3027 724 3093 bris’servientes,
749 3032 798 3081 et
819 3042 919 3097 per
939 3028 1120 3083 omnia
1147 3027 1433 3081 deteriores
1466 3027 1783 3094 sarabaitis,
1826 3028 1893 3082 de

266 3114 513 3170 quorum
554 3100 811 3170 omnium,
834 3099 1135 3170 miserrima
1167 3099 1557 3170 conversatione
1581 3098 1769 3170 melius
1813 3103 1893 3170 est

271 3166 461 3247 silere
473 3184 635 3239 quam
667 3169 831 3247 loqui.
853 3166 1011 3247 T_ales_
1049 3166 1214 3247 etiam
1239 3166 1566 3247 monachps,
1600 3167 1681 3223 vel
1712 3168 1891 3247 potius

346 3235 836 3303 eudomonaclios,
880 3240 949 3293 ι).
981 3235 1321 3307 Augustinus
1364 3236 1650 3307 depingere
1685 3235 1895 3292 videtur

316 3312 366 3367 is
385 3309 570 3366 verbis
592 3309 687 3380 (De
708 3323 858 3379 opere
881 3307 1120 3380 monach.
1141 3323 1185 3361 ο.
1209 3307 1299 3378 28)
1326 3310 1487 3362 :Tam
1512 3308 1705 3380 multos
1734 3308 1900 3377 hypo-

272 3384 459 3437 critas
478 3380 587 3434 "sub
603 3379 799 3433 habitu
826 3379 1205 3433 monachorum
1241 3392 1624 3447 usquequaque
1648 3379 1901 3447 dispersit

272 3453 461 3506 hostis
491 3451 690 3505 scilicet
733 3450 957 3503 humani
984 3451 1212 3517 generis,
1248 3451 1632 3503 circumeuntes
1670 3452 1897 3519 provin-

272 3524 424 3589 cias,
450 3536 721 3590 nusquam
744 3523 928 3576 missos
946 3562 963 3583 ,
988 3536 1256 3590 nusquam
1281 3522 1440 3588 fixos,
1461 3534 1729 3589 nusquam
1748 3524 1898 3576 stan-

272 3597 383 3656 tes,
439 3608 709 3660 nusquam
739 3591 996 3647 sedentes.
1041 3592 1162 3648 Alii
1199 3590 1438 3646 membra
1481 3595 1802 3660 martyrum,
1854 3595 1905 3646 si

271 3669 476 3718 tamen
520 3667 845 3731 martyrum,
899 3662 1204 3727 venditant;
1253 3663 1354 3715 alii
1405 3662 1650 3731 ﬁmbrias
1679 3666 1730 3717 et
1759 3663 1901 3731 phy-

267 3736 518 3790 lacteria
540 3748 639 3787 sua
668 3734 1044 3802 magniﬁcam;
1069 3734 1170 3787 alii
1186 3737 1437 3803 parentes
1470 3735 1552 3789 vel
1580 3735 1899 3802 consangui-

264 3820 402 3862 neos
453 3819 579 3859 suos
620 3806 679 3858 in
706 3805 805 3859 illa
850 3806 933 3858 vel
970 3805 1067 3859 illa
1108 3807 1321 3873 regione
1350 3805 1482 3871 [ΑΙ.
1521 3806 1812 3874 religione]
1841 3820 1897 3859 se

264 3877 506 3933 audisse
532 3877 708 3931 vivere
730 3880 779 3931 et
807 3875 881 3929 ad
900 3891 981 3930 eos
1002 3891 1221 3945 pergere
1244 3878 1593 3938 mentiuntur,
1621 3883 1673 3932 et
1696 3878 1763 3931 ab
1787 3892 1899 3930 om-

262 3949 440 4003 nibus
456 3950 675 4018 petunt,
703 3960 877 4018 omnes
903 3948 1233 4013 eriguntaut
1260 3951 1503 4013 sumptus
1525 3947 1740 3999 lucrosa:
1762 3962 1897 4013 eges-

264 4022 433 4087 tatis,
457 4017 567 4072 aut
594 4017 861 4072 simulata:
883 4019 1121 4086 pretium
1149 4018 1465 4087 sanctitatis
1497 4034 1512 4068 :
1544 4031 1662 4069 cum
1689 4018 1893 4070 interea

262 4086 609 4159 ubicumque
633 4091 691 4142 in
713 4089 873 4155 factis
893 4089 1007 4141 suis
1025 4087 1205 4159 malis
1221 4086 1537 4159 deprehensi
1557 4088 1793 4152 fuerint,
1814 4087 1896 4142 vel

262 4158 531 4233 quoquo"
544 4159 699 4214 modo
726 4160 1080 4233 innotueiint,
1097 4232 1100 4233 ν
1120 4158 1239 4233 sub_
1262 4158 1509 4233 generali
1540 4159 1753 4233 nomine
1782 4173 1892 4233 mo-

260 4228 581 4288 nachorum
607 4234 840 4284 vestrum
860 4230 1194 4299 propositum
1223 4228 1638 4297 blasphematur,
1667 4232 1780 4282 tam
1810 4229 1895 4283 bo-

255 4320 428 4367 num,
466 4308 589 4358 tum
616 4305 882 4362 sanctum,
910 4300 1053 4369 quod
1084 4301 1137 4353 in
1162 4300 1367 4355 Christi
1386 4301 1598 4355 nomine
1625 4301 1890 4368 cupimus,

256 4378 419 4431 sicut
443 4388 553 4444 per
563 4372 704 4444 alias
725 4376 920 4444 terras,
942 4373 1017 4426 sic
1033 4386 1132 4444 per
1150 4375 1313 4425 totam
1328 4370 1577 4437 Africam
1594 4369 1889 4444 pullulare.

253 4440 464 4502 Porrd
508 4441 825 4512 hujusmodi
864 4440 1165 4513 monachos
1204 4456 1505 4513 gyrovagos
1534 4449 1589 4496 et
1623 4441 1894 4513 vagaban-

249 4518 368 4575 dos
402 4514 529 4570 alio
559 4513 782 4568 nomine
819 4512 1299 4580 circumcelliones,
1331 4512 1411 4567 vel
1440 4512 1854 4569 circumcellitas
1873 4553 1889 4580 ,

250 4591 639 4657 nuncupatos
676 4583 873 4640 indicat
914 4584 1058 4640 idem
1095 4583 1442 4708 Augustinus
1469 4584 1522 4640 in
1560 4584 1894 4655 expositione

251 4657 478 4708 nsalmi
531 4669 771 4708 cxxxn.
804 4655 898 4708 ubi
929 4670 1022 4708 eos
1048 4658 1199 4708 sumi
1225 4654 1364 4708 lans.
1384 4662 1438 4708 et
1464 4671 1591 4708 cum
1617 4654 1756 4708 veris
1775 4670 1894 4708 mo-

251 4654 497 4734 psal‘mi'
531 4669 771 4719 cxxxn.
804 4655 898 4711 ubi
929 4670 1026 4734 eos
1048 4654 1364 4734 suggillans,
1384 4662 1438 4734 e_t
1464 4671 1591 4734 cum
1617 4654 1756 4734 veris
1775 4670 1895 4734 mc-

249 4725 477 4788 hachis
512 4741 837 4798 comparans
871 4745 882 4779 :
923 4726 1065 4793 Quid
1109 4725 1241 4796 Opus
1278 4729 1376 4798 est,
1407 4725 1601 4796 inquit,
1627 4730 1689 4780 ut
1716 4728 1893 4781 verbis

248 4802 485 4859 nostris
505 4795 881 4867 comparenhtr
889 4798 1088 4852 ebriosi
1097 4795 1216 4852 cum
1234 4795 1447 4867 sobriis,
1463 4795 1768 4866 principiies
1779 4814 1895 4852 cum

247 4866 665 4929 consideratis,
694 4870 936 4938 furentes
960 4884 1077 4923 cum
1105 4866 1461 4938 simplicibus,
1488 4871 1747 4936 vagantes
1775 4884 1894 4923 cum

2003 2245 2074 2303 D.
2099 2245 2394 2302 Benedicto
2431 2245 2701 2301 dicantur'
2717 2245 3015 2302 deteriores
3043 2245 3345 2313 sarabaitis,
3374 2255 3486 2303 tres
3503 2245 3607 2304 ra-

2004 2317 2183 2374 tiones
2211 2316 2389 2373 reddit
2423 2319 2866 2373 Turrecrematus
2922 2337 2934 2371 :
2983 2319 3185 2382 Primo,
3239 2317 3434 2388 inquit,
3479 2322 3608 2388 quia

2002 2389 2294 2444 sarabaita:
2330 2389 2486 2445 cellas
2515 2388 2803 2457 ludiﬁcant,
2826 2393 2877 2444 et
2900 2394 3117 2443 manent
3142 2390 3372 2458 ﬁrmiter
3414 2390 3471 2444 in
3500 2390 3606 2458 eis;

1998 2461 2265 2530 gyrovagi
2286 2475 2408 2514 vero
2437 2474 2543 2513 non
2562 2462 2659 2521 sic,
2691 2460 2785 2514 sed
2805 2463 3081 2528 tamquam
3102 2459 3350 2530 hospites,
3369 2460 3609 2517 diversas

1994 2532 2311 2601 provincias
2336 2535 2683 2599 percurrunt.
2700 2530 2974 2601 Secundo,
3005 2532 3138 2599 quia
3166 2531 3287 2585 licet
3308 2532 3608 2587 sarabaita:

1999 2600 2288 2686 sintmali,
2310 2601 2657 2686 nihilominus
2769 2601 2944 2686 labore
3207 2604 3426 2686 uiuunt;
3449 2619 3609 2686 gyro:

2000 2675 2129 2742 vagi
2148 2673 2217 2727 de
2246 2672 2520 2726 laboribus
2544 2673 2765 2727 alienis:
2793 2675 2954 2725 immo
2973 2672 3119 2740 quod
3133 2674 3299 2727 multo
3316 2677 3546 2743 tempore
3559 2680 3610 2730 et

2002 2743 2182 2798 labore
2213 2744 2497 2813 quaesitum
2521 2747 2618 2796 aut
2654 2744 3041 2813 congregatum,
3061 2746 3167 2805 est,
3198 2744 3348 2797 brevi
3366 2745 3497 2800 hora
3520 2747 3613 2800 isti

2000 2812 2349 2869 consumunt.
2380 2815 2574 2877 Tertio,
2603 2815 2734 2884 quia
2761 2816 2859 2868 isti
2874 2829 2978 2882 per
3010 2812 3222 2870 dirersa
3250 2814 3364 2869 loca
3395 2815 3610 2871 discur-

1999 2891 2195 2949 rentes,
2223 2886 2489 2955 plurimos
2522 2887 2680 2940 malle
2718 2887 2845 2955 vita:
2872 2886 3112 2955 ememplo
3132 2885 3374 2955 perdunt
3402 2892 3454 2942 et
3493 2903 3610 2942 cor-

1998 2953 2279 3014 rumpunt.
2313 2958 2487 3012 Porro
2539 2955 2625 3012 his
2665 2953 2925 3012 omnibus
2966 2953 3243 3014 antiquior
3282 2957 3348 3011 D.
3382 2956 3609 3014 Basilius

1997 3025 2219 3108 eosdem
2254 3025 2902 3108 gyrovagosndesignasse
2926 3041 3008 3108 ρο
3045 3025 3208 3108 ve]i_iti
3245 3025 3416 3108 digito
3442 3042 3608 3108 (ηκου-

1996 3106 2196 3153 strasse
2215 3095 2430 3155 videtur
2457 3095 2514 3152 in
2555 3095 3060 3154 Constitutionibus
3096 3095 3414 3153 Monasticis
3444 3099 3604 3162 (Cap.

1999 3170 2077 3235 9),
2108 3169 2200 3224 ubi
2238 3169 2312 3223 ait
2336 3187 2354 3222 :
2378 3168 2475 3223 Illi
2500 3171 2663 3223 etiam
2703 3168 2993 3224 devitandi
3041 3173 3167 3224 sunt
3195 3170 3294 3239 qui
3328 3168 3607 3225 instabiles

2006 3239 2301 3294 identidem
2340 3240 2510 3294 locum
2538 3240 2837 3304 demutant,
2864 3244 2915 3295 et
2946 3240 3099 3295 modo
3122 3240 3195 3294 ad
3225 3241 3336 3303 hos,
3361 3239 3514 3295 modo
3537 3243 3610 3296 ad

2010 3309 2128 3363 illos
2152 3311 2354 3376 fratres
2377 3325 2432 3364 se
2458 3311 2844 3381 conferunt,et
2872 3313 3157 3380 irrequieto
3190 3314 3301 3366 acti
3323 3312 3530 3381 impetu
3554 3328 3610 3366 se

2009 3381 2067 3432 in
2112 3380 2612 3433 circumlustrandis
2641 3380 2857 3434 assidue
2883 3383 3221 3434 monasteriis
3249 3386 3523 3450 occupant,
3556 3387 3609 3436 et

2001 3464 2112 3574 per
2123 3452 2522 3533 simulationem
2536 3451 2839 3519 spiritualis
2861 3451 3143 3533 charitatis
3154 3451 3418 3535 charitate

2034 3521 2334 3574 ibidmibus
2357 3521 2721 3574 obsequuntur
2738 3538 2990 3574 :auorum
3000 3538 3057 3574 in
3081 3536 3277 3574 animis
3290 3521 3431 3574 nihil
3448 3523 3608 3574 ﬁrmi-

2034 3521 2334 3575 ibidinibus
2357 3521 2721 3590 obsequuntur
2738 3538 2990 3592 :quorum
3000 3524 3057 3576 in
3081 3522 3277 3578 animis
3290 3521 3431 3576 nihil
3445 3523 3609 3592 ﬁrmi-

2011 3593 2162 3654 tatis,
2192 3593 2333 3647 nihil
2354 3593 2530 3655 solidi,
2566 3594 2710 3647 nihil
2732 3593 2876 3663 quod
2903 3594 3200 3663 disciplinae
3219 3595 3493 3648 conveniat
3515 3610 3607 3649 or-

2009 3663 2176 3725 dinis,
2190 3664 2331 3718 nihil
2342 3662 2573 3732 denique
2581 3663 2889 3733 prudentiae
2898 3666 3036 3719 inest
3045 3669 3143 3718 aut
3156 3666 3448 3733 gravitatis
3458 3682 3483 3734 ;
3496 3680 3609 3721 con-

2010 3738 2200 3803 traque
2225 3750 2436 3789 summa
2467 3738 2772 3798 curiositas,
2804 3750 3011 3793 morum
3019 3738 3364 3805 perversitas,
3398 3737 3603 3799 levitas,

2007 3805 2482 3871 inconsiderantia,
2505 3806 2679 3873 dolus,
2703 3807 3022 3876 hypocrisis,
3041 3806 3317 3861 mendacis
3329 3809 3381 3862 ct
3398 3810 3607 3863 retera-

2003 3878 2158 3930 toria:
2169 3878 2427 3931 orationis
2435 3877 2753 3946 plenissima
2766 3877 3077 3938 assentatio,
3102 3878 3157 3929 in
3184 3878 3267 3930 his
3276 3876 3600 3931 redundant.

2004 3949 2080 4000 Ili
2105 3950 2245 4018 enim
2269 3952 2320 4002 et
2338 3949 2520 4016 lingua
2540 3948 2721 4013 rudes,
2754 3951 2804 4002 et
2823 3950 3004 4002 ventre
3030 3948 3444 4018 intemperantes
3455 3953 3603 4018 sunt,

2002 4023 2133 4082 etc.,
2160 4017 2255 4072 ubi
2303 4033 2494 4072 eorum
2537 4033 2719 4074 mores
2768 4018 2930 4074 latius
2979 4016 3260 4074 describit.
3291 4020 3371 4072 De
3414 4016 3605 4073 iisdem

2004 4086 2195 4141 Petrus
2242 4086 2388 4142 card.
2443 4088 2704 4143 Ostiensis
2731 4089 2888 4158 epist.
2921 4095 2974 4151 9,
3014 4088 3106 4143 lib.
3142 4105 3200 4156 v,
3244 4088 3545 4146 hisverbis
3585 4108 3599 4141 :

2001 4159 2065 4211 In
2086 4158 2388 4211 monachico
2402 4171 2530 4211 sane
2544 4158 2749 4218 ordine,
2768 4173 2898 4227 quos
2916 4161 2972 4212 in
3000 4159 3254 4212 claustris
3267 4159 3366 4213 sub
3388 4159 3606 4214 abbatis

2002 4228 2227 4296 imperio
2252 4228 2581 4299 regulariter
2600 4244 2816 4283 manere
2833 4230 3202 4298 conspicimus,
3234 4234 3608 4299 consequenter

2002 4300 2190 4371 utique
2220 4298 2501 4371 monachos
2528 4300 2864 4369 appellamus
2894 4318 2911 4352 :
2938 4314 3068 4368 quos
3095 4305 3275 4355 autem
3307 4298 3605 4371 proprium

1995 4369 2295 4439 possidere,
2327 4370 2700 4438 indiﬂ'erentcr
2714 4371 2815 4424 huc
2834 4371 3061 4441 illucque
3073 4369 3394 4435 discurrere,
3408 4369 3606 4428 solutos

2003 4441 2227 4509 legibus,
2247 4441 2417 4510 jua'ta
2437 4444 2681 4513 propria:
2699 4443 2991 4497 «uoluntatis
3028 4442 3325 4498 arbitrium
3367 4444 3612 4513 difﬂuere

2000 4514 2292 4586 cernimus,
2331 4528 2437 4567 non
2461 4514 2860 4582 monachorum,
2894 4514 2988 4570 sed
3010 4528 3399 4584 gyrovagorum
3426 4517 3607 4586 potius

2001 4584 2191 4687 dignos
2215 4586 2467 4640 vocabulo
2505 4586 2824 4640 indicamus.

2130 4656 2376 4687 Dl...:L...
2408 4655 2458 4687 :A
2491 4655 2721 4687 ςηιιηιινιο
2764 4659 2824 4687 Pr

2125 4656 2377 4712 Pluribus
2407 4655 2461 4713 id
2491 4655 2725 4712 inculcat
2764 4655 3051 4711 Cassianus
3085 4654 3178 4710 lib.
3211 4670 3328 4710 vm
3361 4655 3603 4711 Institut.

2002 4741 2121 4798 cap.
2157 4731 2225 4783 l7
2275 4728 2448 4794 (Vide
2474 4729 2650 4782 collat.
2684 4731 2748 4781 19
2778 4742 2822 4780 c.
2852 4729 2938 4793 I0,
2988 4727 3167 4798 collat.
3200 4730 3232 4779 5
3255 4741 3299 4779 c.
3332 4727 3406 4798 4).
3445 4726 3605 4791 ρυω-
3684 4780 3691 4787 ,

2001 4795 2244 4867 cumque,
2278 4798 2471 4865 inquit,
2504 4800 2643 4853 vitia
2690 4798 2939 4849 incurata
2972 4797 3033 4849 in
3080 4810 3311 4850 ercmum
3338 4795 3606 4852 detuleri-

2002 4884 2140 4931 mus,
2171 4874 2355 4938 operta
2387 4871 2446 4922 in
2466 4868 2635 4929 nobis,
2666 4882 2770 4938 non
2797 4867 2999 4920 abolita
3011 4868 3330 4938 sentiemus.
3362 4869 3607 4924 Solitudo

244 4940 657 5011 congregatis?
675 4937 779 4992 Sed
804 4942 983 5011 tamen
1009 4940 1183 5011 dicere
1206 4936 1585 5011 consueverunt
1608 4939 1781 5005 :Quid
1792 4940 1897 4993 sibi
1924 4940 1974 5001 D
2004 4936 2381 5008 namquesicut
2405 4940 2551 4992 norit
2566 4936 3608 5011 emendatismon’buscontrmplationem

246 5008 386 5071 vult
412 5023 618 5067 nomen
636 5008 1007 5062 monachorum
1020 5012 1047 5063 ?
1075 5010 1284 5076 Quanto
1300 5010 1489 5066 melius
1508 5010 1736 5063 dicimus
1760 5024 1852 5064 nos
1874 5029 1890 5063 :

243 5084 413 5155 Quid
443 5079 567 5137 sibi
594 5080 1318 5155 cultnomencircellionum?
1337 5080 1444 5136 Sed
1469 5096 1593 5142 non,
1615 5081 1888 5155 inquiunt,

240 5151 545 5214 ιῖοοαηιω*
564 5151 901 5207 circelliones.
929 5152 1084 5206 Forte
1117 5157 1361 5221 corrupto
1393 5167 1516 5207 sono
1544 5153 1769 5206 nominis
1796 5168 1879 5208 eos

240 5227 644 5302 appellamus;
670 5223 875 5302 dicturi
1092 5222 1237 5277 vobis
1250 5224 1520 5302 integrum
1541 5224 1881 5302 nomenipso-

237 5287 404 5358 tibi.
432 5297 605 5353 Forte
628 5287 1084 5350 'circumcelliones
1111 5287 1384 5361 vocantur,
1402 5308 1511 5349 non
1539 5287 1876 5349 circelliones.

239 5375 431 5430 Plane
462 5367 522 5423 si
543 5367 638 5420 hoc
658 5366 811 5422 modo
827 5370 1107 5428 vocantur,
1133 5370 1402 5436 exponant
1430 5365 1565 5436 quid
1587 5366 1731 5430 sint;
1752 5381 1878 5420 nam

239 5436 723 5501 Circumcelliones
750 5437 885 5492 dicti
901 5442 1049 5506 sunt,
1065 5439 1164 5507 qui
1181 5439 1383 5493 circum
1400 5438 1558 5493 cellas
1584 5441 1874 5507 vagantur.

237 5516 451 5575 Solent
493 5510 640 5563 enim
685 5509 766 5561 ire
808 5507 904 5564 hac
945 5514 1106 5579 atque
1140 5509 1287 5578 illac,
1323 5524 1593 5580 nusquam
1631 5509 1880 5563 habentes

241 5587 434 5648 sedes,
460 5583 521 5636 et
539 5580 740 5652 facere
758 5583 1089 5652 quce_nostis,
1119 5585 1171 5637 et
1195 5597 1318 5652 qua:
1348 5582 1431 5635 illi
1448 5583 1668 5643 norunt,
1688 5580 1874 5641 velint,

239 5651 642 5734 nolinthﬂmc
671 5649 1026 5734 augustino;
1070 5654 1149 5707 Ex
1171 5649 1371 5734 quibus
1406 5659 1555 5725 patet
1591 5666 1704 5708 non
1734 5658 1879 5733 recte

242 5730 319 5785 ab
374 5721 611 5796 Isidoro
663 5720 1516 5796 ςιίεῐῖηευῇῌοίῐουαξῤεὶοῃεὲ,ε
1554 5721 1873 5796 gyrovagis;

240 5812 389 5856 cum
452 5791 587 5849 ideo
628 5790 1086 5865 circuméelliones
1142 5793 1273 5850 dicti
1309 5794 1440 5860 sint,
1493 5790 1622 5865 quia
1667 5790 1876 5850 circum

241 5869 427 5927 cellas
456 5871 807 5933 vagarentur,
836 5871 897 5919 ut
923 5863 997 5918 ait
1034 5864 1387 5936 Augustinus,
1418 5863 1565 5939 quod
1588 5874 1645 5923 et
1670 5880 1878 5923 nomen

1996 5011 2347 5078 purissimam
2387 5023 2654 5075 reserare;
2696 5010 2776 5061 ita
2807 5024 2987 5063 eorum
3016 5010 3115 5078 qui
3135 5011 3313 5064 minus
3340 5012 3612 5067 emendati

2000 5084 2130 5134 sunt
2158 5082 2293 5134 vitia
2316 5095 2424 5134 non
2451 5080 2620 5152 solum
2643 5094 2879 5148 servare,
2902 5095 3087 5136 verum
3107 5082 3267 5135 etiam
3285 5096 3609 5152 exaggerari:

2000 5153 2290 5206 consuevit.
2321 5151 2649 5221 Tamdiuque
2676 5152 2784 5205 sibi
2812 5154 3024 5222 patiens
3052 5154 3174 5220 quis
3199 5151 3414 5206 videtur
3432 5158 3483 5206 et
3507 5152 3607 5207 hu-

1994 5223 2163 5285 milis,
2195 5222 2358 5278 donec
2376 5223 2580 5277 nullius
2610 5223 2836 5278 hominis
2880 5224 3279 5277 commisceatur
3328 5225 3604 5285 consertio,

1992 5293 2065 5366 ad
2092 5298 2349 5366 naturam
2370 5295 2665 5366 pristinam
2694 5309 2820 5349 mou:
2846 5308 3177 5357 reversurus,
3202 5308 3322 5347 cum
3352 5294 3607 5363 interpel-

1995 5364 2187 5421 laverit
2200 5364 2483 5436 cujuslibet
2493 5367 2853 5421 commotionis
2864 5367 3083 5421 occasio.
3099 5367 3395 5435 Emergunt
3408 5367 3607 5435 quippe

1984 5450 2052 5490 ea:
2071 5439 2412 5504 eoconfestim
2430 5440 2696 5507 vitioque:
2716 5436 2980 5502 latebant;
3007 5440 3077 5498 et,
3104 5437 3249 5492 velut
3284 5439 3408 5505 equi
3428 5438 3605 5503 infre-

1988 5521 2099 5569 nes,
2159 5511 2406 5562 certatim
2460 5524 2487 5562 e
2534 5510 2647 5564 suis
2674 5508 2946 5578 repagulis
2994 5509 3101 5561 otio
3131 5508 3366 5577 longiore
3410 5510 3610 5563 nutriti

1991 5579 2182 5633 acrius
2207 5579 2281 5633 ad
2301 5580 2601 5649 perniciem
2638 5581 2845 5647 aur-iga
2882 5580 3092 5649 proprii
3117 5580 3453 5651 ferociusque
3470 5595 3607 5651 pro-

1993 5653 2280 5719 rumpunt.
2309 5651 2484 5717 Magis
2508 5652 2651 5705 enim
2695 5651 2946 5707 exercitio
2995 5664 3201 5720 usuque
3237 5650 3466 5706 humano
3495 5666 3607 5707 ces-

1987 5725 2146 5776 sante
2169 5722 2470 5790 efferantur
2494 5723 2551 5776 in
2562 5721 2713 5783 nobis
2730 5723 2892 5789 uitia,
2913 5723 2964 5776 si
2980 5738 3087 5779 non
3114 5722 3325 5789 fuerint
3344 5727 3468 5777 ante
3476 5735 3609 5790 pur-

1987 5798 2142 5863 gata.
2179 5789 2317 5848 Vide
2339 5791 2421 5848 his
2457 5791 2655 5850 similia
2684 5799 2740 5849 et
2786 5804 3150 5865 consentanea
3174 5793 3315 5865 apud
3345 5796 3412 5865 Ι).
3443 5789 3603 5847 Basi-

1984 5865 2122 5921 lium
2160 5865 2356 5936 (Basil.
2387 5866 2444 5920 in
2464 5866 2653 5938 Begul.
2685 5867 2864 5935 fusius
2884 5864 3028 5937 disp.
3062 5864 3318 5932 interrog.
3352 5864 3423 5929 7).
