4014 6202
435 323 563 377 1111

1055 442 1295 498 CAPUT
1332 442 1409 496 X.

1084 543 1392 613 Responsio.

508 648 791 705 Piammon
821 665 833 701 :
877 645 1024 701 Licet
1048 661 1077 700 a
1103 645 1382 701 nonnullis
1405 644 1619 701 soleant
1666 643 2036 701 indifferenter

436 742 770 798 monasteria
819 754 917 811 pro
962 738 1227 795 cmnobiis
1254 738 1541 811 appellari,
1592 747 1777 795 tamen
1805 739 1912 795 hoc
1948 739 2038 794 in—

437 842 636 901 terest,
683 832 830 905 quod
885 831 1279 888 monasterium
1325 848 1527 889 nomen
1573 840 1654 888 est
1721 830 2036 900 diversorii,

436 927 573 983 nihil
624 925 860 998 amplius
908 940 1074 997 quam
1123 926 1337 995 locum,
1381 927 1432 983 id
1478 935 1579 994 est,
1636 926 2037 995 habitaculum,

437 1020 745 1095 signiﬁcans
768 1019 1203 1090 monachorum;
1227 1020 1536 1078 coenobium
1566 1037 1691 1077 vero
1713 1021 1877 1077 etiam
1906 1035 2042 1093 pro—

438 1114 691 1171 fessionis
737 1113 904 1185 ipsius
932 1112 1249 1185 qualitatem
1285 1113 1737 1186 disciplinamque
1777 1113 2039 1187 designat.

439 1214 511 1267 Et
531 1220 556 1246 δ
582 1209 979 1266 monasterium
1023 1215 1206 1280 potest
1240 1208 1403 1264 etiam
1445 1209 1608 1264 unius
1655 1207 1907 1265 monachi
1938 1211 2039 1264 ha-

442 1303 628 1360 bitatio
679 1301 980 1370 nominari;
1025 1300 1345 1358 coenobium
1400 1309 1579 1357 autem
1631 1300 1883 1372 appellari
1928 1316 2039 1356 non

440 1404 643 1471 potest,
699 1396 806 1452 nisi
836 1395 931 1453 ubi
990 1394 1355 1467 plurimorum
1415 1394 1846 1451 cohabitantium
1895 1395 2043 1467 degit

442 1492 594 1549 unita
638 1489 975 1547 communio.
1020 1489 1289 1546 Dicuntur
1331 1503 1459 1546 sane
1498 1488 1850 1557 monasteria,
1876 1488 2042 1544 etiam

443 1588 497 1643 in
518 1586 711 1659 quibus
735 1583 1128 1642 sarabaitarum
1152 1583 1375 1656 collegia
1392 1589 1826 1639 commorantur.

1048 1686 1291 1744 CAPUT
1327 1686 1435 1740 ΧΙ.

447 1790 521 1842 De
568 1803 693 1843 vera
744 1788 1050 1843 humilitate
1088 1791 1138 1843 et
1182 1788 1443 1858 quomodo
1491 1789 1692 1855 falsam
1766 1786 2043 1858 cujusdam

649 1861 1010 1915 humilitatem
1031 1860 1343 1929 prodiderit
1366 1860 1531 1914 abbas
1558 1860 1837 1930 Serapion.

517 1953 885 2022 Quamobrem
906 1952 1163 2026 quoniam
1184 1953 1255 2011 de
1282 1954 1494 2027 Optimo
1515 1969 1711 2027 genere
1743 1951 2046 2010 monacho-

446 2061 573 2103 rum
597 2046 754 2104 video
802 2063 899 2105 vos
926 2048 1274 2120 professionis
1314 2047 1477 2120 hujus
1525 2047 1818 2119 arripuisse
1846 2045 2046 2117 princi—

448 2138 554 2210 pia,
593 2138 651 2196 id
695 2148 801 2208 est,
847 2138 916 2196 de
952 2139 1206 2196 laudabili
1252 2139 1633 2196 cmnobiorum
1684 2136 1931 2209 palmstra
1975 2135 2047 2193 ad

449 2233 654 2289 excelsa
719 2232 929 2305 fastigia
984 2232 1381 2289 anachoretica:
1437 2230 1659 2288 tendere
1711 2230 2011 2304 disciplina;
2029 2273 2046 2300 ,

449 2322 769 2381 humilitatis
818 2323 1197 2397 patientiaeque
1251 2325 1530 2392 virtutem,
1583 2339 1749 2396 quam
1799 2340 1899 2381 vos
1942 2325 2050 2381 illic

450 2415 707 2473 didicisse
732 2431 846 2473 non
886 2415 1112 2485 dubito,
1144 2431 1271 2473 vero
1299 2416 1585 2473 sectamini
1615 2416 1800 2472 cordis
1829 2414 2049 2485 aﬂ‘ectu,

449 2526 564 2568 non
591 2526 711 2567 eam
752 2510 892 2568 sicut
913 2510 1136 2585 quidam
1174 2509 1305 2567 falsa
1337 2510 1714 2568 humiliatione
1734 2510 2049 2579 verborum,

452 2618 551 2659 nec
578 2602 831 2660 affectata
869 2612 1035 2676 atque
1073 2603 1349 2677 superﬂua
1387 2605 1447 2660 in
1489 2602 1823 2676 quibusdam
1856 2602 2052 2660 ofﬁciis

452 2699 700 2772 corporis
749 2697 1146 2769 inclinatione,
1196 2698 1479 2773 ﬁngentes.
1529 2698 1690 2769 Quod
1728 2698 2053 2755 humilitatis

452 2791 823 2867 ﬁgmentumb
868 2792 1038 2851 abbas
1074 2793 1338 2866 Serapion
1371 2790 1611 2866 quodam
1662 2801 1910 2865 tempore
1940 2792 2054 2848 ele-

453 2897 642 2961 ganter
674 2887 859 2945 irrisit.
881 2888 1020 2945 Cum
1051 2886 1198 2944 enim
1231 2886 1455 2959 quidam
1486 2885 1558 2941 ad
1603 2900 1732 2942 eum
1773 2898 2055 2941 summam

454 2981 539 3038 sui
582 2982 945 3054 abiectionem
972 2979 1158 3037 habitu
1182 2996 1245 3037 ac
1272 2980 1450 3036 verbis
1479 2976 1778 3050 praeferens
1797 2978 2053 3047 venisset,

453 3088 687 3145 eumque
713 3088 897 3141 senex,
923 3071 1222 3129 secundum
1252 3086 1487 3138 morem,
1517 3078 1581 3126 ut
1608 3069 1913 3126 orationem
1939 3070 2057 3127 col-

456 3163 644 3236 ligeret
674 3166 789 3232 [Αι.
826 3161 1073 3232 offerret]
1100 3163 1432 3232 hortaretur,
1462 3162 1549 3219 ille
1581 3178 1924 3236 nequaquam
1955 3180 2056 3220 an-

454 3271 629 3313 nuens
669 3255 1000 3329 deprecanti,
1029 3257 1195 3315 tantis
1237 3272 1298 3314 se
1322 3256 1616 3330 subjiciens
1653 3256 1928 3314 asserebat
1956 3257 2051 3315 lla-
2084 3261 2129 3326 C

455 3350 599 3421 gitiis
625 3350 954 3421 involutum,
980 3359 1129 3409 utne
1157 3366 1322 3408 usum
1359 3350 1583 3425 quidem
1610 3351 1775 3424 hujus
1810 3367 2055 3408 commu-

460 3445 541 3502 nis
581 3446 722 3503 aeris
748 3461 937 3518 capere
964 3454 1299 3515 mereretur;
1362 3446 1579 3519 psiathii
1624 3461 1845 3518 quoque
1889 3446 2060 3518 ipsius

456 3536 735 3609 refugiens
775 3538 1106 3604 sessionem,
1148 3537 1301 3594 humi
1349 3540 1534 3610 potius
1581 3538 1871 3595 residebat.
1917 3540 2058 3596 Cum

461 3644 592 3685 vero
632 3629 796 3685 etiam
819 3629 887 3705 ad
912 3629 1246 3688 ablutionem
1282 3630 1481 3703 pedum
1505 3631 1680 3686 multo
1711 3631 1895 3703 minus
1917 3645 2058 3702 pra:-

460 3722 667 3778 buisset
699 3737 1017 3792 assensum,
1062 3730 1183 3800 tum
1232 3723 1404 3780 abbas
1462 3723 1724 3795 Serapion
1770 3722 2060 3781 refectione

461 3825 733 3874 transacta
749 3859 764 3888 ,
787 3817 1090 3875 collationis
1117 3816 1511 3875 consuetudine
1540 3826 1897 3889 provocante,
1936 3832 2061 3874 mo—

462 3926 590 3969 nere
618 3928 747 3969 eum
792 3912 1023 3986 benigne
1066 3927 1131 3968 ac
1176 3912 1369 3969 leniter
1395 3911 1593 3984 coepit,
1624 3927 1691 3967 ne
1733 3912 1946 3968 otiosus
2000 3928 2064 3968 ac

463 4021 659 4078 vagus,
713 4005 1015 4078 praesertim
1055 4004 1274 4078 juvenis
1319 4013 1435 4061 tam
1490 4005 1775 4074 robustus,
1827 4005 2063 4063 instabili

465 4101 681 4158 levitate
707 4115 803 4173 per
837 4099 1088 4158 universa
1109 4098 1467 4167 discurreret;
1502 4098 1597 4156 sed
1630 4100 1766 4156 utin
1805 4100 1935 4156 cella
1973 4115 2065 4156 re-

466 4192 677 4263 sidens,
718 4191 1021 4250 secundum
1075 4193 1321 4267 regulam
1377 4192 1691 4262 seniorum,
1738 4208 1839 4250 suo
1884 4193 2066 4267 potius

1515 314 1794 371 JOANNIS
1830 314 2133 371 CASSIANI
2169 310 2659 369 COLLATIONES.

2066 441 2115 504 Α
2142 453 2304 511 Opere
2345 452 2511 509 quam
2562 435 2736 491 aliena
2788 432 2975 487 mallet
3002 428 3373 487 munificentia
3430 430 3737 487 sustentari.

3604 308 3739 363 1112

2141 536 2205 589 In
2253 530 2403 604 quod
2434 545 2503 587 ne
2539 528 2739 586 Paulus
2786 525 3067 599 apostolus
3115 522 3395 589 incideret,
3438 529 3498 578 et
3519 521 3745 595 quidem

2142 639 2269 681 cum
2296 623 2343 680 ei
2382 623 2440 679 in
2479 620 2765 694 Evangelio
2796 618 3061 676 laboranti
3091 616 3209 695 haec
3248 614 3507 689 prmbitio
3547 616 3742 674 merito

2143 717 2450 784 deberetur,
2475 715 2669 773 diebus
2692 724 2875 771 tamen
2905 729 2969 770 ac
3003 711 3259 769 noctibus
3284 710 3488 767 maluit
3508 711 3745 783 operari,

2145 820 2208 868 ut
2246 809 2627 885 quotidianum
2663 809 2868 866 victum
2907 808 2988 864 vel
3018 806 3142 876 sibi,
3185 805 3272 863 vel
3301 805 3390 862 his
3439 805 3534 878 qui
3568 805 3747 863 eidem

2148 904 2527 961 ministrantes
2551 918 2690 976 opus
2721 915 2974 959 exercere
2999 914 3111 957 non
3135 904 3413 971 poterant,
3440 898 3559 955 suis
3574 899 3749 954 mani-

2148 1000 2250 1056 bus
2271 1005 2600 1071 prmpararet
2618 998 2768 1067 (Act.
2789 997 2920 1065 xx).
2948 994 3032 1051 Ad
3051 994 3171 1050 haec
3196 993 3286 1049 ille
3312 1000 3459 1049 tanta
3481 1000 3567 1050 est
3584 993 3750 1051 tristi-

2149 1092 2223 1149 tia
2250 1100 2307 1149 et
2334 1090 2527 1149 dolore
2554 1091 2852 1163 suppletus,
2882 1097 2943 1146 ut
2970 1085 3398 1144 amaritudinem
3419 1085 3584 1143 corde
3608 1103 3745 1144 con-

2149 1192 2385 1257 ceptam,
2415 1199 2486 1240 ne
2516 1183 2667 1241 vultu
2696 1182 2915 1255 quidem
2962 1180 3310 1239 dissimulare
3345 1179 3602 1252 potuerit.
3648 1180 3747 1237 Cui

2147 1294 2331 1345 senex,
2357 1279 2659 1345 Hactenus,
2683 1276 2894 1348 inquit,
2924 1290 2958 1333 o
2984 1274 3058 1331 fili
3076 1317 3092 1344 ,
3121 1273 3339 1331 cunctis
3362 1280 3418 1330 te
3439 1271 3745 1331 facinorum

2149 1372 2482 1445 ponderibus
2516 1371 2816 1439 onerabas,
2839 1386 2950 1427 non
2983 1377 3235 1426 metuens
3255 1366 3605 1426 confessione
3641 1377 3748 1425 tam

2150 1465 2422 1522 atrocium
2451 1464 2741 1521 criminum
2760 1472 2953 1521 notam
2977 1462 3401 1519 existimationis
3416 1461 3746 1527 incurreres;

2150 1559 2308 1631 quid,
2360 1573 2570 1631 quaeso,
2607 1574 2755 1615 nunc
2799 1565 2883 1615 est
2927 1555 3078 1629 quod
3117 1555 3186 1612 ad
3217 1555 3532 1628 simplicem
3568 1554 3752 1613 admo-

2149 1653 2511 1713 nitiunculam
2556 1661 2807 1711 nostram
2830 1694 2846 1721 ,
2891 1667 3016 1725 quae
3056 1659 3238 1707 tamen
3277 1649 3334 1706 in
3363 1664 3563 1707 senon
3593 1648 3750 1706 modo

2148 1748 2361 1805 nullum
2391 1745 2777 1819 opprobrium,
2803 1745 2898 1802 sed
2947 1744 3116 1801 etiam
3144 1742 3523 1801 edificationis
3565 1741 3753 1799 habuit

2073 1861 2121 1923 Β
2151 1855 2215 1896 ac
2238 1838 2540 1896 dilectionis
2575 1835 2867 1905 affectum,
2905 1844 3056 1892 tanta
3081 1844 3137 1892 te
3178 1833 3343 1892 video
3381 1834 3754 1907 indignatione

2156 1942 2492 2006 permotum,
2529 1939 2592 1989 ut
2630 1947 2755 1988 eam
2794 1946 2865 1987 ne
2914 1931 3066 1987 vultu
3104 1929 3332 2002 quidem
3363 1927 3626 1984 occultare
3652 1934 3753 1983 aut

2155 2026 2348 2084 frontis
2378 2025 2669 2083 serenitate
2709 2024 3052 2081 dissimulare
3089 2023 3372 2095 potueris?
3401 2026 3484 2078 An
3519 2020 3752 2077 fortasse

2155 2120 2289 2177 dum
2319 2128 2374 2176 te
2397 2119 2745 2187 humiliabas,
2794 2118 2941 2174 illam
2970 2117 3324 2189 exspectabas
3349 2132 3382 2172 a
3423 2124 3620 2172 nostro
3665 2129 3757 2172 ore

2157 2213 2505 2283 sententiam,
2552 2216 2735 2270 Justus
2781 2217 3055 2268 accusator
3101 2214 3193 2267 sui
3235 2216 3314 2267 est
3361 2211 3421 2265 in
3459 2210 3757 2281 primordio

2158 2310 2415 2363 sermonis
2463 2306 2639 2378 (Prov.
2689 2309 2910 2373 xvm)?
2940 2304 3171 2363 Proinde
3206 2314 3229 2341 ο
3276 2319 3403 2360 vera
3453 2312 3537 2360 est
3578 2300 3757 2359 cordis

2157 2400 2439 2457 humilitas
2482 2399 2786 2466 retinenda,
2813 2414 2937 2472 quae
2981 2414 3095 2455 non
3118 2398 3187 2455 de
3224 2396 3482 2454 affectata
3516 2397 3756 2469 corporis

2160 2503 2322 2569 atque
2344 2494 2666 2564 verborum,
2698 2493 2797 2552 sed
2836 2494 2905 2550 de
2936 2494 3128 2549 intima
3162 2491 3363 2548 mentis
3388 2490 3755 2547 humiliatione

2161 2588 2452 2647 descendit.
2483 2589 2618 2659 Quae
2642 2597 2774 2643 tunc
2797 2585 3027 2643 demum
3050 2584 3473 2644 evidentissimis
3500 2583 3757 2657 patientia:

2162 2699 2277 2741 suae
2303 2682 2531 2756 fulgebit
2566 2681 2798 2750 indiciis,
2849 2697 2980 2738 cum
3008 2682 3128 2753 quis
3167 2696 3279 2738 non
3308 2681 3425 2753 ipse
3466 2682 3539 2737 de
3564 2695 3626 2736 se
3660 2679 3760 2735 cri-

2164 2778 2312 2834 mina
2357 2777 2426 2834 ab
2470 2777 2589 2833 aliis
2612 2792 2725 2833 non
2760 2774 3029 2832 credenda
3060 2773 3365 2848 jactaverit,
3403 2774 3502 2831 sed
3532 2774 3605 2831 ab
3644 2774 3763 2830 aliis

2164 2869 2387 2925 sibimet
2417 2875 2736 2942 arroganter
2782 2866 2987 2940 ingesta
3016 2867 3443 2941 contempserit,
3475 2873 3533 2924 et
3559 2867 3765 2940 irroga-

2166 2968 2249 3017 tas
2282 2959 2507 3033 injurias
2567 2968 2850 3019 mansueta
2893 2960 3075 3018 cordis
3120 2959 3532 3033 aequanimitate
3570 2960 3761 3017 tolera-

2166 3055 2323 3110 verit.

2755 3149 2999 3207 CAPUT
3034 3138 3186 3204 ‘Xll.

2304 3262 2677 3331 Interrogatio,
2720 3262 3171 3333 quemadmodum
3198 3277 3327 3317 vera
3360 3262 3626 3333 patientia

2746 3335 2920 3403 possit
2945 3335 3179 3403 acquiri.

2236 3444 2548 3501 Germanus
2592 3462 2604 3497 :
2647 3442 3125 3513 Quemadmodum
3161 3443 3371 3516 acquiri
3420 3443 3502 3500 vel
3545 3443 3767 3503 retineri

2167 3536 2341 3609 possit
2381 3537 2481 3593 ista
2513 3536 2896 3609 tranquillitas,
2924 3544 3175 3609 Optamus
3198 3552 3516 3610 agnoscere,
3539 3544 3603 3593 ut
3635 3539 3770 3595 sicut

2169 3630 2376 3687 indicto
2438 3629 2598 3687 nobis
2663 3630 2876 3687 silentio
2917 3631 3028 3687 oris
3067 3630 3299 3689 claustra
3355 3630 3768 3703 prmcludimus,

2169 3725 2571 3798 verborumque
2599 3725 2871 3782 licentiam
2902 3740 3245 3795 coercemus,
3283 3725 3353 3781 ita
3391 3726 3559 3781 etiam
3588 3726 3773 3783 cordis

2170 3816 2455 3873 lenitatem
2488 3818 2765 3875 custodire
2820 3819 3129 3901 possimus;
3172 3817 3310 3892 quod
3346 3831 3767 3889 nonnumquam

2173 3914 2335 3970 etiam
2383 3928 2508 3970 cum
2537 3914 2717 3987 lingua
2743 3914 3073 3985 refrenatur,
3100 3914 3419 3971 intrinsecus
3446 3919 3636 3968 tamen
3654 3920 3769 3968 sta-

2173 4016 2292 4064 tum
2320 4024 2434 4067 sua:
2462 4009 2787 4081 placiditatis
2815 4009 3037 4066 amittit.
3086 4012 3153 4065 Et
3179 4007 3380 4065 idcirco
3400 4005 3777 4063 mansuetudi-

2173 4101 2258 4156 nis
2282 4101 2491 4158 bonum
2519 4117 2630 4158 non
2680 4102 2815 4158 alias
2842 4111 3029 4159 tenere
3060 4102 3376 4174 quempiam
3413 4114 3595 4172 posse,
3622 4088 3652 4132 ά
3676 4100 3773 4156 nisi

2176 4195 2481 4253 remotione
2508 4195 2657 4253 cella:
2685 4211 2749 4253 ac
2771 4195 3011 4253 solitario
3040 4194 3668 4269 putamus‘habitacnlo.

1560 4330 1817 4385 ALARDI
1853 4330 2084 4386 GAZ/El
2121 4329 2677 4387 COMMENTARIUS.

543 4453 678 4528 {Ita
723 4451 872 4528 enim
902 4451 1329 4528 _Philo__et_ejus
1350 4455 1621 4526 interpres
1660 4471 1823 4528 supra
1872 4457 2067 4513 citatus

474 4522 602 4594 (Ad.
632 4538 751 4593 cap.
767 4527 799 4577 5
816 4523 978 4595 hujus
999 4524 1200 4594 collat.)
1236 4522 1250 4579 Ξ
1282 4522 1575 4595 Unicuique
1601 4522 1817 4581 sacrum
1841 4528 2067 4583 domici-

473 4595 605 4649 lium
625 4597 720 4665 est,
742 4594 888 4665 quod
919 4598 1293 4665 sanctuarium
1311 4601 1408 4649 aut
1444 4594 1829 4651 monasterium
1855 4604 2061 4654 vocant.

479 4669 541 4721 Et
569 4663 793 4738 quidem
813 4664 859 4738 si
879 4663 1142 4738 vocabula
1170 4666 1388 4738 proprie
1408 4675 1719 4738 sumantur,
1748 4666 1887 4723 sicut
1908 4669 2068 4725 unius

350 4776 363 4787 .
472 4735 725 4810 monachi
767 4735 1133 4810 habitaculum
1171 4735 1291 4795 non
1330 4741 1539 4810 potest!
1566 4736 1694 4810 dici,
1720 4738 2064 4807 cmnobium,

473 4809 600 4881 quia
621 4809 956 4881 communis,
978 4809 1088 4881 vita
1122 4824 1236 4866 non
1264 4808 1348 4866 est
1383 4808 1569 4881 unius,
1603 4808 1698 4865 sed
1730 4810 2064 4875 multorum;

473 4870 548 4934 i'ta
571 4894 751 5003 neque
780 4880 1095 4938 cmnobium
1141 4888 1322 4953 potest
1366 4879 1475 4936 dici
1517 4870 1943 4951 monasterium,
1972 4870 2066 4939 sia
2098 4870 2147 4932 Ι)

477 4950 638 5003 solitu
682 4950 767 5003 ine
794 4949 1091 5003 deducatur
1129 4953 1555 5003 monasterium.
1587 4961 1649 5003 ut
1684 4953 1728 5003 si
1765 4954 1926 5003 unius
1953 4969 2072 5003 mo-

477 4949 1091 5021 solitudinegdeducatur
1129 4949 1555 5021 monasterium,
1587 4961 1649 5009 ut
1684 4953 1728 5010 si
1765 4949 2072 5010 unius'mo-

481 5017 635 5075 nachi
672 5018 956 5086 habitatio,
981 5030 1043 5077 ut
1068 5020 1158 5079 hic
1180 5023 1396 5080 dicitur.
1434 5017 1708 5081 Graiarum
1738 5024 1916 5081 solent
1956 5024 2073 5082 haec

480 5089 736 5170 vocabula
761 5089 1039 5170 confundi
1078 5102 1134 5148 et
1179 5109 1276 5170 pro
1327 5093 1758 5170 eodemaccipi.
1802 5095 1964 5170 Unde
2018 5105 2073 5152 et

479 5167 551 5220 D.
597 5161 921 5235 Benedictus
949 5162 1098 5235 (Cap.
1134 5161 1343 5235 l'Reg.)
1381 5161 1708 5223 coenobitas'
1721 5168 1945 5223 nomine
1973 5183 2070 5223 vo-

475 5244 562 5293 cat
586 5234 1014 5293 monasteriales.
1056 5234 1218 5306 Quod
1247 5234 1293 5293 si
1334 5237 1622 5296 coenobitae
1659 5236 1828 5293 iidem
1855 5245 1910 5292 et
1953 5252 2072 5293 rno-

476 5308 821 5382 nasteriales;
853 5320 990 5382 ergo
1001 5307 1192 5382 eadem
1217 5308 1401 5382 etiam
1424 5308 1755 5382 coenobiaet
1794 5316 2071 5382 monaste-

477 5381 571 5452 ria.
603 5382 776 5437 Porro
813 5378 1128 5452 cmnobium
1158 5379 1321 5437 etiam
1366 5381 1514 5452 apud
1549 5378 1798 5452 ethnicos
1826 5378 2073 5452 (philoso-

477 5450 614 5524 phos
635 5452 904 5524 usitatum
940 5450 1134 5524 fuisse,
1174 5459 1230 5524 et
1256 5450 1531 5524 quoddam
1576 5450 1919 5508 emnobiticm
1948 5451 2072 5524 vitae

476 5522 749 5595 specimen
794 5521 864 5578 ab
891 5521 1019 5595 ipsis
1049 5521 1436 5595 adumbratam
1471 5522 1633 5579 docet
1651 5524 1832 5580 Aulus
1862 5522 2072 5581 Gellius

478 5592 693 5681 {9:12;}.
707 5592 993 5681 εεὲέγοδιλ
1019 5595 1238 5678 Αττίοιλ
1256 5594 1354 5681 qui
1381 5595 1450 5681 de
1480 5595 1965 5681 thhasoreotsm
1989 5595 2071 5651 ἀί·

475 5663 698 5738 sciplina
718 5677 923 5738 agens;
952 5667 1164 5738 Omnes,
1185 5663 1381 5738 inquit,
1396 5663 1557 5723 simul
1584 5663 1687 5738 qui
1703 5684 1738 5722 a
1765 5668 2071 5738 Pythagora

473 5737 530 5789 in
557 5733 821 5808 cohortem
853 5734 1014 5808 illam
1038 5733 1453 5806 disciplinarum
1495 5733 1698 5808 recepti
1719 5733 1895 5808 erant,
1927 5733 2072 5808 quod

545 5807 696 5875 isque
721 5802 1302 5875 familicepecuniéque
1322 5802 1693 5870 habebantfin
1716 5802 1953 5861 medium
1975 5806 2073 5861 da-

511 5874 620 5940 am;
646 5880 697 5932 et
716 5874 957 5932 coibatur
970 5874 1193 5930 societas
1217 5878 1628 5946 inseparabilis;
1653 5882 1911 5947 tanquam
1935 5878 2072 5933 illud

2174 4460 2349 4526 fuerit
2378 4460 2666 4526 antiquum
2689 4460 3033 4529 consortium,
3061 4459 3204 4528 quod
3260 4462 3317 4514 in
3357 4474 3416 4514 re
3441 4462 3600 4528 atque
3619 4458 3778 4513 verba

2173 4529 2548 4586 appellabatur
2576 4530 2847 4584 κοινόϐιον.
2880 4530 3016 4586 Hmc
3042 4529 3152 4585 ille.

2314 4602 2398 4654 De
2424 4614 2535 4670 quo
2586 4599 2717 4656 alias
2761 4602 2960 4672 saepius
3019 4599 3255 4672 (Colla-t.
3305 4605 3340 4654 2
3404 4617 3523 4671 cap.
3569 4604 3669 4672 _lt,
3723 4604 3781 4653 et

2174 4672 2364 4743 colla}.
2398 4667 2682 4743 5'cap._t);
2727 4667 3039 4743 quidecem
3090 4670 3337 4727 millibus
3378 4667 3773 4727 monachorum

2175 4739 2459 4813 praefuisse
2488 4739 2705 4814 legitur.

2251 4822 2273 4849 θ
2296 4816 2366 4868 D.
2387 4807 2711 4868 AmhFosius
2726 4812 2795 4869 ad
2816 4814 3199 4870 Constantium
3223 4815 3415 4883 (Epist.
3438 4807 3645 4883 42,1ᾗὶ)ἶ
3660 4810 3737 4875 t1)
3762 4828 3778 4864 :

2176 4886 2337 4940 Multi
2357 4885 2551 4939 habent
2566 4886 2894 4940 humilitatis
2911 4888 3153 4955 speciem,
3172 4881 3427 4939 virtutem
3438 4896 3543 4937 non
3557 4881 3784 4955 habent;

2180 4956 2343 5010 multi
2362 4970 2479 5011 eam
2506 4957 2648 5025 foris
2668 4953 3038 5026 pratendunt,
3070 4962 3123 5011 et
3150 4959 3299 5010 intus
3327 4956 3686 5024 impugnant;
3705 4953 3783 5007 ad

2178 5028 2362 5094 fucum
2380 5028 2706 5097 praeferunt,
2733 5027 2807 5082 ad
2828 5030 3105 5083 veritatem
3133 5027 3415 5095 abjurant,
3446 5027 3522 5081 ad
3544 5026 3779 5095 gratim»

2178 5103 2391 5176 negant.
2422 5102 2521 5154 Est
2538 5100 2679 5176 enim
2700 5100 2795 5176 qui
2811 5100 3057 5176 nequiter
3069 5098 3331 5176 ⁸Ῐιιιγῖιίζέιιε
3348 5112 3425 5165 se,
3451 5104 3510 5176 et
3522 5098 3779 5176 interfieri}

2176 5312 2323 5378 fuco,
2352 5313 2466 5365 sine
2488 5312 2707 5377 fraude.
2738 5313 2862 5381 Ipsa
2872 5316 2950 5367 est
2962 5310 3089 5367 vera
3106 5312 3397 5382 quahabet
3416 5313 3571 5380 piam
3587 5310 3782 5382 πλωτὴ

2175 5375 2552 5453 sinceritatem.
2606 5375 2805 5453 Magna
2825 5384 3003 5438 virtus
3025 5375 3159 5451 eius.
3198 5383 3269 5437 Et
3291 5375 3672 5453 Hieronymus
3708 5375 3781 5433 ad

2177 5451 2493 5526 Calantiam
2510 5451 2715 5523 (Epist.
2738 5452 2817 5526 l4)
2838 5456 3246 5526 :Humihtatem
3263 5451 3639 5526 sequere,‘non
3660 5464 3785 5526 qua

2176 5524 2480 5580 ostenditur
2501 5528 2662 5594 atque
2700 5524 2990 5580 simulatur
3017 5530 3170 5595 gestu
3205 5526 3442 5594 corporis
3476 5529 3574 5579 aut
3596 5524 3787 5589 fracta

2176 5610 2296 5674 voce
2312 5595 2605 5674 uerborum,
2621 5597 2715 5674 sed
2737 5595 3408 5674 quwpuroaﬁ’ectuoordis
3429 5595 3787 5674 emititur:

2176 5667 2350 5723 Aliud
2371 5671 2448 5722 est
2473 5668 2614 5723 enim
2641 5664 2895 5723 virtutem
2918 5664 3132 5731 habere,
3161 5666 3317 5722 aliud
3346 5667 3576 5721 uirtutis
3598 5664 3791 5721 simili-

2178 5738 2439 5807 tudinem,
2472 5745 2579 5794 etc.
2599 5736 2723 5792 alibi
2751 5737 2934 5795 citata.

2247 5797 2277 5841 δ
2296 5808 2359 5866 Id
2383 5797 2497 5875 est,
2526 5807 2819 5867 solitudine
2846 5817 2903 5867 et
2918 5824 3132 5867 secessu
3157 5806 3227 5866 ab
3249 5807 3387 5865 aliis.
