4014 6202
269 295 392 348 1113

831 410 1073 467 CAPUT
1122 409 1280 465 XIII.

913 504 1221 574 Responsio.

326 600 640 657 Piammon:
664 595 934 654 Patientia
951 613 1076 652 vera
1097 604 1262 668 atque
1289 591 1651 666 tranquillitas
1662 591 1866 666 absque

259 693 524 768 profunda
555 692 740 750 cordis
771 691 1078 748 humilitate
1103 705 1205 748 nec
1236 687 1534 762 acquiritur
1560 703 1664 744 nec
1707 695 1864 746 tene-

258 802 366 850 tur.
394 793 532 862 Qua
571 792 618 848 si
649 790 716 848 de
745 790 850 847 hoc
893 788 1046 846 fonte
1070 786 1432 855 descenderit,
1469 800 1571 843 nec
1596 785 1863 842 beneﬁcio

263 887 412 946 cella
431 927 447 955 ,
477 902 578 943 nec
617 883 868 958 perfugio
901 881 1214 940 solitudinis
1250 879 1529 953 indigebit.
1557 881 1683 936 Non
1709 877 1861 936 enim

262 981 624 1054 patrocinium
651 979 970 1050 cujusquam
994 975 1073 1033 rei
1101 975 1447 1033 extrinsecus
1473 973 1699 1048 quatit,
1734 989 1860 1046 qua

259 1070 578 1128 humilitatis
597 1109 612 1136 ,
656 1069 714 1127 id
745 1078 847 1137 est,
891 1067 1244 1142 generatricis
1287 1074 1452 1140 atque
1479 1063 1723 1123 custodis
1749 1079 1866 1122 sua

258 1164 580 1221 intrinsecus
609 1163 808 1220 virtute
827 1160 1070 1220 fulcitur.
1099 1161 1382 1218 Caterum
1408 1159 1455 1216 si
1483 1173 1772 1216 movemur
1795 1159 1863 1215 ab

255 1257 440 1328 aliquo
488 1256 742 1324 lacessiti,
773 1262 990 1312 certum
1015 1260 1100 1310 est
1121 1269 1232 1310 non
1255 1267 1372 1310 esse
1405 1251 1462 1308 in
1487 1250 1647 1308 nobis
1679 1251 1862 1308 humi-

259 1351 425 1408 litatis
447 1347 802 1408 fundamenta
827 1346 1059 1404 ﬁrmiter
1082 1345 1340 1410 stabilita,
1365 1355 1422 1402 et
1447 1343 1570 1404 ideo
1592 1343 1662 1402 ad
1681 1345 1865 1402 incur-

257 1459 384 1501 sum
411 1446 495 1502 vel
525 1442 1105 1516 exiguaItempestatis
1131 1441 1427 1498 aedilicium
1461 1447 1716 1498 nostrum
1748 1439 1864 1496 rui-

257 1553 393 1594 nosa
421 1537 796 1594 commotione
821 1535 1152 1593 concutitur.
1179 1536 1306 1591 Non
1329 1533 1483 1590 enim
1507 1541 1652 1591 esset
1673 1534 1864 1591 lauda-

261 1631 384 1688 bilis
409 1645 512 1688 nec
543 1629 874 1687 admiranda
898 1629 1154 1702 patientia
1172 1670 1190 1698 ,
1216 1627 1262 1684 si
1301 1627 1468 1685 nullis
1503 1627 1860 1684 inimicorum

252 1722 716 1796 jaculisimpetita
751 1721 1158 1794 tranquillitatis
1181 1720 1527 1794 propositum
1570 1721 1868 1791 retineret;

889 283 1230 342 COLLATIO
1268 283 1457 339 XVIII.
1495 310 1568 322 —
1607 279 1696 336 DE
1733 279 1980 338 TRIBUS
2015 276 2398 334 GENERIBUS
2436 277 2938 336 MONACHORUM.

3435 285 3574 339 “I5

1891 407 1946 471 Α
1973 412 2200 478 apparet
2221 418 2332 460 non
2373 412 2661 477 propterea
2701 404 3002 474 cerruisse,
3030 405 3156 478 quia
3197 406 3459 464 imbrium
3491 407 3574 464 vel

1972 497 2298 554 torrentium
2325 497 2679 556 inundatione
2719 497 2952 571 pulsata;
2973 499 3074 557 sed
3094 500 3221 572 quia
3248 516 3413 573 super
3448 515 3577 558 are-

1973 606 2102 648 nam
2129 589 2510 664 imprudenter
2547 599 2632 648 est
2659 599 2888 648 structa.
2920 594 3044 648 Non
3073 592 3223 648 enim
3252 593 3303 648 in
3330 592 3436 649 hoc
3464 591 3574 650 dif-

1987 682 2096 741 fert
2137 699 2170 740 a
2211 691 2496 756 peccatore
2539 683 2624 740 vir
2653 692 2900 752 sanctus,
2925 683 3053 757 quia
3098 701 3210 742 non
3255 685 3506 742 similiter
3541 701 3576 743 e

1971 778 2086 851 ipse
2113 786 2379 846 tentatur,
2419 777 2517 836 sed
2549 778 2674 852 quia
2720 777 2806 835 hic
2835 778 3000 835 etiam
3037 795 3236 852 magna
3280 780 3576 853 impugna-

1969 873 2123 930 tione
2149 887 2265 930 non
2282 871 2536 943 vincitur,
2558 873 2653 929 ille
2677 880 2860 930 autem
2881 873 3049 929 etiam
3091 888 3252 943 parva
3272 874 3574 932 tentationc

1972 975 2280 1040 superatur.
2305 970 2499 1040 Neque
2539 967 2686 1024 enim
2713 975 2880 1036 esset,
2921 975 2986 1024 ut
3022 967 3286 1037 diximus,
3317 968 3453 1040 justi
3478 969 3576 1026 ali-

1972 1059 2130 1133 cujus
2180 1061 2472 1118 landabilis
2518 1059 2800 1126 fortitudo,
2846 1061 2892 1119 si
2950 1062 3191 1119 vinceret
3255 1063 3576 1132 intentatus,

1971 1169 2099 1212 cum
2121 1155 2314 1228 utique
2347 1154 2567 1212 victoria
2598 1155 2782 1212 locum
2813 1155 3014 1212 habere
3047 1173 3157 1212 non
3177 1157 3350 1230 possit
3371 1157 3574 1231 absque

1970 1251 2296 1310 adversitate
2319 1251 2704 1308 certaminum.
2732 1253 2929 1308 Beatus
2961 1251 3107 1306 enim
3135 1255 3222 1306 vir
3263 1254 3362 1322 qui
3381 1254 3580 1323 suffert

1971 1349 2339 1415 tentationem,
2369 1346 2504 1416 quia
2529 1362 2648 1402 cum
2671 1345 2930 1417 probatus
2950 1346 3143 1413 fuerit,
3170 1347 3397 1415 accipiet
3423 1361 3575 1402 coro-

1970 1457 2096 1496 nam
2104 1442 2251 1504 vita,
2263 1455 2430 1511 quam
2447 1441 2754 1510 repromisit
2783 1439 3284 1507 Deusdiligentibus
3293 1453 3348 1493 se
3358 1443 3488 1505 (Jac.
3507 1439 3574 1510 1).

1970 1532 2285 1590 Secundum
2324 1531 2637 1604 apostolum
2676 1545 2898 1604 quoque
2935 1529 3198 1598 Paulum,
3243 1534 3421 1587 uirtus
3460 1546 3573 1587 non

1970 1627 2028 1682 in
2057 1625 2173 1683 otio
2210 1633 2375 1698 atque
2416 1624 2647 1694 deliciis,
2686 1623 2783 1681 sed
2831 1627 2890 1679 in
2927 1625 3246 1694 inﬁmitate
3291 1627 3572 1694 perﬁcitur

1972 1723 2044 1795 (ll
2069 1725 2190 1783 Cor.
2210 1723 2348 1795 xu).
2380 1725 2509 1779 Ecce
2524 1724 2684 1786 enim,
2711 1721 2906 1793 inquit,
2937 1721 3066 1776 dedi
3091 1724 3142 1776 te
3169 1719 3324 1775 hodie
3350 1721 3410 1774 in
3438 1720 3574 1776 civi-

260 1814 362 1872 sed
383 1815 440 1872 in
467 1830 534 1872 eo
557 1823 641 1872 est
660 1815 922 1887 praclara
949 1823 1118 1887 atque
1133 1813 1394 1886 gloriosa,
1425 1811 1576 1886 quod
1601 1811 1858 1871 irruenti-
1890 1804 1938 1868 B
1971 1822 2134 1874 tatem
2157 1821 2448 1886 munitam,
2471 1818 2600 1872 etin
2614 1817 2911 1872 columnam
2935 1817 3188 1883 ferream,
3207 1819 3260 1869 et
3278 1815 3338 1869 in
3356 1829 3575 1869 murum

263 1909 367 1967 bus
407 1911 463 1966 in
505 1925 564 1966 se
589 1909 960 1966 tentationum
997 1909 1251 1980 procellis
1277 1906 1578 1964 immobilis
1611 1923 1864 1982 perseve-

261 2011 372 2058 rat.
399 2003 534 2056 Nam
561 2001 618 2056 in
643 2017 752 2072 quo
773 2001 955 2057 vexari
985 1999 1273 2072 frangique
1303 1998 1722 2058 adversitatibus
1743 2017 1864 2059 cre-

263 2093 434 2160 ditur,
457 2094 514 2150 in
531 2109 598 2150 eo
626 2093 806 2166 potius
824 2094 1150 2164 roboratur;
1171 2101 1228 2150 et
1255 2094 1316 2150 in
1343 2110 1413 2151 eo
1439 2094 1613 2168 magis
1632 2095 1864 2160 acuitur,

181 2226 189 2234 ν
263 2189 316 2244 in
371 2203 482 2260 quo
534 2197 753 2260 putatur
807 2189 1055 2245 obtundi.
1083 2199 1110 2226 ι
1139 2193 1184 2245 Α
1229 2188 1574 2262 passionibus
1619 2189 1769 2246 enim
1816 2197 1870 2247 et

261 2282 665 2339 sustentatione
686 2282 1008 2356 patientiam
1034 2281 1140 2344 dici
1166 2282 1348 2340 nullus
1375 2282 1610 2357 ignorat,
1633 2283 1867 2356 ideoque

259 2369 287 2408 ³³
335 2383 553 2432 constat
598 2377 894 2448 patientem
943 2376 1279 2448 pronuntiari
1338 2376 1618 2432 neminem
1672 2391 1832 2449 posse
1847 2417 1868 2447 ,

258 2469 364 2524 nisi
411 2484 539 2526 eum
585 2469 683 2542 qui
742 2471 994 2526 universa
1047 2485 1174 2543 qua
1219 2468 1322 2526 sibi
1369 2468 1573 2526 fuerim
1628 2469 1867 2544 irrogata

257 2563 473 2636 absque
521 2563 892 2638 indignatione
939 2563 1271 2622 toleraverit.
1313 2566 1386 2620 Et
1419 2563 1548 2622 ideo
1589 2579 1706 2621 non
1754 2564 1866 2621 im—

257 2658 463 2716 merito
485 2658 556 2716 ita
579 2675 612 2716 a
640 2658 938 2716 Salomone
965 2659 1218 2716 laudatur
1247 2661 1308 2714 τε
1333 2660 1521 2715 Melior
1545 2663 1624 2715 est
1650 2662 1868 2730 patiens

255 2752 418 2819 forti,
444 2756 494 2806 et
511 2754 614 2821 qui
631 2753 866 2806 continet
889 2754 1028 2806 iram
1048 2754 1294 2822 capiente
1309 2751 1498 2807 urbem
1521 2750 1696 2822 (Prov.
1714 2750 1868 2822 xvr).

260 2845 328 2900 Et
347 2844 554 2901 iterum
579 2863 592 2900 :
615 2847 965 2915 Longanimis
979 2847 1066 2900 vir
1081 2848 1284 2900 nimius
1294 2845 1352 2899 in
1365 2846 1686 2916 prudentia,
1695 2847 1872 2916 pusil-

258 2941 488 2995 lanimis
502 2943 680 2996 autem
697 2940 856 2995 valde
867 2942 1134 3010 insipiens
1142 2944 1221 2996 est
1235 2937 1414 3010 (Prov.
1427 2953 1550 3004 xxv,
1563 2954 1662 2996 sec.
1683 2939 1864 3012 LXX).

258 3032 404 3090 Cum
445 3047 574 3104 ergo
619 3031 742 3104 quis
774 3031 948 3088 victus
989 3031 1207 3104 injuria,
1246 3031 1539 3089 iracundiae
1577 3033 1698 3105 igne
1734 3047 1868 3090 suc-

257 3125 541 3195 cenditur,
561 3141 670 3182 non
691 3140 854 3182 causa
874 3125 1080 3197 peccati
1105 3124 1223 3198 ejus
1251 3125 1520 3182 acerbitas
1548 3126 1715 3183 illata
1736 3141 1868 3183 con-

1971 1927 2190 1976 wreum,
2217 1925 2380 1982 super
2419 1925 2626 1966 omnem
2653 1915 2853 1966 terram
2883 1909 3102 1979 regibus
3129 1907 3292 1973 Iuda,
3317 1909 3580 1978 principi-

1972 2006 2068 2061 bus
2090 2005 2228 2078 eius,
2255 2009 2308 2060 et
2329 2004 2691 2061 sacerdotibus
2725 2003 2860 2074 ejus,
2891 2007 2943 2058 et
2979 2004 3128 2058 omni
3157 2001 3354 2072 populo
3383 2005 3563 2062 terra,

1972 2105 2024 2158 et
2044 2101 2316 2155 bellabunt
2335 2099 2615 2155 adversum
2631 2103 2701 2167 te,
2728 2102 2779 2153 et
2796 2113 2903 2152 non
2916 2096 3306 2168 pravdebunt,
3335 2097 3468 2164 quia
3479 2109 3573 2164 ego

1976 2198 2146 2249 tecum
2184 2209 2306 2250 sum
2341 2196 2404 2248 ut
2430 2207 2616 2248 eruam
2645 2195 2725 2256 te,
2767 2190 2902 2246 dicit
2946 2191 3203 2246 Dominus
3243 2190 3580 2258 omnipotens

1977 2289 2189 2356 (Jerem.
2222 2285 2288 2358 ι).

2561 2378 2804 2435 CAPUT
2829 2379 2982 2435 XIV.

2011 2478 2087 2532 De
2117 2475 2356 2546 exemplo
2378 2476 2660 2545 patientia
2699 2471 2979 2542 cujusdam
3003 2471 3270 2540 religiosa:
3296 2469 3534 2536 fmina.

2049 2568 2226 2642 Hujus
2247 2582 2378 2640 ergo
2409 2565 2684 2638 patientia
2704 2565 2830 2622 volo
2854 2563 3010 2620 vobis
3031 2562 3152 2624 duo,
3166 2561 3360 2618 saltem
3380 2575 3574 2617 exem-

1979 2664 2062 2737 pla
2089 2676 2420 2736 proponere,
2440 2650 2468 2694 δ
2495 2675 2670 2717 unum
2705 2659 2971 2731 religiosa
3007 2657 3298 2729 cujusdam
3327 2655 3571 2724 femina,

1977 2770 2101 2829 qua
2128 2753 2406 2828 patientia
2450 2751 2706 2809 virtutem
2735 2759 2886 2808 tanta
2922 2749 3178 2806 aviditate
3225 2753 3425 2804 sectata
3468 2757 3574 2816 est,

1977 2858 2040 2906 ut
2068 2865 2184 2907 non
2218 2849 2398 2906 solum
2426 2847 2789 2903 tentationum
2812 2861 2927 2901 non
2957 2843 3154 2899 vitaret
3185 2841 3456 2909 incursus,
3477 2839 3577 2898 sed

1977 2942 2141 3000 etiam
2193 2942 2504 3000 occasiones
2551 2941 2928 2998 molestiarum
2977 2938 3197 2996 sibimet
3238 2944 3579 3009 procuraret,

1973 3035 2176 3108 quibus
2199 3033 2535 3109 frequentius
2562 3033 2813 3105 instigata
2847 3047 2960 3088 non
2987 3030 3222 3090 cederet.
3256 3032 3390 3087 Hac
3411 3044 3580 3086 nam-

1976 3145 2084 3202 que
2124 3144 2256 3188 cum
2292 3128 2637 3186 Alexandria
2679 3133 3140 3192 commoraretur,
3175 3133 3425 3195 essetque
3460 3138 3575 3178 non

257 3220 510 3279 tumelia
528 3219 794 3277 exstitisse
810 3217 1082 3276 credenda
1095 3226 1198 3288 est,
1215 3218 1312 3276 sed
1337 3219 1528 3291 potius
1549 3217 1870 3276 manifesta-
1902 3198 1947 3262 ο
1980 3198 2227 3281 obscuris
2260 3231 2381 3280 orta
2429 3222 2752 3296 majoribus,
2798 3229 2964 3294 atque
3004 3220 3060 3276 in
3101 3219 3273 3276 domo
3314 3232 3439 3290 qua
3475 3216 3577 3274 sibi

261 3315 345 3370 tio
383 3312 728 3370 infirmitatis
750 3312 1001 3380 occulta,
1035 3311 1336 3368 secundum
1366 3312 1520 3368 illam
1553 3311 1868 3384 parabolam

264 3406 567 3462 Salvatoris
609 3421 777 3478 quam
824 3405 893 3464 de
941 3405 1156 3462 duabus
1208 3403 1468 3462 domibus
1522 3405 1716 3478 ponit,
1761 3423 1870 3464 una

264 3513 399 3572 qua
428 3494 653 3554 fundata
680 3505 797 3554 erat
839 3513 1002 3570 supra
1045 3507 1281 3572 petram,
1309 3507 1367 3556 et
1406 3498 1512 3555 alia
1539 3513 1666 3571 qua
1703 3515 1871 3573 super

265 3604 523 3658 arenam,
546 3589 742 3660 quibus
763 3590 1071 3669 aqualiter,
1088 3589 1242 3658 dicit,
1265 3590 1570 3664 pluviarum
1597 3607 1663 3649 ac
1689 3591 1871 3650 flumi-

264 3697 408 3739 num
446 3681 531 3738 vel
578 3691 966 3756 tempestatum
1011 3683 1257 3742 turbines
1299 3685 1551 3754 irruisse;
1581 3685 1678 3744 sed
1719 3686 1869 3744 illam

1975 3315 2152 3374 fuerat
2177 3332 2210 3374 a
2238 3317 2556 3388 parentibus
2597 3315 2855 3372 derelicta
2901 3314 3151 3386 religiose
3193 3311 3434 3369 Domino
3477 3311 3577 3368 de-

1975 3409 2222 3475 serviret,
2253 3409 2476 3466 veniens
2517 3409 2586 3466 ad
2613 3416 2637 3444 °
2679 3407 2856 3463 beata
2887 3405 3170 3461 memoria
3211 3402 3579 3462 Athanasium

1976 3503 2324 3577 episcopum,
2360 3499 2684 3576 precabatur
2713 3508 2773 3557 ut
2804 3499 3042 3573 aliquam
3074 3497 3174 3555 sibi
3219 3495 3469 3553 alendam
3497 3495 3577 3550 vi-

1977 3597 2143 3655 duam
2170 3597 2346 3666 daret,
2377 3611 2501 3670 qua
2528 3610 2594 3652 ex
2624 3593 3000 3651 ecclesiasticis
3022 3591 3352 3664 'umptibus
3384 3604 3576 3663 pasce-

1976 3692 2158 3750 batur.
2198 3694 2268 3749 Et
2293 3700 2356 3750 ut
2402 3691 2720 3765 petitionem
2759 3689 2874 3762 ejus
2911 3688 3092 3745 verbis
3119 3686 3284 3761 ipsius
3311 3686 3584 3758 exprima-

265 3791 396 3850 qua
423 3775 480 3832 in
517 3784 686 3849 petra
708 3776 980 3834 soliditate
1014 3774 1237 3835 fundata
1265 3779 1506 3836 estnihil
1536 3780 1750 3852 penitus
1772 3781 1875 3840 de-
1981 3801 2126 3856 mus,
2159 3789 2267 3856 Da,
2311 3785 2508 3858 inquit,
2535 3783 2671 3841 mihi
2703 3783 2939 3856 aliquam
2967 3781 3036 3839 de
3059 3780 3340 3837 sororibus
3359 3778 3378 3814 ί
3402 3793 3570 3850 quam

256 3869 510 3928 trimenti
537 3887 602 3928 ex
634 3871 722 3928 illa
751 3881 867 3928 tam
896 3872 1133 3930 violenta
1151 3872 1430 3932 collisione
1457 3875 1712 3946 sensisse,
1740 3891 1864 3950 qua
1973 3894 2280 3952 repausem.
2321 3878 2586 3937 Sacerdos
2625 3879 2794 3950 igitur
2823 3891 2950 3934 cum
2995 3871 3271 3930 laudasset
3315 3869 3566 3943 proposi-

258 3981 395 4023 vero
422 3965 478 4022 in
515 3981 806 4022 arenarum
831 3965 1072 4038 pendula
1099 3967 1406 4024 mobilitate
1445 3976 1759 4028 constructa
1783 3979 1868 4028 est
1974 3981 2095 4028 tum
2134 3968 2376 4036 femina,
2399 3966 2548 4040 quod
2583 3981 2706 4024 eam
2731 3965 2800 4023 ad
2828 3979 2964 4037 opus
2982 3959 3374 4018 misericordia
3399 3958 3572 4015 vidis-

258 4057 454 4116 statim
485 4057 658 4115 ﬁnisse
692 4059 986 4131 collapsam
1031 4059 1244 4130 (Matth.
1290 4060 1439 4133 vn);
1476 4077 1642 4134 quam
1678 4063 1866 4138 utique
1941 4073 2058 4140 .set
2081 4078 2200 4121 esse
2241 4061 2737 4134 promptissimam,
2759 4059 2922 4131 jussit
2957 4074 3021 4114 ex
3058 4053 3318 4112 omnibus
3344 4052 3466 4127 eligi
3498 4053 3578 4109 vi-

1366 4215 1622 4272 ALARDI
1659 4217 1885 4276 GAZEI
1921 4214 2480 4275 COMMENTARIUS.

332 4365 359 4392 ⁸
391 4359 589 4430 Petrus
625 4357 876 4430 Maturus
897 4355 956 4430 in
987 4355 1104 4430 hac
1128 4357 1308 4430 (verba
1350 4357 1499 4430 apud
1529 4362 1600 4416 D.
1633 4360 1870 4418 Antoni-
1979 4357 2302 4418 eruditionis
2330 4355 2564 4424 eximia,
2593 4352 2889 4430 acerrimus
2915 4349 3197 4430 catholica
3233 4347 3577 4430 fidei_contr_a

254 4441 404 4505 num
435 4427 644 4505 relata;
677 4427 960 4505 Patientia,
993 4427 1184 4505 inquit,
1211 4417 1409 4505 graec,
1439 4431 1493 4505 in
1516 4433 1695 4505 sacris
1725 4447 1874 4505 pra-
1979 4417 2214 4505 Arianos
2234 4417 2621 4505 propugnator,
2642 4424 2914 4505 proﬁcujus
2933 4421 3252 4505 defensione
3272 4420 3487 4505 multas
3499 4417 3580 4500 ab

255 4489 687 4585 seqim_,!§bri's.
707 4497 980 4585 ίῦειομοντξ,
1002 4489 1417 4585 trienni-{Sicut
1453 4502 1637 4585 igitur.
1667 4489 1873 4585 nomen
1943 4503 2058 4585 ‘eis
2079 4489 2369 4585 perpessus
2393 4489 2619 4556 insidias
2633 4489 3102 4585 adcenstanuum
3119 4489 3576 4585 angereaut?

1979 4565 2118 4648 fugit
2163 4565 2195 4630 ε’
2223 4571 2367 4648 unde
2404 4585 2653 4648 reversus
2680 4582 2810 4624 cum
2853 4565 3048 4648 litteris
3069 4605 3100 4647 ,⁸
3136 4571 3191 4646 et
3219 4565 3410 4648 rursus
3453 4567 3577 4648 pqst

1979 4631 2218 4722 martem
2259 4643 2374 4717 ejus
2404 4641 2622 4722 fugatus
2643 4681 2658 4706 ,
2689 4653 2863 4722 usque
2888 4637 2956 4694 ad
2979 4631 3580 4722 Jovianigtegmporilg

1980 4701 2109 4786 tuit,
2135 4701 2165 4773 a
2192 4701 2307 4788 qud
2343 4701 2557 4788 recepta
2583 4701 2842 4788 Ecclesia
2866 4723 2981 4788 sua
3015 4701 3415 4788 gubernatione
3427 4701 3578 4788 obiit

1897 4791 1950 4855 D
1977 4772 2122 4844 anno
2145 4772 2370 4842 deini
2401 4772 2529 4855 37'0,
2556 4781 2838 4855 relictiset
2864 4772 3196 4855 transmissis
3223 4772 3293 4830 ad
3324 4780 3576 4844 posteros

1977 4857 2164 4928 multis
2195 4854 2466 4928 pracla‘ris
2487 4845 2682 4925 ingenii
2701 4851 2782 4908 sui
2809 4845 3198 4928 monumentis;

2052 4912 2071 4962 τ
2097 4927 2158 4982 Id
2179 4912 2284 4990 e'st,
2311 4912 2608 4988 refoveam,
2629 4929 2724 4978 aut
2746 4919 2986 4976 reﬁciam
3002 4917 3144 4990 .Nic.
3171 4919 3422 4990 Perottus
3446 4912 3527 4990 l.t
3558 4933 3573 4969 :

1979 5002 2186 5062 Pausa,
2231 4986 2426 5066 inquit,
2468 4986 2669 5050 dicitur
2705 4989 3186 5066 requiesaticujus
3235 4990 3334 5043 rei.
3386 4986 3580 5066 Aptius

1974 5074 2136 5140 poeta
2154 5058 2355 5126 {Nobis
2366 5065 2498 5121 data
2507 5081 2684 5136 pausa
2698 5058 2962 5134 loquendi.
2986 5058 3115 5140 Inde
3136 5075 3308 5140 panso
3331 5058 3576 5140 verbum,

1979 5131 2041 5195 id
2065 5143 2163 5202 est,
2194 5140 2440 5209 quiesco;
2471 5131 2633 5206 αἲ]υο
2661 5131 2908 5211 repauso,
2938 5134 3079 5211 quod
3105 5131 3203 5194 est,
3241 5131 3475 5211 requiem
3499 5143 3581 5211 ca-

1972 5215 2088 5283 pio.
2126 5199 2479 5283 Deducuntur
2499 5199 2680 5262 autem
2701 5199 2738 5260 ᾱ
2761 5199 3204 5283 υεῖὺοξπεᾷορτᾳ-ι,
3231 5199 3378 5283 quod
3401 5199 3576 5267 signi-

1977 5273 2122 5354 ficat,
2149 5283 2346 5354 desisto
2371 5280 2440 5336 ab
2467 5293 2649 5354 opere,
2677 5279 2965 5354 requiesco.
3003 5273 3105 5354 Sic
3125 5273 3344 5354 ille:_At
3376 5285 3576 5354 repair-

1976 5340 2237 5411 sare'hoc
2264 5353 2388 5409 loco
2416 5340 2588 5424 active
2623 5340 2882 5424 sumitur,
2925 5354 2988 5400 ut
3014 5343 3162 5401 idem
3187 5341 3261 5398 sit
3285 5341 3441 5424 quod
3459 5340 3580 5424 reti-

1977 5439 2124 5493 cere,
2157 5438 2422 5490 recreare,
2454 5419 2770 5493 humaniter
2799 5411 3052 5493 tractare,
3085 5424 3141 5470 et
3179 5411 3354 5493 quasi.
3373 5411 3574 5468 labori-

1977 5493 2084 5551 bus
2104 5482 2491 5566 A'pausam,'id
2536 5499 2648 5566 est,
2679 5490 2844 5566 finem
2873 5482 3358 5566 imponerefquod
3385 5498 3460 5566 ex
3489 5499 3576 5566 se:

1977 5555 2152 5636 cunde
2191 5555 2437 5636 ejusdem
2487 5555 2734 5636 mulieris
2779 5555 3038 5632 petitione
3077 5555 3288 5636 clarum
3329 5555 3574 5636 est,‘_ubi

1977 5634 2078 5704 ait,
2098 5638 2172 5706 Ut
2189 5630 2332 5690 mihi
2351 5635 2479 5690 dari
2496 5630 2810 5706 praciperes
2830 5647 2992 5704 quam
3013 5633 3294 5702 reﬁcerem,
3311 5630 3580 5706 etc-1319:1-

1975 5699 2107 5790 nulli
2142 5715 2344 5790 tamen
2375 5699 2562 5780 legunt
2593 5727 2604 5762 :
2634 5699 2696 5762 In
2735 5699 2858 5775 qua
2879 5699 3182 5774 repausem,
3212 5711 3272 5760 ut
3304 5699 3578 5772 Cuychius

1971 5785 2198 5836 notavit.

256 4567 554 4646 patientia
582 4584 635 4646 a_
662 4567 838 4624 verbo
871 4568 1072 4640 patior,
1114 4571 1192 4626 sic
1239 4567 1575 4646 ﬁnopoyﬁ_'ab
1619 4573 1870 4646 ὓπομένῳ,

257 4638 429 4713 Quod
447 4647 533 4694 est
555 4638 748 4695 subtus
768 4638 996 4713 moneo,
1015 4647 1070 4696 et
1089 4638 1358 4710 sustento,
1385 4642 1692 4713 deducitur.
1709 4638 1874 4704 Unde

256 4709 371 4788 [ioc
417 4711 607 4788 l_oc0_a
641 4709 982 4788 passionibus
1020 4718 1077 4767 et
1113 4711 1506 4772 sustentatione
1556 4715 1872 4788 patientiam

255 4781 372 4838 dici
405 4780 700 4838 Cassianus
721 4780 907 4838 refert.

334 4852 362 4885 ³³
386 4852 662 4926 Patientia
685 4855 824 4906 enim
847 4856 945 4926 est,
966 4851 1040 4908 ait
1070 4855 1140 4909 D.
1172 4853 1467 4926 Gregorius
1499 4856 1678 4924 (Hom.
1719 4861 1787 4914 16
1811 4861 1871 4913 in

257 4923 539 4990 Evang.),
554 4921 732 4997 aliena
746 4924 898 4997 mala
913 4921 1530 4997 wquanimiter'perpeti,
1553 4931 1732 4984 contra
1752 4944 1872 4984 eum

257 5007 486 5066 quoque
509 4993 611 5060 qui
649 4992 797 5066 mata
825 4992 1031 5066 inrogat
1053 4998 1203 5052 nullo
1231 4992 1416 5052 ἀοῖονᾶ
1446 4992 1702 5053 morderi.
1730 5002 1872 5056 Nam

257 5063 366 5137 qui
390 5065 476 5120 sic
497 5065 745 5139 prognimi
767 5063 914 5139 mala
924 5069 1135 5139 portat,
1163 5071 1226 5122 ut
1251 5072 1429 5124 tamen
1457 5071 1651 5124 tacitus
1671 5071 1870 5139 doleat,

257 5134 312 5192 et
333 5141 550 5209 tempus
571 5135 754 5209 dignae
779 5134 1152 5209 retributionis
1174 5143 1401 5206 quarat,
1431 5141 1753 5209 patientiam
1765 5134 1872 5197 non

257 5207 506 5269 eahibet,
537 5205 916 5280 sed_ostentat.
954 5205 1223 5280 Scriptum
1253 5205 1453 5280 quippe
1472 5213 1595 5265 est:
1625 5211 1874 5270 Charitas

250 5280 483 5350 patiens
511 5282 608 5353 est,
641 5277 866 5353 benigna
891 5283 969 5353 est
995 5279 1041 5342 (ι
1064 5279 1182 5353 Cor.
1207 5277 1369 5351 xm):
1384 5277 1614 5338 'Patiens
1639 5297 1873 5353 namque

258 5349 361 5424 est,
388 5353 456 5404 ut
485 5349 666 5403 aliena
698 5351 842 5404 mata
871 5351 1086 5418 toleret;
1119 5349 1348 5420 benigna
1374 5366 1494 5408 vero
1518 5357 1615 5418 est,
1641 5358 1705 5409 ut
1729 5349 1870 5424 ipsos

258 5423 435 5478 etiam
470 5433 602 5488 quos
619 5425 800 5489 portat
816 5426 980 5478 amet.

335 5501 360 5571 ξ
387 5492 511 5571 Ples
528 5490 989 5571 sententiasalibi
1014 5491 1207 5550 citatas
1232 5493 1478 5571 nonnihil
1501 5493 1807 5571 attigimus.

335 5563 366 5598 ιι
403 5560 594 5634 Simile
645 5563 955 5634 exemplum
996 5573 1184 5622 narrat
1229 5566 1466 5622 Joannes
1510 5560 1772 5622 Moschus
1811 5564 1868 5622 in

259 5633 435 5705 Prato
459 5631 874 5705 Spiritualicap.
898 5639 1022 5690 206.

335 5703 454 5778 fS.
490 5702 840 5778 Athanasius,
872 5719 1105 5778 magnus
1144 5705 1240 5778 ille
1283 5714 1446 5778 atque
1495 5705 1712 5764 divinus
1753 5706 1865 5778 vir,

259 5773 430 5848 cujus
459 5773 769 5848 symbolum
789 5774 846 5830 in
873 5773 1124 5848 Ecclesiis
1143 5777 1337 5848 legitur
1355 5773 1598 5848 (Hieron.
1625 5781 1688 5848 in
1715 5773 1869 5836 ϐαιαὲ

259 5844 428 5916 ιφ),
479 5844 860 5902 Alexandrina
901 5845 1052 5903 urbis
1103 5844 1417 5920 episcopus,
1457 5847 1764 5908 sanctitatis
1808 5859 1865 5908 et
