4000 6206
457 251 590 305 1115

1532 246 1815 304 JOANNIS
1850 245 2154 327 cassum
2191 243 2679 304 COLLATIONES.

3610 246 3755 299 1116

456 373 626 431 duam
665 387 790 445 quae
809 381 863 430 et
891 372 1173 430 honestate
1202 388 1426 430 morum
1455 380 1509 428 et
1536 372 1796 446 gravitate
1810 387 1875 427 ac
1895 370 2056 429 disci-
2081 375 2134 438 Α
2166 387 2275 429 non
2313 371 2497 428 solum
2524 369 2885 437 aediﬁcemur,
2917 381 3104 423 verum
3130 365 3295 422 etiam
3331 361 3756 435 confundamur,

450 468 596 541 plina
644 467 903 524 omnibus
938 466 1309 540 praeferretur,
1365 481 1464 523 nec
1512 466 1656 524 forte
1708 466 2044 526 desiderium

452 560 717 634 largitatis
758 561 1116 634 percipientis
1144 560 1271 617 vitio
1311 559 1637 629 vinceretur,
1660 568 1867 633 etquae
1895 578 2044 620 mer-

454 656 651 714 cedem
676 663 946 728 quaereret
984 654 1042 711 in
1068 669 1254 727 egena,
1284 654 1553 712 damnum
1583 655 1707 713 ﬁdei
1731 656 1909 728 pravis
1937 657 2052 730 ejus

452 749 666 808 offensa
698 749 945 806 moribus
968 755 1261 821 pateretur.
1290 749 1387 807 Cui
1414 766 1541 807 cum
1555 749 1787 808 domum
1803 751 2051 809 adductae

457 842 716 902 omnibus
762 842 1054 899 deserviret
1109 842 1417 915 obsequiis,
1466 844 1722 901 virtutem
1768 845 2052 902 modestiae

455 939 578 1012 ejus
616 953 682 995 ac
709 937 950 994 lenitatis
974 947 1225 1010 experta,
1270 938 1563 1011 vidensque
1590 955 1649 996 se
1672 939 1741 996 ab
1773 939 1889 1012 ipsa
1926 955 2050 997 mo-

459 1031 664 1088 mentis
700 1031 926 1103 singulis
958 1030 1251 1104 gratiarum
1281 1026 1495 1089 actione
1519 1048 1618 1105 pro
1646 1031 1828 1089 ofﬁcio
1856 1033 2054 1090 huma-

452 1126 635 1183 nitatis
663 1126 954 1194 honorari,
1002 1134 1126 1198 post
1164 1125 1281 1183 dies
1305 1143 1525 1199 paucos
1563 1128 1633 1185 ad
1684 1137 2053 1185 memoratum

457 1220 745 1277 revertitur
792 1218 1132 1276 sacerdotem
1182 1237 1196 1274 :
1244 1223 1592 1292 Rogaveram
1613 1260 1629 1291 ,
1673 1220 1942 1293 inquiens,
1989 1229 2055 1278 ut

454 1312 589 1368 mihi
639 1312 755 1368 dari
800 1312 1120 1384 praeciperes
1160 1328 1322 1385 quam
1360 1329 1461 1387 ego
1510 1314 1824 1384 reticerem,
1870 1320 1926 1371 et
1966 1316 2054 1373 cui

456 1406 745 1479 morigeris
773 1405 1067 1462 famularer
1102 1407 1400 1479 obsequiis.
1437 1409 1687 1480 Cumque
1713 1408 1799 1463 ille
1820 1407 2054 1466 necdum

458 1500 806 1571 propositum
845 1498 1063 1556 feminae
1090 1516 1152 1557 ac
1180 1500 1512 1558 desiderium
1538 1502 1843 1574 intelligens
1861 1542 1876 1570 ,
1902 1502 2056 1558 msti-

462 1602 667 1651 masset
682 1594 997 1666 petitionem
1017 1594 1133 1667 ejus
1145 1594 1579 1652 dissimulatione
1594 1594 1868 1668 praepositi
1894 1593 2058 1651 fuisse

462 1689 787 1762 neglectam,
817 1704 1117 1761 causasque
1140 1704 1312 1746 mora:
1340 1690 1482 1747 illius
1516 1706 1631 1747 non
1658 1689 1862 1761 absque
1886 1687 2057 1745 animi

2163 466 2257 538 qui
2310 464 2412 522 nisi
2465 462 2729 521 fuerimus
2786 461 2855 527 ad
2904 458 3153 518 ferarum
3192 473 3408 514 morem
3448 458 3647 514 retrusi
3698 459 3763 515 in

2158 575 2350 619 caveas
2415 557 2762 626 cellularum,
2815 554 3132 628 patientiam
3186 553 3419 619 retinere
3479 567 3593 608 non
3641 567 3766 626 pos-

2163 669 2384 713 sumus.

2765 741 3006 798 CAPUT
3034 740 3161 795 XV.

2339 842 2415 895 De
2442 839 2684 910 exemplo
2709 838 2981 908 patientia:
3022 835 3242 890 abbatis
3260 832 3581 903 Paphnutii.

2231 940 2390 996 Nunc
2400 938 2549 996 aliud
2567 937 2781 995 abbatis
2804 934 3094 1008 Paphnutii
3107 932 3415 1007 pandamus
3427 932 3765 1006 exemplum,

2158 1034 2249 1107 qui
2282 1033 2337 1089 in
2367 1032 2513 1090 illius
2551 1032 2777 1105 insignis
2805 1037 2862 1087 et
2886 1030 3084 1102 ubique
3113 1026 3477 1101 praedicabilis
3510 1027 3767 1100 Scythic-

2160 1127 2286 1184 ticae
2340 1125 2546 1192 eremi,
2605 1125 2663 1183 in
2709 1140 2819 1198 qua
2871 1140 3018 1180 nunc
3065 1121 3353 1195 presbyter
3390 1129 3496 1186 est,
3540 1123 3769 1179 secretis

2162 1228 2318 1278 tanto
2343 1220 2526 1277 studio
2551 1235 2767 1293 semper
2790 1217 3002 1288 insedit,
3038 1225 3103 1274 ut
3128 1217 3177 1273 ei
3203 1215 3385 1272 caeteri
3415 1216 3766 1275 anachoreta

2160 1324 2185 1350 ι
2215 1314 2408 1370 Bubali
2446 1329 2750 1387 cognomen
2779 1309 3097 1380 indiderint,
3122 1325 3189 1366 eo
3213 1307 3365 1381 quod
3404 1310 3660 1382 ingenito
3686 1315 3767 1382 (ut

2162 1408 2237 1464 ita
2256 1407 2509 1478 dixerim)
2536 1406 2823 1476 desiderio,
2852 1403 3161 1463 solitudinis
3185 1420 3403 1476 semper
3425 1403 3766 1465 habitatione

2166 1502 2445 1574 gauderet.
2486 1504 2677 1572 Itaque
2721 1514 2850 1557 cum
2882 1508 3053 1557 tantae
3093 1498 3151 1555 in
3188 1498 3421 1571 pueritia
3460 1515 3565 1557 sua
3615 1508 3763 1558 esset

2166 1596 2380 1654 virtutis
2407 1603 2462 1653 et
2501 1595 2716 1670 gratim,
2761 1603 2826 1653 ut
2854 1596 3021 1652 etiam
3067 1594 3317 1667 praeclari
3355 1610 3419 1652 ac
3450 1597 3656 1652 summi
3704 1597 3765 1653 id

2166 1689 2432 1762 temporis
2455 1689 2551 1745 viri
2580 1689 2899 1762 gravitatem
2921 1689 3038 1762 ejus
3062 1698 3119 1746 et
3142 1688 3472 1745 immobilem
3491 1698 3762 1747 constam-

454 1782 540 1838 sui
612 1783 988 1840 commotione
1041 1782 1388 1856 perquirens,
1445 1785 1696 1856 protinus
1754 1783 2059 1857 agnovisset
2083 1782 2132 1846 B
2166 1783 2301 1840 tiam
2342 1782 2705 1851 mirarentur;
2746 1797 3003 1853 eumque,
3031 1783 3158 1839 licet
3186 1781 3370 1839 minor
3400 1790 3543 1839 esset
3575 1790 3765 1852 astate,

456 1875 829 1933 honestiorem
857 1877 906 1933 ei
954 1877 1163 1934 caeteris
1204 1877 1427 1934 viduam
1469 1877 1815 1950 deputatam,
1844 1877 2053 1934 occulte

461 1971 723 2044 praecepit
746 1979 810 2028 ut
835 1987 895 2028 ea
934 1972 1013 2028 illi
1049 1987 1172 2043 quae
1201 1981 1343 2029 esset
1376 1973 1588 2029 cunctis
1616 1972 1842 2044 nequior
1868 1971 2052 2028 trade-

457 2072 633 2132 retur,
662 2081 785 2136 quae
823 2065 1031 2123 scilicet
1069 2067 1146 2122 vel
1190 2066 1485 2135 iracundia,
1517 2067 1596 2123 vel
1642 2065 1796 2132 rixis,
1824 2064 1906 2120 vel
1950 2065 2052 2122 viov

464 2160 629 2215 lentia
672 2162 838 2229 [Lips
890 2163 947 2214 in
974 2176 1154 2229 marg.
1198 2160 1527 2227 vinolentia],
1576 2173 1672 2214 seu
1707 2157 2049 2227 verbositate,

457 2262 621 2324 atque
659 2253 826 2307 etiam
872 2253 1105 2307 vanitate
1147 2261 1373 2308 cunctas
1401 2252 1600 2324 quibus
1634 2251 1754 2310 haec
1794 2253 1921 2311 vitia
1949 2252 2055 2311 do—

463 2343 803 2399 minarentur
827 2343 1129 2400 excederet.
1162 2346 1339 2416 Quam
1364 2359 1487 2401 cum
1517 2346 1696 2401 multo
1729 2344 1939 2402 facilius
1965 2346 2053 2401 in-

462 2443 683 2492 ventam
707 2436 915 2509 sibique
931 2437 1188 2495 traditam
1214 2437 1366 2495 domi
1390 2438 1587 2496 habere
1598 2439 1869 2511 cmpisset,
1892 2447 2055 2512 atque

455 2530 647 2587 eadem
673 2531 722 2586 ei
755 2530 1033 2606 diligentia
1061 2548 1167 2605 qua
1204 2533 1376 2606 priori
1422 2534 1496 2591 illi
1540 2534 1739 2605 viduae,
1770 2534 1851 2591 vel
1889 2533 2056 2591 etiam
2092 2578 2097 2583 .

402 2704 405 2705 ν
453 2625 773 2696 studiosius,
802 2627 1158 2696 ministraret,
1188 2627 1293 2684 hoc
1339 2629 1517 2685 solum
1556 2627 1626 2685 ab
1654 2644 1715 2685 ea
1747 2644 1848 2702 pro
1894 2628 2057 2686 tantis

458 2721 733 2794 obsequiis
776 2722 1067 2796 recipiebat
1102 2723 1309 2796 gratiae,
1337 2731 1399 2779 ut
1436 2723 1668 2795 indignis
1683 2724 1887 2797 jugiter
1927 2722 2058 2780 afﬁ-

460 2824 676 2872 ceretur
704 2816 935 2890 injuriis,
977 2817 1243 2874 conviciis
1283 2831 1498 2889 quoque
1526 2818 1594 2875 ab
1630 2833 1693 2874 ea
1720 2817 2057 2891 exprobatio-

2162 1893 2260 1950 pro
2297 1877 2563 1935 virtutum
2602 1884 2787 1933 tamen
2821 1876 3022 1933 merito
3048 1875 3357 1933 senioribus
3384 1884 3766 1949 exequarent,

2159 1987 2366 2044 suoque
2410 1969 2586 2028 ordini
2630 1969 2894 2027 ducerent
2944 1970 3318 2037 inserendum,
3363 1970 3501 2026 livor
3534 1968 3625 2026 ille
3670 1972 3770 2043 qui

2162 2067 2453 2125 adversum
2502 2063 2710 2138 Ioseph
2754 2063 3121 2136 patriarcham
3168 2062 3447 2120 fraternos
3489 2062 3771 2134 quondam

2162 2160 2383 2219 animos
2435 2158 2723 2233 instigavit,
2770 2157 3065 2231 quemdam
3114 2156 3184 2214 de
3228 2172 3473 2213 numero
3527 2154 3772 2213 fratrum

2162 2254 2342 2312 edacis
2386 2253 2488 2310 zeli
2526 2254 2651 2331 igne
2693 2251 3005 2320 succendit;
3046 2250 3141 2322 qui
3190 2266 3353 2307 naevo
3397 2249 3657 2323 quodam
3713 2266 3772 2306 ac

2171 2346 2381 2404 macula
2410 2345 2879 2420 pulchritudinem
2894 2344 3010 2417 ejus
3035 2344 3261 2416 cupiens
3287 2342 3635 2410 deformem,
3676 2343 3773 2402 hoc

2163 2456 2339 2515 genus
2403 2440 2762 2512 malignitatis
2818 2440 3125 2513 excogitat,
3188 2447 3252 2495 ut
3302 2439 3773 2512 opportunitatem

2163 2533 2428 2608 temporis
2464 2542 2726 2607 captaret,
2748 2549 2859 2607 quo
2893 2533 3241 2607 Paphnutius
3269 2532 3337 2589 ad
3370 2533 3669 2590 ecclesiam
3692 2533 3774 2591 die

2163 2627 2444 2687 dominico
2469 2642 2825 2700 processurus
2864 2628 3082 2684 abesset
3119 2643 3152 2684 a
3182 2626 3333 2682 cella.
3358 2629 3420 2683 In
3450 2643 3625 2700 quam
3657 2628 3772 2686 fur-

2160 2724 2273 2780 .tim
2296 2723 2530 2793 irruens,
2559 2721 2803 2778 codicem
2822 2736 2989 2778 suum
3009 2723 3034 2757 δ
3063 2721 3213 2777 inter
3239 2720 3351 2792 ejus
3374 2719 3590 2791 plectas,
3624 2738 3772 2793 quas

2162 2817 2233 2874 de
2280 2817 2585 2889 palmarum
2627 2815 2776 2871 foliis
2815 2813 3030 2872 solebat
3057 2814 3311 2882 intexere,
3349 2815 3575 2871 latenter
3623 2814 3766 2874 abs-

453 2908 726 2981 nibusque
755 2912 1032 2968 continuis
1071 2919 1374 2978 vexaretur,
1406 2911 1696 2983 objiciente
1717 2912 1767 2967 ei
1805 2919 1862 2968 et
1880 2909 2055 2967 male-
2165 2908 2385 2976 condit,
2437 2923 2501 2965 ac
2557 2906 2626 2966 de
2675 2908 2995 2965 concinnata
3045 2906 3288 2967 factione
3336 2923 3595 2977 seminis,
3655 2910 3775 2982 ipse

454 3002 589 3059 dicis
638 3003 1131 3065 obtrectationibus
1175 3006 1512 3076 increpante,
1556 3020 1622 3062 eo
1656 3003 1806 3077 quod
1848 3020 1908 3062 se
1941 3021 2053 3061 non
2170 3018 2387 3076 quoque
2426 3002 2573 3059 velut
2614 3017 2769 3075 pum
2794 3017 2860 3059 ac
2902 3001 3167 3073 simplicis
3195 3000 3543 3058 conscientia
3570 3000 3651 3060 ad
3681 3018 3773 3060 ec-

462 3095 532 3151 ad
569 3096 941 3169 refrigerium,
970 3098 1063 3155 sed
1096 3098 1276 3169 potius
1309 3098 1377 3156 ad
1406 3100 1708 3157 crueiatum
1752 3107 1809 3157 et
1852 3108 2054 3157 contu—
2162 3098 2385 3155 clesiam
2431 3097 2597 3154 venit.
2646 3098 2896 3169 Cumque
2940 3096 3213 3155 celebrata
3243 3097 3433 3154 omnis
3471 3096 3683 3155 fuisset
3711 3116 3773 3156 ex

466 3186 689 3243 meliam
740 3189 811 3245 ab
867 3191 1120 3263 episcOpo
1164 3192 1514 3264 poposcisset,
1556 3192 1841 3265 magisque
1880 3208 1940 3249 se
1988 3192 2056 3250 de
2091 3177 2135 3242 C
2174 3208 2330 3251 more
2349 3192 2686 3261 solemnitas,
2727 3192 3000 3265 querelam
3028 3200 3220 3249 sancto
3258 3191 3497 3262 Isidoro,
3530 3193 3624 3265 qui
3650 3204 3776 3251 ante

460 3280 647 3356 requie
689 3283 756 3340 ad
796 3283 1037 3341 laborem
1076 3300 1240 3359 quam
1270 3287 1338 3344 de
1374 3287 1560 3345 labore
1589 3286 1954 3345 transtulisset
1986 3287 2056 3345 ad
2164 3287 2313 3344 hunc
2364 3286 2728 3358 eamdemque
2782 3286 3150 3357 Paphnutium
3196 3284 3553 3359 ejusdemque
3599 3288 3775 3345 eremi

456 3378 726 3450 requiem.
777 3381 914 3439 Cum
944 3396 1072 3456 ergo
1120 3382 1412 3439 assiduitas
1447 3382 1759 3456 jurgiorum
1788 3398 1855 3440 eo
1883 3397 2058 3454 usque
2165 3380 2456 3455 presbyter
2500 3378 2626 3451 fuit,
2654 3394 2839 3436 coram
2883 3379 3098 3436 cunctis
3138 3378 3399 3436 fratribus
3425 3379 3657 3449 detulit,
3686 3398 3775 3439 as-

459 3482 863 3545 prorumpcret,
914 3483 975 3530 ut
1010 3491 1079 3531 ne
1120 3475 1191 3530 ab
1214 3475 1499 3547 injectione
1537 3476 1757 3548 quidem
1790 3491 2056 3534 manuum
2166 3491 2361 3533 serens
2389 3473 2491 3533 sibi
2527 3473 2769 3533 codicem
2805 3472 2874 3531 de
2908 3473 3047 3531 cella
3086 3472 3234 3530 furto
3262 3472 3435 3533 fuisse
3468 3474 3771 3535 sublatum.

457 3578 655 3633 procax
692 3565 887 3621 mulier
915 3574 1267 3636 temperaret,
1299 3566 1390 3621 illa
1418 3575 1601 3623 autem
1628 3568 1938 3626 humilioris
1971 3568 2059 3625 ob-
2175 3572 2310 3641 Quae
2334 3570 2450 3642 ejus
2472 3569 2815 3640 querimonia
2840 3583 2968 3624 cum
2989 3567 3062 3623 ita
3090 3576 3443 3637 cunctorum,
3476 3568 3778 3642 pracipuos-

461 3657 635 3729 sequii
694 3657 1046 3729 ingeminaret
1089 3660 1291 3728 ofﬁcia,
1353 3676 1460 3716 non
1509 3659 1789 3719 furentem
1840 3664 2057 3721 vincere
2163 3677 2271 3734 que
2299 3662 2618 3736 presbyteri,
2638 3662 2853 3720 animos
2885 3660 3261 3734 permovisset,
3292 3671 3355 3719 ut
3376 3663 3508 3735 quid
3526 3665 3775 3734 primum

463 3751 779 3819 renitendo,
808 3751 902 3809 sed
937 3752 1290 3825 semetipsam
1321 3752 1581 3843 humilius
1608 3753 1944 3825 subjiciendo
1970 3755 2056 3812 di-
2161 3755 2577 3827 suSpicarentur.
2625 3754 2820 3825 quidve
2883 3755 3241 3843 decernerent
3307 3773 3416 3813 non
3466 3755 3763 3823 haberent,

461 3841 665 3915 scebat,
694 3852 761 3901 ut
786 3845 1127 3902 multimodis
1149 3842 1563 3918 indignitatibus
1588 3844 1849 3913 lacessita,
1879 3844 2058 3917 objur-
2165 3863 2390 3905 summa
2420 3848 2631 3905 cunctis
2666 3841 3024 3907 admiratione
3047 3851 3333 3922 perculsis,
3358 3850 3424 3908 de
3444 3858 3556 3906 tam
3593 3849 3769 3907 inan-

463 3940 641 4011 gantis
669 3939 931 3995 insaniam
959 3939 1319 3995 humanitatis
1346 3937 2053 3997 mansuetudinedeliniret.
2162 3941 2261 4000 diti
2313 3942 2425 3998 illic
2466 3941 2719 4001 facinoris
2756 3944 3016 4012 novitate,
3060 3944 3151 4001 ille
3194 3945 3287 4017 qui
3335 3961 3454 4001 rem
3497 3943 3773 4001 detulerat

452 4033 666 4103 Quibus
691 4033 757 4089 ad
792 4034 1012 4106 plenum
1046 4034 1316 4090 exercitiis
1344 4031 1697 4104 conﬁrmata,
1730 4034 2057 4107 perfectam-
2168 4045 2454 4095 accusator
2492 4037 2721 4110 urgebat
2756 4046 2838 4106 ut,
2866 4038 3097 4094 retentis
3118 4039 3195 4095 'in
3234 4039 3461 4095 ecclesia
3487 4039 3770 4107 erunibus,

459 4143 565 4199 que
617 4127 876 4184 virtutem
919 4126 1238 4185 desiderata;
1285 4126 1562 4201 patientiae
1609 4138 1923 4197 consecuta,
1984 4110 2075 4189 ad‘
2170 4130 2320 4187 missi
2369 4130 2520 4187 electi
2578 4130 2780 4202 quique
2828 4138 3156 4187 cunctorum
3208 4131 3490 4204 sigillatim
3542 4130 3771 4188 fratrum

461 4232 831 4280 memoratum
883 4223 1249 4291 sacerdotem,
1281 4233 1396 4280 tam
1452 4240 1550 4295 pro
1584 4226 1862 4283 electionis
1912 4226 2054 4284 illius
2162 4223 2388 4280 cellulas
2413 4230 2806 4280 scrutarentur.
2841 4224 3004 4294 Quod
3035 4241 3159 4281 cum
3201 4224 3382 4281 tribus
3410 4225 3721 4282 senioribus
3742 4241 3769 4280 a

458 4313 659 4385 judicio
687 4332 850 4385 quam
883 4317 1047 4371 etiam
1080 4333 1178 4387 pro
1198 4317 1462 4376 beneﬁcio
1491 4320 1890 4377 exercitationis
1916 4336 2051 4391 suae,
2162 4317 2483 4391 presbytero
2531 4316 2722 4374 fuisset
2760 4318 3094 4390 injunctum,
3142 4318 3531 4376 universorum
3569 4320 3767 4377 cubilia

464 4406 659 4476 gratias
695 4408 928 4462 relatura
957 4409 1212 4478 perrexit,
1246 4424 1310 4465 eo
1337 4411 1484 4481 quod
1513 4412 1815 4469 secundum
1843 4413 2052 4471 deside-
2160 4411 2497 4469 revolventes
2532 4411 2602 4467 ad
2639 4419 2949 4468 extremum
2991 4414 3049 4467 in
3090 4412 3374 4485 Paphnutii
3408 4412 3603 4472 cellula
3640 4413 3769 4470 abs-

458 4498 601 4553 rium
640 4514 802 4554 suum
836 4499 1056 4554 tandem
1085 4500 1131 4555 ei
1162 4503 1478 4573 magistram
1510 4506 1780 4575 patientia:
1805 4505 2052 4578 dignissi-
2082 4579 2115 4583 _
2161 4508 2452 4564 conditum
2483 4508 2725 4565 codicem
2756 4509 2895 4565 inter
2932 4510 3134 4582 plectas
3172 4511 3502 4583 palmarum,
3530 4526 3667 4582 quas
3694 4511 3769 4565 illi

463 4608 610 4648 mam
644 4592 988 4664 providisset,
1026 4592 1185 4665 cujus
1219 4594 1427 4666 injuriis
1447 4596 1695 4668 jugibns,
1725 4605 1785 4654 ut
1811 4597 2052 4668 quodam
2082 4579 2131 4642 Β
2161 4600 2295 4659 siras
2328 4610 2548 4672 vocant,
2592 4602 2736 4659 sicut
2777 4619 2907 4660 eum
2934 4602 3219 4661 insidiator
3248 4604 3582 4672 occuluerat,
3613 4619 3766 4675 repe-

454 4687 719 4760 palaestrae
759 4686 901 4753 oleo,
935 4686 1176 4758 quotidie
1202 4688 1458 4746 roborata
1485 4690 1556 4746 ad
1584 4705 1861 4748 summam
1886 4691 2053 4748 animi
2160 4704 2375 4753 rerunt.
2414 4695 2591 4766 Quem
2632 4713 2760 4754 cum
2789 4698 3139 4770 inquisitores
3164 4698 3444 4755 confestim
3468 4696 3535 4752 ad
3576 4697 3763 4753 eccle-

460 4784 775 4855 patientiam
827 4784 1149 4856 perveniret.
1192 4784 1482 4853 Tandem,
1534 4785 1812 4859 inquiens,
1863 4785 2053 4844 dedisti

2162 4788 2307 4853 siam
2331 4789 2573 4846 delatum
2610 4806 2798 4847 coram
2822 4792 3082 4848 omnibus
3110 4794 3481 4864 protulissent,
3504 4790 3768 4864 Paphnu-

461 4876 597 4931 mibi
627 4892 789 4947 quam
812 4892 1122 4949 repausem,
1149 4895 1275 4935 nam
1310 4879 1399 4935 illa
1433 4880 1580 4952 prior
1606 4881 1720 4936 suis
1749 4896 1838 4937 me
1873 4881 2051 4954 potius
2159 4881 2267 4939 tius
2308 4881 2430 4939 licet
2455 4881 2522 4940 de
2550 4883 2902 4941 conscientia:
2930 4899 3043 4942 sum
3074 4893 3219 4942 esset
3253 4886 3571 4942 sinceritate
3604 4900 3768 4941 secn-

456 4966 761 5023 honorabat
798 4986 860 5024 ac
902 4970 1256 5042 refrigerahat
1294 4974 1593 5047 obsequiis.
1633 4978 1768 5034 Haec
1807 4975 1875 5032 de
1917 4991 2047 5032 sexu

362 5119 369 5124 ,
453 5061 702 5118 muliebri
749 5060 949 5119 dixisse
980 5063 1234 5133 sufﬁciat,
1276 5076 1337 5123 ut
1378 5071 1908 5128 commemoratione
1948 5070 2051 5129 hac

2156 4990 2275 5044 rus,
2308 4984 2492 5034 tamen
2516 4977 2662 5034 velut
2687 4978 2779 5048 qui
2812 4976 2943 5035 furti
2972 4978 3189 5036 crimen
3230 4988 3580 5053 agnosceret,
3608 4979 3764 5037 satis-

2162 5070 2375 5128 factioni
2403 5087 2461 5128 se
2482 5079 2659 5129 totum
2681 5071 2919 5142 tradidit,
2942 5073 3235 5147 locumque
3266 5075 3607 5146 pmnitentizc
3638 5089 3767 5145 sup.

1544 5246 1801 5302 ALARDI
1841 5247 2069 5303 GAZ/EI
2106 5241 2663 5315 COMMENTARIUS.

466 5463 477 5474 ε
532 5395 883 5475 {.Paphnutio
911 5394 1043 5450 alias
1068 5394 1282 5475 prali,
1307 5396 1437 5475 alias
1474 5396 1722 5468 Cephalae
1748 5413 2055 5475 cognomen

463 5463 706 5544 inditum
736 5465 905 5544 fuisse
933 5466 1241 5544 notavimus
1266 5463 1448 5525 collat.
1481 5475 1512 5525 3
1541 5463 1662 5544 cap,
1694 5475 1743 5537 1,
1771 5463 1894 5542 qua:
1936 5470 2054 5543 ejus

459 5536 687 5588 nomine
734 5536 1063 5595 inscribitur.
1096 5540 1234 5595 Sunt
1273 5549 1457 5596 tamen
1495 5536 2057 5599 uui'duos'statuunt

457 5611 516 5685 et
542 5600 797 5685 diversos
822 5610 1152 5685 Paphnut‘ios
1191 5630 1202 5664 :
1236 5612 1471 5685 alterum
1500 5600 1812 5684 Cephalam,
1832 5613 1917 5685 ide
1943 5630 2052 5685 quo

460 5671 733 5730 Palladius
760 5691 878 5756 cap:
896 5671 967 5734 '91
993 5701 1008 5747 ;
1028 5680 1559 5756 alterumABubalum
1579 5671 2056 5756 cognominatum,

461 5759 718 5826 eumque.
734 5747 1110 5826 presbyterum
1137 5752 1451 5821 Sectiotem,
1480 5752 1546 5810 de
1590 5747 1699 5825 quo
1736 5754 1823 5810 hic
1857 5747 2053 5826 agitur,

452 5824 515 5872 ut
543 5825 598 5873 et
615 5817 908 5874 collatione
926 5820 1102 5874 tertia.

2232 5403 2256 5435 δ
2282 5399 2506 5477 Plectaa,
2533 5409 2596 5456 ut
2618 5403 2829 5459 notavit
2864 5402 3336 5477 Ciaconius,rqnas
3376 5403 3772 5477 Aigyptisiras

2164 5478 2377 5540 vocant,
2420 5470 2651 5531 habenae
2694 5483 2847 5542 sunt,
2885 5482 2982 5531 aut
3027 5470 3249 5547 virgula:
3285 5492 3317 5531 e
3353 5470 3556 5547 palma,
3593 5474 3769 5547 junco

2161 5550 2254 5619 aut
2293 5551 2481 5619 sparto
2522 5553 2790 5619 contextae
2816 5585 2834 5619 ,
2873 5560 2937 5599 ex
2981 5545 3177 5619 quibus
3217 5545 3469 5619 sponte,
3499 5545 3768 5619 canistra.

2161 5614 2373 5684 aliaque
2416 5614 2615 5671 similia
2641 5614 3036 5684 conficiuntur;
3079 5614 3316 5673 dictae'a
3363 5617 3529 5673 verbo
3571 5615 3769 5679 πλέκω.

2164 5686 2551 5760 q_uod_necto,_
2591 5687 2670 5760 vel
2710 5686 2911 5756 plecto,
2950 5687 3217 5760 significat
3273 5687 3534 5745 Similiter
3578 5687 3769 5760 Gljaaci

2163 5755 2581 5832 τελεκῖὴν-εεφάχ
2626 5755 3067 5832 interpretantur.
3094 5759 3372 5832 Frequens
3397 5768 3488 5832 est
3517 5757 3767 5814 vocabu-

2165 5827 2277 5883 lum
2302 5827 2355 5884 in
2387 5827 2530 5885 Vitis
2550 5827 2792 5894 Patrum}
2818 5829 2909 5886 ubi
2939 5830 3101 5887 etiam
3133 5827 3291 5888 flecte
3308 5830 3521 5889 dicitur.
