4000 6206
449 268 582 320 illi)

1541 260 1821 318 JOANNIS
1856 259 2157 318 CASSlANl
2196 259 2685 317 COLLATIONES.

3591 214 3749 313 .ll20

446 403 540 444 nos
573 391 651 443 est
678 388 824 458 (Luc.
847 391 1021 453 xvu),
1051 384 1126 440 ita
1154 384 1362 439 inimici
1386 384 1614 439 hominis
1644 386 1919 441 domestici
1943 386 2058 457 ejus
2086 392 2138 452 Α
2168 394 2369 459 potest,
2417 385 2516 440 nisi
2545 384 2594 440 ei
2640 383 2708 440 ad
2742 378 3048 439 nocendum
3094 381 3236 437 vires
3269 378 3524 453 adjecerit
3573 383 3755 451 perci-

441 481 665 547 (Matth.
714 480 797 550 x).
856 482 1033 537 Nemo
1070 479 1222 555 enim
1257 476 1394 533 mihi
1435 478 1609 550 magis
1652 493 1817 549 quam
1862 494 2055 536 sensus

448 588 629 643 meus,
668 574 761 646 qui
786 581 868 629 est
894 572 1030 628 mihi
1056 572 1178 626 vere
1227 569 1450 627 intimus
1477 569 1832 641 domesticus,
1866 572 2056 628 adver-

449 675 626 725 satur.
674 669 747 722 Et
784 666 986 722 idcirco
1015 664 1059 720 si
1105 662 1374 720 fuerimus
1401 664 1637 733 solliciti,
1672 665 1741 721 ab
1779 664 2054 721 intestinis

448 761 699 818 hostibus
742 760 866 818 laedi
914 760 1146 816 minime
1196 760 1515 831 poterimus.
1564 758 1674 816 Ubi
1719 760 1865 817 enim
1896 760 2056 817 nobis

447 854 627 911 nostri
653 852 934 909 domestici
955 869 1067 908 non
1088 851 1463 918 adversantur,
1496 852 1570 909 ibi
1602 862 1657 909 et
1692 869 1925 925 regnum
1953 854 2053 911 Dei

448 947 843 1020 tranquillitate
890 948 1090 1003 mentis
1150 946 1470 1017 acquiritur.
1509 950 1650 1003 Nam
1696 947 1742 1002 si
1783 948 2051 1003 rationem

449 1038 744 1113 diligenter
773 1040 1055 1107 discutias,
1086 1037 1210 1095 laedi
1240 1037 1310 1095 ab
1340 1037 1564 1095 homine
1592 1040 1845 1111 quamvis
1888 1040 2050 1097 mali-

450 1141 648 1207 gnante
674 1150 788 1190 non
827 1142 1038 1205 potero,
1079 1132 1124 1187 si
1153 1132 1267 1203 ipse
1305 1131 1606 1205 impaciﬂco
1643 1132 1934 1189 adversum
1962 1148 2053 1189 me

452 1225 619 1283 corde
642 1242 754 1282 non
779 1227 1061 1283 dimicem.
1094 1226 1152 1282 Si
1178 1235 1361 1283 autem
1392 1225 1581 1293 laedor,
1610 1241 1721 1283 non
1752 1234 1836 1283 est
1856 1227 2051 1283 vitium

453 1320 883 1393 impugnationis
924 1320 1148 1387 alienae,
1190 1319 1287 1376 sed
1310 1319 1661 1392 impatientia:
1706 1335 1863 1376 meae.
1903 1321 2054 1377 Sicut

455 1414 606 1471 enim
635 1413 811 1487 gravis
857 1429 923 1470 ac
965 1413 1171 1470 solidus
1213 1413 1366 1470 cibus
1393 1428 1528 1470 sano
1573 1413 1748 1481 utilis,
1777 1413 1850 1470 ita
1879 1413 2055 1487 perni-

454 1509 639 1566 ciosus
675 1515 760 1565 est
785 1507 1092 1580 aegrotanti.
1125 1511 1253 1564 Non
1291 1515 1474 1564 autem
1506 1508 1701 1565 laadere
1743 1515 2053 1564 sumentem

2165 481 2366 552 pientis
2395 479 2704 535 inﬁrmitas.
2736 479 2790 535 Si
2814 492 3078 549 umquam
3099 491 3228 548 ergo
3250 474 3441 531 similis
3474 475 3617 530 inter
3644 474 3760 531 ira-

2160 584 2274 630 tres
2302 574 2463 630 fuerit
2489 574 2685 631 oborta
2715 573 2962 634 tentatio.
2978 585 3321 645 nequaquam
3348 585 3378 625 a
3406 584 3574 626 cursu
3596 577 3762 626 tran-

2162 668 2443 740 quillitatis
2474 668 2717 737 excussi,
2749 666 3075 739 blasphemis
3110 662 3453 722 sacularium
3482 664 3763 721 obtrecta-

2161 761 2407 817 tionibus
2448 760 2657 816 aditum
2694 774 3022 816 reseremns.
3082 761 3195 814 Nec
3247 771 3540 830 perversos
3593 766 3763 830 atque

2162 854 2519 912 exsecrabiles
2578 870 2828 927 quosque
2871 861 3186 910 sanctorum
3232 851 3475 908 virorum
3525 866 3765 909 numero

2160 950 2394 1007 insertos
2424 950 2634 1006 latitare
2667 949 2953 1016 miremur,
2974 947 3097 1020 quia
3133 945 3268 1003 dum
3316 946 3371 1001 in
3400 944 3567 1018 hujus
3592 960 3767 1003 sanen-

2163 1044 2259 1099 lari
2310 1059 2437 1099 area
2484 1043 2876 1100 conculcamur
2912 1049 3074 1112 atque
3114 1039 3488 1105 conterimur,
3536 1053 3768 1095 necesse

2160 1140 2184 1170 ³
2225 1145 2308 1193 est
2351 1137 2515 1193 etiam
2554 1138 2734 1209 paleas
2773 1134 2883 1207 igni
2930 1143 3189 1206 perpetuo
3230 1129 3569 1204 deputanda:
3615 1133 3769 1188 inter

2160 1230 2486 1286 electissima
2511 1228 2784 1287 frumenta
2824 1228 3066 1285 misceri.
3108 1226 3356 1299 Denique
3401 1226 3445 1282 si
3475 1226 3560 1281 vel
3599 1227 3769 1282 Satan

2161 1323 2301 1379 inter
2323 1323 2565 1395 angelos,
2606 1324 2688 1379 vel
2729 1320 2929 1378 Judam
2976 1321 3119 1376 inter
3145 1319 3460 1392 apostolos,
3486 1319 3575 1375 vel
3615 1312 3645 1351 δ
3672 1318 3768 1374 Ni-

2159 1416 2371 1473 colaum
2415 1416 2751 1488 pravissimis
2786 1415 3059 1472 haereseo
3100 1415 3445 1469 inventorem
3476 1413 3627 1468 inter
3650 1412 3769 1469 dia-

2161 1523 2330 1565 conos
2353 1509 2773 1566 reminiscamur
2804 1508 3027 1577 electos,
3058 1505 3165 1562 hoc
3200 1504 3348 1578 quod
3385 1513 3409 1541 ε
3437 1506 3768 1578 nequissimi

1554 1658 1808 1714 ALARDI
1848 1657 2074 1712 (ΞΑΖᾸΞΙ
2114 1654 2672 1713 COMMENTARIUS.

532 1783 558 1812 ³
592 1779 735 1864 scita
764 1783 1056 1864 sententia,
1095 1790 1151 1864 e_t
1177 1791 1294 1837 tam
1339 1782 1638 1864 Scr-imprae
1678 1781 2051 1864 quamnljatri-
2083 1785 2132 1848 Β
2163 1797 2258 1864 nos
2294 1782 2572 1864 et_auditu
2609 1777 3425 1864 quoqueeubescendossoitus
3445 1776 3765 1864 somniaeg:

456 1850 562 1924 bus
609 1851 913 1924 decantata,
960 1869 1066 1924 qua
1106 1854 1372 1909 docemur
1415 1850 1478 1909 in
1512 1850 1746 1909 Ecclesia
1786 1853 2056 1924 militante

458 1923 636 1995 malos
664 1923 819 1979 bonis
838 1939 953 1995 esse
979 1923 1302 1995 permixtos,
1341 1924 1481 1980 sicut
1516 1925 1572 1980 in
1598 1938 1792 1979 acervo
1816 1923 2055 1979 triticum

342 1996 351 2008 '
458 2001 513 2067 et
541 1993 690 2064 palea
710 1993 1104 2067 permiscentur
1122 2005 1413 2067 antequam
1442 1996 1784 2067 ventilentur
1799 2002 1853 2049 et
1876 2009 2058 2067 emun-

457 2064 672 2137 dentur.
693 2064 857 2122 Unde
884 2065 1126 2122 Isidorus
1163 2064 1418 2137 (Etgmol.
1444 2082 1571 2123 xvu
1592 2082 1712 2137 cap.
1750 2064 1792 2133 l)
1821 2082 1836 2120 :
1866 2065 2053 2137 Palea,

460 2135 653 2206 inquit,
673 2152 708 2190 a
722 2137 1049 2206 quibusdam
1066 2141 1250 2193 vocari
1260 2135 1492 2201 dicitur,
1524 2135 1668 2207 quod
1682 2137 1816 2207 pala
1832 2135 2057 2191 uentile-

460 2212 553 2261 tur
562 2210 624 2261 ut
633 2208 913 2274 frumenta
926 2214 1249 2278 purgentur.
1268 2209 1413 2263 Hinc
1426 2207 1680 2263 Ieremia:
1695 2221 1889 2278 _xxm:
1912 2207 2058 2274 Quid

453 2278 625 2348 paleis
667 2279 742 2333 ad
781 2276 1067 2333 triticum?
1088 2280 1220 2333 dicit
1250 2282 1526 2335 Dominus.
1555 2276 1718 2348 Quod
1756 2278 2057 2347 Apostolus

459 2348 579 2404 aliis
598 2349 779 2405 verbis
807 2349 1069 2419 expressit
1096 2368 1109 2403 :
1140 2350 1269 2416 Qua:
1286 2351 1637 2419 participatio
1661 2349 1901 2418 justitia:
1937 2365 2058 2404 cum

462 2422 789 2491 iniquitate?
817 2426 914 2476 aut
952 2436 1071 2491 quae
1093 2423 1318 2476 societas
1340 2421 1444 2474 luci
1454 2419 1544 2491 _ad
1568 2420 1811 2491 tenebras
1832 2419 1905 2491 (ll
1937 2421 2054 2477 Cor.

461 2489 581 2561 v1)?
609 2494 677 2547 Et
692 2492 933 2547 Matthaii
960 2489 1056 2556 in,
1074 2500 1128 2546 et
1150 2493 1318 2548 Lucae
1340 2505 1415 2547 111
1439 2489 1510 2546 de
1529 2489 1802 2546 Salvatore
1818 2489 2017 2545 dicitur
2041 2506 2055 2544 :

460 2562 624 2631 Cujus
636 2564 992 2618 uentilabrum
1009 2565 1065 2618 in
1080 2579 1254 2619 manu
1266 2579 1386 2631 sua,
1404 2567 1454 2618 et
1470 2561 1856 2633 permundabit
1874 2576 2059 2616 aream

460 2646 651 2699 suam;
683 2638 735 2688 et
756 2635 1100 2704 congregabit
1122 2637 1359 2690 triticum
1384 2649 1541 2689 suum
1568 2636 1634 2704 in
1653 2634 1926 2704 horreum,
1950 2648 2055 2702 pa-

460 2704 581 2775 leas
620 2709 802 2760 autem
835 2702 1096 2761 comburet
1130 2709 1247 2775 igni
1284 2703 1733 2775 inemstinguibili.
1766 2702 1885 2775 Ubi
1932 2718 2059 2759 area

463 2774 721 2842 Ecclesia,
746 2776 1000 2848 triticum
1042 2774 1224 2845 electi,
1249 2776 1372 2848 quia
1401 2774 1694 2848 fructuo‘si,
1728 2774 1899 2847 pleni,
1936 2789 2058 2848 gra-

465 2861 663 2919 vesque
701 2846 1030 2919 _virtutibus;
1064 2844 1218 2919 palea
1260 2844 1386 2903 vero
1431 2844 1667 2919 improbi
1715 2844 1771 2919 et
1814 2844 2057 2919 reprobi,

464 2914 593 3044 quia
630 2915 992 2982 infructuosi,
1022 2914 1247 2984 inanes,
1297 2924 1357 2973 et
1402 2914 1555 2975 vacui
1601 2914 1759 2972 bonis
1800 2914 2057 2986 operibus

503 2988 839 3044 esianantur.
873 2990 941 3044 D.
978 2990 1345 3044 Hieronvmus
1394 2987 1493 3044 lib.
1547 3003 1571 3044 1
1612 2986 1871 3043 adversus
1907 2985 2057 3041 Pela-

503 2988 839 3060 esignantur.
873 2990 941 3044 D.
978 2990 1345 3060 Hieronymus
1394 2987 1493 3060 lib.
1547 3003 1571 3044 1
1612 2985 1871 3043 adversus
1905 2985 2058 3060 _Pela-

504 3058 661 3113 ianbs
686 3077 699 3112 :
725 3062 783 3113 In
800 3075 947 3127 agro,
970 3060 1067 3129 ait,
1090 3058 1384 3121 Dominico,
1408 3059 1700 3114 dormiente
1723 3058 2057 3127 patrefami—

487 3128 588 3192 ias,
605 3131 739 3183 inim
746 3131 855 3183 icus
873 3131 1024 3184 homo
1044 3130 1260 3183 zizania
1280 3133 1693 3199 superseminat;
1711 3131 1762 3182 et
1779 3128 2053 3194 frumento

466 3199 617 3261 bono,
644 3200 775 3253 dum
811 3203 1094 3268 nescimus,
1124 3201 1309 3256 lolium
1337 3215 1639 3271 auenasque
1667 3199 1871 3254 steriles
1903 3202 2055 3254 sator

463 3272 752 3343 nocturnus
797 3273 1069 3326 interserit
1106 3291 1123 3327 :
1155 3272 1273 3328 ideo
1312 3273 1575 3343 parabola
1611 3271 1718 3325 ista
1772 3271 2066 3339 euangelici

460 3342 640 3412 patris
656 3343 902 3410 familias
930 3344 1285 3412 formidanda
1311 3342 1406 3407 est,
1438 3344 1537 3413 qui
1551 3344 1750 3414 purgat
1777 3356 1960 3414 aream
1989 3347 2058 3414 et,

464 3414 738 3480 frumento
762 3414 965 3470 horreis
989 3417 1218 3483 condito,
1236 3417 1422 3486 paleas
1440 3413 1717 3470 ventorum
1734 3413 1951 3486 ﬂatibus
1979 3413 2064 3467 di-

467 3486 792 3553 spergendas
806 3491 859 3540 et
885 3489 1119 3541 urendae
1148 3485 1366 3554 ignibus
1389 3486 1732 3555 derelinquit.
1764 3485 1910 3541 Unde
1935 3488 1986 3539 et
2004 3486 2063 3539 in

465 3557 694 3608 Jeremia
705 3558 961 3622 scriptum
984 3558 1204 3623 legimus
1221 3572 1241 3609 :
1258 3557 1398 3620 Quid
1405 3558 1577 3624 paleis
1601 3556 1675 3609 ad
1692 3557 2021 3622 frumentum
2035 3559 2063 3609 ?

467 3624 599 3677 dicit
615 3627 872 3678 Dominus
889 3628 1097 3686 (Jerem.
1118 3631 1317 3689 xxm).
1344 3626 1517 3678 Paleas
1536 3630 1715 3678 autem
1740 3642 1775 3678 a
1788 3627 2062 3691 frumento

467 3695 524 3746 in
543 3696 989 3765 consummatione
1010 3697 1192 3750 saculi
1209 3699 1558 3763 separantur.
1576 3698 1665 3750 Ea-
1682 3711 1786 3764 quo
1803 3696 2064 3765 approba-

469 3768 581 3827 tur,
614 3764 743 3819 dum
770 3780 955 3820 sumus
977 3768 1039 3820 in
1077 3780 1291 3835 corpore
1321 3767 1424 3835 isto
1450 3767 1689 3827 mortali,
1728 3768 1931 3819 mia-tas
1954 3780 2064 3820 esse

466 3837 669 3910 tritico.
692 3839 757 3892 D.
784 3838 1119 3910 Augustinus
1147 3834 1205 3891 in
1238 3834 1479 3910 quodam
1506 3849 1757 3890 sermone
1776 3837 1964 3910 (Serm.
1993 3839 2061 3891 22

467 3908 533 3963 de
564 3912 817 3978 tempore)
847 3905 1139 3970 (Fratres,
1171 3922 1309 3976 saepe
1336 3907 1605 3978 discimus,
1635 3920 1774 3978 saepe
1812 3905 2060 3970 dicimus,

468 3983 520 4033 et
545 3977 808 4048 quamdiu
831 3981 1130 4033 uiderimus
1164 3979 1335 4032 dicere
1361 3977 1637 4039 debemus,
1676 3977 1808 4045 quia
1829 3977 2065 4033 Ecclesia

468 4051 722 4119 temporis
748 4049 911 4119 hujus
940 4055 990 4105 et
1006 4050 1221 4120 paleam
1253 4050 1407 4103 habet
1441 4051 1492 4103 et
1517 4049 1872 4120 frumentum.
1903 4050 2063 4105 Nemo

469 4125 678 4192 quwrat
710 4122 973 4192 expellere
1002 4119 1239 4192 paleam,
1280 4121 1390 4175 nisi
1411 4123 1645 4192 tempore
1678 4119 2061 4184 uentilationis,

467 4191 573 4249 etc.
601 4193 657 4249 S.
698 4191 1115 4266 Gregoriuslib.
1146 4206 1336 4248 XXXIV
1361 4191 1656 4266 Moralium
1687 4206 1807 4260 cap.
1835 4205 1864 4242 v
1887 4209 1901 4266 _:
1937 4194 2067 4266 _Post

466 4266 745 4327 trituram,
775 4262 969 4334 in‘quit,
988 4267 1113 4318 vita
1131 4264 1436 4333 prasentis,
1454 4264 1512 4316 in
1541 4278 1649 4332 qua
1662 4277 1804 4316 nunc
1820 4262 2063 4317 triticum

468 4334 567 4387 sub
597 4335 773 4402 paleis
810 4338 994 4402 gemit,
1040 4337 1120 4388 ita
1148 4335 1240 4387 illo
1268 4335 1498 4388 extremi
1525 4334 1731 4402 judicii
1764 4334 2063 4387 ventilabro

470 4405 710 4457 triticum
718 4405 982 4471 paleaque
994 4404 1340 4464 discernitur,
1356 4407 1420 4457 ut
1437 4419 1529 4457 nec
1542 4406 1599 4458 in
1624 4405 1795 4458 tritici
1817 4404 2066 4459 horreum

464 4473 637 4541 palea:
666 4476 957 4533 transeant,
985 4488 1078 4527 nec
1102 4475 1159 4525 in
1179 4474 1460 4542 palearum
1478 4475 1657 4542 ignem
1685 4475 1868 4528 horrei
1893 4471 2068 4543 grana

468 4542 804 4597 dilabantur.
839 4544 972 4598 Haec
1000 4543 1092 4597 SS.
1125 4543 1330 4599 Patres.

540 4615 566 4649 δ
590 4615 670 4670 De
700 4613 921 4685 Nicolao
946 4611 1195 4685 diacono,
1220 4629 1331 4669 uno
1350 4628 1416 4668 ex
1440 4621 1652 4685 septem
1675 4612 1866 4683 primis
1882 4613 1975 4685 qui
2001 4614 2072 4671 ab

468 4684 730 4758 apostolis
759 4684 996 4742 ordinati
1028 4684 1281 4758 leguntur
1299 4686 1444 4758 (Act.
1473 4684 1556 4758 v),
1578 4684 1703 4739 duae
1721 4684 2073 4758 reperiuntur

467 4754 821 4829 antiquorum
848 4754 1154 4829 sententia.
1185 4756 1428 4829 Plerique
1454 4755 1866 4829 enimasserunt
1887 4754 2070 4829 ipsum

468 4828 536 4882 ab
583 4825 822 4884 Ecclesia
864 4827 1131 4884 catholica
1174 4825 1459 4896 defecisse,
1506 4836 1562 4882 et
1609 4825 1669 4882 in
1715 4825 2068 4896 turpissimos

465 4912 679 4953 errores
712 4898 996 4955 delapsum
1024 4897 1276 4955 docuisse
1303 4899 1444 4955 inter
1471 4897 1574 4954 alia
1604 4897 1769 4954 licere
1803 4897 2066 4954 fornicari

470 4975 525 5021 et
551 4966 701 5043 omni
722 4966 1007 5043 libidinum
1044 4985 1238 5043 genere
1264 4968 1554 5043 inquinari.
1587 4971 1766 5043 Ita__D.
1792 4967 2062 5043 Hierony-

469 5052 595 5111 mus
619 5039 820 5111 (Epist.
860 5044 911 5104 1)
940 5047 1063 5108 post
1098 5039 1460 5109 antiquiores,
1498 5040 1891 5097 Tertullianum
1926 5039 2063 5111 (Lib.

468 5109 535 5164 de
580 5108 856 5183 Prwsc_r.),
900 5111 1193 5183 Irenaeum,
1224 5108 1592 5183 Epiphanium
1639 5127 1651 5162 :
1683 5108 1941 5167 Attendis
1971 5114 2067 5167 Pe-

470 5186 615 5253 trum
631 5185 660 5236 φ
677 5181 770 5236 sed
797 5184 847 5253 et
873 5180 1074 5235 ludam
1100 5180 1371 5237 consident
1395 5202 1411 5238 :
1442 5184 1771 5253 Stephanum
1797 5184 2065 5251 suspicis?

466 5252 567 5308 sed
593 5259 646 5309 et
667 5252 950 5309 Nicolaum
975 5254 1193 5320 respice,
1226 5269 1381 5323 quem
1391 5252 1648 5310 Dominus
1662 5256 1720 5307 in
1734 5254 2064 5323 Apocalypsi

467 5338 568 5378 sua
584 5324 813 5379 damnat
837 5326 1102 5379 sententia
1120 5326 1306 5395 (Apoc.
1337 5327 1382 5390 1)
1404 5326 1533 5393 gqui
1553 5329 1667 5378 tam
1690 5325 1875 5392 turpia
1900 5328 1951 5378 et
1967 5339 2065 5378 ne-

467 5396 644 5461 fanda
668 5400 988 5451 commentus
1018 5399 1117 5459 est,
1140 5401 1201 5451 ut
1224 5397 1612 5454 Nicolaitarum
1638 5395 1857 5449 haresis
1877 5410 1946 5449 ea:
1964 5395 2062 5449 illa

465 5465 647 5521 radice
669 5471 943 5522 nascatur.
978 5468 1045 5522 Et
1075 5467 1237 5538 epist.
1281 5471 1352 5522 48
1377 5464 1449 5521 ad
1483 5464 1834 5523 Sabinianum
1875 5465 2067 5522 diaco-

466 5549 603 5607 num
633 5553 648 5589 :
674 5541 750 5593 De
780 5538 1056 5607 quondam
1093 5539 1305 5593 ordinis
1344 5540 1428 5593 tui
1462 5538 1766 5594 hominibus
1816 5539 2067 5595 Nicotaus

467 5606 832 5663 Antiochenus
857 5610 1331 5664 immunditiarum
1344 5610 1583 5665 omnium
1603 5613 1655 5665 et
1673 5610 2066 5668 Nicolaitarum

466 5675 717 5751 hereseos
742 5683 934 5751 auctor
952 5682 1219 5751 exstitisse
1244 5682 1503 5748 refertur.
1530 5682 1746 5737 Rursus
1770 5680 1827 5734 in
1850 5679 2066 5751 dialogo

464 5746 730 5820 adversus
769 5747 1145 5820 Lucifer-ianos
1190 5746 1339 5820 (Cap.
1381 5750 1435 5819 8)
1482 5768 1496 5805 :
1528 5752 1779 5808 Nicotaus
1816 5764 1956 5804 unus
2000 5746 2068 5805 de

466 5822 666 5889 septem
693 5818 957 5881 diaconis,
985 5819 1072 5874 die
1096 5818 1358 5888 noctuque
1380 5818 1601 5891 nuptias
1627 5821 1855 5887 faciens,
1881 5820 2068 5877 obscae-

2107 4509 2152 4571 D
2179 4474 2368 4571 Ἠέῗῦ
2699 4476 3319 4571 ζηέἒεἮίίΒῖηὲτῖέέΕλῗῖῗ

2166 1854 2301 1908 Haec
2344 1855 2411 1907 D.
2456 1844 3069 1923 Hieroiiymus.__Quam
3115 1846 3433 1923 opinionem
3471 1847 3646 1923 etiam
3676 1844 3772 1901 hic

2164 1932 2357 1998 euctor
2395 1914 2680 1998 sequitur.'
2693 1926 2770 1977 At
2803 1920 2889 1976 alii
2909 1914 2949 1977 ἒ
2976 1914 3193 1976 diverso
3235 1917 3439 1998 doeent
3461 1914 3771 1998 Nicolaum

2165 1993 2335 2050 fuisse
2378 1987 2557 2073 virum
2589 1992 2737 2073 pium
2776 1999 2831 2048 et
2880 1999 3160 2073 sanctumg
3196 1988 3293 2073 sed
3320 1987 3633 2073 Nicolaitas,

2165 2064 3085 2212 ﬂag:ningpgtiigegairggco?
3098 2059 3775 2212 {$238333ng

2165 2214 2249 2261 tas
2277 2197 2457 2278 dictos
2490 2224 2504 2261 :
2537 2197 2682 2278 quod
2709 2203 2784 2278 illi
2809 2202 3072 2259 nimirum
3101 2206 3203 2278 (Aut
3230 2216 3359 2278 mos
3376 2210 3461 2257 est
3484 2200 3778 2278 ἣξει-θῆρ-

2165 2277 2313 2347 rum)
2357 2285 2416 2333 ut
2443 2271 2692 2334 haeresim
2727 2274 2960 2347 honesto
2981 2273 3208 2347 nomine
3234 2271 3556 2347 pelliarent,
3580 2286 3645 2327 se
3676 2273 3775 2328 Ni-

2166 2343 2407 2419 colai'tas.
2456 2348 2630 2419 quasi
2652 2345 3189 2419 Nicolaidiscipulos
3231 2343 3369 2419 falso
3407 2350 3465 2398 et
3494 2343 3776 2415 jactanter

2166 2414 2528 2474 nominarent.
2570 2416 2707 2474 Vide
2728 2414 3152 2474 Eusebium—lib.
3184 2429 3261 2471 111
3282 2414 3645 2486 Histor.’cap.
3681 2418 3775 2470 23.

2238 2498 2259 2523 ο
2282 2490 2354 2562 D.
2375 2489 2718 2562 Augustinus
2731 2488 2794 2562 in
2810 2486 2941 2562 psal.
2959 2493 3558 2562 cxxxncommentans
3577 2507 3590 2539 :
3609 2488 3774 2562 Sunt,

2167 2559 2363 2631 inquit,
2406 2564 2456 2615 et
2469 2558 2739 2616 'monachi
2760 2558 2916 2627 falsi.
2954 2561 3023 2616 Et
3052 2573 3146 2613 nos
3182 2559 3427 2611 novimus
3458 2558 3633 2631 tales;
3680 2559 3780 2612 sed

2165 2630 2273 2685 non
2276 2633 2467 2756 dperiit
2489 2633 2812 2699 fraternitas
2834 2632 2933 2700 pia
2949 2634 3170 2713 propter
3200 2643 3285 2683 eos
3322 2631 3423 2711 qui

2169 2717 2274 2756 auo
2348 2718 2452 2756 non
2492 2707 2640 2756 sunt.
2675 2705 2805 2756 Tam
2834 2707 2962 2756 sunt
2998 2715 3141 2756 enim
3168 2700 3410 2754 monachi
3437 2700 3571 2756 falsi
3600 2716 3778 2756 auom

2169 2700 2314 2771 quod
2348 2718 2452 2757 non
2492 2707 2640 2758 sunt.
2675 2705 2811 2771 Tam,
2834 2700 2962 2756 sunt
2998 2703 3141 2756 enim
3168 2700 3416 2754 monachi
3435 2700 3579 2767 falsi
3600 2716 3778 2769 quam

2170 2770 2221 2827 et
2240 2772 2419 2828 clerici
2438 2774 2593 2840 falsi,
2623 2778 2674 2829 et
2689 2770 2868 2842 ﬁdeles
2889 2772 3038 2841 falsi.
3063 2772 3256 2828 Omnia
3279 2773 3375 2824 ista
3387 2773 3499 2842 tria
3524 2786 3773 2842 genera,

2169 2846 2376 2910 fratres
2395 2847 2520 2908 mei,
2543 2860 2660 2913 qua:
2673 2840 2967 2912 aliquando
2984 2840 3636 2913 vobisconunerzdaminus,
3664 2841 3779 2895 ha-

2170 2913 2293 2968 bent
2332 2914 2487 2970 bonos
2530 2911 2671 2977 suos,
2716 2911 2911 2969 habent
2945 2915 3111 2969 malos
3146 2927 3288 2968 suos.
3311 2915 3377 2967 De
3402 2911 3577 2965 tribus
3617 2915 3778 2966 enim

2162 2985 2294 3054 ipsis
2322 2986 2601 3053 generibus
2618 2985 2821 3039 dictum
2842 2988 2921 3039 est
2945 3004 2962 3039 :
2998 2989 3116 3041 Duo
3141 2986 3363 3052 inagro,
3384 2997 3782 3038 unusassume

2166 3059 2276 3119 tur,
2315 3061 2365 3110 et
2395 3071 2535 3112 unus
2561 3057 2933 3125 relinquetur;
2973 3060 3025 3110 et
3050 3055 3157 3109 duo
3188 3057 3242 3109 in
3267 3056 3414 3115 lecto,
3436 3069 3579 3109 unus
3604 3070 3779 3109 αδετι-

2091 3134 2136 3199 ρ
2165 3132 2360 3192 metur,
2386 3130 2437 3182 et
2456 3143 2596 3183 unus
2615 3128 2977 3199 relinquetur;
3004 3130 3056 3182 et
3084 3127 3207 3181 dua:
3226 3128 3283 3199 in
3306 3125 3636 3188 molendino,
3662 3141 3779 3180 una

2168 3202 2491 3261 assumetur,
2522 3203 2574 3254 et
2596 3214 2705 3253 una
2727 3198 3064 3266 relinquetur
3089 3197 3300 3262 (Matth.
3332 3199 3529 3263 xxxv).
3550 3199 3613 3252 In
3642 3213 3784 3266 agro

2168 3273 2314 3336 sunt,
2342 3271 2442 3339 qui
2473 3270 2771 3338 gubernant
2796 3268 3101 3325 Ecclesium.
3142 3267 3290 3324 Unde
3317 3267 3450 3322 dicit
3473 3268 3778 3337 Apostolus

2170 3340 2404 3425 (Wet?-
2433 3343 2487 3395 εί
2508 3356 2628 3425 re?
2665 3342 2724 3394 ίη
2741 3355 2886 3423 eam
2914 3343 3092 3425 ενα.τ)ε
3140 3340 3781 3425 ξσρλοζίξηξαυιιὲροιέο

2170 3413 2405 3481 rigavit,-
2430 3411 2524 3466 sed
2559 3415 2700 3467 Deus
2728 3413 3111 3493 incrementum
3140 3410 3293 3493 dedit
3323 3410 3369 3479 (Ι
3399 3411 3519 3465 Cor.
3552 3416 3683 3494 ιιι).
3720 3414 3776 3466 ιη

2171 3482 2299 3563 ζεοιο
2317 3486 2499 3563 autem
2511 3498 2595 3537 eos
2615 3482 2850 3563 intelligi
2868 3483 3061 3563 voluit,
3080 3497 3175 3563 qui
3540 3486 3783 3563 quietem

2171 3553 2288 3623 (per
2316 3555 2505 3608 lectum
2536 3556 2676 3609 enim
2694 3555 2922 3623 quietem
2944 3554 3112 3607 uoluit
3129 3552 3412 3623 intelligi),
3442 3567 3553 3606 non
3580 3567 3642 3607 se
3661 3556 3782 3607 mis—

2168 3628 2337 3678 centes
2366 3626 2560 3687 turbis,
2586 3622 2984 3679 non’tumultui
3006 3625 3215 3693 generis
3247 3622 3504 3686 humani,
3535 3628 3780 3678 seuien-

2171 3700 2246 3749 tes
2268 3698 2393 3761 Deo,
2425 3699 2475 3748 et
2500 3695 2631 3750 inde
2653 3701 2831 3750 tamen
2856 3710 2997 3750 unus
3022 3697 3336 3761 assumitur,
3365 3700 3419 3749 et
3439 3710 3577 3748 unus
3600 3696 3780 3748 relin-

2170 3766 2377 3834 quitur.
2413 3766 2551 3819 Sunt
2574 3765 2657 3819 ibi
2682 3767 2863 3835 probi,
2901 3770 2952 3820 et
2975 3771 3099 3820 sunt
3122 3766 3205 3821 ibi
3227 3766 3457 3835 reprobi.
3481 3769 3617 3835 Date
3639 3768 3779 3819 item

2170 3838 2228 3887 in
2246 3835 2566 3906 molendino.
2588 3834 2914 3892 Ecc'nomine
2934 3840 3142 3906 generis
3169 3834 3422 3904 feminini
3442 3834 3775 3904 appellavit,

2163 3905 2342 3975 plebes
2358 3908 2498 3960 enim
2513 3907 2750 3976 intelligi
2762 3905 2956 3963 voluit.
2991 3909 3166 3976 Quare
3189 3910 3248 3961 in
3270 3906 3601 3961 molendino?
3623 3906 3779 3973 Qun:

2168 3979 2226 4030 in
2246 3978 2346 4031 isto
2368 3978 2566 4032 mundo
2592 3982 2898 4041 versantur,
2918 3979 3017 4033 ubi
3033 3979 3395 4034 molendinum
3418 3978 3777 4045 intelligitur,

2170 4050 2302 4117 quia
2321 4050 2398 4103 sic
2408 4052 2637 4104 vertitur
2661 4050 2893 4105 mundus
2913 4052 3031 4113 iste,
3056 4050 3316 4119 quomodo
3337 4049 3515 4115 mola;
3538 4064 3619 4102 υω
3636 4052 3779 4103 enim

3119 4120 3298 4192 ﬁdeles
3327 4121 3781 4192 boni,utunaer

2175 4192 2249 4245 eis
2275 4196 2636 4263 consumatur,
2654 4191 2828 4247 altera
2851 4191 3179 4255 assumatur,
3206 4198 3306 4247 etc.
3342 4191 3499 4263 Idem
3522 4192 3781 4263 Augusti-

2172 4276 2276 4316 nus
2313 4261 2419 4317 alio
2449 4262 2568 4318 loco
2599 4261 2790 4333 (Epist.
2828 4266 2949 4330 I27,
2981 4263 3132 4333 apud
3170 4263 3388 4319 Gratia.
3430 4262 3564 4317 dist.
3597 4261 3649 4317 ὁ.
3680 4268 3739 4328 4)
3761 4281 3779 4317 :

2176 4334 2599 4398 Quantumlibet,
2637 4332 2836 4403 inquit,
2863 4332 3046 4402 vigilet
3073 4334 3363 4403 disciplina
3401 4333 3596 4387 domus
3622 4349 3782 4401 mea,

2174 4404 2325 4459 homo
2349 4419 2488 4469 sum,
2535 4408 2586 4458 et
2612 4405 2753 4459 inter
2775 4404 3012 4460 homines
3036 4408 3154 4459 vivo
3179 4423 3196 4458 :
3234 4419 3329 4459 nec
3350 4404 3491 4458 mihi
3511 4420 3783 4474 armgare

3352 4490 3485 4529 area
3520 4477 3650 4538 Noe,
3682 4478 3786 4530 ubi

2181 4549 2356 4616 tamen
2389 4547 2530 4599 inter
2551 4549 2668 4600 octo
2704 4547 2938 4601 homines
2966 4548 3221 4616 reprobus
3241 4561 3384 4600 unus
3412 4548 3665 4601 ἐηυεπιιιε
3697 4552 3786 4601 est

2183 4615 2547 4688 (Genxux);
2569 4620 2667 4670 aut
2686 4617 2961 4673 meliorsit
2988 4615 3153 4688 quam
3168 4618 3356 4672 domus
3385 4618 3643 4683 Abram,
3675 4618 3785 4671 ubi

2177 4686 2382 4741 dictum
2402 4692 2526 4759 est:
2562 4687 2707 4757 Ejibe
2735 4686 3067 4744 ancillamfet
3092 4690 3265 4759 ﬁlium
3279 4688 3393 4758 ejus
3412 4689 3556 4759 (Gen,
3588 4689 3779 4756 xn);

2177 4761 2275 4812 aut
2310 4758 2497 4813 melior
2521 4760 2595 4813 sit
2619 4774 2781 4828 quam
2805 4760 2993 4815 domus
3016 4757 3186 4827 Isaac,
3217 4757 3312 4815 cui
3340 4760 3401 4813 de
3424 4757 3633 4811 dtwbus
3665 4773 3779 4826 ge-

2175 4830 2338 4883 minis
2364 4830 2565 4884 dictum
2592 4834 2704 4884 est:
2732 4831 2889 4886 Iacob
2912 4830 3104 4895 dilexi,
3131 4834 3285 4887 Esau
3310 4834 3479 4885 autem
3500 4828 3624 4883 odio
3664 4830 3781 4883 ha-

2177 4899 2270 4953 bui
2297 4900 2550 4972 (Malach.
2585 4901 2661 4971 1);
2692 4906 2790 4955 aut
2831 4902 3018 4956 melior
3053 4905 3126 4957 sit
3163 4919 3332 4972 quam
3367 4901 3560 4956 domus
3594 4902 3785 4971 ipsius

2172 4971 2353 5037 Iacob,
2372 4971 2467 5025 ubi
2493 4973 2683 5026 lectum
2703 4974 2885 5041 patris
2903 4973 3046 5042 ﬁlius
3070 4971 3355 5029 incestavit
3382 4973 3540 5039 (Gen.
3570 4979 3779 5036 XLII);

2172 5046 2270 5095 aut
2296 5043 2485 5097 melior
2506 5044 2581 5097 sit
2615 5059 2779 5115 quam
2810 5043 2999 5099 domus
3021 5046 3193 5115 ipsius
3220 5043 3417 5107 David,
3448 5044 3602 5113 wjus
3622 5043 3781 5112 ﬁlius

2172 5128 2293 5167 cum
2316 5128 2494 5168 sorore
2520 5113 2820 5177 concubuit,
2846 5114 3000 5185 cujus
3027 5113 3167 5170 alter
3198 5116 3345 5185 ﬁlius
3372 5119 3565 5169 contra
3596 5116 3786 5184 patris

2173 5187 2283 5238 tam
2301 5188 2541 5239 sanctam
2557 5185 3014 5256 mansuetudinem
3030 5186 3310 5242 rebellauit
3322 5186 3392 5256 (ιι
3411 5186 3666 5255 Begu);
3682 5190 3785 5239 aut

2171 5257 2360 5309 melior
2381 5271 2543 5325 quam
2574 5255 2893 5311 cohabitatio
2915 5258 3078 5312 Pauli
3102 5257 3376 5327 Apostoli,
3406 5261 3509 5327 qui
3528 5261 3715 5311 tamen
3734 5258 3786 5310 si

2171 5272 2360 5309 metior
2381 5272 2543 5325 quam
2574 5272 2893 5311 conaouatio
2915 5272 3077 5312 rana
3102 5272 3151 5313 A
3223 5272 3376 5321 stou,
3406 5273 3505 5327 qui
3528 5272 3715 5311 tamen
3734 5273 3783 5310 ει

2169 5328 2313 5380 inter
2324 5342 2500 5381 omnes
2520 5327 2677 5382 bonos
2693 5328 2980 5395 habitaret,
3005 5343 3110 5383 non
3130 5272 3359 5384 eligeret:
3382 5330 3541 5384 Foris
3554 5343 3785 5398 prtam.

2168 5398 2313 5450 intus
2329 5399 2626 5464 timoresal
2645 5399 2882 5467 Cor.v11)
2899 5420 2913 5465 ς
2932 5399 3249 5467 necdiceret,
3266 5415 3390 5454 cum
3407 5399 3789 5454 desanetitate

2174 5472 2224 5522 et
2245 5467 2350 5537 ﬁde
2375 5468 2637 5541 Timothei
2664 5470 2970 5540 loqueretur
2997 5489 3014 5525 :
3044 5471 3317 5527 Neminem
3340 5470 3511 5525 habeo
3533 5472 3632 5539 qui
3652 5486 3789 5538 ger-

2172 5553 2328 5594 mane
2354 5538 2422 5594 de
2444 5538 2590 5595 vobis
2615 5538 2875 5611 sollicitus
2893 5543 2982 5596 sit.
3012 5542 3202 5598 Omnes
3219 5544 3362 5597 enim
3376 5556 3477 5596 sua
3495 5538 3787 5611 quam“.

2173 5625 2280 5665 non
2307 5625 2429 5695 quae
2456 5613 2578 5695 lesu
2606 5611 2811 5694 Christi
3123 5616 3197 5696 1.1).
3218 5630 3236 5681 ς
3257 5616 3357 5668 aut
3603 5627 3791 5691 qutun

2174 5681 2502 5754 cohabitatio
2523 5697 2692 5753 ipsius
2710 5685 2924 5754 Domini
2947 5684 3149 5741 Christi
3171 5699 3228 5737 in
3250 5699 3362 5754 qua
3382 5682 3633 5738 undam:
3648 5681 3791 5736 boni

2170 5752 2439 5822 perﬁdum
2469 5758 2520 5808 et
2536 5754 2718 5821 furem
2737 5753 2938 5809 Iudam
2958 5752 3341 5821 toleraverunt;
3363 5758 3465 5809 aut
3488 5754 3689 5809 melior
3707 5755 3789 5806 sit

2169 5827 2437 5894 postremo
2454 5840 2614 5893 quam
2639 5824 2845 5891 calum,
2858 5826 3002 5884 unde
3014 5826 3196 5897 angeli
3206 5826 3528 5883 ceciderunt.
3544 5825 3793 5894 Wi-

2172 4134 2303 4188 quos
2330 4122 2574 4176 conterit.
2601 4121 2688 4177 Sic
2713 4122 2794 4175 ibi
2808 4125 3095 4176 versantur
