  <div class='ocr_page' id='page_1' title='image "/cluster/home/n/w/nwhite01/storage/ocr_20150623/49/hvd.32044096580709/568.png"; bbox 0 0 4014 6202; ppageno 0'>
   <div class='ocr_carea' id='block_1_1' title="bbox 299 269 424 322">
    <p class='ocr_par' dir='ltr' id='par_1_1' title="bbox 299 269 424 322">
     <span class='ocr_line' id='line_1_1' title="bbox 299 269 424 322; baseline 0 -1"><span class='ocrx_word' id='word_1_1' title='bbox 299 269 424 322; x_wconf 75' lang='grc'><strong>1121</strong></span> 
     </span>
    </p>
   </div>
   <div class='ocr_carea' id='block_1_2' title="bbox 295 386 1970 460">
    <p class='ocr_par' dir='ltr' id='par_1_2' title="bbox 295 386 1970 460">
     <span class='ocr_line' id='line_1_2' title="bbox 295 386 1970 460; baseline -0.002 -14"><span class='ocrx_word' id='word_1_2' title='bbox 295 389 550 446; x_wconf 81' lang='lat' dir='ltr'><strong>homines</strong></span> <span class='ocrx_word' id='word_1_3' title='bbox 575 395 896 444; x_wconf 86' lang='lat' dir='ltr'><strong>sanctorum</strong></span> <span class='ocrx_word' id='word_1_4' title='bbox 929 388 1109 446; x_wconf 80' lang='lat' dir='ltr'><strong>ordini</strong></span> <span class='ocrx_word' id='word_1_5' title='bbox 1155 387 1638 460; x_wconf 87' lang='lat' dir='ltr'><strong>deprehenduntur</strong></span> <span class='ocrx_word' id='word_1_6' title='bbox 1669 386 1884 457; x_wconf 78' lang='lat' dir='ltr'><strong>inserti,</strong></span> <span class='ocrx_word' id='word_1_7' title='bbox 1916 392 1970 454; x_wconf 81' lang='grc' dir='ltr'><strong>Α</strong></span> 
     </span>
    </p>
   </div>
   <div class='ocr_carea' id='block_1_3' title="bbox 296 487 1892 562">
    <p class='ocr_par' dir='ltr' id='par_1_3' title="bbox 296 487 1892 562">
     <span class='ocr_line' id='line_1_3' title="bbox 296 487 1892 562; baseline -0.002 -16"><span class='ocrx_word' id='word_1_8' title='bbox 296 491 498 548; x_wconf 89' lang='lat' dir='ltr'><strong>mirum</strong></span> <span class='ocrx_word' id='word_1_9' title='bbox 521 493 654 547; x_wconf 84' lang='lat' dir='ltr'><strong>&#39;esse</strong></span> <span class='ocrx_word' id='word_1_10' title='bbox 689 505 805 546; x_wconf 89' lang='lat' dir='ltr'><strong>non</strong></span> <span class='ocrx_word' id='word_1_11' title='bbox 829 489 1050 562; x_wconf 90' lang='lat' dir='ltr'><strong>poterit.</strong></span> <span class='ocrx_word' id='word_1_12' title='bbox 1081 491 1222 546; x_wconf 81' lang='lat' dir='ltr'><strong>Nam</strong></span> <span class='ocrx_word' id='word_1_13' title='bbox 1266 487 1392 548; x_wconf 89' lang='lat' dir='ltr'><strong>licet</strong></span> <span class='ocrx_word' id='word_1_14' title='bbox 1417 487 1567 547; x_wconf 90' lang='lat' dir='ltr'><strong>hunc</strong></span> <span class='ocrx_word' id='word_1_15' title='bbox 1603 487 1892 546; x_wconf 78' lang='lat' dir='ltr'><strong>Nicolaum</strong></span> 
     </span>
    </p>
   </div>
   <div class='ocr_carea' id='block_1_4' title="bbox 291 589 1897 666">
    <p class='ocr_par' dir='ltr' id='par_1_4' title="bbox 291 589 1897 666">
     <span class='ocr_line' id='line_1_4' title="bbox 291 589 1897 666; baseline -0.002 -16"><span class='ocrx_word' id='word_1_16' title='bbox 291 592 516 666; x_wconf 86' lang='lat' dir='ltr'><strong>quidam</strong></span> <span class='ocrx_word' id='word_1_17' title='bbox 551 599 797 648; x_wconf 79' lang='lat' dir='ltr'><strong>asseram</strong></span> <span class='ocrx_word' id='word_1_18' title='bbox 840 605 952 648; x_wconf 89' lang='lat' dir='ltr'><strong>non</strong></span> <span class='ocrx_word' id='word_1_19' title='bbox 995 590 1152 649; x_wconf 90' lang='lat' dir='ltr'><strong>illum</strong></span> <span class='ocrx_word' id='word_1_20' title='bbox 1203 589 1405 662; x_wconf 85' lang='lat' dir='ltr'><strong>fuisse,</strong></span> <span class='ocrx_word' id='word_1_21' title='bbox 1439 600 1466 628; x_wconf 75' lang='grc' dir='ltr'>ι</span> <span class='ocrx_word' id='word_1_22' title='bbox 1507 591 1600 662; x_wconf 89' lang='lat' dir='ltr'><strong>qui</strong></span> <span class='ocrx_word' id='word_1_23' title='bbox 1636 589 1704 648; x_wconf 91' lang='lat' dir='ltr'><strong>ad</strong></span> <span class='ocrx_word' id='word_1_24' title='bbox 1759 605 1897 664; x_wconf 89' lang='lat' dir='ltr'><strong>opus</strong></span> 
     </span>
    </p>
   </div>
   <div class='ocr_carea' id='block_1_5' title="bbox 295 679 1896 768">
    <p class='ocr_par' dir='ltr' id='par_1_5' title="bbox 295 679 1896 768">
     <span class='ocr_line' id='line_1_5' title="bbox 295 679 1896 768; baseline -0.002 -15"><span class='ocrx_word' id='word_1_25' title='bbox 295 695 582 753; x_wconf 84' lang='lat' dir='ltr'><strong>ministerii</strong></span> <span class='ocrx_word' id='word_1_26' title='bbox 613 694 684 752; x_wconf 92' lang='lat' dir='ltr'><strong>ab</strong></span> <span class='ocrx_word' id='word_1_27' title='bbox 705 694 966 768; x_wconf 82' lang='lat' dir='ltr'><strong>apostolis</strong></span> <span class='ocrx_word' id='word_1_28' title='bbox 997 703 1081 752; x_wconf 90' lang='lat' dir='ltr'><strong>est</strong></span> <span class='ocrx_word' id='word_1_29' title='bbox 1109 693 1345 763; x_wconf 85' lang='lat' dir='ltr'><strong>electus;</strong></span> <span class='ocrx_word' id='word_1_30' title='bbox 1371 679 1728 750; x_wconf 83' lang='lat' dir='ltr'><strong>nihilominus</strong></span> <span class='ocrx_word' id='word_1_31' title='bbox 1754 685 1783 725; x_wconf 72' lang='grc' dir='ltr'>δ</span> <span class='ocrx_word' id='word_1_32' title='bbox 1809 701 1896 749; x_wconf 87' lang='lat' dir='ltr'><strong>ta-</strong></span> 
     </span>
    </p>
   </div>
   <div class='ocr_carea' id='block_1_6' title="bbox 295 794 1897 869">
    <p class='ocr_par' dir='ltr' id='par_1_6' title="bbox 295 794 1897 869">
     <span class='ocr_line' id='line_1_6' title="bbox 295 794 1897 869; baseline -0.003 -15"><span class='ocrx_word' id='word_1_33' title='bbox 295 813 422 854; x_wconf 89' lang='lat' dir='ltr'><strong>men</strong></span> <span class='ocrx_word' id='word_1_34' title='bbox 441 806 568 855; x_wconf 87' lang='lat' dir='ltr'><strong>eum</strong></span> <span class='ocrx_word' id='word_1_35' title='bbox 595 797 664 854; x_wconf 91' lang='lat' dir='ltr'><strong>de</strong></span> <span class='ocrx_word' id='word_1_36' title='bbox 695 795 787 854; x_wconf 91' lang='lat' dir='ltr'><strong>illo</strong></span> <span class='ocrx_word' id='word_1_37' title='bbox 826 794 1218 869; x_wconf 89' lang='lat' dir='ltr'><strong>discipulorum</strong></span> <span class='ocrx_word' id='word_1_38' title='bbox 1245 795 1410 854; x_wconf 85' lang='lat' dir='ltr'><strong>fuisse</strong></span> <span class='ocrx_word' id='word_1_39' title='bbox 1437 811 1670 853; x_wconf 88' lang='lat' dir='ltr'><strong>numero</strong></span> <span class='ocrx_word' id='word_1_40' title='bbox 1698 808 1897 868; x_wconf 80' lang='lat' dir='ltr'><strong>negare</strong></span> 
     </span>
    </p>
   </div>
   <div class='ocr_carea' id='block_1_7' title="bbox 295 897 1896 976">
    <p class='ocr_par' dir='ltr' id='par_1_7' title="bbox 295 897 1896 976">
     <span class='ocr_line' id='line_1_7' title="bbox 295 897 1896 976; baseline -0.003 -16"><span class='ocrx_word' id='word_1_41' title='bbox 295 919 408 960; x_wconf 90' lang='lat' dir='ltr'><strong>non</strong></span> <span class='ocrx_word' id='word_1_42' title='bbox 452 910 708 976; x_wconf 88' lang='lat' dir='ltr'><strong>possunt,</strong></span> <span class='ocrx_word' id='word_1_43' title='bbox 739 917 876 976; x_wconf 90' lang='lat' dir='ltr'><strong>quos</strong></span> <span class='ocrx_word' id='word_1_44' title='bbox 903 916 1092 959; x_wconf 86' lang='lat' dir='ltr'><strong>omnes</strong></span> <span class='ocrx_word' id='word_1_45' title='bbox 1117 901 1254 958; x_wconf 84' lang='lat' dir='ltr'><strong>tales</strong></span> <span class='ocrx_word' id='word_1_46' title='bbox 1281 909 1504 974; x_wconf 80' lang='lat' dir='ltr'><strong>tamque</strong></span> <span class='ocrx_word' id='word_1_47' title='bbox 1534 897 1808 973; x_wconf 89' lang='lat' dir='ltr'><strong>perfectos</strong></span> <span class='ocrx_word' id='word_1_48' title='bbox 1836 898 1896 955; x_wconf 90' lang='lat' dir='ltr'><strong>in</strong></span> 
     </span>
    </p>
   </div>
   <div class='ocr_carea' id='block_1_8' title="bbox 291 1005 1898 1080">
    <p class='ocr_par' dir='ltr' id='par_1_8' title="bbox 291 1005 1898 1080">
     <span class='ocr_line' id='line_1_8' title="bbox 291 1005 1898 1080; baseline -0.001 -18"><span class='ocrx_word' id='word_1_49' title='bbox 291 1013 538 1080; x_wconf 89' lang='lat' dir='ltr'><strong>tempore</strong></span> <span class='ocrx_word' id='word_1_50' title='bbox 562 1005 653 1063; x_wconf 91' lang='lat' dir='ltr'><strong>illo</strong></span> <span class='ocrx_word' id='word_1_51' title='bbox 684 1005 850 1062; x_wconf 87' lang='lat' dir='ltr'><strong>fuisse</strong></span> <span class='ocrx_word' id='word_1_52' title='bbox 877 1005 1224 1063; x_wconf 80' lang='lat' dir='ltr'><strong>manifestum</strong></span> <span class='ocrx_word' id='word_1_53' title='bbox 1255 1013 1361 1074; x_wconf 89' lang='lat' dir='ltr'><strong>est,</strong></span> <span class='ocrx_word' id='word_1_54' title='bbox 1389 1006 1579 1078; x_wconf 83' lang='lat' dir='ltr'><strong>quales</strong></span> <span class='ocrx_word' id='word_1_55' title='bbox 1600 1019 1746 1062; x_wconf 91' lang='lat' dir='ltr'><strong>nunc</strong></span> <span class='ocrx_word' id='word_1_56' title='bbox 1771 1019 1898 1076; x_wconf 91' lang='lat' dir='ltr'><strong>per-</strong></span> 
     </span>
    </p>
   </div>
   <div class='ocr_carea' id='block_1_9' title="bbox 295 1107 1898 1180">
    <p class='ocr_par' dir='ltr' id='par_1_9' title="bbox 295 1107 1898 1180">
     <span class='ocr_line' id='line_1_9' title="bbox 295 1107 1898 1180; baseline 0.001 -19"><span class='ocrx_word' id='word_1_57' title='bbox 295 1121 500 1178; x_wconf 89' lang='lat' dir='ltr'><strong>paucos</strong></span> <span class='ocrx_word' id='word_1_58' title='bbox 521 1107 610 1163; x_wconf 87' lang='lat' dir='ltr'><strong>vix</strong></span> <span class='ocrx_word' id='word_1_59' title='bbox 634 1107 692 1164; x_wconf 91' lang='lat' dir='ltr'><strong>in</strong></span> <span class='ocrx_word' id='word_1_60' title='bbox 716 1107 986 1164; x_wconf 82' lang='lat' dir='ltr'><strong>ccenobiis</strong></span> <span class='ocrx_word' id='word_1_61' title='bbox 1013 1107 1338 1165; x_wconf 82' lang='lat' dir='ltr'><strong>invenimus.</strong></span> <span class='ocrx_word' id='word_1_62' title='bbox 1370 1109 1493 1165; x_wconf 87' lang='lat' dir='ltr'><strong>Non</strong></span> <span class='ocrx_word' id='word_1_63' title='bbox 1519 1121 1646 1180; x_wconf 77' lang='lat' dir='ltr'><strong>ergo</strong></span> <span class='ocrx_word' id='word_1_64' title='bbox 1685 1109 1898 1164; x_wconf 86' lang='lat' dir='ltr'><strong>ruinam</strong></span> 
     </span>
    </p>
   </div>
   <div class='ocr_carea' id='block_1_10' title="bbox 297 1208 1899 1284">
    <p class='ocr_par' dir='ltr' id='par_1_10' title="bbox 297 1208 1899 1284">
     <span class='ocr_line' id='line_1_10' title="bbox 297 1208 1899 1284; baseline -0.001 -18"><span class='ocrx_word' id='word_1_65' title='bbox 297 1209 448 1266; x_wconf 92' lang='lat' dir='ltr'><strong>illius</strong></span> <span class='ocrx_word' id='word_1_66' title='bbox 468 1208 762 1283; x_wconf 84' lang='lat' dir='ltr'><strong>supradicti</strong></span> <span class='ocrx_word' id='word_1_67' title='bbox 795 1208 1013 1279; x_wconf 83' lang='lat' dir='ltr'><strong>fratris,</strong></span> <span class='ocrx_word' id='word_1_68' title='bbox 1052 1211 1153 1284; x_wconf 88' lang='lat' dir='ltr'><strong>qui</strong></span> <span class='ocrx_word' id='word_1_69' title='bbox 1179 1209 1235 1266; x_wconf 90' lang='lat' dir='ltr'><strong>in</strong></span> <span class='ocrx_word' id='word_1_70' title='bbox 1262 1209 1350 1266; x_wconf 91' lang='lat' dir='ltr'><strong>illa</strong></span> <span class='ocrx_word' id='word_1_71' title='bbox 1379 1225 1562 1268; x_wconf 90' lang='lat' dir='ltr'><strong>eremo</strong></span> <span class='ocrx_word' id='word_1_72' title='bbox 1592 1217 1706 1266; x_wconf 87' lang='lat' dir='ltr'><strong>tam</strong></span> <span class='ocrx_word' id='word_1_73' title='bbox 1740 1209 1899 1280; x_wconf 84' lang='lat' dir='ltr'><strong>lugu—</strong></span> 
     </span>
    </p>
   </div>
   <div class='ocr_carea' id='block_1_11' title="bbox 297 1310 1896 1388">
    <p class='ocr_par' dir='ltr' id='par_1_11' title="bbox 297 1310 1896 1388">
     <span class='ocr_line' id='line_1_11' title="bbox 297 1310 1896 1388; baseline -0.003 -18"><span class='ocrx_word' id='word_1_74' title='bbox 297 1313 378 1371; x_wconf 87' lang='lat' dir='ltr'><strong>bri</strong></span> <span class='ocrx_word' id='word_1_75' title='bbox 401 1315 585 1388; x_wconf 88' lang='lat' dir='ltr'><strong>lapsus</strong></span> <span class='ocrx_word' id='word_1_76' title='bbox 609 1323 692 1372; x_wconf 88' lang='lat' dir='ltr'><strong>est</strong></span> <span class='ocrx_word' id='word_1_77' title='bbox 709 1329 836 1372; x_wconf 87' lang='lat' dir='ltr'><strong>casu</strong></span> <span class='ocrx_word' id='word_1_78' title='bbox 851 1354 867 1384; x_wconf 88' lang='lat'><strong>,</strong></span> <span class='ocrx_word' id='word_1_79' title='bbox 888 1329 1064 1388; x_wconf 89' lang='lat' dir='ltr'><strong>neque</strong></span> <span class='ocrx_word' id='word_1_80' title='bbox 1089 1313 1240 1370; x_wconf 87' lang='lat' dir='ltr'><strong>illam</strong></span> <span class='ocrx_word' id='word_1_81' title='bbox 1264 1311 1578 1370; x_wconf 80' lang='lat' dir='ltr'><strong>horribilem</strong></span> <span class='ocrx_word' id='word_1_82' title='bbox 1600 1310 1896 1378; x_wconf 88' lang='lat' dir='ltr'><strong>maculam,</strong></span> 
     </span>
    </p>
   </div>
   <div class='ocr_carea' id='block_1_12' title="bbox 295 1411 1900 1488">
    <p class='ocr_par' dir='ltr' id='par_1_12' title="bbox 295 1411 1900 1488">
     <span class='ocr_line' id='line_1_12' title="bbox 295 1411 1900 1488; baseline -0.002 -17"><span class='ocrx_word' id='word_1_83' title='bbox 295 1430 464 1488; x_wconf 88' lang='lat' dir='ltr'><strong>quam</strong></span> <span class='ocrx_word' id='word_1_84' title='bbox 519 1423 710 1472; x_wconf 85' lang='lat' dir='ltr'><strong>tamen</strong></span> <span class='ocrx_word' id='word_1_85' title='bbox 759 1415 846 1472; x_wconf 90' lang='lat' dir='ltr'><strong>ille</strong></span> <span class='ocrx_word' id='word_1_86' title='bbox 899 1414 1210 1487; x_wconf 80' lang='lat' dir='ltr'><strong>ingentibus</strong></span> <span class='ocrx_word' id='word_1_87' title='bbox 1252 1413 1585 1487; x_wconf 69' lang='lat' dir='ltr'><strong>poenitentiae</strong></span> <span class='ocrx_word' id='word_1_88' title='bbox 1643 1411 1900 1484; x_wconf 89' lang='lat' dir='ltr'><strong>lacrymis</strong></span> 
     </span>
    </p>
   </div>
   <div class='ocr_carea' id='block_1_13' title="bbox 296 1515 1893 1594">
    <p class='ocr_par' dir='ltr' id='par_1_13' title="bbox 296 1515 1893 1594">
     <span class='ocr_line' id='line_1_13' title="bbox 296 1515 1893 1594; baseline -0.003 -18"><span class='ocrx_word' id='word_1_89' title='bbox 296 1528 423 1594; x_wconf 85' lang='lat' dir='ltr'><strong>post</strong></span> <span class='ocrx_word' id='word_1_90' title='bbox 447 1520 630 1589; x_wconf 85' lang='lat' dir='ltr'><strong>diluit,</strong></span> <span class='ocrx_word' id='word_1_91' title='bbox 667 1519 766 1578; x_wconf 87' lang='lat' dir='ltr'><strong>sed</strong></span> <span class='ocrx_word' id='word_1_92' title='bbox 795 1518 936 1576; x_wconf 84' lang='lat' dir='ltr'><strong>beati</strong></span> <span class='ocrx_word' id='word_1_93' title='bbox 969 1518 1150 1590; x_wconf 86' lang='lat' dir='ltr'><strong>potius</strong></span> <span class='ocrx_word' id='word_1_94' title='bbox 1178 1516 1467 1590; x_wconf 89' lang='lat' dir='ltr'><strong>Paphnutii</strong></span> <span class='ocrx_word' id='word_1_95' title='bbox 1502 1515 1665 1573; x_wconf 91' lang='lat' dir='ltr'><strong>nobis</strong></span> <span class='ocrx_word' id='word_1_96' title='bbox 1692 1530 1893 1588; x_wconf 90' lang='lat' dir='ltr'><strong>propo-</strong></span> 
     </span>
    </p>
   </div>
   <div class='ocr_carea' id='block_1_14' title="bbox 298 1618 1898 1694">
    <p class='ocr_par' dir='ltr' id='par_1_14' title="bbox 298 1618 1898 1694">
     <span class='ocr_line' id='line_1_14' title="bbox 298 1618 1898 1694; baseline -0.004 -14"><span class='ocrx_word' id='word_1_97' title='bbox 298 1637 496 1680; x_wconf 86' lang='lat' dir='ltr'><strong>namus</strong></span> <span class='ocrx_word' id='word_1_98' title='bbox 521 1622 808 1694; x_wconf 84' lang='lat' dir='ltr'><strong>exempla;</strong></span> <span class='ocrx_word' id='word_1_99' title='bbox 836 1637 906 1679; x_wconf 87' lang='lat' dir='ltr'><strong>ne</strong></span> <span class='ocrx_word' id='word_1_100' title='bbox 942 1621 1289 1678; x_wconf 87' lang='lat' dir='ltr'><strong>subversione</strong></span> <span class='ocrx_word' id='word_1_101' title='bbox 1334 1619 1482 1676; x_wconf 89' lang='lat' dir='ltr'><strong>illius</strong></span> <span class='ocrx_word' id='word_1_102' title='bbox 1529 1618 1898 1688; x_wconf 87' lang='lat' dir='ltr'><strong>destruamur,</strong></span> 
     </span>
    </p>
   </div>
   <div class='ocr_carea' id='block_1_15' title="bbox 294 1719 1900 1800">
    <p class='ocr_par' dir='ltr' id='par_1_15' title="bbox 294 1719 1900 1800">
     <span class='ocr_line' id='line_1_15' title="bbox 294 1719 1900 1800; baseline -0.003 -19"><span class='ocrx_word' id='word_1_103' title='bbox 294 1725 452 1798; x_wconf 84' lang='lat' dir='ltr'><strong>cujus</strong></span> <span class='ocrx_word' id='word_1_104' title='bbox 473 1725 762 1797; x_wconf 88' lang='lat' dir='ltr'><strong>antiquum</strong></span> <span class='ocrx_word' id='word_1_105' title='bbox 807 1721 1026 1780; x_wconf 64' lang='lat' dir='ltr'><strong>invidiae</strong></span> <span class='ocrx_word' id='word_1_106' title='bbox 1056 1723 1247 1779; x_wconf 82' lang='lat' dir='ltr'><strong>vitium</strong></span> <span class='ocrx_word' id='word_1_107' title='bbox 1277 1721 1442 1778; x_wconf 85' lang='lat' dir='ltr'><strong>etiam</strong></span> <span class='ocrx_word' id='word_1_108' title='bbox 1469 1721 1617 1777; x_wconf 83' lang='lat' dir='ltr'><strong>auxit</strong></span> <span class='ocrx_word' id='word_1_109' title='bbox 1649 1719 1706 1776; x_wconf 90' lang='lat' dir='ltr'><strong>in</strong></span> <span class='ocrx_word' id='word_1_110' title='bbox 1746 1719 1900 1800; x_wconf 85' lang='lat' dir='ltr'><strong>pejus</strong></span> 
     </span>
    </p>
   </div>
   <div class='ocr_carea' id='block_1_16' title="bbox 297 1821 1898 1899">
    <p class='ocr_par' dir='ltr' id='par_1_16' title="bbox 297 1821 1898 1899">
     <span class='ocr_line' id='line_1_16' title="bbox 297 1821 1898 1899; baseline -0.003 -17"><span class='ocrx_word' id='word_1_111' title='bbox 297 1825 548 1883; x_wconf 80' lang='lat' dir='ltr'><strong>affectata</strong></span> <span class='ocrx_word' id='word_1_112' title='bbox 571 1825 778 1899; x_wconf 78' lang='lat' dir='ltr'><strong>religio,</strong></span> <span class='ocrx_word' id='word_1_113' title='bbox 824 1823 922 1882; x_wconf 85' lang='lat' dir='ltr'><strong>sed</strong></span> <span class='ocrx_word' id='word_1_114' title='bbox 959 1824 1127 1896; x_wconf 85' lang='lat' dir='ltr'><strong>hujus</strong></span> <span class='ocrx_word' id='word_1_115' title='bbox 1165 1822 1529 1880; x_wconf 88' lang='lat' dir='ltr'><strong>humilitatem</strong></span> <span class='ocrx_word' id='word_1_116' title='bbox 1563 1829 1678 1879; x_wconf 91' lang='lat' dir='ltr'><strong>tota</strong></span> <span class='ocrx_word' id='word_1_117' title='bbox 1703 1821 1898 1878; x_wconf 84' lang='lat' dir='ltr'><strong>virtute</strong></span> 
     </span>
    </p>
   </div>
   <div class='ocr_carea' id='block_1_17' title="bbox 296 1923 1896 2000">
    <p class='ocr_par' dir='ltr' id='par_1_17' title="bbox 296 1923 1896 2000">
     <span class='ocr_line' id='line_1_17' title="bbox 296 1923 1896 2000; baseline -0.004 -14"><span class='ocrx_word' id='word_1_118' title='bbox 296 1937 590 1998; x_wconf 82' lang='lat' dir='ltr'><strong>sectemur,</strong></span> <span class='ocrx_word' id='word_1_119' title='bbox 617 1943 787 2000; x_wconf 89' lang='lat' dir='ltr'><strong>quam</strong></span> <span class='ocrx_word' id='word_1_120' title='bbox 823 1943 940 1984; x_wconf 89' lang='lat' dir='ltr'><strong>non</strong></span> <span class='ocrx_word' id='word_1_121' title='bbox 980 1926 1056 1982; x_wconf 92' lang='lat' dir='ltr'><strong>illi</strong></span> <span class='ocrx_word' id='word_1_122' title='bbox 1084 1927 1239 2000; x_wconf 87' lang='lat' dir='ltr'><strong>quies</strong></span> <span class='ocrx_word' id='word_1_123' title='bbox 1278 1925 1447 1982; x_wconf 87' lang='lat' dir='ltr'><strong>eremi</strong></span> <span class='ocrx_word' id='word_1_124' title='bbox 1473 1923 1654 1982; x_wconf 88' lang='lat' dir='ltr'><strong>subito</strong></span> <span class='ocrx_word' id='word_1_125' title='bbox 1690 1925 1896 1998; x_wconf 79' lang='lat' dir='ltr'><strong>genuit,</strong></span> 
     </span>
    </p>
   </div>
   <div class='ocr_carea' id='block_1_18' title="bbox 297 2029 1900 2102">
    <p class='ocr_par' dir='ltr' id='par_1_18' title="bbox 297 2029 1900 2102">
     <span class='ocr_line' id='line_1_18' title="bbox 297 2029 1900 2102; baseline -0.002 -14"><span class='ocrx_word' id='word_1_126' title='bbox 297 2031 397 2089; x_wconf 89' lang='lat' dir='ltr'><strong>sed</strong></span> <span class='ocrx_word' id='word_1_127' title='bbox 421 2031 560 2088; x_wconf 86' lang='lat' dir='ltr'><strong>inter</strong></span> <span class='ocrx_word' id='word_1_128' title='bbox 582 2029 834 2086; x_wconf 90' lang='lat' dir='ltr'><strong>homines</strong></span> <span class='ocrx_word' id='word_1_129' title='bbox 857 2029 1185 2102; x_wconf 88' lang='lat' dir='ltr'><strong>acquisitam</strong></span> <span class='ocrx_word' id='word_1_130' title='bbox 1213 2029 1378 2099; x_wconf 69' lang='lat' dir='ltr'><strong>[Lips</strong></span> <span class='ocrx_word' id='word_1_131' title='bbox 1409 2029 1469 2082; x_wconf 89' lang='lat' dir='ltr'><strong>in</strong></span> <span class='ocrx_word' id='word_1_132' title='bbox 1502 2045 1679 2098; x_wconf 96' lang='lat' dir='ltr'><strong>marg.</strong></span> <span class='ocrx_word' id='word_1_133' title='bbox 1710 2029 1900 2102; x_wconf 90' lang='lat' dir='ltr'><strong>acqui-</strong></span> 
     </span>
    </p>
   </div>
   <div class='ocr_carea' id='block_1_19' title="bbox 294 2128 1572 2203">
    <p class='ocr_par' dir='ltr' id='par_1_19' title="bbox 294 2128 1572 2203">
     <span class='ocr_line' id='line_1_19' title="bbox 294 2128 1572 2203; baseline -0.002 -14"><span class='ocrx_word' id='word_1_134' title='bbox 294 2131 423 2202; x_wconf 85' lang='lat' dir='ltr'><strong>sita]</strong></span> <span class='ocrx_word' id='word_1_135' title='bbox 443 2130 840 2188; x_wconf 84' lang='lat' dir='ltr'><strong>consummavit</strong></span> <span class='ocrx_word' id='word_1_136' title='bbox 865 2139 1030 2203; x_wconf 90' lang='lat' dir='ltr'><strong>atque</strong></span> <span class='ocrx_word' id='word_1_137' title='bbox 1053 2129 1290 2186; x_wconf 81' lang='lat' dir='ltr'><strong>excoluit</strong></span> <span class='ocrx_word' id='word_1_138' title='bbox 1315 2128 1572 2186; x_wconf 87' lang='lat' dir='ltr'><strong>solitudo.</strong></span> 
     </span>
    </p>
   </div>
   <div class='ocr_carea' id='block_1_20' title="bbox 917 262 2970 322">
    <p class='ocr_par' dir='ltr' id='par_1_20' title="bbox 917 262 2970 322">
     <span class='ocr_line' id='line_1_20' title="bbox 917 262 2970 322; baseline 0 -2"><span class='ocrx_word' id='word_1_139' title='bbox 917 264 1254 322; x_wconf 75' lang='lat' dir='ltr'><strong>COLLATIO</strong></span> <span class='ocrx_word' id='word_1_140' title='bbox 1295 265 1483 322; x_wconf 83' lang='lat' dir='ltr'><strong>XVIII.</strong></span> <span class='ocrx_word' id='word_1_141' title='bbox 1522 294 1595 307; x_wconf 96' lang='lat'>—</span> <span class='ocrx_word' id='word_1_142' title='bbox 1633 263 1722 320; x_wconf 88' lang='lat' dir='ltr'><strong>DE</strong></span> <span class='ocrx_word' id='word_1_143' title='bbox 1763 263 2008 320; x_wconf 79' lang='lat' dir='ltr'><strong>TRIBUS</strong></span> <span class='ocrx_word' id='word_1_144' title='bbox 2044 263 2430 320; x_wconf 79' lang='lat' dir='ltr'><strong>GENERIBUS</strong></span> <span class='ocrx_word' id='word_1_145' title='bbox 2464 262 2970 321; x_wconf 76' lang='lat' dir='ltr'><strong>MONACHORUM.</strong></span> 
     </span>
    </p>
   </div>
   <div class='ocr_carea' id='block_1_21' title="bbox 3477 275 3610 328">
    <p class='ocr_par' dir='ltr' id='par_1_21' title="bbox 3477 275 3610 328">
     <span class='ocr_line' id='line_1_21' title="bbox 3477 275 3610 328; baseline 0.015 -2"><span class='ocrx_word' id='word_1_146' title='bbox 3477 275 3610 328; x_wconf 81' lang='lat' dir='ltr'><strong>H22</strong></span> 
     </span>
    </p>
   </div>
   <div class='ocr_carea' id='block_1_22' title="bbox 2567 389 3035 446">
    <p class='ocr_par' dir='ltr' id='par_1_22' title="bbox 2567 389 3035 446">
     <span class='ocr_line' id='line_1_22' title="bbox 2567 389 3035 446; baseline 0.004 -2"><span class='ocrx_word' id='word_1_147' title='bbox 2567 389 2810 444; x_wconf 77' lang='lat' dir='ltr'><strong>CAPUT</strong></span> <span class='ocrx_word' id='word_1_148' title='bbox 2852 391 3035 446; x_wconf 81' lang='lat' dir='ltr'><strong>XVII.</strong></span> 
     </span>
    </p>
   </div>
   <div class='ocr_carea' id='block_1_23' title="bbox 2533 482 3070 540">
    <p class='ocr_par' dir='ltr' id='par_1_23' title="bbox 2533 482 3070 540">
     <span class='ocr_line' id='line_1_23' title="bbox 2533 482 3070 540; baseline 0.006 -3"><span class='ocrx_word' id='word_1_149' title='bbox 2533 483 2611 537; x_wconf 87' lang='lat' dir='ltr'><strong>De</strong></span> <span class='ocrx_word' id='word_1_150' title='bbox 2644 482 2868 537; x_wconf 63' lang='lat' dir='ltr'><strong>invidiae</strong></span> <span class='ocrx_word' id='word_1_151' title='bbox 2909 485 3070 540; x_wconf 89' lang='lat' dir='ltr'><strong>malo.</strong></span> 
     </span>
    </p>
   </div>
   <div class='ocr_carea' id='block_1_24' title="bbox 2073 572 3608 638">
    <p class='ocr_par' dir='ltr' id='par_1_24' title="bbox 2073 572 3608 638">
     <span class='ocr_line' id='line_1_24' title="bbox 2073 572 3608 638; baseline 0.004 -6"><span class='ocrx_word' id='word_1_152' title='bbox 2073 572 2376 632; x_wconf 86' lang='lat' dir='ltr'><strong>Sciendum</strong></span> <span class='ocrx_word' id='word_1_153' title='bbox 2428 587 2561 631; x_wconf 87' lang='lat' dir='ltr'><strong>sane</strong></span> <span class='ocrx_word' id='word_1_154' title='bbox 2603 581 2686 630; x_wconf 89' lang='lat' dir='ltr'><strong>est</strong></span> <span class='ocrx_word' id='word_1_155' title='bbox 2713 583 2735 610; x_wconf 87' lang='lat'><strong><em>°</em></strong></span> <span class='ocrx_word' id='word_1_156' title='bbox 2779 575 2994 634; x_wconf 72' lang='lat' dir='ltr'><strong>invidiae</strong></span> <span class='ocrx_word' id='word_1_157' title='bbox 3043 577 3304 636; x_wconf 86' lang='lat' dir='ltr'><strong>morbum</strong></span> <span class='ocrx_word' id='word_1_158' title='bbox 3337 579 3608 638; x_wconf 81' lang='lat' dir='ltr'><strong>difﬁcilius</strong></span> 
     </span>
    </p>
   </div>
   <div class='ocr_carea' id='block_1_25' title="bbox 2003 665 3610 739">
    <p class='ocr_par' dir='ltr' id='par_1_25' title="bbox 2003 665 3610 739">
     <span class='ocr_line' id='line_1_25' title="bbox 2003 665 3610 739; baseline 0.006 -17"><span class='ocrx_word' id='word_1_159' title='bbox 2003 665 2374 723; x_wconf 77' lang='lat' dir='ltr'><strong>ad&#39;medelam</strong></span> <span class='ocrx_word' id='word_1_160' title='bbox 2401 679 2569 738; x_wconf 88' lang='lat' dir='ltr'><strong>quam</strong></span> <span class='ocrx_word' id='word_1_161' title='bbox 2597 673 2793 723; x_wconf 67' lang='lat' dir='ltr'><strong>caetera</strong></span> <span class='ocrx_word' id='word_1_162' title='bbox 2827 667 2953 724; x_wconf 87' lang='lat' dir='ltr'><strong>vitia</strong></span> <span class='ocrx_word' id='word_1_163' title='bbox 2982 669 3279 739; x_wconf 87' lang='lat' dir='ltr'><strong>pervenire.</strong></span> <span class='ocrx_word' id='word_1_164' title='bbox 3313 673 3456 729; x_wconf 87' lang='lat' dir='ltr'><strong>Nam</strong></span> <span class='ocrx_word' id='word_1_165' title='bbox 3483 688 3610 731; x_wconf 91' lang='lat' dir='ltr'><strong>eum</strong></span> 
     </span>
    </p>
   </div>
   <div class='ocr_carea' id='block_1_26' title="bbox 2004 758 3610 836">
    <p class='ocr_par' dir='ltr' id='par_1_26' title="bbox 2004 758 3610 836">
     <span class='ocr_line' id='line_1_26' title="bbox 2004 758 3610 836; baseline 0.004 -20"><span class='ocrx_word' id='word_1_166' title='bbox 2004 775 2168 833; x_wconf 87' lang='lat' dir='ltr'><strong>quem</strong></span> <span class='ocrx_word' id='word_1_167' title='bbox 2195 758 2364 816; x_wconf 86' lang='lat' dir='ltr'><strong>semel</strong></span> <span class='ocrx_word' id='word_1_168' title='bbox 2389 759 2579 816; x_wconf 87' lang='lat' dir='ltr'><strong>veneni</strong></span> <span class='ocrx_word' id='word_1_169' title='bbox 2609 758 2695 816; x_wconf 87' lang='lat' dir='ltr'><strong>sui</strong></span> <span class='ocrx_word' id='word_1_170' title='bbox 2740 767 2892 831; x_wconf 86' lang='lat' dir='ltr'><strong>peste</strong></span> <span class='ocrx_word' id='word_1_171' title='bbox 2936 762 3273 834; x_wconf 89' lang='lat' dir='ltr'><strong>corruperit,</strong></span> <span class='ocrx_word' id='word_1_172' title='bbox 3302 779 3440 836; x_wconf 86' lang='lat' dir='ltr'><strong>pene</strong></span> <span class='ocrx_word' id='word_1_173' title='bbox 3462 765 3610 824; x_wconf 83' lang='lat' dir='ltr'><strong>dixe-</strong></span> 
     </span>
    </p>
   </div>
   <div class='ocr_carea' id='block_1_27' title="bbox 2005 851 3613 934">
    <p class='ocr_par' dir='ltr' id='par_1_27' title="bbox 2005 851 3613 934">
     <span class='ocr_line' id='line_1_27' title="bbox 2005 851 3613 934; baseline 0.004 -24"><span class='ocrx_word' id='word_1_174' title='bbox 2005 853 2110 910; x_wconf 89' lang='lat' dir='ltr'><strong>rim</strong></span> <span class='ocrx_word' id='word_1_175' title='bbox 2139 869 2332 911; x_wconf 86' lang='lat' dir='ltr'><strong>carere</strong></span> <span class='ocrx_word' id='word_1_176' title='bbox 2370 851 2641 910; x_wconf 89' lang='lat' dir='ltr'><strong>remedio.</strong></span> <span class='ocrx_word' id='word_1_177' title='bbox 2686 855 2803 924; x_wconf 89' lang='lat' dir='ltr'><strong>lpsa</strong></span> <span class='ocrx_word' id='word_1_178' title='bbox 2843 869 3081 927; x_wconf 87' lang='lat' dir='ltr'><strong>namque</strong></span> <span class='ocrx_word' id='word_1_179' title='bbox 3123 863 3210 912; x_wconf 86' lang='lat' dir='ltr'><strong>est</strong></span> <span class='ocrx_word' id='word_1_180' title='bbox 3243 856 3361 914; x_wconf 88' lang='lat' dir='ltr'><strong>lues</strong></span> <span class='ocrx_word' id='word_1_181' title='bbox 3391 857 3459 915; x_wconf 92' lang='lat' dir='ltr'><strong>de</strong></span> <span class='ocrx_word' id='word_1_182' title='bbox 3503 875 3613 934; x_wconf 78' lang='lat' dir='ltr'><strong>qua</strong></span> 
     </span>
    </p>
   </div>
   <div class='ocr_carea' id='block_1_28' title="bbox 2006 945 3613 1020">
    <p class='ocr_par' dir='ltr' id='par_1_28' title="bbox 2006 945 3613 1020">
     <span class='ocr_line' id='line_1_28' title="bbox 2006 945 3613 1020; baseline 0.004 -18"><span class='ocrx_word' id='word_1_183' title='bbox 2006 945 2302 1020; x_wconf 78' lang='lat' dir='ltr'><strong>figuraliter</strong></span> <span class='ocrx_word' id='word_1_184' title='bbox 2330 945 2528 1002; x_wconf 89' lang='lat' dir='ltr'><strong>dicitur</strong></span> <span class='ocrx_word' id='word_1_185' title='bbox 2567 960 2666 1018; x_wconf 91' lang='lat' dir='ltr'><strong>per</strong></span> <span class='ocrx_word' id='word_1_186' title='bbox 2695 947 3019 1019; x_wconf 84' lang='lat' dir='ltr'><strong>prophetam</strong></span> <span class='ocrx_word' id='word_1_187' title='bbox 3051 963 3064 999; x_wconf 73' lang='grc' dir='ltr'>ε</span> <span class='ocrx_word' id='word_1_188' title='bbox 3090 953 3222 1007; x_wconf 82' lang='lat' dir='ltr'><strong>Ecce</strong></span> <span class='ocrx_word' id='word_1_189' title='bbox 3264 966 3357 1020; x_wconf 85' lang='lat' dir='ltr'><strong>ego</strong></span> <span class='ocrx_word' id='word_1_190' title='bbox 3394 955 3613 1009; x_wconf 80' lang='lat' dir='ltr'><strong>mittam</strong></span> 
     </span>
    </p>
   </div>
   <div class='ocr_carea' id='block_1_29' title="bbox 2003 1042 3613 1112">
    <p class='ocr_par' dir='ltr' id='par_1_29' title="bbox 2003 1042 3613 1112">
     <span class='ocr_line' id='line_1_29' title="bbox 2003 1042 3613 1112; baseline 0.006 -17"><span class='ocrx_word' id='word_1_191' title='bbox 2003 1043 2154 1098; x_wconf 87' lang='lat' dir='ltr'><strong>vobis</strong></span> <span class='ocrx_word' id='word_1_192' title='bbox 2178 1042 2206 1078; x_wconf 71' lang='grc' dir='ltr'>ἀ</span> <span class='ocrx_word' id='word_1_193' title='bbox 2236 1046 2502 1112; x_wconf 75' lang='lat' dir='ltr'><strong>serpentes</strong></span> <span class='ocrx_word' id='word_1_194' title='bbox 2528 1042 2739 1112; x_wconf 86' lang='lat' dir='ltr'><strong>regulos</strong></span> <span class='ocrx_word' id='word_1_195' title='bbox 2759 1044 2953 1112; x_wconf 92' lang='lat' dir='ltr'><strong>quibus</strong></span> <span class='ocrx_word' id='word_1_196' title='bbox 2979 1061 3086 1100; x_wconf 88' lang='lat' dir='ltr'><strong>non</strong></span> <span class='ocrx_word' id='word_1_197' title='bbox 3115 1051 3192 1102; x_wconf 90' lang='lat' dir='ltr'><strong>est</strong></span> <span class='ocrx_word' id='word_1_198' title='bbox 3220 1047 3542 1112; x_wconf 72' lang='lat' dir='ltr'><strong>inmutatio,</strong></span> <span class='ocrx_word' id='word_1_199' title='bbox 3563 1054 3613 1104; x_wconf 87' lang='lat' dir='ltr'><strong>et</strong></span> 
     </span>
    </p>
   </div>
   <div class='ocr_carea' id='block_1_30' title="bbox 2007 1135 3616 1216">
    <p class='ocr_par' dir='ltr' id='par_1_30' title="bbox 2007 1135 3616 1216">
     <span class='ocr_line' id='line_1_30' title="bbox 2007 1135 3616 1216; baseline 0.006 -24"><span class='ocrx_word' id='word_1_200' title='bbox 2007 1135 2328 1192; x_wconf 74' lang='lat' dir='ltr'><strong>mordebant</strong></span> <span class='ocrx_word' id='word_1_201' title='bbox 2356 1151 2446 1192; x_wconf 82' lang='lat' dir='ltr'><strong>vos</strong></span> <span class='ocrx_word' id='word_1_202' title='bbox 2476 1136 2685 1207; x_wconf 87' lang='lat' dir='ltr'><strong>(Jerem.</strong></span> <span class='ocrx_word' id='word_1_203' title='bbox 2717 1143 2866 1206; x_wconf 80' lang='lat' dir='ltr'><strong>Vill).</strong></span> <span class='ocrx_word' id='word_1_204' title='bbox 2897 1141 3070 1197; x_wconf 83' lang='lat' dir='ltr'><strong>Recte</strong></span> <span class='ocrx_word' id='word_1_205' title='bbox 3098 1141 3264 1213; x_wconf 81' lang='lat' dir='ltr'><strong>igitur</strong></span> <span class='ocrx_word' id='word_1_206' title='bbox 3291 1158 3320 1198; x_wconf 91' lang='lat' dir='ltr'><strong>a</strong></span> <span class='ocrx_word' id='word_1_207' title='bbox 3351 1142 3616 1216; x_wconf 87' lang='lat' dir='ltr'><strong>propheta</strong></span> 
     </span>
    </p>
   </div>
   <div class='ocr_carea' id='block_1_31' title="bbox 2005 1227 3614 1308">
    <p class='ocr_par' dir='ltr' id='par_1_31' title="bbox 2005 1227 3614 1308">
     <span class='ocr_line' id='line_1_31' title="bbox 2005 1227 3614 1308; baseline 0.006 -22"><span class='ocrx_word' id='word_1_208' title='bbox 2005 1227 2298 1286; x_wconf 78' lang='lat' dir='ltr'><strong>mortiferis</strong></span> <span class='ocrx_word' id='word_1_209' title='bbox 2321 1227 2560 1286; x_wconf 88' lang='lat' dir='ltr'><strong>basilisci</strong></span> <span class='ocrx_word' id='word_1_210' title='bbox 2591 1231 2809 1287; x_wconf 88' lang='lat' dir='ltr'><strong>venenis</strong></span> <span class='ocrx_word' id='word_1_211' title='bbox 2837 1247 3060 1289; x_wconf 91' lang='lat' dir='ltr'><strong>morsus</strong></span> <span class='ocrx_word' id='word_1_212' title='bbox 3086 1234 3302 1290; x_wconf 85' lang='lat' dir='ltr'><strong>invidiae</strong></span> <span class='ocrx_word' id='word_1_213' title='bbox 3327 1251 3614 1308; x_wconf 85' lang='lat' dir='ltr'><strong>compara-</strong></span> 
     </span>
    </p>
   </div>
   <div class='ocr_carea' id='block_1_32' title="bbox 2005 1321 3616 1394">
    <p class='ocr_par' dir='ltr' id='par_1_32' title="bbox 2005 1321 3616 1394">
     <span class='ocr_line' id='line_1_32' title="bbox 2005 1321 3616 1394; baseline 0.006 -16"><span class='ocrx_word' id='word_1_214' title='bbox 2005 1330 2119 1391; x_wconf 88' lang='lat' dir='ltr'><strong>tur,</strong></span> <span class='ocrx_word' id='word_1_215' title='bbox 2149 1335 2258 1394; x_wconf 89' lang='lat' dir='ltr'><strong>qua</strong></span> <span class='ocrx_word' id='word_1_216' title='bbox 2297 1321 2506 1394; x_wconf 88' lang='lat' dir='ltr'><strong>primus</strong></span> <span class='ocrx_word' id='word_1_217' title='bbox 2545 1321 2634 1379; x_wconf 92' lang='lat' dir='ltr'><strong>ille</strong></span> <span class='ocrx_word' id='word_1_218' title='bbox 2664 1337 3001 1382; x_wconf 89' lang='lat' dir='ltr'><strong>venenorum</strong></span> <span class='ocrx_word' id='word_1_219' title='bbox 3045 1325 3296 1382; x_wconf 90' lang='lat' dir='ltr'><strong>omnium</strong></span> <span class='ocrx_word' id='word_1_220' title='bbox 3331 1337 3524 1386; x_wconf 89' lang='lat' dir='ltr'><strong>auctor</strong></span> <span class='ocrx_word' id='word_1_221' title='bbox 3557 1338 3616 1386; x_wconf 88' lang='lat' dir='ltr'><strong>et</strong></span> 
     </span>
    </p>
   </div>
   <div class='ocr_carea' id='block_1_33' title="bbox 2005 1415 3612 1494">
    <p class='ocr_par' dir='ltr' id='par_1_33' title="bbox 2005 1415 3612 1494">
     <span class='ocr_line' id='line_1_33' title="bbox 2005 1415 3612 1494; baseline 0.004 -22"><span class='ocrx_word' id='word_1_222' title='bbox 2005 1416 2260 1488; x_wconf 88' lang='lat' dir='ltr'><strong>princeps</strong></span> <span class='ocrx_word' id='word_1_223' title='bbox 2301 1424 2357 1472; x_wconf 91' lang='lat' dir='ltr'><strong>et</strong></span> <span class='ocrx_word' id='word_1_224' title='bbox 2379 1415 2537 1488; x_wconf 91' lang='lat' dir='ltr'><strong>periit</strong></span> <span class='ocrx_word' id='word_1_225' title='bbox 2561 1423 2618 1472; x_wconf 88' lang='lat' dir='ltr'><strong>et</strong></span> <span class='ocrx_word' id='word_1_226' title='bbox 2643 1417 2894 1488; x_wconf 84' lang='lat' dir='ltr'><strong>peremit.</strong></span> <span class='ocrx_word' id='word_1_227' title='bbox 2939 1421 3080 1475; x_wconf 85' lang='lat' dir='ltr'><strong>Nam</strong></span> <span class='ocrx_word' id='word_1_228' title='bbox 3107 1429 3237 1477; x_wconf 90' lang='lat' dir='ltr'><strong>ante</strong></span> <span class='ocrx_word' id='word_1_229' title='bbox 3273 1435 3406 1478; x_wconf 91' lang='lat' dir='ltr'><strong>suus</strong></span> <span class='ocrx_word' id='word_1_230' title='bbox 3447 1437 3612 1494; x_wconf 91' lang='lat' dir='ltr'><strong>quam</strong></span> 
     </span>
    </p>
   </div>
   <div class='ocr_carea' id='block_1_34' title="bbox 2006 1510 3612 1588">
    <p class='ocr_par' dir='ltr' id='par_1_34' title="bbox 2006 1510 3612 1588">
     <span class='ocr_line' id='line_1_34' title="bbox 2006 1510 3612 1588; baseline 0.004 -20"><span class='ocrx_word' id='word_1_231' title='bbox 2006 1512 2126 1585; x_wconf 91' lang='lat' dir='ltr'><strong>ejus</strong></span> <span class='ocrx_word' id='word_1_232' title='bbox 2151 1510 2238 1568; x_wconf 93' lang='lat' dir='ltr'><strong>cui</strong></span> <span class='ocrx_word' id='word_1_233' title='bbox 2267 1510 2536 1568; x_wconf 88' lang='lat' dir='ltr'><strong>inviderat</strong></span> <span class='ocrx_word' id='word_1_234' title='bbox 2571 1511 2950 1585; x_wconf 86' lang='lat' dir='ltr'><strong>interemptor,</strong></span> <span class='ocrx_word' id='word_1_235' title='bbox 2997 1515 3311 1588; x_wconf 86' lang='lat' dir='ltr'><strong>priusquam</strong></span> <span class='ocrx_word' id='word_1_236' title='bbox 3341 1518 3397 1574; x_wconf 91' lang='lat' dir='ltr'><strong>in</strong></span> <span class='ocrx_word' id='word_1_237' title='bbox 3425 1516 3612 1576; x_wconf 85' lang='lat' dir='ltr'><strong>homi-</strong></span> 
     </span>
    </p>
   </div>
   <div class='ocr_carea' id='block_1_35' title="bbox 2005 1605 3614 1683">
    <p class='ocr_par' dir='ltr' id='par_1_35' title="bbox 2005 1605 3614 1683">
     <span class='ocr_line' id='line_1_35' title="bbox 2005 1605 3614 1683; baseline 0.006 -20"><span class='ocrx_word' id='word_1_238' title='bbox 2005 1623 2133 1664; x_wconf 91' lang='lat' dir='ltr'><strong>nem</strong></span> <span class='ocrx_word' id='word_1_239' title='bbox 2151 1605 2345 1664; x_wconf 89' lang='lat' dir='ltr'><strong>mortis</strong></span> <span class='ocrx_word' id='word_1_240' title='bbox 2375 1607 2520 1664; x_wconf 90' lang='lat' dir='ltr'><strong>virus</strong></span> <span class='ocrx_word' id='word_1_241' title='bbox 2541 1605 2868 1676; x_wconf 86' lang='lat' dir='ltr'><strong>effunderet,</strong></span> <span class='ocrx_word' id='word_1_242' title='bbox 2888 1609 3004 1681; x_wconf 89' lang='lat' dir='ltr'><strong>ipse</strong></span> <span class='ocrx_word' id='word_1_243' title='bbox 3034 1626 3092 1666; x_wconf 89' lang='lat' dir='ltr'><strong>se</strong></span> <span class='ocrx_word' id='word_1_244' title='bbox 3115 1611 3368 1683; x_wconf 89' lang='lat' dir='ltr'><strong>perdidit.</strong></span> <span class='ocrx_word' id='word_1_245' title='bbox 3397 1617 3614 1672; x_wconf 88' lang='lat' dir='ltr'><strong>Invidia</strong></span> 
     </span>
    </p>
   </div>
   <div class='ocr_carea' id='block_1_36' title="bbox 2005 1701 3608 1781">
    <p class='ocr_par' dir='ltr' id='par_1_36' title="bbox 2005 1701 3608 1781">
     <span class='ocr_line' id='line_1_36' title="bbox 2005 1701 3608 1781; baseline 0.006 -25"><span class='ocrx_word' id='word_1_246' title='bbox 2005 1705 2147 1757; x_wconf 86' lang='lat' dir='ltr'><strong>enim</strong></span> <span class='ocrx_word' id='word_1_247' title='bbox 2174 1701 2383 1757; x_wconf 87' lang='lat' dir='ltr'><strong>diaboli</strong></span> <span class='ocrx_word' id='word_1_248' title='bbox 2414 1717 2558 1757; x_wconf 86' lang='lat' dir='ltr'><strong>mors</strong></span> <span class='ocrx_word' id='word_1_249' title='bbox 2586 1704 2836 1758; x_wconf 89' lang='lat' dir='ltr'><strong>introivit</strong></span> <span class='ocrx_word' id='word_1_250' title='bbox 2855 1705 2916 1758; x_wconf 90' lang='lat' dir='ltr'><strong>in</strong></span> <span class='ocrx_word' id='word_1_251' title='bbox 2944 1705 3118 1760; x_wconf 84' lang='lat' dir='ltr'><strong>orbem</strong></span> <span class='ocrx_word' id='word_1_252' title='bbox 3165 1710 3431 1764; x_wconf 85' lang='lat' dir='ltr'><strong>terrarum</strong></span> <span class='ocrx_word' id='word_1_253' title='bbox 3462 1709 3608 1781; x_wconf 89' lang='lat' dir='ltr'><strong>(Sap.</strong></span> 
     </span>
    </p>
   </div>
   <div class='ocr_carea' id='block_1_37' title="bbox 2008 1793 3608 1872">
    <p class='ocr_par' dir='ltr' id='par_1_37' title="bbox 2008 1793 3608 1872">
     <span class='ocr_line' id='line_1_37' title="bbox 2008 1793 3608 1872; baseline 0.006 -22"><span class='ocrx_word' id='word_1_254' title='bbox 2008 1797 2102 1864; x_wconf 74' lang='grc' dir='ltr'><strong>ιι),</strong></span> <span class='ocrx_word' id='word_1_255' title='bbox 2133 1793 2418 1850; x_wconf 88' lang='lat' dir='ltr'><strong>imitantur</strong></span> <span class='ocrx_word' id='word_1_256' title='bbox 2448 1801 2632 1851; x_wconf 87' lang='lat' dir='ltr'><strong>autem</strong></span> <span class='ocrx_word' id='word_1_257' title='bbox 2673 1794 2828 1852; x_wconf 89' lang='lat' dir='ltr'><strong>illum</strong></span> <span class='ocrx_word' id='word_1_258' title='bbox 2869 1796 2960 1868; x_wconf 93' lang='lat' dir='ltr'><strong>qui</strong></span> <span class='ocrx_word' id='word_1_259' title='bbox 2998 1805 3128 1854; x_wconf 82' lang='lat' dir='ltr'><strong>sunt</strong></span> <span class='ocrx_word' id='word_1_260' title='bbox 3155 1813 3221 1854; x_wconf 91' lang='lat' dir='ltr'><strong>ex</strong></span> <span class='ocrx_word' id='word_1_261' title='bbox 3261 1809 3414 1872; x_wconf 88' lang='lat' dir='ltr'><strong>parte</strong></span> <span class='ocrx_word' id='word_1_262' title='bbox 3449 1801 3608 1860; x_wconf 91' lang='lat' dir='ltr'><strong>illius.</strong></span> 
     </span>
    </p>
   </div>
   <div class='ocr_carea' id='block_1_38' title="bbox 1927 1849 3614 1964">
    <p class='ocr_par' dir='ltr' id='par_1_38' title="bbox 1927 1849 3614 1964">
     <span class='ocr_line' id='line_1_38' title="bbox 1927 1849 3614 1964; baseline 0.004 -20"><span class='ocrx_word' id='word_1_263' title='bbox 1927 1849 1974 1912; x_wconf 75' lang='grc' dir='ltr'>Β</span> <span class='ocrx_word' id='word_1_264' title='bbox 2006 1849 2160 1944; x_wconf 76' lang='lat' dir='ltr'><strong>Sicut</strong></span> <span class='ocrx_word' id='word_1_265' title='bbox 2181 1887 2334 1944; x_wconf 91' lang='lat' dir='ltr'><strong>enim</strong></span> <span class='ocrx_word' id='word_1_266' title='bbox 2363 1885 2452 1944; x_wconf 89' lang='lat' dir='ltr'><strong>ille</strong></span> <span class='ocrx_word' id='word_1_267' title='bbox 2485 1887 2576 1960; x_wconf 91' lang='lat' dir='ltr'><strong>qui</strong></span> <span class='ocrx_word' id='word_1_268' title='bbox 2607 1888 2818 1960; x_wconf 89' lang='lat' dir='ltr'><strong>primus</strong></span> <span class='ocrx_word' id='word_1_269' title='bbox 2846 1849 3092 1962; x_wconf 53' lang='lat' dir='ltr'><strong>eiusdem</strong></span> <span class='ocrx_word' id='word_1_270' title='bbox 3129 1849 3448 1964; x_wconf 54' lang='lat' dir='ltr'><strong>malirpeste</strong></span> 
     </span>
    </p>
   </div>
   <div class='ocr_carea' id='block_1_39' title="bbox 2005 1979 3610 2054">
    <p class='ocr_par' dir='ltr' id='par_1_39' title="bbox 2005 1979 3610 2054">
     <span class='ocr_line' id='line_1_39' title="bbox 2005 1979 3610 2054; baseline 0.004 -18"><span class='ocrx_word' id='word_1_271' title='bbox 2005 1987 2198 2052; x_wconf 88' lang='lat' dir='ltr'><strong>ruptus</strong></span> <span class='ocrx_word' id='word_1_272' title='bbox 2221 1988 2327 2050; x_wconf 88' lang='lat' dir='ltr'><strong>est,</strong></span> <span class='ocrx_word' id='word_1_273' title='bbox 2355 1994 2460 2036; x_wconf 89' lang='lat' dir='ltr'><strong>nec</strong></span> <span class='ocrx_word' id='word_1_274' title='bbox 2483 1979 2755 2038; x_wconf 91' lang='lat' dir='ltr'><strong>medelam</strong></span> <span class='ocrx_word' id='word_1_275' title='bbox 2787 1983 3142 2054; x_wconf 69' lang='lat' dir='ltr'><strong>pmuitentiaa,</strong></span> <span class='ocrx_word' id='word_1_276' title='bbox 3174 2000 3276 2041; x_wconf 89' lang='lat' dir='ltr'><strong>nec</strong></span> <span class='ocrx_word' id='word_1_277' title='bbox 3304 1983 3610 2044; x_wconf 82' lang='lat' dir='ltr'><strong>fomentum</strong></span> 
     </span>
    </p>
   </div>
   <div class='ocr_carea' id='block_1_40' title="bbox 2007 2073 3613 2152">
    <p class='ocr_par' dir='ltr' id='par_1_40' title="bbox 2007 2073 3613 2152">
     <span class='ocr_line' id='line_1_40' title="bbox 2007 2073 3613 2152; baseline 0.004 -22"><span class='ocrx_word' id='word_1_278' title='bbox 2007 2073 2174 2130; x_wconf 89' lang='lat' dir='ltr'><strong>ullius</strong></span> <span class='ocrx_word' id='word_1_279' title='bbox 2200 2073 2498 2130; x_wconf 87' lang='lat' dir='ltr'><strong>curationis</strong></span> <span class='ocrx_word' id='word_1_280' title='bbox 2525 2073 2771 2145; x_wconf 87' lang='lat' dir='ltr'><strong>admisit,</strong></span> <span class='ocrx_word' id='word_1_281' title='bbox 2797 2075 2872 2131; x_wconf 90' lang='lat' dir='ltr'><strong>ita</strong></span> <span class='ocrx_word' id='word_1_282' title='bbox 2899 2084 2956 2132; x_wconf 92' lang='lat' dir='ltr'><strong>et</strong></span> <span class='ocrx_word' id='word_1_283' title='bbox 2977 2075 3031 2132; x_wconf 86' lang='lat' dir='ltr'><strong>hi</strong></span> <span class='ocrx_word' id='word_1_284' title='bbox 3050 2077 3145 2148; x_wconf 88' lang='lat' dir='ltr'><strong>qui</strong></span> <span class='ocrx_word' id='word_1_285' title='bbox 3171 2076 3369 2134; x_wconf 87' lang='lat' dir='ltr'><strong>iisdem</strong></span> <span class='ocrx_word' id='word_1_286' title='bbox 3407 2093 3467 2136; x_wconf 88' lang='lat' dir='ltr'><strong>se</strong></span> <span class='ocrx_word' id='word_1_287' title='bbox 3497 2096 3613 2152; x_wconf 86' lang='lat' dir='ltr'><strong>per-</strong></span> 
     </span>
    </p>
   </div>
   <div class='ocr_carea' id='block_1_41' title="bbox 2010 2167 3612 2246">
    <p class='ocr_par' dir='ltr' id='par_1_41' title="bbox 2010 2167 3612 2246">
     <span class='ocr_line' id='line_1_41' title="bbox 2010 2167 3612 2246; baseline 0.006 -24"><span class='ocrx_word' id='word_1_288' title='bbox 2010 2167 2294 2224; x_wconf 90' lang='lat' dir='ltr'><strong>cutiendos</strong></span> <span class='ocrx_word' id='word_1_289' title='bbox 2344 2167 2620 2226; x_wconf 85' lang='lat' dir='ltr'><strong>morsibus</strong></span> <span class='ocrx_word' id='word_1_290' title='bbox 2673 2167 3048 2238; x_wconf 89' lang='lat' dir='ltr'><strong>tradiderunt,</strong></span> <span class='ocrx_word' id='word_1_291' title='bbox 3102 2174 3125 2200; x_wconf 84' lang='lat'><strong>&#39;</strong></span> <span class='ocrx_word' id='word_1_292' title='bbox 3173 2185 3396 2228; x_wconf 88' lang='lat' dir='ltr'><strong>omnem</strong></span> <span class='ocrx_word' id='word_1_293' title='bbox 3451 2187 3612 2246; x_wconf 90' lang='lat' dir='ltr'><strong>opem</strong></span> 
     </span>
    </p>
   </div>
   <div class='ocr_carea' id='block_1_42' title="bbox 1394 2299 2509 2358">
    <p class='ocr_par' dir='ltr' id='par_1_42' title="bbox 1394 2299 2509 2358">
     <span class='ocr_line' id='line_1_42' title="bbox 1394 2299 2509 2358; baseline 0.001 -3"><span class='ocrx_word' id='word_1_294' title='bbox 1394 2299 1649 2356; x_wconf 82' lang='lat' dir='ltr'><strong>ALARDI</strong></span> <span class='ocrx_word' id='word_1_295' title='bbox 1689 2300 1913 2356; x_wconf 67' lang='grc' dir='ltr'><strong>ϐΑΖιΕΙ</strong></span> <span class='ocrx_word' id='word_1_296' title='bbox 1953 2300 2509 2358; x_wconf 75' lang='lat' dir='ltr'><strong>COMMENTARIUS.</strong></span> 
     </span>
    </p>
   </div>
   <div class='ocr_carea' id='block_1_43' title="bbox 292 2427 1904 2494">
    <p class='ocr_par' dir='ltr' id='par_1_43' title="bbox 292 2427 1904 2494">
     <span class='ocr_line' id='line_1_43' title="bbox 292 2427 1904 2494; baseline -0.001 -10"><span class='ocrx_word' id='word_1_297' title='bbox 292 2430 427 2484; x_wconf 86' lang='lat' dir='ltr'><strong>citer</strong></span> <span class='ocrx_word' id='word_1_298' title='bbox 447 2430 630 2482; x_wconf 88' lang='lat' dir='ltr'><strong>autem</strong></span> <span class='ocrx_word' id='word_1_299' title='bbox 656 2427 840 2494; x_wconf 83' lang='lat' dir='ltr'><strong>fateor</strong></span> <span class='ocrx_word' id='word_1_300' title='bbox 866 2427 1128 2483; x_wconf 84' lang='lat' dir='ltr'><strong>charitati</strong></span> <span class='ocrx_word' id='word_1_301' title='bbox 1142 2429 1333 2482; x_wconf 70' lang='lat' dir='ltr'><strong>vestrae</strong></span> <span class='ocrx_word' id='word_1_302' title='bbox 1351 2441 1531 2480; x_wconf 89' lang='lat' dir='ltr'><strong>coram</strong></span> <span class='ocrx_word' id='word_1_303' title='bbox 1557 2428 1782 2482; x_wconf 89' lang='lat' dir='ltr'><strong>Domino</strong></span> <span class='ocrx_word' id='word_1_304' title='bbox 1801 2429 1904 2482; x_wconf 91' lang='lat' dir='ltr'><strong>Deo</strong></span> 
     </span>
    </p>
   </div>
   <div class='ocr_carea' id='block_1_44' title="bbox 293 2499 1903 2568">
    <p class='ocr_par' dir='ltr' id='par_1_44' title="bbox 293 2499 1903 2568">
     <span class='ocr_line' id='line_1_44' title="bbox 293 2499 1903 2568; baseline -0.001 -13"><span class='ocrx_word' id='word_1_305' title='bbox 293 2502 497 2561; x_wconf 87' lang='lat' dir='ltr'><strong>nostro,</strong></span> <span class='ocrx_word' id='word_1_306' title='bbox 525 2499 628 2568; x_wconf 89' lang='lat' dir='ltr'><strong>qui</strong></span> <span class='ocrx_word' id='word_1_307' title='bbox 643 2499 790 2553; x_wconf 88' lang='lat' dir='ltr'><strong>testis</strong></span> <span class='ocrx_word' id='word_1_308' title='bbox 809 2501 887 2552; x_wconf 87' lang='lat' dir='ltr'><strong>est</strong></span> <span class='ocrx_word' id='word_1_309' title='bbox 913 2512 1072 2568; x_wconf 88' lang='lat' dir='ltr'><strong>super</strong></span> <span class='ocrx_word' id='word_1_310' title='bbox 1091 2499 1330 2552; x_wconf 90' lang='lat' dir='ltr'><strong>animam</strong></span> <span class='ocrx_word' id='word_1_311' title='bbox 1359 2512 1549 2559; x_wconf 88' lang='lat' dir='ltr'><strong>meam,</strong></span> <span class='ocrx_word' id='word_1_312' title='bbox 1574 2512 1642 2551; x_wconf 79' lang='lat' dir='ltr'><strong>ea:</strong></span> <span class='ocrx_word' id='word_1_313' title='bbox 1670 2513 1775 2567; x_wconf 88' lang='lat' dir='ltr'><strong>quo</strong></span> <span class='ocrx_word' id='word_1_314' title='bbox 1797 2502 1903 2554; x_wconf 90' lang='lat' dir='ltr'><strong>Deo</strong></span> 
     </span>
    </p>
   </div>
   <div class='ocr_carea' id='block_1_45' title="bbox 292 2568 1904 2639">
    <p class='ocr_par' dir='ltr' id='par_1_45' title="bbox 292 2568 1904 2639">
     <span class='ocr_line' id='line_1_45' title="bbox 292 2568 1904 2639; baseline -0.002 -13"><span class='ocrx_word' id='word_1_315' title='bbox 292 2571 501 2626; x_wconf 87' lang='lat' dir='ltr'><strong>servire</strong></span> <span class='ocrx_word' id='word_1_316' title='bbox 519 2571 668 2639; x_wconf 71' lang='lat' dir='ltr'><strong>coepi,</strong></span> <span class='ocrx_word' id='word_1_317' title='bbox 691 2585 796 2639; x_wconf 90' lang='lat' dir='ltr'><strong>quo</strong></span> <span class='ocrx_word' id='word_1_318' title='bbox 819 2569 975 2624; x_wconf 90' lang='lat' dir='ltr'><strong>modo</strong></span> <span class='ocrx_word' id='word_1_319' title='bbox 998 2568 1226 2638; x_wconf 77' lang='lat' dir='ltr'><strong>difficile</strong></span> <span class='ocrx_word' id='word_1_320' title='bbox 1243 2583 1363 2622; x_wconf 81' lang='lat' dir='ltr'><strong>sum</strong></span> <span class='ocrx_word' id='word_1_321' title='bbox 1383 2573 1638 2638; x_wconf 66' lang='lat' dir='ltr'><strong>expertus</strong></span> <span class='ocrx_word' id='word_1_322' title='bbox 1657 2569 1904 2624; x_wconf 84' lang='lat' dir='ltr'><strong>meliores</strong></span> 
     </span>
    </p>
   </div>
   <div class='ocr_carea' id='block_1_46' title="bbox 292 2641 1907 2720">
    <p class='ocr_par' dir='ltr' id='par_1_46' title="bbox 292 2641 1907 2720">
     <span class='ocr_line' id='line_1_46' title="bbox 292 2641 1907 2720; baseline -0.004 -23"><span class='ocrx_word' id='word_1_323' title='bbox 292 2657 466 2720; x_wconf 83' lang='lat' dir='ltr'><strong>quam</strong></span> <span class='ocrx_word' id='word_1_324' title='bbox 485 2643 583 2720; x_wconf 80' lang='lat' dir='ltr'><strong>qui</strong></span> <span class='ocrx_word' id='word_1_325' title='bbox 592 2643 650 2694; x_wconf 89' lang='lat' dir='ltr'><strong>in</strong></span> <span class='ocrx_word' id='word_1_326' title='bbox 669 2641 1008 2720; x_wconf 71' lang='lat' dir='ltr'><strong>monasteriis</strong></span> <span class='ocrx_word' id='word_1_327' title='bbox 1012 2641 1381 2720; x_wconf 69' lang='lat' dir='ltr'><strong>profecerunt,</strong></span> <span class='ocrx_word' id='word_1_328' title='bbox 1397 2641 1478 2694; x_wconf 90' lang='lat' dir='ltr'><strong>ita</strong></span> <span class='ocrx_word' id='word_1_329' title='bbox 1483 2654 1590 2720; x_wconf 70' lang='lat' dir='ltr'><strong>non</strong></span> <span class='ocrx_word' id='word_1_330' title='bbox 1599 2653 1700 2720; x_wconf 78' lang='lat' dir='ltr'><strong>sua</strong></span> <span class='ocrx_word' id='word_1_331' title='bbox 1717 2655 1907 2720; x_wconf 41' lang='lat' dir='ltr'><strong>erperf</strong></span> 
     </span>
    </p>
   </div>
   <div class='ocr_carea' id='block_1_47' title="bbox 291 2710 1906 2782">
    <p class='ocr_par' dir='ltr' id='par_1_47' title="bbox 291 2710 1906 2782">
     <span class='ocr_line' id='line_1_47' title="bbox 291 2710 1906 2782; baseline -0.001 -14"><span class='ocrx_word' id='word_1_332' title='bbox 291 2710 378 2768; x_wconf 77' lang='lat' dir='ltr'><strong>tus</strong></span> <span class='ocrx_word' id='word_1_333' title='bbox 403 2710 617 2782; x_wconf 84' lang='lat' dir='ltr'><strong>pejores</strong></span> <span class='ocrx_word' id='word_1_334' title='bbox 637 2727 802 2780; x_wconf 88' lang='lat' dir='ltr'><strong>quam</strong></span> <span class='ocrx_word' id='word_1_335' title='bbox 826 2713 925 2780; x_wconf 89' lang='lat' dir='ltr'><strong>qui</strong></span> <span class='ocrx_word' id='word_1_336' title='bbox 949 2713 1009 2782; x_wconf 89' lang='lat' dir='ltr'><strong>in</strong></span> <span class='ocrx_word' id='word_1_337' title='bbox 1026 2712 1364 2766; x_wconf 81' lang='lat' dir='ltr'><strong>monasteriis</strong></span> <span class='ocrx_word' id='word_1_338' title='bbox 1387 2710 1724 2782; x_wconf 70' lang='lat' dir='ltr'><strong>ceciderunt;</strong></span> <span class='ocrx_word' id='word_1_339' title='bbox 1745 2713 1826 2766; x_wconf 89' lang='lat' dir='ltr'><strong>ita</strong></span> <span class='ocrx_word' id='word_1_340' title='bbox 1843 2715 1906 2766; x_wconf 90' lang='lat' dir='ltr'><strong>ut</strong></span> 
     </span>
    </p>
   </div>
   <div class='ocr_carea' id='block_1_48' title="bbox 291 2781 1904 2851">
    <p class='ocr_par' dir='ltr' id='par_1_48' title="bbox 291 2781 1904 2851">
     <span class='ocr_line' id='line_1_48' title="bbox 291 2781 1904 2851; baseline -0.001 -13"><span class='ocrx_word' id='word_1_341' title='bbox 291 2781 422 2838; x_wconf 80' lang='lat' dir='ltr'><strong>hinc</strong></span> <span class='ocrx_word' id='word_1_342' title='bbox 449 2782 687 2836; x_wconf 82' lang='lat' dir='ltr'><strong>arbitrer</strong></span> <span class='ocrx_word' id='word_1_343' title='bbox 706 2783 764 2836; x_wconf 88' lang='lat' dir='ltr'><strong>in</strong></span> <span class='ocrx_word' id='word_1_344' title='bbox 793 2781 1125 2850; x_wconf 81' lang='lat' dir='ltr'><strong>Apocalypsi</strong></span> <span class='ocrx_word' id='word_1_345' title='bbox 1157 2783 1417 2850; x_wconf 87' lang='lat' dir='ltr'><strong>scriptum</strong></span> <span class='ocrx_word' id='word_1_346' title='bbox 1449 2799 1466 2834; x_wconf 90' lang='lat'><strong><em>:</em></strong></span> <span class='ocrx_word' id='word_1_347' title='bbox 1494 2783 1678 2836; x_wconf 85' lang='lat' dir='ltr'><strong>Justus</strong></span> <span class='ocrx_word' id='word_1_348' title='bbox 1695 2781 1904 2851; x_wconf 87' lang='lat' dir='ltr'><strong>justior</strong></span> 
     </span>
    </p>
   </div>
   <div class='ocr_carea' id='block_1_49' title="bbox 289 2851 1905 2924">
    <p class='ocr_par' dir='ltr' id='par_1_49' title="bbox 289 2851 1905 2924">
     <span class='ocr_line' id='line_1_49' title="bbox 289 2851 1905 2924; baseline -0.002 -15"><span class='ocrx_word' id='word_1_349' title='bbox 289 2857 410 2924; x_wconf 76' lang='lat' dir='ltr'><strong>ﬁat,</strong></span> <span class='ocrx_word' id='word_1_350' title='bbox 441 2858 492 2908; x_wconf 89' lang='lat' dir='ltr'><strong>et</strong></span> <span class='ocrx_word' id='word_1_351' title='bbox 513 2853 763 2924; x_wconf 77' lang='lat' dir='ltr'><strong>sordidus</strong></span> <span class='ocrx_word' id='word_1_352' title='bbox 781 2851 1047 2924; x_wconf 77' lang='lat' dir='ltr'><strong>sordescat</strong></span> <span class='ocrx_word' id='word_1_353' title='bbox 1067 2851 1261 2906; x_wconf 86' lang='lat' dir='ltr'><strong>adhuc.</strong></span> <span class='ocrx_word' id='word_1_354' title='bbox 1291 2853 1630 2924; x_wconf 82' lang='lat' dir='ltr'><strong>Quapropter</strong></span> <span class='ocrx_word' id='word_1_355' title='bbox 1659 2854 1764 2906; x_wconf 86' lang='lat' dir='ltr'><strong>etsi</strong></span> <span class='ocrx_word' id='word_1_356' title='bbox 1784 2867 1905 2906; x_wconf 88' lang='lat' dir='ltr'><strong>con-</strong></span> 
     </span>
    </p>
   </div>
   <div class='ocr_carea' id='block_1_50' title="bbox 291 2922 1904 2992">
    <p class='ocr_par' dir='ltr' id='par_1_50' title="bbox 291 2922 1904 2992">
     <span class='ocr_line' id='line_1_50' title="bbox 291 2922 1904 2992; baseline -0.001 -13"><span class='ocrx_word' id='word_1_357' title='bbox 291 2922 586 2992; x_wconf 78' lang='lat' dir='ltr'><strong>tristamur</strong></span> <span class='ocrx_word' id='word_1_358' title='bbox 601 2923 668 2976; x_wconf 84' lang='lat' dir='ltr'><strong>de</strong></span> <span class='ocrx_word' id='word_1_359' title='bbox 683 2922 955 2992; x_wconf 81' lang='lat' dir='ltr'><strong>aliquibus</strong></span> <span class='ocrx_word' id='word_1_360' title='bbox 964 2923 1330 2991; x_wconf 83' lang='lat' dir='ltr'><strong>purgamentis</strong></span> <span class='ocrx_word' id='word_1_361' title='bbox 1345 2939 1361 2976; x_wconf 91' lang='lat'><strong><em>:</em></strong></span> <span class='ocrx_word' id='word_1_362' title='bbox 1379 2923 1713 2977; x_wconf 82' lang='lat' dir='ltr'><strong>consolamur</strong></span> <span class='ocrx_word' id='word_1_363' title='bbox 1723 2928 1904 2978; x_wconf 89' lang='lat' dir='ltr'><strong>tamen</strong></span> 
     </span>
    </p>
   </div>
   <div class='ocr_carea' id='block_1_51' title="bbox 294 2989 1902 3064">
    <p class='ocr_par' dir='ltr' id='par_1_51' title="bbox 294 2989 1902 3064">
     <span class='ocr_line' id='line_1_51' title="bbox 294 2989 1902 3064; baseline -0.002 -13"><span class='ocrx_word' id='word_1_364' title='bbox 294 2997 464 3052; x_wconf 86' lang='lat' dir='ltr'><strong>etiam</strong></span> <span class='ocrx_word' id='word_1_365' title='bbox 508 2989 574 3048; x_wconf 85' lang='lat' dir='ltr'><strong>de</strong></span> <span class='ocrx_word' id='word_1_366' title='bbox 612 2989 1256 3064; x_wconf 32' lang='lat' dir='ltr'><strong>pluribushornameniis.</strong></span> <span class='ocrx_word' id='word_1_367' title='bbox 1276 2993 1467 3064; x_wconf 82' lang='lat' dir='ltr'><strong>_Nolite</strong></span> <span class='ocrx_word' id='word_1_368' title='bbox 1508 3008 1631 3061; x_wconf 90' lang='lat' dir='ltr'><strong>ergo</strong></span> <span class='ocrx_word' id='word_1_369' title='bbox 1673 2998 1902 3064; x_wconf 83' lang='lat' dir='ltr'><strong>propter</strong></span> 
     </span>
    </p>
   </div>
   <div class='ocr_carea' id='block_1_52' title="bbox 291 3061 1903 3130">
    <p class='ocr_par' dir='ltr' id='par_1_52' title="bbox 291 3061 1903 3130">
     <span class='ocr_line' id='line_1_52' title="bbox 291 3061 1903 3130; baseline -0.001 -10"><span class='ocrx_word' id='word_1_370' title='bbox 291 3079 596 3126; x_wconf 84' lang='lat' dir='ltr'><strong>amurcam,</strong></span> <span class='ocrx_word' id='word_1_371' title='bbox 614 3061 738 3130; x_wconf 32' lang='lat' dir='ltr'><strong>’qua</strong></span> <span class='ocrx_word' id='word_1_372' title='bbox 769 3061 908 3116; x_wconf 89' lang='lat' dir='ltr'><strong>oculi</strong></span> <span class='ocrx_word' id='word_1_373' title='bbox 926 3062 1092 3115; x_wconf 82' lang='lat' dir='ltr'><strong>vestri</strong></span> <span class='ocrx_word' id='word_1_374' title='bbox 1115 3061 1464 3130; x_wconf 78' lang='lat' dir='ltr'><strong>offenduntur</strong></span> <span class='ocrx_word' id='word_1_375' title='bbox 1493 3061 1791 3118; x_wconf 77' lang='lat' dir='ltr'><strong>toreularia</strong></span> <span class='ocrx_word' id='word_1_376' title='bbox 1813 3065 1903 3118; x_wconf 90' lang='lat' dir='ltr'><strong>de-</strong></span> 
     </span>
    </p>
   </div>
   <div class='ocr_carea' id='block_1_53' title="bbox 297 3130 1898 3202">
    <p class='ocr_par' dir='ltr' id='par_1_53' title="bbox 297 3130 1898 3202">
     <span class='ocr_line' id='line_1_53' title="bbox 297 3130 1898 3202; baseline -0.012 -9"><span class='ocrx_word' id='word_1_377' title='bbox 297 3137 514 3198; x_wconf 88' lang='lat' dir='ltr'><strong>testari,</strong></span> <span class='ocrx_word' id='word_1_378' title='bbox 541 3130 686 3188; x_wconf 86' lang='lat' dir='ltr'><strong>unde</strong></span> <span class='ocrx_word' id='word_1_379' title='bbox 712 3132 980 3202; x_wconf 70' lang='lat' dir='ltr'><strong>apothecae</strong></span> <span class='ocrx_word' id='word_1_380' title='bbox 1021 3130 1298 3202; x_wconf 70' lang='lat' dir='ltr'><strong>dorniniea:</strong></span> <span class='ocrx_word' id='word_1_381' title='bbox 1323 3133 1514 3202; x_wconf 86' lang='lat' dir='ltr'><strong>fructu</strong></span> <span class='ocrx_word' id='word_1_382' title='bbox 1536 3133 1642 3187; x_wconf 87' lang='lat' dir='ltr'><strong>olei</strong></span> <span class='ocrx_word' id='word_1_383' title='bbox 1648 3134 1898 3202; x_wconf 76' lang='lat' dir='ltr'><strong>lumina-</strong></span> 
     </span>
    </p>
   </div>
   <div class='ocr_carea' id='block_1_54' title="bbox 295 3200 1900 3288">
    <p class='ocr_par' dir='ltr' id='par_1_54' title="bbox 295 3200 1900 3288">
     <span class='ocr_line' id='line_1_54' title="bbox 295 3200 1900 3288; baseline -0.002 -25"><span class='ocrx_word' id='word_1_384' title='bbox 295 3208 460 3288; x_wconf 77' lang='lat' dir='ltr'><strong>sioris</strong></span> <span class='ocrx_word' id='word_1_385' title='bbox 478 3200 790 3276; x_wconf 71' lang='lat' dir='ltr'><strong>implentur.</strong></span> <span class='ocrx_word' id='word_1_386' title='bbox 805 3201 1166 3288; x_wconf 33' lang='lat' dir='ltr'><strong>‘HactenusES:</strong></span> <span class='ocrx_word' id='word_1_387' title='bbox 1179 3201 1540 3288; x_wconf 41' lang='lat' dir='ltr'><strong>angustiam,</strong></span> <span class='ocrx_word' id='word_1_388' title='bbox 1552 3200 1750 3288; x_wconf 73' lang='lat' dir='ltr'><strong>quibus</strong></span> <span class='ocrx_word' id='word_1_389' title='bbox 1768 3203 1900 3260; x_wconf 89' lang='lat' dir='ltr'><strong>nihil</strong></span> 
     </span>
    </p>
   </div>
   <div class='ocr_carea' id='block_1_55' title="bbox 295 3268 1904 3425">
    <p class='ocr_par' dir='ltr' id='par_1_55' title="bbox 295 3268 1904 3425">
     <span class='ocr_line' id='line_1_55' title="bbox 295 3268 1720 3356; baseline -0.004 -22"><span class='ocrx_word' id='word_1_390' title='bbox 295 3277 478 3348; x_wconf 75' lang='lat' dir='ltr'><strong>magis</strong></span> <span class='ocrx_word' id='word_1_391' title='bbox 499 3268 975 3356; x_wconf 68' lang='lat' dir='ltr'><strong>accommpdatum</strong></span> <span class='ocrx_word' id='word_1_392' title='bbox 1000 3271 1130 3328; x_wconf 90' lang='lat' dir='ltr'><strong>huic</strong></span> <span class='ocrx_word' id='word_1_393' title='bbox 1153 3268 1494 3327; x_wconf 47' lang='lat' dir='ltr'><strong>loco—afferre</strong></span> <span class='ocrx_word' id='word_1_394' title='bbox 1519 3268 1720 3354; x_wconf 76' lang='lat' dir='ltr'><strong>pétuit.</strong></span> 
     </span>
     <span class='ocr_line' id='line_1_56' title="bbox 371 3341 1904 3425; baseline -0.001 -22"><span class='ocrx_word' id='word_1_395' title='bbox 371 3348 658 3425; x_wconf 40' lang='lat' dir='ltr'><strong>ILSeptem.</strong></span> <span class='ocrx_word' id='word_1_396' title='bbox 683 3359 844 3425; x_wconf 63' lang='lat' dir='ltr'><strong>enini</strong></span> <span class='ocrx_word' id='word_1_397' title='bbox 883 3342 1145 3425; x_wconf 77' lang='lat' dir='ltr'><strong>dla_c_9nos</strong></span> <span class='ocrx_word' id='word_1_398' title='bbox 1193 3341 1261 3398; x_wconf 88' lang='lat' dir='ltr'><strong>ab</strong></span> <span class='ocrx_word' id='word_1_399' title='bbox 1298 3343 1562 3425; x_wconf 62' lang='lat' dir='ltr'><strong>gpostolis</strong></span> <span class='ocrx_word' id='word_1_400' title='bbox 1592 3343 1812 3425; x_wconf 65' lang='lat' dir='ltr'><strong>electos</strong></span> <span class='ocrx_word' id='word_1_401' title='bbox 1849 3353 1904 3401; x_wconf 90' lang='lat' dir='ltr'><strong>et</strong></span> 
     </span>
    </p>
   </div>
   <div class='ocr_carea' id='block_1_56' title="bbox 299 3411 1901 3486">
    <p class='ocr_par' dir='ltr' id='par_1_56' title="bbox 299 3411 1901 3486">
     <span class='ocr_line' id='line_1_57' title="bbox 299 3411 1901 3486; baseline -0.002 -12"><span class='ocrx_word' id='word_1_402' title='bbox 299 3411 614 3482; x_wconf 71' lang='lat' dir='ltr'><strong>ordinatos,</strong></span> <span class='ocrx_word' id='word_1_403' title='bbox 644 3415 713 3486; x_wconf 89' lang='lat' dir='ltr'><strong>in</strong></span> <span class='ocrx_word' id='word_1_404' title='bbox 735 3412 1215 3486; x_wconf 82' lang='lat' dir='ltr'><strong>quibusNicolaus</strong></span> <span class='ocrx_word' id='word_1_405' title='bbox 1251 3411 1454 3486; x_wconf 80' lang='lat' dir='ltr'><strong>advena</strong></span> <span class='ocrx_word' id='word_1_406' title='bbox 1498 3412 1901 3486; x_wconf 77' lang='lat' dir='ltr'><strong>Antiochenus,</strong></span> 
     </span>
    </p>
   </div>
   <div class='ocr_carea' id='block_1_57' title="bbox 299 3483 1905 3612">
    <p class='ocr_par' dir='ltr' id='par_1_57' title="bbox 299 3483 1905 3612">
     <span class='ocr_line' id='line_1_58' title="bbox 299 3483 1905 3612; baseline -0.002 -68"><span class='ocrx_word' id='word_1_407' title='bbox 299 3487 474 3544; x_wconf 83' lang='lat' dir='ltr'><strong>tradit</strong></span> <span class='ocrx_word' id='word_1_408' title='bbox 496 3489 677 3568; x_wconf 78' lang='lat' dir='ltr'><strong>Lucas</strong></span> <span class='ocrx_word' id='word_1_409' title='bbox 697 3483 842 3612; x_wconf 48' lang='lat' dir='ltr'><strong>Sict.</strong></span> <span class='ocrx_word' id='word_1_410' title='bbox 865 3484 953 3568; x_wconf 74' lang='lat' dir='ltr'><strong>vi)</strong></span> <span class='ocrx_word' id='word_1_411' title='bbox 984 3485 1390 3568; x_wconf 72' lang='lat' dir='ltr'><strong>:Convpcantes,</strong></span> <span class='ocrx_word' id='word_1_412' title='bbox 1411 3483 1608 3554; x_wconf 90' lang='lat' dir='ltr'><strong>inquit,</strong></span> <span class='ocrx_word' id='word_1_413' title='bbox 1626 3484 1905 3541; x_wconf 84' lang='lat' dir='ltr'><strong>duodecim</strong></span> 
     </span>
     <span class='ocr_line' id='line_1_59' title="bbox 302 3555 1905 3612; baseline 0 0"><span class='ocrx_word' id='word_1_414' title='bbox 302 3557 580 3612; x_wconf 75' lang='lat' dir='ltr'><strong>(apostoli)</strong></span> <span class='ocrx_word' id='word_1_415' title='bbox 609 3573 702 3612; x_wconf 91' lang='lat' dir='ltr'><strong>mu</strong></span> <span class='ocrx_word' id='word_1_416' title='bbox 725 3555 1013 3612; x_wconf 77' lang='lat' dir='ltr'><strong>tttudmem</strong></span> <span class='ocrx_word' id='word_1_417' title='bbox 1037 3555 1420 3612; x_wconf 71' lang='lat' dir='ltr'><strong>discipulorum</strong></span> <span class='ocrx_word' id='word_1_418' title='bbox 1447 3556 1712 3610; x_wconf 69' lang='lat' dir='ltr'><strong>dixerunt</strong></span> <span class='ocrx_word' id='word_1_419' title='bbox 1743 3575 1759 3610; x_wconf 90' lang='lat'><strong><em>:</em></strong></span> <span class='ocrx_word' id='word_1_420' title='bbox 1789 3558 1905 3612; x_wconf 88' lang='lat' dir='ltr'><strong>Non</strong></span> 
     </span>
    </p>
   </div>
   <div class='ocr_carea' id='block_1_58' title="bbox 302 3555 1908 3630">
    <p class='ocr_par' dir='ltr' id='par_1_58' title="bbox 302 3555 1908 3630">
     <span class='ocr_line' id='line_1_60' title="bbox 302 3555 1908 3630; baseline 0.001 -18"><span class='ocrx_word' id='word_1_421' title='bbox 302 3557 580 3630; x_wconf 89' lang='lat' dir='ltr'><strong>(apostoli)</strong></span> <span class='ocrx_word' id='word_1_422' title='bbox 609 3555 1013 3630; x_wconf 77' lang='lat' dir='ltr'><strong>multitudinem</strong></span> <span class='ocrx_word' id='word_1_423' title='bbox 1037 3555 1420 3630; x_wconf 81' lang='lat' dir='ltr'><strong>discipulorum</strong></span> <span class='ocrx_word' id='word_1_424' title='bbox 1447 3556 1759 3630; x_wconf 69' lang='lat' dir='ltr'><strong>dixerunt:</strong></span> <span class='ocrx_word' id='word_1_425' title='bbox 1789 3558 1908 3613; x_wconf 87' lang='lat' dir='ltr'><strong>Non</strong></span> 
     </span>
    </p>
   </div>
   <div class='ocr_carea' id='block_1_59' title="bbox 297 3628 1906 3702">
    <p class='ocr_par' dir='ltr' id='par_1_59' title="bbox 297 3628 1906 3702">
     <span class='ocr_line' id='line_1_61' title="bbox 297 3628 1906 3702; baseline -0.002 -17"><span class='ocrx_word' id='word_1_426' title='bbox 297 3628 380 3686; x_wconf 85' lang='lat' dir='ltr'><strong>est</strong></span> <span class='ocrx_word' id='word_1_427' title='bbox 409 3645 622 3702; x_wconf 73' lang='lat' dir='ltr'><strong>(equum</strong></span> <span class='ocrx_word' id='word_1_428' title='bbox 637 3643 741 3702; x_wconf 77' lang='lat' dir='ltr'><strong>nos</strong></span> <span class='ocrx_word' id='word_1_429' title='bbox 753 3628 1125 3702; x_wconf 78' lang='lat' dir='ltr'><strong>derelinquere</strong></span> <span class='ocrx_word' id='word_1_430' title='bbox 1138 3628 1353 3682; x_wconf 87' lang='lat' dir='ltr'><strong>verbum</strong></span> <span class='ocrx_word' id='word_1_431' title='bbox 1378 3629 1494 3702; x_wconf 74' lang='lat' dir='ltr'><strong>Dei,</strong></span> <span class='ocrx_word' id='word_1_432' title='bbox 1526 3632 1578 3682; x_wconf 90' lang='lat' dir='ltr'><strong>et</strong></span> <span class='ocrx_word' id='word_1_433' title='bbox 1590 3629 1906 3702; x_wconf 77' lang='lat' dir='ltr'><strong>ministrare</strong></span> 
     </span>
    </p>
   </div>
   <div class='ocr_carea' id='block_1_60' title="bbox 295 3698 1909 3768">
    <p class='ocr_par' dir='ltr' id='par_1_60' title="bbox 295 3698 1909 3768">
     <span class='ocr_line' id='line_1_62' title="bbox 295 3698 1909 3768; baseline -0.001 -12"><span class='ocrx_word' id='word_1_434' title='bbox 295 3698 518 3756; x_wconf 76' lang='lat' dir='ltr'><strong>mensis.</strong></span> <span class='ocrx_word' id='word_1_435' title='bbox 547 3700 891 3757; x_wconf 83' lang='lat' dir='ltr'><strong>Considerate</strong></span> <span class='ocrx_word' id='word_1_436' title='bbox 917 3713 1061 3768; x_wconf 90' lang='lat' dir='ltr'><strong>ergo,</strong></span> <span class='ocrx_word' id='word_1_437' title='bbox 1091 3699 1318 3766; x_wconf 81' lang='lat' dir='ltr'><strong>fratres,</strong></span> <span class='ocrx_word' id='word_1_438' title='bbox 1342 3699 1487 3753; x_wconf 88' lang='lat' dir='ltr'><strong>viros</strong></span> <span class='ocrx_word' id='word_1_439' title='bbox 1508 3714 1578 3754; x_wconf 77' lang='lat' dir='ltr'><strong>ea:</strong></span> <span class='ocrx_word' id='word_1_440' title='bbox 1600 3698 1748 3754; x_wconf 82' lang='lat' dir='ltr'><strong>vobis</strong></span> <span class='ocrx_word' id='word_1_441' title='bbox 1779 3699 1909 3754; x_wconf 87' lang='lat' dir='ltr'><strong>boni</strong></span> 
     </span>
    </p>
   </div>
   <div class='ocr_carea' id='block_1_61' title="bbox 297 3770 1901 3840">
    <p class='ocr_par' dir='ltr' id='par_1_61' title="bbox 297 3770 1901 3840">
     <span class='ocr_line' id='line_1_63' title="bbox 297 3770 1901 3840; baseline -0.002 -12"><span class='ocrx_word' id='word_1_442' title='bbox 297 3773 600 3828; x_wconf 87' lang='lat' dir='ltr'><strong>testimonii</strong></span> <span class='ocrx_word' id='word_1_443' title='bbox 621 3777 840 3840; x_wconf 87' lang='lat' dir='ltr'><strong>septem,</strong></span> <span class='ocrx_word' id='word_1_444' title='bbox 860 3771 1048 3840; x_wconf 90' lang='lat' dir='ltr'><strong>plenos</strong></span> <span class='ocrx_word' id='word_1_445' title='bbox 1079 3770 1295 3840; x_wconf 86' lang='lat' dir='ltr'><strong>Spiritu</strong></span> <span class='ocrx_word' id='word_1_446' title='bbox 1319 3774 1507 3826; x_wconf 88' lang='lat' dir='ltr'><strong>sancto</strong></span> <span class='ocrx_word' id='word_1_447' title='bbox 1535 3774 1587 3824; x_wconf 89' lang='lat' dir='ltr'><strong>et</strong></span> <span class='ocrx_word' id='word_1_448' title='bbox 1611 3772 1901 3840; x_wconf 85' lang='lat' dir='ltr'><strong>sapientia,</strong></span> 
     </span>
    </p>
   </div>
   <div class='ocr_carea' id='block_1_62' title="bbox 294 3840 1902 3914">
    <p class='ocr_par' dir='ltr' id='par_1_62' title="bbox 294 3840 1902 3914">
     <span class='ocr_line' id='line_1_64' title="bbox 294 3840 1902 3914; baseline -0.002 -15"><span class='ocrx_word' id='word_1_449' title='bbox 294 3859 434 3914; x_wconf 87' lang='lat' dir='ltr'><strong>quos</strong></span> <span class='ocrx_word' id='word_1_450' title='bbox 461 3843 849 3914; x_wconf 84' lang='lat' dir='ltr'><strong>constituamus</strong></span> <span class='ocrx_word' id='word_1_451' title='bbox 873 3855 1050 3914; x_wconf 72' lang='lat' dir='ltr'><strong>super</strong></span> <span class='ocrx_word' id='word_1_452' title='bbox 1072 3841 1167 3895; x_wconf 84' lang='lat' dir='ltr'><strong>hoc</strong></span> <span class='ocrx_word' id='word_1_453' title='bbox 1189 3856 1341 3914; x_wconf 77' lang='lat' dir='ltr'><strong>opus,</strong></span> <span class='ocrx_word' id='word_1_454' title='bbox 1371 3851 1474 3896; x_wconf 89' lang='lat' dir='ltr'><strong>etc.</strong></span> <span class='ocrx_word' id='word_1_455' title='bbox 1517 3842 1586 3914; x_wconf 74' lang='lat' dir='ltr'><strong>iit</strong></span> <span class='ocrx_word' id='word_1_456' title='bbox 1627 3840 1799 3914; x_wconf 80' lang='lat' dir='ltr'><strong>infra:</strong></span> <span class='ocrx_word' id='word_1_457' title='bbox 1831 3845 1902 3898; x_wconf 87' lang='lat' dir='ltr'><strong>Et</strong></span> 
     </span>
    </p>
   </div>
   <div class='ocr_carea' id='block_1_63' title="bbox 295 3911 1904 3984">
    <p class='ocr_par' dir='ltr' id='par_1_63' title="bbox 295 3911 1904 3984">
     <span class='ocr_line' id='line_1_65' title="bbox 295 3911 1904 3984; baseline -0.002 -14"><span class='ocrx_word' id='word_1_458' title='bbox 295 3911 570 3984; x_wconf 72' lang='lat' dir='ltr'><strong>elegerunt</strong></span> <span class='ocrx_word' id='word_1_459' title='bbox 597 3913 945 3984; x_wconf 84' lang='lat' dir='ltr'><strong>Stephanum,</strong></span> <span class='ocrx_word' id='word_1_460' title='bbox 993 3911 1172 3984; x_wconf 85' lang='lat' dir='ltr'><strong>viru_m</strong></span> <span class='ocrx_word' id='word_1_461' title='bbox 1201 3911 1423 3984; x_wconf 79' lang='lat' dir='ltr'><strong>plenum</strong></span> <span class='ocrx_word' id='word_1_462' title='bbox 1461 3912 1664 3984; x_wconf 47' lang='lat' dir='ltr'><strong>ﬁdeLet</strong></span> <span class='ocrx_word' id='word_1_463' title='bbox 1692 3913 1904 3980; x_wconf 83' lang='lat' dir='ltr'><strong>Spiritu</strong></span> 
     </span>
    </p>
   </div>
   <div class='ocr_carea' id='block_1_64' title="bbox 293 3980 1902 4051">
    <p class='ocr_par' dir='ltr' id='par_1_64' title="bbox 293 3980 1902 4051">
     <span class='ocr_line' id='line_1_66' title="bbox 293 3980 1902 4051; baseline -0.004 -9"><span class='ocrx_word' id='word_1_464' title='bbox 293 3980 507 4047; x_wconf 76' lang='lat' dir='ltr'><strong>sancto,</strong></span> <span class='ocrx_word' id='word_1_465' title='bbox 545 3989 595 4038; x_wconf 89' lang='lat' dir='ltr'><strong>et</strong></span> <span class='ocrx_word' id='word_1_466' title='bbox 637 3981 970 4051; x_wconf 86' lang='lat' dir='ltr'><strong>Philippum,</strong></span> <span class='ocrx_word' id='word_1_467' title='bbox 1011 3984 1062 4034; x_wconf 88' lang='lat' dir='ltr'><strong>et</strong></span> <span class='ocrx_word' id='word_1_468' title='bbox 1097 3980 1451 4043; x_wconf 87' lang='lat' dir='ltr'><strong>Prochorum,</strong></span> <span class='ocrx_word' id='word_1_469' title='bbox 1483 3985 1534 4035; x_wconf 91' lang='lat' dir='ltr'><strong>et</strong></span> <span class='ocrx_word' id='word_1_470' title='bbox 1565 3983 1902 4049; x_wconf 85' lang='lat' dir='ltr'><strong>Nicanorem,</strong></span> 
     </span>
    </p>
   </div>
   <div class='ocr_carea' id='block_1_65' title="bbox 292 4051 1906 4116">
    <p class='ocr_par' dir='ltr' id='par_1_65' title="bbox 292 4051 1906 4116">
     <span class='ocr_line' id='line_1_67' title="bbox 292 4051 1906 4116; baseline -0.005 -2"><span class='ocrx_word' id='word_1_471' title='bbox 292 4063 348 4114; x_wconf 91' lang='lat' dir='ltr'><strong>et</strong></span> <span class='ocrx_word' id='word_1_472' title='bbox 405 4059 676 4112; x_wconf 87' lang='lat' dir='ltr'><strong>Timonem</strong></span> <span class='ocrx_word' id='word_1_473' title='bbox 691 4094 708 4116; x_wconf 93' lang='lat'><strong>,</strong></span> <span class='ocrx_word' id='word_1_474' title='bbox 753 4056 802 4107; x_wconf 89' lang='lat' dir='ltr'><strong>et</strong></span> <span class='ocrx_word' id='word_1_475' title='bbox 839 4055 1178 4112; x_wconf 81' lang='lat' dir='ltr'><strong>Parmenam,</strong></span> <span class='ocrx_word' id='word_1_476' title='bbox 1223 4056 1273 4106; x_wconf 88' lang='lat' dir='ltr'><strong>et</strong></span> <span class='ocrx_word' id='word_1_477' title='bbox 1309 4051 1589 4108; x_wconf 87' lang='lat' dir='ltr'><strong>Nicolaum</strong></span> <span class='ocrx_word' id='word_1_478' title='bbox 1642 4051 1906 4106; x_wconf 87' lang='lat' dir='ltr'><strong>advenam</strong></span> 
     </span>
    </p>
   </div>
   <div class='ocr_carea' id='block_1_66' title="bbox 292 4124 1905 4192">
    <p class='ocr_par' dir='ltr' id='par_1_66' title="bbox 292 4124 1905 4192">
     <span class='ocr_line' id='line_1_68' title="bbox 292 4124 1905 4192; baseline -0.006 -7"><span class='ocrx_word' id='word_1_479' title='bbox 292 4127 713 4187; x_wconf 78' lang='lat' dir='ltr'><strong>Antiochenam.</strong></span> <span class='ocrx_word' id='word_1_480' title='bbox 745 4124 851 4178; x_wconf 86' lang='lat' dir='ltr'><strong>Hos</strong></span> <span class='ocrx_word' id='word_1_481' title='bbox 867 4125 1179 4178; x_wconf 68' lang='lat' dir='ltr'><strong>statuerunt</strong></span> <span class='ocrx_word' id='word_1_482' title='bbox 1201 4125 1328 4176; x_wconf 88' lang='lat' dir='ltr'><strong>ante</strong></span> <span class='ocrx_word' id='word_1_483' title='bbox 1341 4126 1670 4191; x_wconf 81' lang='lat' dir='ltr'><strong>conspectum</strong></span> <span class='ocrx_word' id='word_1_484' title='bbox 1692 4127 1905 4192; x_wconf 88' lang='lat' dir='ltr'><strong>aposto-</strong></span> 
     </span>
    </p>
   </div>
   <div class='ocr_carea' id='block_1_67' title="bbox 291 4193 1904 4264">
    <p class='ocr_par' dir='ltr' id='par_1_67' title="bbox 291 4193 1904 4264">
     <span class='ocr_line' id='line_1_69' title="bbox 291 4193 1904 4264; baseline -0.006 -7"><span class='ocrx_word' id='word_1_485' title='bbox 291 4202 490 4262; x_wconf 84' lang='lat' dir='ltr'><strong>lorum,</strong></span> <span class='ocrx_word' id='word_1_486' title='bbox 525 4201 575 4252; x_wconf 90' lang='lat' dir='ltr'><strong>et</strong></span> <span class='ocrx_word' id='word_1_487' title='bbox 597 4197 811 4251; x_wconf 87' lang='lat' dir='ltr'><strong>orantes</strong></span> <span class='ocrx_word' id='word_1_488' title='bbox 831 4195 1200 4264; x_wconf 84' lang='lat' dir='ltr'><strong>imposuerunt</strong></span> <span class='ocrx_word' id='word_1_489' title='bbox 1229 4195 1304 4248; x_wconf 87' lang='lat' dir='ltr'><strong>eis</strong></span> <span class='ocrx_word' id='word_1_490' title='bbox 1330 4206 1542 4248; x_wconf 89' lang='lat' dir='ltr'><strong>manus.</strong></span> <span class='ocrx_word' id='word_1_491' title='bbox 1575 4193 1674 4248; x_wconf 86' lang='lat' dir='ltr'><strong>Est</strong></span> <span class='ocrx_word' id='word_1_492' title='bbox 1714 4200 1904 4248; x_wconf 89' lang='lat' dir='ltr'><strong>autem</strong></span> 
     </span>
    </p>
   </div>
   <div class='ocr_carea' id='block_1_68' title="bbox 291 4262 1906 4342">
    <p class='ocr_par' dir='ltr' id='par_1_68' title="bbox 291 4262 1906 4342">
     <span class='ocr_line' id='line_1_70' title="bbox 291 4262 1906 4342; baseline -0.006 -14"><span class='ocrx_word' id='word_1_493' title='bbox 291 4270 501 4342; x_wconf 82' lang='lat' dir='ltr'><strong>duplex</strong></span> <span class='ocrx_word' id='word_1_494' title='bbox 537 4262 1332 4342; x_wconf 51' lang='lat' dir='ltr'><strong>diaconorum&#39;ministerjum,</strong></span> <span class='ocrx_word' id='word_1_495' title='bbox 1380 4279 1411 4320; x_wconf 90' lang='lat' dir='ltr'><strong>a</strong></span> <span class='ocrx_word' id='word_1_496' title='bbox 1461 4278 1578 4342; x_wconf 79' lang='lat' dir='ltr'><strong>quo</strong></span> <span class='ocrx_word' id='word_1_497' title='bbox 1613 4272 1669 4318; x_wconf 90' lang='lat' dir='ltr'><strong>et</strong></span> <span class='ocrx_word' id='word_1_498' title='bbox 1699 4279 1906 4342; x_wconf 70' lang='lat' dir='ltr'><strong>nomen</strong></span> 
     </span>
    </p>
   </div>
   <div class='ocr_carea' id='block_1_69' title="bbox 291 4333 1906 4411">
    <p class='ocr_par' dir='ltr' id='par_1_69' title="bbox 291 4333 1906 4411">
     <span class='ocr_line' id='line_1_71' title="bbox 291 4333 1906 4411; baseline -0.006 -12"><span class='ocrx_word' id='word_1_499' title='bbox 291 4333 629 4411; x_wconf 75' lang='lat' dir='ltr'><strong>acceperunt</strong></span> <span class='ocrx_word' id='word_1_500' title='bbox 675 4336 933 4411; x_wconf 58' lang='lat' dir='ltr'><strong>(bidxovo;</strong></span> <span class='ocrx_word' id='word_1_501' title='bbox 960 4333 1112 4411; x_wconf 84' lang='lat' dir='ltr'><strong>enim</strong></span> <span class='ocrx_word' id='word_1_502' title='bbox 1159 4334 1358 4411; x_wconf 75' lang='lat' dir='ltr'><strong>Latine</strong></span> <span class='ocrx_word' id='word_1_503' title='bbox 1400 4333 1648 4411; x_wconf 74' lang='lat' dir='ltr'><strong>minister</strong></span> <span class='ocrx_word' id='word_1_504' title='bbox 1687 4335 1906 4411; x_wconf 76' lang='lat' dir='ltr'><strong>dicitur,</strong></span> 
     </span>
    </p>
   </div>
   <div class='ocr_carea' id='block_1_70' title="bbox 291 4403 1906 4482">
    <p class='ocr_par' dir='ltr' id='par_1_70' title="bbox 291 4403 1906 4482">
     <span class='ocr_line' id='line_1_72' title="bbox 291 4403 1906 4482; baseline -0.006 -12"><span class='ocrx_word' id='word_1_505' title='bbox 291 4429 402 4470; x_wconf 89' lang='lat' dir='ltr'><strong>nec</strong></span> <span class='ocrx_word' id='word_1_506' title='bbox 426 4403 607 4482; x_wconf 75' lang='lat' dir='ltr'><strong>qualis</strong></span> <span class='ocrx_word' id='word_1_507' title='bbox 637 4403 810 4478; x_wconf 85' lang='lat' dir='ltr'><strong>qualis</strong></span> <span class='ocrx_word' id='word_1_508' title='bbox 838 4406 1106 4482; x_wconf 82' lang='lat' dir='ltr'><strong>minister,</strong></span> <span class='ocrx_word' id='word_1_509' title='bbox 1135 4405 1237 4482; x_wconf 79' lang='lat' dir='ltr'><strong>sed</strong></span> <span class='ocrx_word' id='word_1_510' title='bbox 1258 4404 1540 4482; x_wconf 81' lang='lat' dir='ltr'><strong>expeditus</strong></span> <span class='ocrx_word' id='word_1_511' title='bbox 1565 4403 1637 4461; x_wconf 87' lang='lat' dir='ltr'><strong>ad</strong></span> <span class='ocrx_word' id='word_1_512' title='bbox 1665 4404 1906 4482; x_wconf 72' lang='lat' dir='ltr'><strong>servien-</strong></span> 
     </span>
    </p>
   </div>
   <div class='ocr_carea' id='block_1_71' title="bbox 290 4476 1909 4562">
    <p class='ocr_par' dir='ltr' id='par_1_71' title="bbox 290 4476 1909 4562">
     <span class='ocr_line' id='line_1_73' title="bbox 290 4476 1909 4562; baseline -0.006 -20"><span class='ocrx_word' id='word_1_513' title='bbox 290 4476 464 4549; x_wconf 64' lang='lat' dir='ltr'><strong>dum;</strong></span> <span class='ocrx_word' id='word_1_514' title='bbox 487 4476 822 4562; x_wconf 61' lang='lat' dir='ltr'><strong>promptus,</strong></span> <span class='ocrx_word' id='word_1_515' title='bbox 865 4477 1245 4562; x_wconf 67' lang='lat' dir='ltr'><strong>obseqiiiosus)</strong></span> <span class='ocrx_word' id='word_1_516' title='bbox 1278 4493 1293 4530; x_wconf 88' lang='lat'><strong>:</strong></span> <span class='ocrx_word' id='word_1_517' title='bbox 1331 4476 1571 4559; x_wconf 51' lang='lat' dir='ltr'><strong>“alterum</strong></span> <span class='ocrx_word' id='word_1_518' title='bbox 1609 4476 1909 4562; x_wconf 74' lang='lat' dir='ltr'><strong>spirituale</strong></span> 
     </span>
    </p>
   </div>
   <div class='ocr_carea' id='block_1_72' title="bbox 290 4547 1906 4631">
    <p class='ocr_par' dir='ltr' id='par_1_72' title="bbox 290 4547 1906 4631">
     <span class='ocr_line' id='line_1_74' title="bbox 290 4547 1906 4631; baseline -0.004 -21"><span class='ocrx_word' id='word_1_519' title='bbox 290 4563 352 4631; x_wconf 86' lang='lat' dir='ltr'><strong>e_t_</strong></span> <span class='ocrx_word' id='word_1_520' title='bbox 382 4547 837 4631; x_wconf 76' lang='lat' dir='ltr'><strong>ecciesiasticum,</strong></span> <span class='ocrx_word' id='word_1_521' title='bbox 865 4563 978 4631; x_wconf 76' lang='lat' dir='ltr'><strong>quo</strong></span> <span class='ocrx_word' id='word_1_522' title='bbox 1016 4547 1234 4604; x_wconf 79' lang='lat' dir='ltr'><strong>diaconi</strong></span> <span class='ocrx_word' id='word_1_523' title='bbox 1269 4547 1533 4630; x_wconf 76' lang='lat' dir='ltr'><strong>episcopis</strong></span> <span class='ocrx_word' id='word_1_524' title='bbox 1575 4556 1631 4604; x_wconf 89' lang='lat' dir='ltr'><strong>et</strong></span> <span class='ocrx_word' id='word_1_525' title='bbox 1653 4547 1906 4631; x_wconf 44' lang='lat' dir='ltr'><strong>sacetldo-</strong></span> 
     </span>
    </p>
   </div>
   <div class='ocr_carea' id='block_1_73' title="bbox 290 4617 1988 4700">
    <p class='ocr_par' dir='ltr' id='par_1_73' title="bbox 290 4617 1988 4700">
     <span class='ocr_line' id='line_1_75' title="bbox 290 4617 1988 4700; baseline -0.005 -18"><span class='ocrx_word' id='word_1_526' title='bbox 290 4626 444 4700; x_wconf 81' lang='lat' dir='ltr'><strong>tibus</strong></span> <span class='ocrx_word' id='word_1_527' title='bbox 489 4623 545 4678; x_wconf 91' lang='lat' dir='ltr'><strong>in</strong></span> <span class='ocrx_word' id='word_1_528' title='bbox 569 4621 734 4677; x_wconf 88' lang='lat' dir='ltr'><strong>rebus</strong></span> <span class='ocrx_word' id='word_1_529' title='bbox 779 4617 949 4700; x_wconf 72' lang='lat' dir='ltr'><strong>sacris</strong></span> <span class='ocrx_word' id='word_1_530' title='bbox 985 4633 1050 4673; x_wconf 86' lang='lat' dir='ltr'><strong>ex</strong></span> <span class='ocrx_word' id='word_1_531' title='bbox 1096 4617 1324 4700; x_wconf 70' lang='lat' dir='ltr'><strong>proprio</strong></span> <span class='ocrx_word' id='word_1_532' title='bbox 1359 4617 1591 4700; x_wconf 72' lang='lat' dir='ltr'><strong>numero</strong></span> <span class='ocrx_word' id='word_1_533' title='bbox 1618 4627 1674 4675; x_wconf 91' lang='lat' dir='ltr'><strong>et</strong></span> <span class='ocrx_word' id='word_1_534' title='bbox 1722 4617 1906 4700; x_wconf 71' lang='lat' dir='ltr'><strong>piiicio</strong></span> <span class='ocrx_word' id='word_1_535' title='bbox 1937 4634 1988 4698; x_wconf 78' lang='grc' dir='ltr'><strong>ι)</strong></span> 
     </span>
    </p>
   </div>
   <div class='ocr_carea' id='block_1_74' title="bbox 291 4689 1900 4763">
    <p class='ocr_par' dir='ltr' id='par_1_74' title="bbox 291 4689 1900 4763">
     <span class='ocr_line' id='line_1_76' title="bbox 291 4689 1900 4763; baseline -0.005 -9"><span class='ocrx_word' id='word_1_536' title='bbox 291 4696 644 4760; x_wconf 85' lang='lat' dir='ltr'><strong>ministrant;</strong></span> <span class='ocrx_word' id='word_1_537' title='bbox 697 4707 806 4763; x_wconf 89' lang='lat' dir='ltr'><strong>quo</strong></span> <span class='ocrx_word' id='word_1_538' title='bbox 849 4690 904 4745; x_wconf 91' lang='lat' dir='ltr'><strong>in</strong></span> <span class='ocrx_word' id='word_1_539' title='bbox 943 4689 1142 4763; x_wconf 80' lang='lat' dir='ltr'><strong>genere</strong></span> <span class='ocrx_word' id='word_1_540' title='bbox 1184 4689 1426 4763; x_wconf 62' lang='grc' dir='ltr'><strong>μείωμα]</strong></span> <span class='ocrx_word' id='word_1_541' title='bbox 1475 4689 1658 4763; x_wconf 80' lang='lat' dir='ltr'><strong>locum</strong></span> <span class='ocrx_word' id='word_1_542' title='bbox 1689 4689 1900 4763; x_wconf 85' lang='lat' dir='ltr'><strong>obtinet</strong></span> 
     </span>
    </p>
   </div>
   <div class='ocr_carea' id='block_1_75' title="bbox 290 4759 1904 4832">
    <p class='ocr_par' dir='ltr' id='par_1_75' title="bbox 290 4759 1904 4832">
     <span class='ocr_line' id='line_1_77' title="bbox 290 4759 1904 4832; baseline -0.006 -8"><span class='ocrx_word' id='word_1_543' title='bbox 290 4766 494 4824; x_wconf 86' lang='lat' dir='ltr'><strong>altaris</strong></span> <span class='ocrx_word' id='word_1_544' title='bbox 538 4759 928 4830; x_wconf 78' lang='lat' dir='ltr'><strong>ministerium,</strong></span> <span class='ocrx_word' id='word_1_545' title='bbox 951 4759 1026 4832; x_wconf 70' lang='lat' dir='ltr'><strong>de</strong></span> <span class='ocrx_word' id='word_1_546' title='bbox 1067 4759 1201 4832; x_wconf 38' lang='lat' dir='ltr'><strong>quo:</strong></span> <span class='ocrx_word' id='word_1_547' title='bbox 1226 4761 1291 4815; x_wconf 93' lang='lat' dir='ltr'><strong>B.</strong></span> <span class='ocrx_word' id='word_1_548' title='bbox 1323 4759 1564 4832; x_wconf 82' lang='lat' dir='ltr'><strong>lgnatius</strong></span> <span class='ocrx_word' id='word_1_549' title='bbox 1611 4769 1824 4832; x_wconf 85' lang='lat' dir='ltr'><strong>martyr</strong></span> <span class='ocrx_word' id='word_1_550' title='bbox 1850 4761 1904 4816; x_wconf 91' lang='lat' dir='ltr'><strong>in</strong></span> 
     </span>
    </p>
   </div>
   <div class='ocr_carea' id='block_1_76' title="bbox 292 4830 1902 4908">
    <p class='ocr_par' dir='ltr' id='par_1_76' title="bbox 292 4830 1902 4908">
     <span class='ocr_line' id='line_1_78' title="bbox 292 4830 1902 4908; baseline -0.005 -14"><span class='ocrx_word' id='word_1_551' title='bbox 292 4833 534 4908; x_wconf 81' lang='lat' dir='ltr'><strong>epistola</strong></span> <span class='ocrx_word' id='word_1_552' title='bbox 553 4833 622 4908; x_wconf 83' lang='lat' dir='ltr'><strong>ad</strong></span> <span class='ocrx_word' id='word_1_553' title='bbox 638 4833 942 4889; x_wconf 86' lang='lat' dir='ltr'><strong>Trallianos</strong></span> <span class='ocrx_word' id='word_1_554' title='bbox 956 4830 1268 4908; x_wconf 39' lang='lat' dir='ltr'><strong>hate—habet</strong></span> <span class='ocrx_word' id='word_1_555' title='bbox 1297 4848 1311 4908; x_wconf 65' lang='grc' dir='ltr'><em>ς</em></span> <span class='ocrx_word' id='word_1_556' title='bbox 1343 4830 1490 4897; x_wconf 82' lang='lat' dir='ltr'><strong>Quid</strong></span> <span class='ocrx_word' id='word_1_557' title='bbox 1511 4835 1637 4908; x_wconf 81' lang='lat' dir='ltr'><strong>sunt</strong></span> <span class='ocrx_word' id='word_1_558' title='bbox 1664 4830 1902 4895; x_wconf 82' lang='lat' dir='ltr'><strong>diaconi,</strong></span> 
     </span>
    </p>
   </div>
   <div class='ocr_carea' id='block_1_77' title="bbox 295 4903 1908 4980">
    <p class='ocr_par' dir='ltr' id='par_1_77' title="bbox 295 4903 1908 4980">
     <span class='ocr_line' id='line_1_79' title="bbox 295 4903 1908 4980; baseline -0.003 -18"><span class='ocrx_word' id='word_1_559' title='bbox 295 4903 474 4980; x_wconf 70' lang='lat' dir='ltr'><strong>quam</strong></span> <span class='ocrx_word' id='word_1_560' title='bbox 498 4906 790 4980; x_wconf 85' lang='lat' dir='ltr'><strong>imitatores</strong></span> <span class='ocrx_word' id='word_1_561' title='bbox 812 4903 1177 4980; x_wconf 71' lang='lat' dir='ltr'><strong>angelicorum</strong></span> <span class='ocrx_word' id='word_1_562' title='bbox 1198 4904 1483 4980; x_wconf 52' lang='lat' dir='ltr'><strong>virgilium,</strong></span> <span class='ocrx_word' id='word_1_563' title='bbox 1513 4903 1611 4980; x_wconf 81' lang='lat' dir='ltr'><strong>qui</strong></span> <span class='ocrx_word' id='word_1_564' title='bbox 1637 4916 1834 4980; x_wconf 73' lang='lat' dir='ltr'><strong>purum</strong></span> <span class='ocrx_word' id='word_1_565' title='bbox 1856 4907 1908 4957; x_wconf 91' lang='lat' dir='ltr'><strong>et</strong></span> 
     </span>
    </p>
   </div>
   <div class='ocr_carea' id='block_1_78' title="bbox 297 4971 1908 5047">
    <p class='ocr_par' dir='ltr' id='par_1_78' title="bbox 297 4971 1908 5047">
     <span class='ocr_line' id='line_1_80' title="bbox 297 4971 1908 5047; baseline -0.004 -11"><span class='ocrx_word' id='word_1_566' title='bbox 297 4971 644 5047; x_wconf 76' lang='lat' dir='ltr'><strong>inculpatum</strong></span> <span class='ocrx_word' id='word_1_567' title='bbox 682 4975 1046 5047; x_wconf 79' lang='lat' dir='ltr'><strong>ministerium</strong></span> <span class='ocrx_word' id='word_1_568' title='bbox 1074 4975 1186 5047; x_wconf 84' lang='lat' dir='ltr'><strong>illis</strong></span> <span class='ocrx_word' id='word_1_569' title='bbox 1216 4973 1470 5047; x_wconf 68' lang='lat' dir='ltr'><strong>exhibent</strong></span> <span class='ocrx_word' id='word_1_570' title='bbox 1514 4971 1908 5047; x_wconf 65' lang='lat' dir='ltr'><strong>(sacerdotibus</strong></span> 
     </span>
    </p>
   </div>
   <div class='ocr_carea' id='block_1_79' title="bbox 293 5043 1908 5115">
    <p class='ocr_par' dir='ltr' id='par_1_79' title="bbox 293 5043 1908 5115">
     <span class='ocr_line' id='line_1_81' title="bbox 293 5043 1908 5115; baseline -0.006 -6"><span class='ocrx_word' id='word_1_571' title='bbox 293 5043 550 5115; x_wconf 64' lang='lat' dir='ltr'><strong>scilicét),</strong></span> <span class='ocrx_word' id='word_1_572' title='bbox 579 5050 642 5101; x_wconf 88' lang='lat' dir='ltr'><strong>ut</strong></span> <span class='ocrx_word' id='word_1_573' title='bbox 675 5045 734 5102; x_wconf 90' lang='lat' dir='ltr'><strong>S.</strong></span> <span class='ocrx_word' id='word_1_574' title='bbox 773 5043 1076 5113; x_wconf 84' lang='lat' dir='ltr'><strong>Stephanus</strong></span> <span class='ocrx_word' id='word_1_575' title='bbox 1110 5045 1259 5100; x_wconf 89' lang='lat' dir='ltr'><strong>beato</strong></span> <span class='ocrx_word' id='word_1_576' title='bbox 1283 5044 1491 5110; x_wconf 78' lang='lat' dir='ltr'><strong>Iacobo,</strong></span> <span class='ocrx_word' id='word_1_577' title='bbox 1522 5043 1825 5115; x_wconf 83' lang='lat' dir='ltr'><strong>Timotheus</strong></span> <span class='ocrx_word' id='word_1_578' title='bbox 1856 5049 1908 5100; x_wconf 89' lang='lat' dir='ltr'><strong>et</strong></span> 
     </span>
    </p>
   </div>
   <div class='ocr_carea' id='block_1_80' title="bbox 293 5114 1909 5185">
    <p class='ocr_par' dir='ltr' id='par_1_80' title="bbox 293 5114 1909 5185">
     <span class='ocr_line' id='line_1_82' title="bbox 293 5114 1909 5185; baseline -0.006 -7"><span class='ocrx_word' id='word_1_579' title='bbox 293 5126 474 5178; x_wconf 87' lang='lat' dir='ltr'><strong>Linus</strong></span> <span class='ocrx_word' id='word_1_580' title='bbox 501 5114 691 5185; x_wconf 87' lang='lat' dir='ltr'><strong>Paulo,</strong></span> <span class='ocrx_word' id='word_1_581' title='bbox 715 5115 1007 5185; x_wconf 85' lang='lat' dir='ltr'><strong>Anacletus</strong></span> <span class='ocrx_word' id='word_1_582' title='bbox 1053 5119 1104 5168; x_wconf 91' lang='lat' dir='ltr'><strong>et</strong></span> <span class='ocrx_word' id='word_1_583' title='bbox 1131 5115 1366 5172; x_wconf 86' lang='lat' dir='ltr'><strong>Clemens</strong></span> <span class='ocrx_word' id='word_1_584' title='bbox 1391 5117 1567 5182; x_wconf 90' lang='lat' dir='ltr'><strong>Petro,</strong></span> <span class='ocrx_word' id='word_1_585' title='bbox 1589 5122 1698 5185; x_wconf 83' lang='lat' dir='ltr'><strong>etc.</strong></span> <span class='ocrx_word' id='word_1_586' title='bbox 1729 5114 1909 5170; x_wconf 85' lang='lat' dir='ltr'><strong>Idem-</strong></span> 
     </span>
    </p>
   </div>
   <div class='ocr_carea' id='block_1_81' title="bbox 294 5183 1908 5266">
    <p class='ocr_par' dir='ltr' id='par_1_81' title="bbox 294 5183 1908 5266">
     <span class='ocr_line' id='line_1_83' title="bbox 294 5183 1908 5266; baseline -0.004 -17"><span class='ocrx_word' id='word_1_587' title='bbox 294 5208 405 5266; x_wconf 91' lang='lat' dir='ltr'><strong>que</strong></span> <span class='ocrx_word' id='word_1_588' title='bbox 429 5205 534 5249; x_wconf 88' lang='lat' dir='ltr'><strong>suo</strong></span> <span class='ocrx_word' id='word_1_589' title='bbox 557 5183 801 5266; x_wconf 74' lang='lat' dir='ltr'><strong>carmine</strong></span> <span class='ocrx_word' id='word_1_590' title='bbox 828 5184 1106 5266; x_wconf 75' lang='lat' dir='ltr'><strong>eleganter</strong></span> <span class='ocrx_word' id='word_1_591' title='bbox 1138 5185 1406 5256; x_wconf 82' lang='lat' dir='ltr'><strong>expressit</strong></span> <span class='ocrx_word' id='word_1_592' title='bbox 1421 5190 1622 5242; x_wconf 80' lang='lat' dir='ltr'><strong>Arator</strong></span> <span class='ocrx_word' id='word_1_593' title='bbox 1647 5183 1908 5242; x_wconf 90' lang='lat' dir='ltr'><strong>diaconus</strong></span> 
     </span>
    </p>
   </div>
   <div class='ocr_carea' id='block_1_82' title="bbox 295 5255 1296 5337">
    <p class='ocr_par' dir='ltr' id='par_1_82' title="bbox 295 5255 1296 5337">
     <span class='ocr_line' id='line_1_84' title="bbox 295 5255 1296 5337; baseline -0.008 -15"><span class='ocrx_word' id='word_1_594' title='bbox 295 5255 354 5322; x_wconf 77' lang='lat' dir='ltr'><strong>et</strong></span> <span class='ocrx_word' id='word_1_595' title='bbox 378 5269 541 5337; x_wconf 89' lang='lat' dir='ltr'><strong>poeta</strong></span> <span class='ocrx_word' id='word_1_596' title='bbox 566 5260 635 5318; x_wconf 88' lang='lat' dir='ltr'><strong>de</strong></span> <span class='ocrx_word' id='word_1_597' title='bbox 663 5255 930 5333; x_wconf 85' lang='lat' dir='ltr'><strong>apostolis</strong></span> <span class='ocrx_word' id='word_1_598' title='bbox 956 5255 1030 5312; x_wconf 88' lang='lat' dir='ltr'><strong>ita</strong></span> <span class='ocrx_word' id='word_1_599' title='bbox 1057 5255 1256 5312; x_wconf 82' lang='lat' dir='ltr'><strong>canens</strong></span> <span class='ocrx_word' id='word_1_600' title='bbox 1282 5276 1296 5314; x_wconf 89' lang='lat'><strong>:</strong></span> 
     </span>
    </p>
   </div>
   <div class='ocr_carea' id='block_1_83' title="bbox 427 5380 1422 5434">
    <p class='ocr_par' dir='ltr' id='par_1_83' title="bbox 427 5380 1422 5434">
     <span class='ocr_line' id='line_1_85' title="bbox 427 5380 1422 5434; baseline -0.004 0"><span class='ocrx_word' id='word_1_601' title='bbox 427 5386 554 5434; x_wconf 86' lang='lat' dir='ltr'><strong>Jura</strong></span> <span class='ocrx_word' id='word_1_602' title='bbox 583 5381 845 5432; x_wconf 77' lang='lat' dir='ltr'><strong>ministerii</strong></span> <span class='ocrx_word' id='word_1_603' title='bbox 873 5380 1030 5432; x_wconf 87' lang='lat' dir='ltr'><strong>sacris</strong></span> <span class='ocrx_word' id='word_1_604' title='bbox 1051 5380 1292 5432; x_wconf 78' lang='lat' dir='ltr'><strong>altaribus</strong></span> <span class='ocrx_word' id='word_1_605' title='bbox 1315 5380 1422 5434; x_wconf 82' lang='lat' dir='ltr'><strong>apti</strong></span> 
     </span>
    </p>
   </div>
   <div class='ocr_carea' id='block_1_84' title="bbox 427 5443 1675 5508">
    <p class='ocr_par' dir='ltr' id='par_1_84' title="bbox 427 5443 1675 5508">
     <span class='ocr_line' id='line_1_86' title="bbox 427 5443 1675 5508; baseline -0.002 -12"><span class='ocrx_word' id='word_1_606' title='bbox 427 5448 487 5496; x_wconf 81' lang='lat' dir='ltr'><strong>In</strong></span> <span class='ocrx_word' id='word_1_607' title='bbox 520 5447 708 5508; x_wconf 87' lang='lat' dir='ltr'><strong>septem</strong></span> <span class='ocrx_word' id='word_1_608' title='bbox 727 5448 955 5508; x_wconf 74' lang='lat' dir='ltr'><strong>statuere</strong></span> <span class='ocrx_word' id='word_1_609' title='bbox 967 5443 1104 5505; x_wconf 88' lang='lat' dir='ltr'><strong>viris,</strong></span> <span class='ocrx_word' id='word_1_610' title='bbox 1127 5456 1256 5508; x_wconf 89' lang='lat' dir='ltr'><strong>quos</strong></span> <span class='ocrx_word' id='word_1_611' title='bbox 1273 5443 1494 5508; x_wconf 82' lang='lat' dir='ltr'><strong>undique</strong></span> <span class='ocrx_word' id='word_1_612' title='bbox 1508 5443 1675 5508; x_wconf 15' lang='lat' dir='ltr'><strong>flectos</strong></span> 
     </span>
    </p>
   </div>
   <div class='ocr_carea' id='block_1_85' title="bbox 429 5505 1740 5571">
    <p class='ocr_par' dir='ltr' id='par_1_85' title="bbox 429 5505 1740 5571">
     <span class='ocr_line' id='line_1_87' title="bbox 429 5505 1740 5571; baseline -0.003 -11"><span class='ocrx_word' id='word_1_613' title='bbox 429 5505 629 5571; x_wconf 68' lang='lat' dir='ltr'><strong>Levites</strong></span> <span class='ocrx_word' id='word_1_614' title='bbox 665 5506 888 5571; x_wconf 80' lang='lat' dir='ltr'><strong>vocitare</strong></span> <span class='ocrx_word' id='word_1_615' title='bbox 911 5507 1074 5570; x_wconf 82' lang='lat' dir='ltr'><strong>placet</strong></span> <span class='ocrx_word' id='word_1_616' title='bbox 1097 5525 1108 5556; x_wconf 90' lang='lat'><strong>:</strong></span> <span class='ocrx_word' id='word_1_617' title='bbox 1129 5505 1280 5571; x_wconf 82' lang='lat' dir='ltr'><strong>quam</strong></span> <span class='ocrx_word' id='word_1_618' title='bbox 1299 5505 1558 5571; x_wconf 79' lang='lat' dir='ltr'><strong>splendida</strong></span> <span class='ocrx_word' id='word_1_619' title='bbox 1587 5505 1740 5571; x_wconf 64' lang='lat' dir='ltr'><strong>cepit</strong></span> 
     </span>
    </p>
   </div>
   <div class='ocr_carea' id='block_1_86' title="bbox 429 5569 1566 5634">
    <p class='ocr_par' dir='ltr' id='par_1_86' title="bbox 429 5569 1566 5634">
     <span class='ocr_line' id='line_1_88' title="bbox 429 5569 1566 5634; baseline -0.004 -13"><span class='ocrx_word' id='word_1_620' title='bbox 429 5569 664 5634; x_wconf 79' lang='lat' dir='ltr'><strong>Ecclesiae</strong></span> <span class='ocrx_word' id='word_1_621' title='bbox 691 5569 874 5634; x_wconf 73' lang='lat' dir='ltr'><strong>fulgere</strong></span> <span class='ocrx_word' id='word_1_622' title='bbox 893 5569 1084 5631; x_wconf 82' lang='lat' dir='ltr'><strong>manus,</strong></span> <span class='ocrx_word' id='word_1_623' title='bbox 1100 5569 1216 5634; x_wconf 64' lang='lat' dir='ltr'><strong>quas</strong></span> <span class='ocrx_word' id='word_1_624' title='bbox 1238 5569 1418 5634; x_wconf 78' lang='lat' dir='ltr'><strong>pocula</strong></span> <span class='ocrx_word' id='word_1_625' title='bbox 1451 5569 1566 5634; x_wconf 69' lang='lat' dir='ltr'><strong>vitae</strong></span> 
     </span>
    </p>
   </div>
   <div class='ocr_carea' id='block_1_87' title="bbox 427 5629 1735 5698">
    <p class='ocr_par' dir='ltr' id='par_1_87' title="bbox 427 5629 1735 5698">
     <span class='ocr_line' id='line_1_89' title="bbox 427 5629 1735 5698; baseline -0.003 -14"><span class='ocrx_word' id='word_1_626' title='bbox 427 5633 660 5694; x_wconf 75' lang='lat' dir='ltr'><strong>Misceat,</strong></span> <span class='ocrx_word' id='word_1_627' title='bbox 683 5635 736 5681; x_wconf 86' lang='lat' dir='ltr'><strong>et</strong></span> <span class='ocrx_word' id='word_1_628' title='bbox 763 5629 936 5680; x_wconf 84' lang='lat' dir='ltr'><strong>latices</strong></span> <span class='ocrx_word' id='word_1_629' title='bbox 953 5629 1076 5682; x_wconf 84' lang='lat' dir='ltr'><strong>cum</strong></span> <span class='ocrx_word' id='word_1_630' title='bbox 1088 5629 1325 5698; x_wconf 72' lang='lat' dir='ltr'><strong>sanguine</strong></span> <span class='ocrx_word' id='word_1_631' title='bbox 1345 5631 1564 5696; x_wconf 78' lang='lat' dir='ltr'><strong>porrigat</strong></span> <span class='ocrx_word' id='word_1_632' title='bbox 1584 5630 1735 5694; x_wconf 78' lang='lat' dir='ltr'><strong>Agnil</strong></span> 
     </span>
    </p>
   </div>
   <div class='ocr_carea' id='block_1_88' title="bbox 299 5757 1908 5831">
    <p class='ocr_par' dir='ltr' id='par_1_88' title="bbox 299 5757 1908 5831">
     <span class='ocr_line' id='line_1_90' title="bbox 299 5757 1908 5831; baseline -0.003 -14"><span class='ocrx_word' id='word_1_633' title='bbox 299 5759 555 5818; x_wconf 77' lang='lat' dir='ltr'><strong>Alterum</strong></span> <span class='ocrx_word' id='word_1_634' title='bbox 597 5759 963 5831; x_wconf 86' lang='lat' dir='ltr'><strong>diaconorum</strong></span> <span class='ocrx_word' id='word_1_635' title='bbox 986 5758 1358 5831; x_wconf 86' lang='lat' dir='ltr'><strong>ministerium</strong></span> <span class='ocrx_word' id='word_1_636' title='bbox 1403 5757 1702 5831; x_wconf 91' lang='lat' dir='ltr'><strong>temporale</strong></span> <span class='ocrx_word' id='word_1_637' title='bbox 1724 5763 1783 5831; x_wconf 70' lang='lat' dir='ltr'><strong>et</strong></span> <span class='ocrx_word' id='word_1_638' title='bbox 1807 5771 1908 5828; x_wconf 88' lang='lat' dir='ltr'><strong>po-</strong></span> 
     </span>
    </p>
   </div>
   <div class='ocr_carea' id='block_1_89' title="bbox 295 5825 1906 5904">
    <p class='ocr_par' dir='ltr' id='par_1_89' title="bbox 295 5825 1906 5904">
     <span class='ocr_line' id='line_1_91' title="bbox 295 5825 1906 5904; baseline -0.002 -16"><span class='ocrx_word' id='word_1_639' title='bbox 295 5832 538 5901; x_wconf 88' lang='lat' dir='ltr'><strong>liticum,</strong></span> <span class='ocrx_word' id='word_1_640' title='bbox 560 5830 674 5888; x_wconf 85' lang='lat' dir='ltr'><strong>sive</strong></span> <span class='ocrx_word' id='word_1_641' title='bbox 719 5830 1158 5901; x_wconf 77' lang='lat' dir='ltr'><strong>(economicum,</strong></span> <span class='ocrx_word' id='word_1_642' title='bbox 1198 5840 1387 5889; x_wconf 88' lang='lat' dir='ltr'><strong>tamen</strong></span> <span class='ocrx_word' id='word_1_643' title='bbox 1424 5825 1573 5888; x_wconf 75' lang='lat' dir='ltr'><strong>mere</strong></span> <span class='ocrx_word' id='word_1_644' title='bbox 1615 5825 1906 5904; x_wconf 79' lang='lat' dir='ltr'><strong>profanum</strong></span> 
     </span>
    </p>
   </div>
   <div class='ocr_carea' id='block_1_90' title="bbox 2012 2424 3614 2504">
    <p class='ocr_par' dir='ltr' id='par_1_90' title="bbox 2012 2424 3614 2504">
     <span class='ocr_line' id='line_1_92' title="bbox 2012 2424 3614 2504; baseline 0.004 -22"><span class='ocrx_word' id='word_1_645' title='bbox 2012 2434 2067 2482; x_wconf 92' lang='lat' dir='ltr'><strong>et</strong></span> <span class='ocrx_word' id='word_1_646' title='bbox 2116 2425 2403 2494; x_wconf 68' lang='lat' dir='ltr'><strong>saeculare,</strong></span> <span class='ocrx_word' id='word_1_647' title='bbox 2427 2433 2550 2504; x_wconf 69' lang='lat' dir='ltr'><strong>_ut__</strong></span> <span class='ocrx_word' id='word_1_648' title='bbox 2566 2424 3012 2504; x_wconf 70' lang='lat' dir='ltr'><strong>volpnt__sectarii</strong></span> <span class='ocrx_word' id='word_1_649' title='bbox 3030 2468 3067 2504; x_wconf 88' lang='lat'><strong>,_</strong></span> <span class='ocrx_word' id='word_1_650' title='bbox 3090 2443 3200 2499; x_wconf 93' lang='lat' dir='ltr'><strong>quo</strong></span> <span class='ocrx_word' id='word_1_651' title='bbox 3241 2428 3614 2504; x_wconf 81' lang='lat' dir='ltr'><strong>eleemosynas</strong></span> 
     </span>
    </p>
   </div>
   <div class='ocr_carea' id='block_1_91' title="bbox 2012 2495 3614 2571">
    <p class='ocr_par' dir='ltr' id='par_1_91' title="bbox 2012 2495 3614 2571">
     <span class='ocr_line' id='line_1_93' title="bbox 2012 2495 3614 2571; baseline 0.005 -19"><span class='ocrx_word' id='word_1_652' title='bbox 2012 2505 2262 2571; x_wconf 83' lang='lat' dir='ltr'><strong>tempore</strong></span> <span class='ocrx_word' id='word_1_653' title='bbox 2304 2495 2553 2571; x_wconf 77' lang='lat' dir='ltr'><strong>sacrificii</strong></span> <span class='ocrx_word' id='word_1_654' title='bbox 2581 2511 2612 2551; x_wconf 88' lang='lat' dir='ltr'><strong>a</strong></span> <span class='ocrx_word' id='word_1_655' title='bbox 2641 2495 2890 2571; x_wconf 74' lang='lat' dir='ltr'><strong>ﬁdelibus</strong></span> <span class='ocrx_word' id='word_1_656' title='bbox 2915 2495 3189 2571; x_wconf 82' lang='lat' dir='ltr'><strong>ad_altare</strong></span> <span class='ocrx_word' id='word_1_657' title='bbox 3217 2499 3446 2571; x_wconf 89' lang='lat' dir='ltr'><strong>oblatas,</strong></span> <span class='ocrx_word' id='word_1_658' title='bbox 3477 2495 3532 2559; x_wconf 66' lang='grc' dir='ltr'><strong>ἐι</strong></span> <span class='ocrx_word' id='word_1_659' title='bbox 3555 2503 3614 2560; x_wconf 91' lang='lat' dir='ltr'><strong>in</strong></span> 
     </span>
    </p>
   </div>
   <div class='ocr_carea' id='block_1_92' title="bbox 2013 2567 3617 2640">
    <p class='ocr_par' dir='ltr' id='par_1_92' title="bbox 2013 2567 3617 2640">
     <span class='ocr_line' id='line_1_94' title="bbox 2013 2567 3617 2640; baseline 0.006 -17"><span class='ocrx_word' id='word_1_660' title='bbox 2013 2567 2277 2640; x_wconf 47' lang='lat' dir='ltr'><strong>ecclesiai</strong></span> <span class='ocrx_word' id='word_1_661' title='bbox 2297 2567 2559 2640; x_wconf 66' lang='lat' dir='ltr'><strong>aerarium</strong></span> <span class='ocrx_word' id='word_1_662' title='bbox 2603 2567 2932 2637; x_wconf 89' lang='lat' dir='ltr'><strong>reconditas,</strong></span> <span class='ocrx_word' id='word_1_663' title='bbox 2994 2568 3054 2624; x_wconf 90' lang='lat' dir='ltr'><strong>in</strong></span> <span class='ocrx_word' id='word_1_664' title='bbox 3117 2586 3383 2640; x_wconf 90' lang='lat' dir='ltr'><strong>pauperes</strong></span> <span class='ocrx_word' id='word_1_665' title='bbox 3425 2567 3617 2632; x_wconf 81' lang='lat' dir='ltr'><strong>viduas</strong></span> 
     </span>
    </p>
   </div>
   <div class='ocr_carea' id='block_1_93' title="bbox 2015 2636 3614 2709">
    <p class='ocr_par' dir='ltr' id='par_1_93' title="bbox 2015 2636 3614 2709">
     <span class='ocr_line' id='line_1_95' title="bbox 2015 2636 3614 2709; baseline 0.005 -17"><span class='ocrx_word' id='word_1_666' title='bbox 2015 2637 2140 2709; x_wconf 90' lang='lat' dir='ltr'><strong>(sub</strong></span> <span class='ocrx_word' id='word_1_667' title='bbox 2165 2636 2366 2709; x_wconf 86' lang='lat' dir='ltr'><strong>quibus</strong></span> <span class='ocrx_word' id='word_1_668' title='bbox 2389 2646 2446 2694; x_wconf 90' lang='lat' dir='ltr'><strong>et</strong></span> <span class='ocrx_word' id='word_1_669' title='bbox 2472 2637 2563 2709; x_wconf 89' lang='lat' dir='ltr'><strong>alii</strong></span> <span class='ocrx_word' id='word_1_670' title='bbox 2591 2652 2852 2709; x_wconf 87' lang='lat' dir='ltr'><strong>pauperes</strong></span> <span class='ocrx_word' id='word_1_671' title='bbox 2893 2636 3454 2709; x_wconf 81' lang='lat' dir='ltr'><strong>comprehenduntur)</strong></span> <span class='ocrx_word' id='word_1_672' title='bbox 3491 2659 3614 2700; x_wconf 92' lang='lat' dir='ltr'><strong>ero-</strong></span> 
     </span>
    </p>
   </div>
   <div class='ocr_carea' id='block_1_94' title="bbox 2013 2707 3614 2784">
    <p class='ocr_par' dir='ltr' id='par_1_94' title="bbox 2013 2707 3614 2784">
     <span class='ocr_line' id='line_1_96' title="bbox 2013 2707 3614 2784; baseline 0.006 -22"><span class='ocrx_word' id='word_1_673' title='bbox 2013 2707 2234 2784; x_wconf 77' lang='lat' dir='ltr'><strong>gabant.</strong></span> <span class='ocrx_word' id='word_1_674' title='bbox 2258 2707 2449 2784; x_wconf 58' lang='lat' dir='ltr'><strong>[iuius</strong></span> <span class='ocrx_word' id='word_1_675' title='bbox 2461 2707 2823 2784; x_wconf 78' lang='lat' dir='ltr'><strong>solummodo</strong></span> <span class='ocrx_word' id='word_1_676' title='bbox 2837 2707 3132 2784; x_wconf 77' lang='lat' dir='ltr'><strong>ministerii</strong></span> <span class='ocrx_word' id='word_1_677' title='bbox 3140 2712 3390 2784; x_wconf 83' lang='lat' dir='ltr'><strong>meminit</strong></span> <span class='ocrx_word' id='word_1_678' title='bbox 3414 2707 3614 2784; x_wconf 88' lang='lat' dir='ltr'><strong>Lucas,</strong></span> 
     </span>
    </p>
   </div>
   <div class='ocr_carea' id='block_1_95' title="bbox 2012 2777 3616 2850">
    <p class='ocr_par' dir='ltr' id='par_1_95' title="bbox 2012 2777 3616 2850">
     <span class='ocr_line' id='line_1_97' title="bbox 2012 2777 3616 2850; baseline 0.005 -15"><span class='ocrx_word' id='word_1_679' title='bbox 2012 2777 2162 2850; x_wconf 81' lang='lat' dir='ltr'><strong>quod</strong></span> <span class='ocrx_word' id='word_1_680' title='bbox 2189 2779 2324 2835; x_wconf 88' lang='lat' dir='ltr'><strong>satis</strong></span> <span class='ocrx_word' id='word_1_681' title='bbox 2346 2777 2992 2850; x_wconf 81' lang='lat' dir='ltr'><strong>babueritoccasionem</strong></span> <span class='ocrx_word' id='word_1_682' title='bbox 3035 2779 3397 2838; x_wconf 86' lang='lat' dir='ltr'><strong>ordinationis</strong></span> <span class='ocrx_word' id='word_1_683' title='bbox 3422 2777 3616 2842; x_wconf 82' lang='lat' dir='ltr'><strong>eorum</strong></span> 
     </span>
    </p>
   </div>
   <div class='ocr_carea' id='block_1_96' title="bbox 2014 2849 3616 2914">
    <p class='ocr_par' dir='ltr' id='par_1_96' title="bbox 2014 2849 3616 2914">
     <span class='ocr_line' id='line_1_98' title="bbox 2014 2849 3616 2914; baseline 0.004 -8"><span class='ocrx_word' id='word_1_684' title='bbox 2014 2849 2290 2912; x_wconf 81' lang='lat' dir='ltr'><strong>enarrare.</strong></span> <span class='ocrx_word' id='word_1_685' title='bbox 2321 2857 2502 2906; x_wconf 89' lang='lat' dir='ltr'><strong>ortam</strong></span> <span class='ocrx_word' id='word_1_686' title='bbox 2518 2849 2728 2906; x_wconf 90' lang='lat' dir='ltr'><strong>scilicet</strong></span> <span class='ocrx_word' id='word_1_687' title='bbox 2755 2865 2818 2906; x_wconf 84' lang='lat' dir='ltr'><strong>ex</strong></span> <span class='ocrx_word' id='word_1_688' title='bbox 2850 2865 3136 2908; x_wconf 83' lang='lat' dir='ltr'><strong>murmure</strong></span> <span class='ocrx_word' id='word_1_689' title='bbox 3161 2853 3488 2912; x_wconf 69' lang='lat' dir='ltr'><strong>Graecorum</strong></span> <span class='ocrx_word' id='word_1_690' title='bbox 3521 2855 3616 2914; x_wconf 89' lang='lat' dir='ltr'><strong>ad-</strong></span> 
     </span>
    </p>
   </div>
   <div class='ocr_carea' id='block_1_97' title="bbox 2014 2921 3615 2992">
    <p class='ocr_par' dir='ltr' id='par_1_97' title="bbox 2014 2921 3615 2992">
     <span class='ocr_line' id='line_1_99' title="bbox 2014 2921 3615 2992; baseline 0.004 -16"><span class='ocrx_word' id='word_1_691' title='bbox 2014 2937 2202 2976; x_wconf 88' lang='lat' dir='ltr'><strong>versus</strong></span> <span class='ocrx_word' id='word_1_692' title='bbox 2229 2921 2514 2984; x_wconf 68' lang='lat' dir='ltr'><strong>Hebrmos,</strong></span> <span class='ocrx_word' id='word_1_693' title='bbox 2543 2937 2600 2976; x_wconf 91' lang='lat' dir='ltr'><strong>eo</strong></span> <span class='ocrx_word' id='word_1_694' title='bbox 2628 2922 2773 2991; x_wconf 87' lang='lat' dir='ltr'><strong>quod</strong></span> <span class='ocrx_word' id='word_1_695' title='bbox 2800 2921 3200 2992; x_wconf 86' lang='lat' dir='ltr'><strong>despicerentur</strong></span> <span class='ocrx_word' id='word_1_696' title='bbox 3225 2925 3408 2980; x_wconf 73' lang='lat' dir='ltr'><strong>vidule</strong></span> <span class='ocrx_word' id='word_1_697' title='bbox 3433 2942 3615 2984; x_wconf 87' lang='lat' dir='ltr'><strong>eorum</strong></span> 
     </span>
    </p>
   </div>
   <div class='ocr_carea' id='block_1_98' title="bbox 2009 2991 3617 3064">
    <p class='ocr_par' dir='ltr' id='par_1_98' title="bbox 2009 2991 3617 3064">
     <span class='ocr_line' id='line_1_100' title="bbox 2009 2991 3617 3064; baseline 0.006 -18"><span class='ocrx_word' id='word_1_698' title='bbox 2009 2994 2069 3046; x_wconf 90' lang='lat' dir='ltr'><strong>in</strong></span> <span class='ocrx_word' id='word_1_699' title='bbox 2089 2991 2385 3064; x_wconf 79' lang='lat' dir='ltr'><strong>ministerio</strong></span> <span class='ocrx_word' id='word_1_700' title='bbox 2409 2993 2746 3064; x_wconf 84' lang='lat' dir='ltr'><strong>quotidiano,</strong></span> <span class='ocrx_word' id='word_1_701' title='bbox 2767 2992 2821 3048; x_wconf 91' lang='lat' dir='ltr'><strong>id</strong></span> <span class='ocrx_word' id='word_1_702' title='bbox 2843 2991 2944 3064; x_wconf 80' lang='lat' dir='ltr'><strong>est,</strong></span> <span class='ocrx_word' id='word_1_703' title='bbox 2968 2993 3019 3048; x_wconf 91' lang='lat' dir='ltr'><strong>in</strong></span> <span class='ocrx_word' id='word_1_704' title='bbox 3041 2993 3359 3064; x_wconf 90' lang='lat' dir='ltr'><strong>quotidiana</strong></span> <span class='ocrx_word' id='word_1_705' title='bbox 3383 2997 3617 3054; x_wconf 89' lang='lat' dir='ltr'><strong>eleemo-</strong></span> 
     </span>
    </p>
   </div>
   <div class='ocr_carea' id='block_1_99' title="bbox 2010 3061 3614 3134">
    <p class='ocr_par' dir='ltr' id='par_1_99' title="bbox 2010 3061 3614 3134">
     <span class='ocr_line' id='line_1_101' title="bbox 2010 3061 3614 3134; baseline 0.006 -18"><span class='ocrx_word' id='word_1_706' title='bbox 2010 3076 2272 3134; x_wconf 87' lang='lat' dir='ltr'><strong>synarum</strong></span> <span class='ocrx_word' id='word_1_707' title='bbox 2325 3061 2729 3134; x_wconf 82' lang='lat' dir='ltr'><strong>distributione.</strong></span> <span class='ocrx_word' id='word_1_708' title='bbox 2790 3066 2871 3118; x_wconf 89' lang='lat' dir='ltr'><strong>De</strong></span> <span class='ocrx_word' id='word_1_709' title='bbox 2916 3063 3022 3119; x_wconf 89' lang='lat' dir='ltr'><strong>hoc</strong></span> <span class='ocrx_word' id='word_1_710' title='bbox 3055 3061 3263 3122; x_wconf 47' lang='lat' dir='ltr'><strong>‘itidem</strong></span> <span class='ocrx_word' id='word_1_711' title='bbox 3310 3067 3614 3126; x_wconf 87' lang='lat' dir='ltr'><strong>ministerio</strong></span> 
     </span>
    </p>
   </div>
   <div class='ocr_carea' id='block_1_100' title="bbox 2011 3131 3620 3197">
    <p class='ocr_par' dir='ltr' id='par_1_100' title="bbox 2011 3131 3620 3197">
     <span class='ocr_line' id='line_1_102' title="bbox 2011 3131 3620 3197; baseline 0.005 -9"><span class='ocrx_word' id='word_1_712' title='bbox 2011 3131 2066 3188; x_wconf 87' lang='lat' dir='ltr'><strong>S.</strong></span> <span class='ocrx_word' id='word_1_713' title='bbox 2099 3135 2212 3189; x_wconf 91' lang='lat' dir='ltr'><strong>Leo</strong></span> <span class='ocrx_word' id='word_1_714' title='bbox 2249 3133 2303 3188; x_wconf 88' lang='lat' dir='ltr'><strong>in</strong></span> <span class='ocrx_word' id='word_1_715' title='bbox 2333 3148 2588 3190; x_wconf 90' lang='lat' dir='ltr'><strong>sermone</strong></span> <span class='ocrx_word' id='word_1_716' title='bbox 2610 3131 2680 3189; x_wconf 89' lang='lat' dir='ltr'><strong>de</strong></span> <span class='ocrx_word' id='word_1_717' title='bbox 2707 3134 2762 3189; x_wconf 95' lang='lat' dir='ltr'><strong>S.</strong></span> <span class='ocrx_word' id='word_1_718' title='bbox 2797 3134 3094 3190; x_wconf 89' lang='lat' dir='ltr'><strong>Laurentio</strong></span> <span class='ocrx_word' id='word_1_719' title='bbox 3125 3135 3202 3192; x_wconf 88' lang='lat' dir='ltr'><strong>ita</strong></span> <span class='ocrx_word' id='word_1_720' title='bbox 3229 3137 3305 3192; x_wconf 91' lang='lat' dir='ltr'><strong>ait</strong></span> <span class='ocrx_word' id='word_1_721' title='bbox 3338 3155 3351 3192; x_wconf 91' lang='lat'><strong>:</strong></span> <span class='ocrx_word' id='word_1_722' title='bbox 3380 3141 3500 3197; x_wconf 88' lang='lat' dir='ltr'><strong>Non</strong></span> <span class='ocrx_word' id='word_1_723' title='bbox 3535 3155 3620 3196; x_wconf 85' lang='lat' dir='ltr'><strong>so-</strong></span> 
     </span>
    </p>
   </div>
   <div class='ocr_carea' id='block_1_101' title="bbox 2015 3204 3616 3279">
    <p class='ocr_par' dir='ltr' id='par_1_101' title="bbox 2015 3204 3616 3279">
     <span class='ocr_line' id='line_1_103' title="bbox 2015 3204 3616 3279; baseline 0.006 -21"><span class='ocrx_word' id='word_1_724' title='bbox 2015 3204 2125 3259; x_wconf 88' lang='lat' dir='ltr'><strong>lum</strong></span> <span class='ocrx_word' id='word_1_725' title='bbox 2148 3207 2445 3279; x_wconf 79' lang='lat' dir='ltr'><strong>ministerio</strong></span> <span class='ocrx_word' id='word_1_726' title='bbox 2455 3206 2936 3279; x_wconf 78' lang='lat' dir='ltr'><strong>Sacramentorum,</strong></span> <span class='ocrx_word' id='word_1_727' title='bbox 2967 3207 3062 3261; x_wconf 92' lang='lat' dir='ltr'><strong>sed</strong></span> <span class='ocrx_word' id='word_1_728' title='bbox 3080 3209 3244 3262; x_wconf 89' lang='lat' dir='ltr'><strong>etiam</strong></span> <span class='ocrx_word' id='word_1_729' title='bbox 3264 3209 3616 3279; x_wconf 73' lang='lat' dir='ltr'><strong>dispensatio-</strong></span> 
     </span>
    </p>
   </div>
   <div class='ocr_carea' id='block_1_102' title="bbox 1937 3253 3614 3346">
    <p class='ocr_par' dir='ltr' id='par_1_102' title="bbox 1937 3253 3614 3346">
     <span class='ocr_line' id='line_1_104' title="bbox 1937 3253 3614 3346; baseline 0.007 -19"><span class='ocrx_word' id='word_1_730' title='bbox 1937 3253 1984 3314; x_wconf 88' lang='lat' dir='ltr'><strong><em>C</em></strong></span> <span class='ocrx_word' id='word_1_731' title='bbox 2013 3253 2814 3346; x_wconf 41' lang='lat' dir='ltr'><strong>nimiamnimiam</strong></span> <span class='ocrx_word' id='word_1_732' title='bbox 2829 3253 3243 3346; x_wconf 41' lang='lat' dir='ltr'><strong>magna:</strong></span> <span class='ocrx_word' id='word_1_733' title='bbox 3266 3253 3614 3338; x_wconf 61' lang='grc' dir='ltr'><strong>ᾌἙἜῖἔΞιῖέ</strong></span> 
     </span>
    </p>
   </div>
   <div class='ocr_carea' id='block_1_103' title="bbox 2012 3344 3616 3431">
    <p class='ocr_par' dir='ltr' id='par_1_103' title="bbox 2012 3344 3616 3431">
     <span class='ocr_line' id='line_1_105' title="bbox 2012 3344 3616 3431; baseline 0.006 -33"><span class='ocrx_word' id='word_1_734' title='bbox 2012 3351 2382 3431; x_wconf 51' lang='lat' dir='ltr'><strong>te‘mmupere</strong></span> <span class='ocrx_word' id='word_1_735' title='bbox 2425 3344 2580 3431; x_wconf 67' lang='lat' dir='ltr'><strong>diaco</strong></span> <span class='ocrx_word' id='word_1_736' title='bbox 2591 3344 2679 3431; x_wconf 63' lang='lat' dir='ltr'><strong>ilia</strong></span> <span class='ocrx_word' id='word_1_737' title='bbox 2707 3344 2866 3431; x_wconf 44' lang='lat' dir='ltr'><strong>dicta“.</strong></span> <span class='ocrx_word' id='word_1_738' title='bbox 2878 3355 2961 3400; x_wconf 91' lang='lat' dir='ltr'><strong>est</strong></span> <span class='ocrx_word' id='word_1_739' title='bbox 2989 3347 3120 3431; x_wconf 40' lang='lat' dir='ltr'><strong>ipsa.</strong></span> <span class='ocrx_word' id='word_1_740' title='bbox 3145 3349 3616 3431; x_wconf 68' lang='lat' dir='ltr'><strong>eleemosynarum</strong></span> 
     </span>
    </p>
   </div>
   <div class='ocr_carea' id='block_1_104' title="bbox 2010 3413 3615 3491">
    <p class='ocr_par' dir='ltr' id='par_1_104' title="bbox 2010 3413 3615 3491">
     <span class='ocr_line' id='line_1_106' title="bbox 2010 3413 3615 3491; baseline 0.005 -22"><span class='ocrx_word' id='word_1_741' title='bbox 2010 3413 2430 3491; x_wconf 67' lang='lat' dir='ltr'><strong>adminisiratio,</strong></span> <span class='ocrx_word' id='word_1_742' title='bbox 2473 3421 2558 3491; x_wconf 84' lang='lat' dir='ltr'><strong>et_</strong></span> <span class='ocrx_word' id='word_1_743' title='bbox 2577 3413 2907 3491; x_wconf 75' lang='lat' dir='ltr'><strong>dispensatio</strong></span> <span class='ocrx_word' id='word_1_744' title='bbox 2948 3413 3064 3470; x_wconf 86' lang='lat' dir='ltr'><strong>non</strong></span> <span class='ocrx_word' id='word_1_745' title='bbox 3105 3422 3322 3491; x_wconf 84' lang='lat' dir='ltr'><strong>tantum</strong></span> <span class='ocrx_word' id='word_1_746' title='bbox 3349 3413 3615 3491; x_wconf 83' lang='lat' dir='ltr'><strong>diaconis,</strong></span> 
     </span>
    </p>
   </div>
   <div class='ocr_carea' id='block_1_105' title="bbox 2012 3483 3614 3562">
    <p class='ocr_par' dir='ltr' id='par_1_105' title="bbox 2012 3483 3614 3562">
     <span class='ocr_line' id='line_1_107' title="bbox 2012 3483 3614 3562; baseline 0.005 -22"><span class='ocrx_word' id='word_1_747' title='bbox 2012 3484 2112 3562; x_wconf 81' lang='lat' dir='ltr'><strong>sed</strong></span> <span class='ocrx_word' id='word_1_748' title='bbox 2131 3493 2187 3562; x_wconf 67' lang='lat' dir='ltr'><strong>ei</strong></span> <span class='ocrx_word' id='word_1_749' title='bbox 2212 3483 2331 3540; x_wconf 89' lang='lat' dir='ltr'><strong>aliis</strong></span> <span class='ocrx_word' id='word_1_750' title='bbox 2354 3483 2624 3539; x_wconf 89' lang='lat' dir='ltr'><strong>committi</strong></span> <span class='ocrx_word' id='word_1_751' title='bbox 2653 3483 2846 3562; x_wconf 73' lang='lat' dir='ltr'><strong>solita;</strong></span> <span class='ocrx_word' id='word_1_752' title='bbox 2871 3485 2941 3542; x_wconf 87' lang='lat' dir='ltr'><strong>de</strong></span> <span class='ocrx_word' id='word_1_753' title='bbox 2969 3501 3074 3562; x_wconf 69' lang='lat' dir='ltr'><strong>qua</strong></span> <span class='ocrx_word' id='word_1_754' title='bbox 3103 3488 3352 3562; x_wconf 79' lang='lat' dir='ltr'><strong>superius</strong></span> <span class='ocrx_word' id='word_1_755' title='bbox 3378 3483 3614 3562; x_wconf 65' lang='lat' dir='ltr'><strong>egimus,</strong></span> 
     </span>
    </p>
   </div>
   <div class='ocr_carea' id='block_1_106' title="bbox 2014 3553 3615 3635">
    <p class='ocr_par' dir='ltr' id='par_1_106' title="bbox 2014 3553 3615 3635">
     <span class='ocr_line' id='line_1_108' title="bbox 2014 3553 3615 3635; baseline 0.006 -25"><span class='ocrx_word' id='word_1_756' title='bbox 2014 3563 2072 3635; x_wconf 70' lang='lat' dir='ltr'><strong>ei</strong></span> <span class='ocrx_word' id='word_1_757' title='bbox 2097 3553 2250 3635; x_wconf 41' lang='lat' dir='ltr'><strong>intra.</strong></span> <span class='ocrx_word' id='word_1_758' title='bbox 2278 3569 2474 3635; x_wconf 65' lang='lat' dir='ltr'><strong>rursus</strong></span> <span class='ocrx_word' id='word_1_759' title='bbox 2497 3555 2667 3635; x_wconf 72' lang='lat' dir='ltr'><strong>acturi</strong></span> <span class='ocrx_word' id='word_1_760' title='bbox 2699 3569 2924 3635; x_wconf 32' lang='lat' dir='ltr'><strong>‘sumus.</strong></span> <span class='ocrx_word' id='word_1_761' title='bbox 2969 3556 3106 3614; x_wconf 83' lang='lat' dir='ltr'><strong>Vide</strong></span> <span class='ocrx_word' id='word_1_762' title='bbox 3161 3553 3234 3614; x_wconf 85' lang='lat' dir='ltr'><strong>D.</strong></span> <span class='ocrx_word' id='word_1_763' title='bbox 3286 3553 3615 3635; x_wconf 62' lang='lat' dir='ltr'><strong>Gregorium</strong></span> 
     </span>
    </p>
   </div>
   <div class='ocr_carea' id='block_1_107' title="bbox 2013 3625 2785 3683">
    <p class='ocr_par' dir='ltr' id='par_1_107' title="bbox 2013 3625 2785 3683">
     <span class='ocr_line' id='line_1_109' title="bbox 2013 3625 2785 3683; baseline 0 -1"><span class='ocrx_word' id='word_1_764' title='bbox 2013 3625 2108 3682; x_wconf 91' lang='lat' dir='ltr'><strong>lib.</strong></span> <span class='ocrx_word' id='word_1_765' title='bbox 2139 3641 2208 3683; x_wconf 79' lang='lat' dir='ltr'><strong>rx</strong></span> <span class='ocrx_word' id='word_1_766' title='bbox 2234 3625 2420 3682; x_wconf 91' lang='lat' dir='ltr'><strong>indiet.</strong></span> <span class='ocrx_word' id='word_1_767' title='bbox 2445 3631 2478 3680; x_wconf 83' lang='grc'><strong>4</strong></span> <span class='ocrx_word' id='word_1_768' title='bbox 2507 3625 2662 3683; x_wconf 82' lang='lat' dir='ltr'><strong>epist.</strong></span> <span class='ocrx_word' id='word_1_769' title='bbox 2694 3629 2785 3682; x_wconf 79' lang='lat'><strong>24.</strong></span> 
     </span>
    </p>
   </div>
   <div class='ocr_carea' id='block_1_108' title="bbox 2082 3690 3618 3776">
    <p class='ocr_par' dir='ltr' id='par_1_108' title="bbox 2082 3690 3618 3776">
     <span class='ocr_line' id='line_1_110' title="bbox 2082 3690 3618 3776; baseline 0.011 -30"><span class='ocrx_word' id='word_1_770' title='bbox 2082 3690 2110 3730; x_wconf 72' lang='grc' dir='ltr'>δ</span> <span class='ocrx_word' id='word_1_771' title='bbox 2129 3699 2338 3776; x_wconf 52' lang='grc' dir='ltr'><strong>ξτεεῃιξξιΔ</strong></span> <span class='ocrx_word' id='word_1_772' title='bbox 2368 3696 2504 3776; x_wconf 82' lang='lat' dir='ltr'><strong>liber</strong></span> <span class='ocrx_word' id='word_1_773' title='bbox 2533 3690 2809 3776; x_wconf 53' lang='lat' dir='ltr'><strong>[lippolyti</strong></span> <span class='ocrx_word' id='word_1_774' title='bbox 2857 3697 3618 3776; x_wconf 76' lang='lat' dir='ltr'><strong>de_septuaginta__discipulis</strong></span> 
     </span>
    </p>
   </div>
   <div class='ocr_carea' id='block_1_109' title="bbox 2012 3768 3611 3843">
    <p class='ocr_par' dir='ltr' id='par_1_109' title="bbox 2012 3768 3611 3843">
     <span class='ocr_line' id='line_1_111' title="bbox 2012 3768 3611 3843; baseline 0.006 -19"><span class='ocrx_word' id='word_1_775' title='bbox 2012 3768 2214 3843; x_wconf 82' lang='lat' dir='ltr'><strong>Christi</strong></span> <span class='ocrx_word' id='word_1_776' title='bbox 2243 3771 2414 3843; x_wconf 73' lang='lat' dir='ltr'><strong>(Hier.</strong></span> <span class='ocrx_word' id='word_1_777' title='bbox 2441 3771 2502 3823; x_wconf 91' lang='lat' dir='ltr'><strong>in</strong></span> <span class='ocrx_word' id='word_1_778' title='bbox 2530 3768 2824 3843; x_wconf 74' lang='lat' dir='ltr'><strong>Catalogo),</strong></span> <span class='ocrx_word' id='word_1_779' title='bbox 2853 3769 2944 3843; x_wconf 86' lang='lat' dir='ltr'><strong>ubi</strong></span> <span class='ocrx_word' id='word_1_780' title='bbox 2973 3768 3260 3843; x_wconf 73' lang='lat' dir='ltr'><strong>Nicolaum</strong></span> <span class='ocrx_word' id='word_1_781' title='bbox 3287 3768 3576 3832; x_wconf 75' lang='lat' dir='ltr'><strong>diaconum</strong></span> <span class='ocrx_word' id='word_1_782' title='bbox 3595 3817 3611 3843; x_wconf 91' lang='lat'><strong>,</strong></span> 
     </span>
    </p>
   </div>
   <div class='ocr_carea' id='block_1_110' title="bbox 2011 3837 3614 3910">
    <p class='ocr_par' dir='ltr' id='par_1_110' title="bbox 2011 3837 3614 3910">
     <span class='ocr_line' id='line_1_112' title="bbox 2011 3837 3614 3910; baseline 0.006 -16"><span class='ocrx_word' id='word_1_783' title='bbox 2011 3847 2072 3895; x_wconf 91' lang='lat' dir='ltr'><strong>ut</strong></span> <span class='ocrx_word' id='word_1_784' title='bbox 2102 3840 2278 3896; x_wconf 88' lang='lat' dir='ltr'><strong>virum</strong></span> <span class='ocrx_word' id='word_1_785' title='bbox 2308 3837 2418 3897; x_wconf 83' lang='lat' dir='ltr'><strong>ﬁde</strong></span> <span class='ocrx_word' id='word_1_786' title='bbox 2453 3837 2757 3910; x_wconf 51' lang='lat' dir='ltr'><strong>catholica</strong></span> <span class='ocrx_word' id='word_1_787' title='bbox 2786 3837 3074 3910; x_wconf 86' lang='lat' dir='ltr'><strong>probatum</strong></span> <span class='ocrx_word' id='word_1_788' title='bbox 3095 3880 3110 3906; x_wconf 87' lang='lat'><strong>,</strong></span> <span class='ocrx_word' id='word_1_789' title='bbox 3143 3840 3217 3896; x_wconf 88' lang='lat' dir='ltr'><strong>ad</strong></span> <span class='ocrx_word' id='word_1_790' title='bbox 3263 3837 3614 3903; x_wconf 83' lang='lat' dir='ltr'><strong>sublimiores</strong></span> 
     </span>
    </p>
   </div>
   <div class='ocr_carea' id='block_1_111' title="bbox 2011 3908 3612 3986">
    <p class='ocr_par' dir='ltr' id='par_1_111' title="bbox 2011 3908 3612 3986">
     <span class='ocr_line' id='line_1_113' title="bbox 2011 3908 3612 3986; baseline -0.004 -20"><span class='ocrx_word' id='word_1_791' title='bbox 2011 3911 2232 3986; x_wconf 74' lang='lat' dir='ltr'><strong>ordines</strong></span> <span class='ocrx_word' id='word_1_792' title='bbox 2268 3918 2607 3986; x_wconf 85' lang='lat' dir='ltr'><strong>promotum,</strong></span> <span class='ocrx_word' id='word_1_793' title='bbox 2632 3919 2688 3966; x_wconf 89' lang='lat' dir='ltr'><strong>et</strong></span> <span class='ocrx_word' id='word_1_794' title='bbox 2713 3908 2804 3964; x_wconf 43' lang='lat' dir='ltr'><strong>ab“</strong></span> <span class='ocrx_word' id='word_1_795' title='bbox 2827 3909 3090 3986; x_wconf 69' lang='lat' dir='ltr'><strong>apgsiolis</strong></span> <span class='ocrx_word' id='word_1_796' title='bbox 3119 3920 3365 3986; x_wconf 78' lang='lat' dir='ltr'><strong>creatum</strong></span> <span class='ocrx_word' id='word_1_797' title='bbox 3405 3915 3612 3986; x_wconf 83' lang='lat' dir='ltr'><strong>episco.</strong></span> 
     </span>
    </p>
   </div>
   <div class='ocr_carea' id='block_1_112' title="bbox 2011 3981 3614 4106">
    <p class='ocr_par' dir='ltr' id='par_1_112' title="bbox 2011 3981 3614 4106">
     <span class='ocr_line' id='line_1_114' title="bbox 2013 3981 3614 4106; baseline 0.005 -70"><span class='ocrx_word' id='word_1_798' title='bbox 2013 3996 2142 4106; x_wconf 54' lang='lat' dir='ltr'><strong>purga</strong></span> <span class='ocrx_word' id='word_1_799' title='bbox 2163 3981 2570 4062; x_wconf 79' lang='lat' dir='ltr'><strong>Samaritanum</strong></span> <span class='ocrx_word' id='word_1_800' title='bbox 2597 3989 2849 4037; x_wconf 85' lang='lat' dir='ltr'><strong>testatur.</strong></span> <span class='ocrx_word' id='word_1_801' title='bbox 2881 3981 2980 4036; x_wconf 89' lang='lat' dir='ltr'><strong>Cui</strong></span> <span class='ocrx_word' id='word_1_802' title='bbox 3003 3982 3272 4039; x_wconf 86' lang='lat' dir='ltr'><strong>consentit</strong></span> <span class='ocrx_word' id='word_1_803' title='bbox 3297 3981 3614 4044; x_wconf 76' lang='lat' dir='ltr'><strong>Dorotheus</strong></span> 
     </span>
     <span class='ocr_line' id='line_1_115' title="bbox 2011 4065 2346 4106; baseline -0.009 -2"><span class='ocrx_word' id='word_1_804' title='bbox 2011 4065 2068 4105; x_wconf 80' lang='grc' dir='ltr'><strong>ιιι</strong></span> <span class='ocrx_word' id='word_1_805' title='bbox 2135 4066 2346 4106; x_wconf 75' lang='grc' dir='ltr'><strong>νυουει.</strong></span> 
     </span>
    </p>
   </div>
   <div class='ocr_carea' id='block_1_113' title="bbox 2083 4066 3616 4194">
    <p class='ocr_par' dir='ltr' id='par_1_113' title="bbox 2083 4066 3616 4194">
     <span class='ocr_line' id='line_1_116' title="bbox 2083 4066 3616 4194; baseline 0.009 -25"><span class='ocrx_word' id='word_1_806' title='bbox 2083 4066 2496 4194; x_wconf 50' lang='lat' dir='ltr'><strong>Eggggzi&#39;ibunt</strong></span> <span class='ocrx_word' id='word_1_807' title='bbox 2539 4123 2744 4176; x_wconf 87' lang='lat' dir='ltr'><strong>Patres.</strong></span> <span class='ocrx_word' id='word_1_808' title='bbox 2801 4121 3104 4194; x_wconf 77' lang='lat' dir='ltr'><strong>Cyprianus</strong></span> <span class='ocrx_word' id='word_1_809' title='bbox 3148 4123 3282 4194; x_wconf 84' lang='lat' dir='ltr'><strong>(Lib.</strong></span> <span class='ocrx_word' id='word_1_810' title='bbox 3321 4125 3388 4179; x_wconf 87' lang='lat' dir='ltr'><strong>de</strong></span> <span class='ocrx_word' id='word_1_811' title='bbox 3416 4126 3534 4182; x_wconf 91' lang='lat' dir='ltr'><strong>Zelo</strong></span> <span class='ocrx_word' id='word_1_812' title='bbox 3565 4132 3616 4183; x_wconf 88' lang='lat' dir='ltr'><strong>et</strong></span> 
     </span>
    </p>
   </div>
   <div class='ocr_carea' id='block_1_114' title="bbox 2013 4188 3618 4264">
    <p class='ocr_par' dir='ltr' id='par_1_114' title="bbox 2013 4188 3618 4264">
     <span class='ocr_line' id='line_1_117' title="bbox 2013 4188 3618 4264; baseline 0.006 -19"><span class='ocrx_word' id='word_1_813' title='bbox 2013 4192 2206 4264; x_wconf 77' lang='lat' dir='ltr'><strong>Livore</strong></span> <span class='ocrx_word' id='word_1_814' title='bbox 2219 4188 2272 4260; x_wconf 90' lang='lat'><strong>):</strong></span> <span class='ocrx_word' id='word_1_815' title='bbox 2313 4191 2547 4264; x_wconf 71' lang='lat' dir='ltr'><strong>Eacilior</strong></span> <span class='ocrx_word' id='word_1_816' title='bbox 2591 4205 2723 4264; x_wconf 71' lang='lat' dir='ltr'><strong>cura</strong></span> <span class='ocrx_word' id='word_1_817' title='bbox 2764 4188 2861 4264; x_wconf 65' lang='lat' dir='ltr'><strong>esi,</strong></span> <span class='ocrx_word' id='word_1_818' title='bbox 2885 4188 3007 4264; x_wconf 41' lang='lat' dir='ltr'><strong>‘ubi</strong></span> <span class='ocrx_word' id='word_1_819' title='bbox 3047 4188 3211 4260; x_wconf 75' lang='lat' dir='ltr'><strong>plaga</strong></span> <span class='ocrx_word' id='word_1_820' title='bbox 3233 4198 3539 4264; x_wconf 87' lang='lat' dir='ltr'><strong>perspicua,</strong></span> <span class='ocrx_word' id='word_1_821' title='bbox 3565 4203 3618 4254; x_wconf 89' lang='lat' dir='ltr'><strong>et</strong></span> 
     </span>
    </p>
   </div>
   <div class='ocr_carea' id='block_1_115' title="bbox 2015 4259 3618 4332">
    <p class='ocr_par' dir='ltr' id='par_1_115' title="bbox 2015 4259 3618 4332">
     <span class='ocr_line' id='line_1_118' title="bbox 2015 4259 3618 4332; baseline 0.006 -16"><span class='ocrx_word' id='word_1_822' title='bbox 2015 4263 2118 4316; x_wconf 86' lang='lat' dir='ltr'><strong>cito</strong></span> <span class='ocrx_word' id='word_1_823' title='bbox 2133 4261 2206 4315; x_wconf 88' lang='lat' dir='ltr'><strong>ad</strong></span> <span class='ocrx_word' id='word_1_824' title='bbox 2220 4259 2733 4332; x_wconf 85' lang='lat' dir='ltr'><strong>sanitatemmedela</strong></span> <span class='ocrx_word' id='word_1_825' title='bbox 2746 4259 3086 4316; x_wconf 74' lang='lat' dir='ltr'><strong>subueniente</strong></span> <span class='ocrx_word' id='word_1_826' title='bbox 3097 4259 3416 4332; x_wconf 67' lang='lat' dir='ltr'><strong>perducitur</strong></span> <span class='ocrx_word' id='word_1_827' title='bbox 3424 4259 3618 4327; x_wconf 83' lang='lat' dir='ltr'><strong>vulnus</strong></span> 
     </span>
    </p>
   </div>
   <div class='ocr_carea' id='block_1_116' title="bbox 2015 4331 3617 4403">
    <p class='ocr_par' dir='ltr' id='par_1_116' title="bbox 2015 4331 3617 4403">
     <span class='ocr_line' id='line_1_119' title="bbox 2015 4331 3617 4403; baseline 0.006 -16"><span class='ocrx_word' id='word_1_828' title='bbox 2015 4332 2158 4402; x_wconf 85' lang='lat' dir='ltr'><strong>quod</strong></span> <span class='ocrx_word' id='word_1_829' title='bbox 2177 4332 2412 4387; x_wconf 66' lang='lat' dir='ltr'><strong>indetur.</strong></span> <span class='ocrx_word' id='word_1_830' title='bbox 2441 4331 2552 4388; x_wconf 90' lang='lat' dir='ltr'><strong>Zeli</strong></span> <span class='ocrx_word' id='word_1_831' title='bbox 2572 4331 2798 4403; x_wconf 86' lang='lat' dir='ltr'><strong>vulnera</strong></span> <span class='ocrx_word' id='word_1_832' title='bbox 2822 4332 3042 4402; x_wconf 84' lang='lat' dir='ltr'><strong>obtrusa</strong></span> <span class='ocrx_word' id='word_1_833' title='bbox 3059 4331 3186 4389; x_wconf 83' lang='lat' dir='ltr'><strong>sunt</strong></span> <span class='ocrx_word' id='word_1_834' title='bbox 3205 4339 3256 4390; x_wconf 88' lang='lat' dir='ltr'><strong>et</strong></span> <span class='ocrx_word' id='word_1_835' title='bbox 3279 4339 3502 4403; x_wconf 89' lang='lat' dir='ltr'><strong>occulta,</strong></span> <span class='ocrx_word' id='word_1_836' title='bbox 3523 4355 3617 4398; x_wconf 90' lang='lat' dir='ltr'><strong>nec</strong></span> 
     </span>
    </p>
   </div>
   <div class='ocr_carea' id='block_1_117' title="bbox 2013 4399 3724 4474">
    <p class='ocr_par' dir='ltr' id='par_1_117' title="bbox 2013 4399 3724 4474">
     <span class='ocr_line' id='line_1_120' title="bbox 2013 4399 3724 4474; baseline 0.004 -16"><span class='ocrx_word' id='word_1_837' title='bbox 2013 4399 2310 4459; x_wconf 72' lang='lat' dir='ltr'><strong>remedium</strong></span> <span class='ocrx_word' id='word_1_838' title='bbox 2332 4418 2462 4458; x_wconf 90' lang='lat' dir='ltr'><strong>cura</strong></span> <span class='ocrx_word' id='word_1_839' title='bbox 2483 4402 2745 4458; x_wconf 86' lang='lat' dir='ltr'><strong>medentis</strong></span> <span class='ocrx_word' id='word_1_840' title='bbox 2771 4399 3094 4467; x_wconf 85' lang='lat' dir='ltr'><strong>admittunt,</strong></span> <span class='ocrx_word' id='word_1_841' title='bbox 3126 4407 3224 4474; x_wconf 88' lang='lat' dir='ltr'><strong>qui</strong></span> <span class='ocrx_word' id='word_1_842' title='bbox 3237 4420 3292 4462; x_wconf 89' lang='lat' dir='ltr'><strong>se</strong></span> <span class='ocrx_word' id='word_1_843' title='bbox 3317 4409 3466 4464; x_wconf 86' lang='lat' dir='ltr'><strong>intra</strong></span> <span class='ocrx_word' id='word_1_844' title='bbox 3483 4399 3614 4468; x_wconf 79' lang='lat' dir='ltr'><strong>con-</strong></span> <span class='ocrx_word' id='word_1_845' title='bbox 3717 4418 3724 4428; x_wconf 88' lang='lat'>&#39;</span> 
     </span>
    </p>
   </div>
   <div class='ocr_carea' id='block_1_118' title="bbox 2013 4475 3612 4540">
    <p class='ocr_par' dir='ltr' id='par_1_118' title="bbox 2013 4475 3612 4540">
     <span class='ocr_line' id='line_1_121' title="bbox 2013 4475 3612 4540; baseline 0.006 -10"><span class='ocrx_word' id='word_1_846' title='bbox 2013 4477 2251 4534; x_wconf 80' lang='lat' dir='ltr'><strong>scientia:</strong></span> <span class='ocrx_word' id='word_1_847' title='bbox 2276 4475 2508 4530; x_wconf 88' lang='lat' dir='ltr'><strong>latebras</strong></span> <span class='ocrx_word' id='word_1_848' title='bbox 2535 4489 2666 4529; x_wconf 61' lang='lat' dir='ltr'><strong>caeco</strong></span> <span class='ocrx_word' id='word_1_849' title='bbox 2711 4475 2890 4529; x_wconf 86' lang='lat' dir='ltr'><strong>dolore</strong></span> <span class='ocrx_word' id='word_1_850' title='bbox 2936 4475 3264 4532; x_wconf 85' lang='lat' dir='ltr'><strong>clauserunt.</strong></span> <span class='ocrx_word' id='word_1_851' title='bbox 3317 4481 3385 4536; x_wconf 88' lang='lat' dir='ltr'><strong>Et</strong></span> <span class='ocrx_word' id='word_1_852' title='bbox 3423 4479 3563 4538; x_wconf 88' lang='lat' dir='ltr'><strong>infra</strong></span> <span class='ocrx_word' id='word_1_853' title='bbox 3599 4502 3612 4540; x_wconf 91' lang='lat'><strong>:</strong></span> 
     </span>
    </p>
   </div>
   <div class='ocr_carea' id='block_1_119' title="bbox 2015 4545 3616 4614">
    <p class='ocr_par' dir='ltr' id='par_1_119' title="bbox 2015 4545 3616 4614">
     <span class='ocr_line' id='line_1_122' title="bbox 2015 4545 3616 4614; baseline 0.002 -8"><span class='ocrx_word' id='word_1_854' title='bbox 2015 4547 2306 4606; x_wconf 82' lang='lat' dir='ltr'><strong>Calamitas</strong></span> <span class='ocrx_word' id='word_1_855' title='bbox 2345 4548 2463 4602; x_wconf 86' lang='lat' dir='ltr'><strong>sine</strong></span> <span class='ocrx_word' id='word_1_856' title='bbox 2506 4545 2738 4600; x_wconf 89' lang='lat' dir='ltr'><strong>remedio</strong></span> <span class='ocrx_word' id='word_1_857' title='bbox 2769 4551 2847 4601; x_wconf 91' lang='lat' dir='ltr'><strong>est</strong></span> <span class='ocrx_word' id='word_1_858' title='bbox 2905 4547 3077 4602; x_wconf 90' lang='lat' dir='ltr'><strong>odisse</strong></span> <span class='ocrx_word' id='word_1_859' title='bbox 3123 4549 3351 4614; x_wconf 84' lang='lat' dir='ltr'><strong>felicem.</strong></span> <span class='ocrx_word' id='word_1_860' title='bbox 3386 4552 3616 4609; x_wconf 87' lang='lat' dir='ltr'><strong>Basilius</strong></span> 
     </span>
    </p>
   </div>
   <div class='ocr_carea' id='block_1_120' title="bbox 2017 4617 3618 4690">
    <p class='ocr_par' dir='ltr' id='par_1_120' title="bbox 2017 4617 3618 4690">
     <span class='ocr_line' id='line_1_123' title="bbox 2017 4617 3618 4690; baseline -0.001 -15"><span class='ocrx_word' id='word_1_861' title='bbox 2017 4620 2189 4690; x_wconf 87' lang='lat' dir='ltr'><strong>(Hom.</strong></span> <span class='ocrx_word' id='word_1_862' title='bbox 2232 4623 2352 4685; x_wconf 73' lang='lat' dir='ltr'><strong>xv):</strong></span> <span class='ocrx_word' id='word_1_863' title='bbox 2392 4617 2616 4672; x_wconf 86' lang='lat' dir='ltr'><strong>Invidus</strong></span> <span class='ocrx_word' id='word_1_864' title='bbox 2640 4622 2860 4686; x_wconf 86' lang='lat' dir='ltr'><strong>rogatus</strong></span> <span class='ocrx_word' id='word_1_865' title='bbox 2885 4622 2946 4672; x_wconf 90' lang='lat' dir='ltr'><strong>ut</strong></span> <span class='ocrx_word' id='word_1_866' title='bbox 2983 4618 3228 4673; x_wconf 88' lang='lat' dir='ltr'><strong>morbum</strong></span> <span class='ocrx_word' id='word_1_867' title='bbox 3253 4635 3409 4674; x_wconf 91' lang='lat' dir='ltr'><strong>suum</strong></span> <span class='ocrx_word' id='word_1_868' title='bbox 3447 4626 3618 4678; x_wconf 78' lang='lat' dir='ltr'><strong>mani-</strong></span> 
     </span>
    </p>
   </div>
   <div class='ocr_carea' id='block_1_121' title="bbox 2017 4690 3616 4758">
    <p class='ocr_par' dir='ltr' id='par_1_121' title="bbox 2017 4690 3616 4758">
     <span class='ocr_line' id='line_1_124' title="bbox 2017 4690 3616 4758; baseline 0.003 -13"><span class='ocrx_word' id='word_1_869' title='bbox 2017 4691 2198 4758; x_wconf 90' lang='lat' dir='ltr'><strong>festet,</strong></span> <span class='ocrx_word' id='word_1_870' title='bbox 2223 4705 2279 4745; x_wconf 89' lang='lat' dir='ltr'><strong>se</strong></span> <span class='ocrx_word' id='word_1_871' title='bbox 2322 4704 2571 4744; x_wconf 85' lang='lat' dir='ltr'><strong>accusare</strong></span> <span class='ocrx_word' id='word_1_872' title='bbox 2611 4690 2824 4743; x_wconf 90' lang='lat' dir='ltr'><strong>omnino</strong></span> <span class='ocrx_word' id='word_1_873' title='bbox 2860 4693 3092 4754; x_wconf 86' lang='lat' dir='ltr'><strong>veretur,</strong></span> <span class='ocrx_word' id='word_1_874' title='bbox 3123 4690 3365 4744; x_wconf 86' lang='lat' dir='ltr'><strong>morbum</strong></span> <span class='ocrx_word' id='word_1_875' title='bbox 3413 4693 3473 4746; x_wconf 91' lang='lat' dir='ltr'><strong>in</strong></span> <span class='ocrx_word' id='word_1_876' title='bbox 3509 4695 3616 4750; x_wconf 86' lang='lat' dir='ltr'><strong>imo</strong></span> 
     </span>
    </p>
   </div>
   <div class='ocr_carea' id='block_1_122' title="bbox 2015 4759 3618 4827">
    <p class='ocr_par' dir='ltr' id='par_1_122' title="bbox 2015 4759 3618 4827">
     <span class='ocr_line' id='line_1_125' title="bbox 2015 4759 3618 4827; baseline 0.002 -11"><span class='ocrx_word' id='word_1_877' title='bbox 2015 4761 2191 4816; x_wconf 87' lang='lat' dir='ltr'><strong>cordis</strong></span> <span class='ocrx_word' id='word_1_878' title='bbox 2240 4775 2448 4816; x_wconf 83' lang='lat' dir='ltr'><strong>recessu</strong></span> <span class='ocrx_word' id='word_1_879' title='bbox 2483 4759 2794 4815; x_wconf 85' lang='lat' dir='ltr'><strong>candentem</strong></span> <span class='ocrx_word' id='word_1_880' title='bbox 2830 4763 2994 4827; x_wconf 89' lang='lat' dir='ltr'><strong>atque</strong></span> <span class='ocrx_word' id='word_1_881' title='bbox 3024 4765 3378 4814; x_wconf 87' lang='lat' dir='ltr'><strong>assumentem</strong></span> <span class='ocrx_word' id='word_1_882' title='bbox 3417 4764 3618 4819; x_wconf 87' lang='lat' dir='ltr'><strong>viscera</strong></span> 
     </span>
    </p>
   </div>
   <div class='ocr_carea' id='block_1_123' title="bbox 2016 4828 3616 4899">
    <p class='ocr_par' dir='ltr' id='par_1_123' title="bbox 2016 4828 3616 4899">
     <span class='ocr_line' id='line_1_126' title="bbox 2016 4828 3616 4899; baseline 0.004 -14"><span class='ocrx_word' id='word_1_883' title='bbox 2016 4834 2271 4886; x_wconf 86' lang='lat' dir='ltr'><strong>retinens.</strong></span> <span class='ocrx_word' id='word_1_884' title='bbox 2301 4832 2492 4899; x_wconf 86' lang='lat' dir='ltr'><strong>Itaque</strong></span> <span class='ocrx_word' id='word_1_885' title='bbox 2518 4843 2610 4884; x_wconf 91' lang='lat' dir='ltr'><strong>nec</strong></span> <span class='ocrx_word' id='word_1_886' title='bbox 2635 4830 2902 4884; x_wconf 89' lang='lat' dir='ltr'><strong>medicum</strong></span> <span class='ocrx_word' id='word_1_887' title='bbox 2933 4843 3027 4882; x_wconf 90' lang='lat' dir='ltr'><strong>nec</strong></span> <span class='ocrx_word' id='word_1_888' title='bbox 3060 4828 3382 4884; x_wconf 86' lang='lat' dir='ltr'><strong>medicinam</strong></span> <span class='ocrx_word' id='word_1_889' title='bbox 3402 4833 3477 4887; x_wconf 89' lang='lat' dir='ltr'><strong>ad</strong></span> <span class='ocrx_word' id='word_1_890' title='bbox 3495 4849 3616 4890; x_wconf 84' lang='lat' dir='ltr'><strong>eum</strong></span> 
     </span>
    </p>
   </div>
   <div class='ocr_carea' id='block_1_124' title="bbox 2015 4901 3616 4970">
    <p class='ocr_par' dir='ltr' id='par_1_124' title="bbox 2015 4901 3616 4970">
     <span class='ocr_line' id='line_1_127' title="bbox 2015 4901 3616 4970; baseline 0.003 -15"><span class='ocrx_word' id='word_1_891' title='bbox 2015 4902 2326 4970; x_wconf 83' lang='lat' dir='ltr'><strong>fugandum</strong></span> <span class='ocrx_word' id='word_1_892' title='bbox 2338 4905 2526 4970; x_wconf 87' lang='lat' dir='ltr'><strong>aptam</strong></span> <span class='ocrx_word' id='word_1_893' title='bbox 2543 4901 2785 4954; x_wconf 86' lang='lat' dir='ltr'><strong>invenire</strong></span> <span class='ocrx_word' id='word_1_894' title='bbox 2791 4903 2984 4969; x_wconf 89' lang='lat' dir='ltr'><strong>potest,</strong></span> <span class='ocrx_word' id='word_1_895' title='bbox 3005 4913 3332 4968; x_wconf 86' lang='lat' dir='ltr'><strong>quamquam</strong></span> <span class='ocrx_word' id='word_1_896' title='bbox 3350 4905 3616 4960; x_wconf 53' lang='lat' dir='ltr'><strong>curando.</strong></span> 
     </span>
    </p>
   </div>
   <div class='ocr_carea' id='block_1_125' title="bbox 2017 4970 3616 5042">
    <p class='ocr_par' dir='ltr' id='par_1_125' title="bbox 2017 4970 3616 5042">
     <span class='ocr_line' id='line_1_128' title="bbox 2017 4970 3616 5042; baseline 0.003 -15"><span class='ocrx_word' id='word_1_897' title='bbox 2017 4987 2140 5027; x_wconf 87' lang='lat' dir='ltr'><strong>rum</strong></span> <span class='ocrx_word' id='word_1_898' title='bbox 2167 4987 2439 5042; x_wconf 75' lang='lat' dir='ltr'><strong>agrorum</strong></span> <span class='ocrx_word' id='word_1_899' title='bbox 2468 4972 2527 5042; x_wconf 83' lang='lat' dir='ltr'><strong>vi</strong></span> <span class='ocrx_word' id='word_1_900' title='bbox 2546 4972 2737 5038; x_wconf 84' lang='lat' dir='ltr'><strong>referti</strong></span> <span class='ocrx_word' id='word_1_901' title='bbox 2760 4973 2870 5026; x_wconf 88' lang='lat' dir='ltr'><strong>sint</strong></span> <span class='ocrx_word' id='word_1_902' title='bbox 2907 4971 3058 5024; x_wconf 82' lang='lat' dir='ltr'><strong>libri.</strong></span> <span class='ocrx_word' id='word_1_903' title='bbox 3095 4970 3516 5042; x_wconf 85' lang='lat' dir='ltr'><strong>Chrysostomus</strong></span> <span class='ocrx_word' id='word_1_904' title='bbox 3547 4976 3616 5032; x_wconf 91' lang='lat' dir='ltr'><strong>ad</strong></span> 
     </span>
    </p>
   </div>
   <div class='ocr_carea' id='block_1_126' title="bbox 2015 5039 3615 5114">
    <p class='ocr_par' dir='ltr' id='par_1_126' title="bbox 2015 5039 3615 5114">
     <span class='ocr_line' id='line_1_129' title="bbox 2015 5039 3615 5114; baseline 0.002 -16"><span class='ocrx_word' id='word_1_905' title='bbox 2015 5039 2277 5114; x_wconf 83' lang='lat' dir='ltr'><strong>populum</strong></span> <span class='ocrx_word' id='word_1_906' title='bbox 2300 5039 2703 5114; x_wconf 83' lang='lat' dir='ltr'><strong>Antiochenum</strong></span> <span class='ocrx_word' id='word_1_907' title='bbox 2731 5042 2905 5112; x_wconf 85' lang='lat' dir='ltr'><strong>(Hom.</strong></span> <span class='ocrx_word' id='word_1_908' title='bbox 2933 5045 3056 5106; x_wconf 78' lang='lat' dir='ltr'><strong>un)-</strong></span> <span class='ocrx_word' id='word_1_909' title='bbox 3079 5059 3095 5114; x_wconf 73' lang='lat'><strong>;</strong></span> <span class='ocrx_word' id='word_1_910' title='bbox 3128 5039 3268 5099; x_wconf 80' lang='lat' dir='ltr'><strong>Nam</strong></span> <span class='ocrx_word' id='word_1_911' title='bbox 3297 5046 3615 5102; x_wconf 85' lang='lat' dir='ltr'><strong>insanabilis</strong></span> 
     </span>
    </p>
   </div>
   <div class='ocr_carea' id='block_1_127' title="bbox 2013 5113 3617 5188">
    <p class='ocr_par' dir='ltr' id='par_1_127' title="bbox 2013 5113 3617 5188">
     <span class='ocr_line' id='line_1_130' title="bbox 2013 5113 3617 5188; baseline 0.002 -19"><span class='ocrx_word' id='word_1_912' title='bbox 2013 5113 2101 5170; x_wconf 74' lang='lat' dir='ltr'><strong>est</strong></span> <span class='ocrx_word' id='word_1_913' title='bbox 2116 5116 2218 5170; x_wconf 86' lang='lat' dir='ltr'><strong>iste</strong></span> <span class='ocrx_word' id='word_1_914' title='bbox 2233 5113 2467 5188; x_wconf 81' lang='lat' dir='ltr'><strong>morbus,</strong></span> <span class='ocrx_word' id='word_1_915' title='bbox 2491 5117 2555 5168; x_wconf 87' lang='lat' dir='ltr'><strong>ut</strong></span> <span class='ocrx_word' id='word_1_916' title='bbox 2573 5117 2623 5168; x_wconf 85' lang='lat' dir='ltr'><strong>et</strong></span> <span class='ocrx_word' id='word_1_917' title='bbox 2643 5113 3617 5188; x_wconf 34' lang='lat' dir='ltr'><strong>innumerismedigaminibus‘super-</strong></span> 
     </span>
    </p>
   </div>
   <div class='ocr_carea' id='block_1_128' title="bbox 2006 5183 3615 5256">
    <p class='ocr_par' dir='ltr' id='par_1_128' title="bbox 2006 5183 3615 5256">
     <span class='ocr_line' id='line_1_131' title="bbox 2006 5183 3615 5256; baseline 0.003 -16"><span class='ocrx_word' id='word_1_918' title='bbox 2006 5188 2202 5256; x_wconf 90' lang='lat' dir='ltr'><strong>positis</strong></span> <span class='ocrx_word' id='word_1_919' title='bbox 2247 5187 2531 5256; x_wconf 88' lang='lat' dir='ltr'><strong>propriam</strong></span> <span class='ocrx_word' id='word_1_920' title='bbox 2577 5185 2840 5240; x_wconf 87' lang='lat' dir='ltr'><strong>scaturiat</strong></span> <span class='ocrx_word' id='word_1_921' title='bbox 2881 5184 3088 5256; x_wconf 88' lang='lat' dir='ltr'><strong>tabem._</strong></span> <span class='ocrx_word' id='word_1_922' title='bbox 3107 5184 3337 5254; x_wconf 80' lang='lat' dir='ltr'><strong>PrOSper</strong></span> <span class='ocrx_word' id='word_1_923' title='bbox 3395 5183 3464 5242; x_wconf 89' lang='lat' dir='ltr'><strong>de</strong></span> <span class='ocrx_word' id='word_1_924' title='bbox 3490 5183 3615 5245; x_wconf 67' lang='lat' dir='ltr'><strong>Vita</strong></span> 
     </span>
    </p>
   </div>
   <div class='ocr_carea' id='block_1_129' title="bbox 2012 5254 3618 5328">
    <p class='ocr_par' dir='ltr' id='par_1_129' title="bbox 2012 5254 3618 5328">
     <span class='ocr_line' id='line_1_132' title="bbox 2012 5254 3618 5328; baseline -0.007 -15"><span class='ocrx_word' id='word_1_925' title='bbox 2012 5254 2444 5328; x_wconf 74' lang='lat' dir='ltr'><strong>Contemplativa</strong></span> <span class='ocrx_word' id='word_1_926' title='bbox 2479 5255 2616 5328; x_wconf 88' lang='lat' dir='ltr'><strong>(Lib.</strong></span> <span class='ocrx_word' id='word_1_927' title='bbox 2647 5270 2720 5311; x_wconf 82' lang='grc' dir='ltr'><strong>ιιι</strong></span> <span class='ocrx_word' id='word_1_928' title='bbox 2747 5271 2791 5310; x_wconf 89' lang='lat' dir='ltr'><strong>c.</strong></span> <span class='ocrx_word' id='word_1_929' title='bbox 2820 5258 2876 5319; x_wconf 81' lang='lat'><strong>5)</strong></span> <span class='ocrx_word' id='word_1_930' title='bbox 2897 5254 3266 5328; x_wconf 84' lang='lat' dir='ltr'><strong>:Invidiosum</strong></span> <span class='ocrx_word' id='word_1_931' title='bbox 3287 5257 3428 5323; x_wconf 89' lang='lat' dir='ltr'><strong>facit</strong></span> <span class='ocrx_word' id='word_1_932' title='bbox 3455 5261 3618 5315; x_wconf 62' lang='lat' dir='ltr'><strong>ercet.</strong></span> 
     </span>
    </p>
   </div>
   <div class='ocr_carea' id='block_1_130' title="bbox 2017 5327 3618 5396">
    <p class='ocr_par' dir='ltr' id='par_1_130' title="bbox 2017 5327 3618 5396">
     <span class='ocr_line' id='line_1_133' title="bbox 2017 5327 3618 5396; baseline 0.002 -12"><span class='ocrx_word' id='word_1_933' title='bbox 2017 5329 2186 5384; x_wconf 88' lang='lat' dir='ltr'><strong>lentia</strong></span> <span class='ocrx_word' id='word_1_934' title='bbox 2212 5327 2415 5390; x_wconf 72' lang='lat' dir='ltr'><strong>meriti,</strong></span> <span class='ocrx_word' id='word_1_935' title='bbox 2445 5327 2692 5382; x_wconf 88' lang='lat' dir='ltr'><strong>invidum</strong></span> <span class='ocrx_word' id='word_1_936' title='bbox 2704 5342 2864 5396; x_wconf 73' lang='lat' dir='ltr'><strong>paena</strong></span> <span class='ocrx_word' id='word_1_937' title='bbox 2885 5327 3119 5396; x_wconf 83' lang='lat' dir='ltr'><strong>peccati;</strong></span> <span class='ocrx_word' id='word_1_938' title='bbox 3145 5341 3236 5382; x_wconf 86' lang='lat' dir='ltr'><strong>nec</strong></span> <span class='ocrx_word' id='word_1_939' title='bbox 3259 5329 3311 5381; x_wconf 86' lang='lat' dir='ltr'><strong>ei</strong></span> <span class='ocrx_word' id='word_1_940' title='bbox 3319 5328 3390 5382; x_wconf 89' lang='lat' dir='ltr'><strong>ab</strong></span> <span class='ocrx_word' id='word_1_941' title='bbox 3408 5329 3618 5388; x_wconf 85' lang='lat' dir='ltr'><strong>homine</strong></span> 
     </span>
    </p>
   </div>
   <div class='ocr_carea' id='block_1_131' title="bbox 2007 5397 3616 5471">
    <p class='ocr_par' dir='ltr' id='par_1_131' title="bbox 2007 5397 3616 5471">
     <span class='ocr_line' id='line_1_134' title="bbox 2007 5397 3616 5471; baseline 0.002 -15"><span class='ocrx_word' id='word_1_942' title='bbox 2007 5403 2185 5471; x_wconf 69' lang='lat' dir='ltr'><strong>potest</strong></span> <span class='ocrx_word' id='word_1_943' title='bbox 2209 5399 2500 5471; x_wconf 87' lang='lat' dir='ltr'><strong>remedium</strong></span> <span class='ocrx_word' id='word_1_944' title='bbox 2524 5398 2795 5464; x_wconf 86' lang='lat' dir='ltr'><strong>adhiberi,</strong></span> <span class='ocrx_word' id='word_1_945' title='bbox 2811 5399 2978 5471; x_wconf 69' lang='lat' dir='ltr'><strong>cuius</strong></span> <span class='ocrx_word' id='word_1_946' title='bbox 3017 5397 3616 5471; x_wconf 74' lang='lat' dir='ltr'><strong>estvulnusoccultum.</strong></span> 
     </span>
    </p>
   </div>
   <div class='ocr_carea' id='block_1_132' title="bbox 2085 5466 3614 5542">
    <p class='ocr_par' dir='ltr' id='par_1_132' title="bbox 2085 5466 3614 5542">
     <span class='ocr_line' id='line_1_135' title="bbox 2085 5466 3614 5542; baseline 0.003 -16"><span class='ocrx_word' id='word_1_947' title='bbox 2085 5471 2111 5506; x_wconf 71' lang='grc' dir='ltr'>ά</span> <span class='ocrx_word' id='word_1_948' title='bbox 2141 5470 2407 5542; x_wconf 68' lang='lat' dir='ltr'><strong>Regulus</strong></span> <span class='ocrx_word' id='word_1_949' title='bbox 2429 5484 2686 5542; x_wconf 73' lang='lat' dir='ltr'><strong>serpens,</strong></span> <span class='ocrx_word' id='word_1_950' title='bbox 2728 5467 2828 5542; x_wconf 82' lang='lat' dir='ltr'><strong>qui</strong></span> <span class='ocrx_word' id='word_1_951' title='bbox 2869 5466 2907 5542; x_wconf 80' lang='lat' dir='ltr'><strong>a_</strong></span> <span class='ocrx_word' id='word_1_952' title='bbox 2931 5466 3157 5542; x_wconf 63' lang='lat' dir='ltr'><strong>Graecis</strong></span> <span class='ocrx_word' id='word_1_953' title='bbox 3175 5468 3453 5542; x_wconf 82' lang='lat' dir='ltr'><strong>basiliscus</strong></span> <span class='ocrx_word' id='word_1_954' title='bbox 3478 5471 3614 5530; x_wconf 85' lang='lat' dir='ltr'><strong>dici-</strong></span> 
     </span>
    </p>
   </div>
   <div class='ocr_carea' id='block_1_133' title="bbox 2014 5537 3615 5611">
    <p class='ocr_par' dir='ltr' id='par_1_133' title="bbox 2014 5537 3615 5611">
     <span class='ocr_line' id='line_1_136' title="bbox 2014 5537 3615 5611; baseline 0.002 -14"><span class='ocrx_word' id='word_1_955' title='bbox 2014 5548 2124 5608; x_wconf 88' lang='lat' dir='ltr'><strong>tur,</strong></span> <span class='ocrx_word' id='word_1_956' title='bbox 2151 5537 2370 5611; x_wconf 71' lang='lat' dir='ltr'><strong>aspectu</strong></span> <span class='ocrx_word' id='word_1_957' title='bbox 2392 5537 2646 5596; x_wconf 85' lang='lat' dir='ltr'><strong>homines</strong></span> <span class='ocrx_word' id='word_1_958' title='bbox 2673 5537 2964 5611; x_wconf 73' lang='lat' dir='ltr'><strong>interimit,</strong></span> <span class='ocrx_word' id='word_1_959' title='bbox 2999 5545 3054 5596; x_wconf 89' lang='lat' dir='ltr'><strong>et</strong></span> <span class='ocrx_word' id='word_1_960' title='bbox 3077 5537 3273 5610; x_wconf 88' lang='lat' dir='ltr'><strong>spiritu</strong></span> <span class='ocrx_word' id='word_1_961' title='bbox 3313 5543 3424 5599; x_wconf 90' lang='lat' dir='ltr'><strong>oris</strong></span> <span class='ocrx_word' id='word_1_962' title='bbox 3452 5545 3615 5601; x_wconf 91' lang='lat' dir='ltr'><strong>etiam</strong></span> 
     </span>
    </p>
   </div>
   <div class='ocr_carea' id='block_1_134' title="bbox 2013 5610 3616 5738">
    <p class='ocr_par' dir='ltr' id='par_1_134' title="bbox 2013 5610 3616 5738">
     <span class='ocr_line' id='line_1_137' title="bbox 2013 5610 3616 5738; baseline 0.004 -72"><span class='ocrx_word' id='word_1_963' title='bbox 2013 5627 2140 5738; x_wconf 64' lang='lat' dir='ltr'><strong>inves</strong></span> <span class='ocrx_word' id='word_1_964' title='bbox 2167 5610 2608 5682; x_wconf 67' lang='lat' dir='ltr'><strong>praetervolantes</strong></span> <span class='ocrx_word' id='word_1_965' title='bbox 2649 5618 2862 5667; x_wconf 90' lang='lat' dir='ltr'><strong>enecat.</strong></span> <span class='ocrx_word' id='word_1_966' title='bbox 2896 5610 3268 5682; x_wconf 79' lang='lat' dir='ltr'><strong>Hieronymus</strong></span> <span class='ocrx_word' id='word_1_967' title='bbox 3313 5613 3368 5670; x_wconf 91' lang='lat' dir='ltr'><strong>iu</strong></span> <span class='ocrx_word' id='word_1_968' title='bbox 3385 5630 3504 5688; x_wconf 92' lang='lat' dir='ltr'><strong>cap.</strong></span> <span class='ocrx_word' id='word_1_969' title='bbox 3531 5631 3616 5673; x_wconf 81' lang='lat' dir='ltr'><strong>xv</strong></span> 
     </span>
     <span class='ocr_line' id='line_1_138' title="bbox 2041 5697 2188 5738; baseline -0.02 0"><span class='ocrx_word' id='word_1_970' title='bbox 2041 5697 2188 5738; x_wconf 68' lang='lat' dir='ltr'><strong>sanae.</strong></span> 
     </span>
    </p>
   </div>
   <div class='ocr_carea' id='block_1_135' title="bbox 2041 5697 3618 5881">
    <p class='ocr_par' dir='ltr' id='par_1_135' title="bbox 2041 5697 3618 5881">
     <span class='ocr_line' id='line_1_139' title="bbox 2041 5697 3618 5881; baseline 0 -70"><span class='ocrx_word' id='word_1_971' title='bbox 2041 5697 2386 5811; x_wconf 48' lang='grc' dir='ltr'>Ὗῖὶιυᾱω</span> <span class='ocrx_word' id='word_1_972' title='bbox 2408 5753 2619 5811; x_wconf 88' lang='lat' dir='ltr'><strong>videtur</strong></span> <span class='ocrx_word' id='word_1_973' title='bbox 2644 5751 2712 5809; x_wconf 89' lang='lat' dir='ltr'><strong>ad</strong></span> <span class='ocrx_word' id='word_1_974' title='bbox 2743 5751 2876 5810; x_wconf 93' lang='lat' dir='ltr'><strong>illud</strong></span> <span class='ocrx_word' id='word_1_975' title='bbox 2921 5754 3056 5826; x_wconf 88' lang='lat' dir='ltr'><strong>psal.</strong></span> <span class='ocrx_word' id='word_1_976' title='bbox 3080 5770 3207 5814; x_wconf 83' lang='lat' dir='ltr'><strong>Lvu</strong></span> <span class='ocrx_word' id='word_1_977' title='bbox 3237 5775 3250 5812; x_wconf 93' lang='lat'><strong>:</strong></span> <span class='ocrx_word' id='word_1_978' title='bbox 3292 5758 3446 5814; x_wconf 86' lang='lat' dir='ltr'><strong>Sicut</strong></span> <span class='ocrx_word' id='word_1_979' title='bbox 3471 5759 3618 5881; x_wconf 42' lang='lat' dir='ltr'><strong>W-</strong></span> 
     </span>
     <span class='ocr_line' id='line_1_140' title="bbox 2041 5826 3618 5881; baseline 0 0"><span class='ocrx_word' id='word_1_980' title='bbox 2041 5827 2102 5881; x_wconf 84' lang='lat' dir='ltr'><strong>lis</strong></span> <span class='ocrx_word' id='word_1_981' title='bbox 2121 5826 2300 5881; x_wconf 77' lang='lat' dir='ltr'><strong>surda:</strong></span> <span class='ocrx_word' id='word_1_982' title='bbox 2319 5831 2370 5881; x_wconf 88' lang='lat' dir='ltr'><strong>et</strong></span> <span class='ocrx_word' id='word_1_983' title='bbox 2397 5827 2702 5881; x_wconf 87' lang='lat' dir='ltr'><strong>obturantis</strong></span> <span class='ocrx_word' id='word_1_984' title='bbox 2721 5840 2879 5881; x_wconf 90' lang='lat' dir='ltr'><strong>aures</strong></span> <span class='ocrx_word' id='word_1_985' title='bbox 2901 5840 3052 5881; x_wconf 87' lang='lat' dir='ltr'><strong>suas.</strong></span> <span class='ocrx_word' id='word_1_986' title='bbox 3080 5844 3203 5881; x_wconf 71' lang='lat' dir='ltr'><strong>eum</strong></span> <span class='ocrx_word' id='word_1_987' title='bbox 3231 5843 3335 5881; x_wconf 89' lang='lat' dir='ltr'><strong>non</strong></span> <span class='ocrx_word' id='word_1_988' title='bbox 3366 5843 3470 5881; x_wconf 66' lang='lat' dir='ltr'><strong>era</strong></span> <span class='ocrx_word' id='word_1_989' title='bbox 3547 5829 3618 5881; x_wconf 87' lang='lat' dir='ltr'><strong>iet</strong></span> 
     </span>
    </p>
   </div>
   <div class='ocr_carea' id='block_1_136' title="bbox 2013 5826 3619 5898">
    <p class='ocr_par' dir='ltr' id='par_1_136' title="bbox 2013 5826 3619 5898">
     <span class='ocr_line' id='line_1_141' title="bbox 2013 5826 3619 5898; baseline -0.001 -15"><span class='ocrx_word' id='word_1_990' title='bbox 2013 5827 2102 5884; x_wconf 87' lang='lat' dir='ltr'><strong>dis</strong></span> <span class='ocrx_word' id='word_1_991' title='bbox 2121 5826 2300 5884; x_wconf 70' lang='lat' dir='ltr'><strong>surda</strong></span> <span class='ocrx_word' id='word_1_992' title='bbox 2319 5831 2370 5882; x_wconf 88' lang='lat' dir='ltr'><strong>et</strong></span> <span class='ocrx_word' id='word_1_993' title='bbox 2397 5827 2702 5884; x_wconf 86' lang='lat' dir='ltr'><strong>obturantis</strong></span> <span class='ocrx_word' id='word_1_994' title='bbox 2721 5840 2879 5882; x_wconf 88' lang='lat' dir='ltr'><strong>aures</strong></span> <span class='ocrx_word' id='word_1_995' title='bbox 2901 5840 3052 5892; x_wconf 86' lang='lat' dir='ltr'><strong>suas,</strong></span> <span class='ocrx_word' id='word_1_996' title='bbox 3080 5844 3203 5898; x_wconf 78' lang='lat' dir='ltr'><strong>qua:</strong></span> <span class='ocrx_word' id='word_1_997' title='bbox 3231 5843 3335 5884; x_wconf 89' lang='lat' dir='ltr'><strong>non</strong></span> <span class='ocrx_word' id='word_1_998' title='bbox 3366 5826 3619 5882; x_wconf 71' lang='lat' dir='ltr'><strong>exaudiet</strong></span> 
     </span>
    </p>
   </div>
  </div>
