4014 6202
509 232 641 284 H27

1582 199 1862 279 JoANNIS
1898 221 2202 279 CASSIANI
2240 220 2727 278 COLLATIONES.

3670 219 3794 277 “28

497 367 684 410 eremo
729 350 808 407 illi
860 364 919 406 se
963 347 1223 405 coenobio
1269 361 1484 404 summa
1532 344 1851 403 humilitatis
1897 347 2095 404 virtute
2121 349 2175 413 Α
2202 345 2338 403 tiam
2379 345 2497 419 ejus
2527 345 2799 418 correptio
2827 352 3052 417 paterna
3069 358 3182 398 non
3208 350 3471 409 moverat,
3497 359 3567 398 ne
3593 352 3796 416 specta-

497 445 846 512 subdiderat,
877 441 1220 514 proferamus
1251 440 1496 512 eloquia,
1525 456 1873 514 nequaquam
1914 448 2099 497 tamen

500 548 762 613 putamus
788 534 1115 602 absurdum,
1163 533 1207 589 si
1241 533 1447 605 absque
1476 533 1585 589 ulla
1617 533 1935 590 circuitione
1975 548 2100 590 ver-

500 634 725 700 borum,
772 644 992 700 magna,
1036 635 1098 683 ut
1137 626 1437 696 credimus,
1493 626 1753 683 studiosis
1792 627 2101 700 quibusque

500 727 763 783 virtutum
808 722 1096 781 adiﬁcatio
1134 719 1485 778 'conferatur.
1541 725 1601 777 In
1666 720 1871 792 ingenti
1918 723 2101 795 itaque

497 819 641 876 atrio
675 828 700 853 ι
734 815 1006 874 subdivali
1047 814 1134 870 illa
1174 813 1573 871 monachorum
1611 813 1962 871 multitudine
2008 830 2103 887 per

499 911 900 972 duodenarium
936 925 1229 967 numerum
1273 910 1547 967 distinctis
1590 908 1873 966 ordinibus
1915 909 2103 965 consi-

499 1006 700 1074 dente,
748 1021 878 1061 cum
916 1004 1138 1078 quidam
1182 1002 1419 1058 fratrum
1468 1012 1782 1076 susceptum
1828 1001 2099 1059 ferculum

502 1103 667 1176 paulo
698 1100 909 1158 tardius
953 1098 1237 1165 intulisset,
1279 1098 1380 1153 sub
1419 1098 1697 1154 occasione
1740 1097 1892 1154 istius
1928 1098 2097 1153 tardi-

498 1197 627 1253 tatis
668 1194 959 1267 pradictus
988 1191 1155 1247 abbas
1193 1193 1420 1259 Paulus,
1452 1191 1542 1263 qui
1586 1192 1728 1248 inter
1764 1190 1951 1247 turbas
1988 1191 2100 1246 mi-

499 1289 852 1345 nistrantium
908 1286 1143 1343 fratrum
1206 1284 1433 1341 sollicite
1490 1285 1858 1352 discurrebat,
1915 1292 2099 1341 exerta

500 1398 692 1449 manu,
717 1382 921 1454 fpalma
971 1395 1098 1436 eum
1144 1378 1246 1437 sub
1288 1378 1537 1435 omnium
1574 1381 1840 1451 percussit
1878 1379 2095 1449 intuitu,

501 1477 577 1534 ita
609 1484 671 1533 ut
701 1475 911 1532 sonitus
955 1475 1115 1531 etiam
1147 1473 1501 1530 adversorum
1545 1475 1631 1530 vel
1669 1473 1886 1546 longius
1915 1474 2096 1530 consi-

500 1568 750 1625 dentium
788 1567 1009 1624 auribus
1049 1566 1359 1622 resultaret.
1402 1568 1527 1622 Hoc
1560 1576 1748 1622 autem
1788 1565 1992 1622 idcirco
2031 1565 2098 1621 ab

497 1676 562 1719 eo
590 1661 794 1719 factum
814 1670 918 1730 est,
948 1668 1005 1716 et
1026 1660 1236 1717 cunctis
1265 1660 1356 1731 qui
1389 1659 1615 1716 aderant
1637 1660 1857 1732 juvenis
1890 1660 2098 1732 patien-

2204 439 2394 496 culum
2438 438 2660 510 quidem
2695 446 2862 495 tanta
2900 435 3264 494 multitudinis
3296 435 3408 492 ullo
3444 434 3655 492 vultum
3686 438 3795 511 ejus

2206 533 2429 590 ruboris
2453 531 2705 589 tinxisset
2722 530 2940 589 indicio.

2827 625 3070 682 CAPUT
3112 625 3186 678 Il.

2567 722 2640 775 De
2654 720 2961 775 humilitate
2981 718 3196 773 abbatis
3218 719 3451 773 Joannis.

2282 817 2346 870 In
2386 812 2492 871 hoc
2532 814 2714 885 itaque
2737 813 2998 870 canobio
3037 812 3345 884 reperimus
3367 811 3798 884 antiquissimum

2209 922 2396 964 senem
2423 907 2643 965 nomine
2668 909 2941 964 Joannem
2960 906 3114 979 cujus
3139 905 3298 961 verba
3329 906 3532 976 pariter
3560 914 3616 963 et
3639 907 3799 964 humi-

2213 1001 2415 1058 litatem
2432 1044 2445 1070 ,
2472 1017 2580 1073 qua
2609 1000 2816 1059 sanctis
2841 999 3099 1056 omnibus
3140 1000 3562 1071 praeminebat,
3602 1019 3797 1075 nequa-

2209 1110 2374 1167 quam
2414 1095 2627 1153 silentio
2655 1095 3029 1168 pratereunda
3056 1094 3398 1164 censuimus,
3425 1096 3651 1155 scientes
3678 1115 3798 1157 eum

2209 1188 2312 1245 hac
2340 1190 2581 1246 maxime
2618 1188 2949 1262 perfectione
2995 1188 3255 1261 viguisse,
3284 1205 3410 1262 qua
3445 1206 3576 1248 cum
3602 1193 3674 1248 sit
3699 1195 3798 1250 vir-

2206 1291 2389 1340 tutum
2418 1284 2663 1341 omnium
2693 1290 2887 1353 mater,
2917 1299 2981 1339 ac
3023 1284 3195 1339 totius
3225 1284 3482 1355 spiritalis
3522 1294 3798 1345 structura

2206 1375 2628 1435 fundamentum
2659 1377 3074 1445 solidissimum,
3112 1391 3143 1431 a
3168 1377 3371 1432 nostris
3404 1377 3625 1449 penitus
3648 1395 3797 1435 exsu-

2207 1471 2281 1527 lat
2321 1472 2609 1529 institutis.
2642 1470 2805 1528 Unde
2845 1486 2956 1527 non
2990 1469 3193 1525 mirum
3218 1478 3317 1534 est
3349 1485 3451 1526 nec
3485 1470 3557 1527 ad
3594 1472 3795 1531 illorum

2206 1564 2595 1622 sublimitatem
2621 1579 2723 1621 nos
2758 1579 2914 1637 posse
2951 1562 3337 1630 conscendere,
3368 1565 3464 1635 qui
3495 1580 3606 1621 non
3631 1566 3796 1624 dicam

2207 1674 2381 1731 usque
2400 1659 2470 1723 ad
2492 1668 2771 1716 senectam
2795 1659 2897 1715 sub
2926 1656 3165 1715 caenobii
3191 1672 3510 1729 permanere
3534 1674 3647 1715 non
3670 1676 3787 1733 pos-

497 1756 629 1812 tiam
673 1753 1033 1826 patefaceret,
1083 1761 1139 1810 et
1187 1768 1379 1809 omnes
1431 1753 1523 1825 qui
1578 1753 1954 1810 interfuissent
1999 1752 2093 1809 tali
2129 1754 2176 1817 B
2204 1764 2395 1807 sumus
2434 1750 2734 1823 disciplina,
2774 1749 2872 1807 sed
2901 1752 2929 1787 ³³
2955 1750 3042 1805 vix
3068 1748 3293 1806 biennio
3331 1749 3680 1821 subjectionis
3712 1751 3797 1824 ju-

495 1848 806 1921 spectaculo
856 1846 1141 1904 modestia
1184 1846 1529 1902 erudirentur
1588 1848 1859 1920 exemplo.
1919 1851 2096 1920 Quam

496 1950 714 2000 maturo
731 1950 919 1999 autem
941 1940 994 1998 id
1014 1940 1195 1996 senior
1220 1939 1412 1997 fecerit
1436 1940 1683 2010 consilio,
1710 1956 1800 1997 res
1824 1940 2092 2012 probavit.

494 2038 637 2092 Nam
679 2034 1049 2092 memorabilis
1087 2035 1359 2106 patientia
1397 2035 1611 2107 juvenis
1651 2042 1800 2090 tanta
1837 2033 1897 2089 id
1926 2034 2093 2091 animi

492 2129 713 2185 lenitate
741 2128 1010 2199 suscepit,
1042 2136 1105 2183 ut
1131 2143 1244 2183 non
1274 2128 1442 2184 modo
1470 2129 1655 2183 nullus
1692 2126 1857 2183 fuerit
1886 2142 1952 2187 ex
1978 2129 2095 2200 ejus

494 2238 589 2279 ore
635 2239 819 2279 sermo
882 2222 1193 2293 prolapsus,
1248 2222 1331 2277 vel
1387 2221 1768 2279 tenuissimum
1836 2239 2095 2281 murmur

493 2311 656 2369 tacita
702 2311 976 2367 labiorum
1010 2311 1307 2381 agitatione
1351 2310 1657 2383 signatum;
1707 2311 1805 2369 sed
1853 2328 1924 2369 ne
1975 2313 2092 2384 ipsa

491 2402 713 2477 quidem
753 2404 862 2459 oris
910 2402 1174 2459 modestia
1212 2411 1375 2476 atque
1402 2404 1761 2476 tranquillitas
1801 2413 1898 2460 aut
1941 2405 2094 2461 color

488 2499 685 2557 saltem
727 2498 1306 2570 'quantulumcumqne
1357 2506 1622 2555 mutatus.
1672 2496 1836 2567 Quod
1882 2497 2091 2555 factum

487 2607 603 2649 non
652 2592 833 2648 solum
882 2590 1062 2657 nobis,
1096 2590 1187 2661 qui
1232 2607 1403 2662 nuper
1440 2590 1509 2647 de
1545 2591 1714 2663 Syria
1752 2591 2088 2648 monasterio

489 2686 761 2742 venientes
786 2684 1062 2757 patientia
1091 2683 1253 2757 hujus
1296 2685 1563 2740 virtutem
1590 2693 1705 2740 tam
1742 2684 2086 2741 evidentibus

488 2795 903 2853 perceperamus
954 2778 1225 2850 exemplis
1243 2822 1258 2848 ,

490 2881 733 2945 expertes
786 2874 984 2929 talium
1030 2888 1145 2928 non
1188 2881 1344 2927 erant
1380 2871 1732 2939 studiorum,
1762 2871 1835 2926 ita
1880 2872 2085 2928 mirum

487 2966 617 3032 fuit,
648 2976 708 3022 ut
734 2966 901 3022 etiam
925 2964 1157 3022 summis
1183 2964 1307 3020 viris
1332 2964 1601 3035 praecipua
1629 2979 1727 3035 per
1754 2963 1860 3018 hoc
1880 2962 2086 3020 factum

487 3058 830 3115 conferretur
866 3058 1184 3126 instructio;
1218 3057 1367 3128 quod
1402 3055 1609 3113 scilicet
1631 3056 1841 3112 etiamsi
1878 3058 2089 3129 patien-

1335 2777 1434 2835 sed
1482 2779 1648 2834 etiam
1709 2778 1921 2836 cunctis
1993 2779 2101 2851 qui‘

2203 1861 2337 1919 gum
2376 1848 2645 1904 sustinere
2685 1846 2947 1915 contenti,
2979 1844 3047 1901 ad
3092 1847 3582 1919 prasumptionem
3618 1848 3795 1906 noxia

2219 1938 2466 1996 ibertatis
2518 1939 2767 2011 protinus
2806 1938 3105 2007 evolamus,
3155 1954 3287 1994 cum
3327 1947 3504 1995 tamen
3547 1941 3668 2011 ipso
3705 1940 3796 1997 illo

2202 2049 2367 2106 parvo
2407 2041 2655 2105 tempore
2682 2048 2795 2088 non
2838 2031 3138 2089 secundum
3166 2033 3315 2088 illam
3340 2032 3693 2091 districtionis
3716 2049 3797 2092 re-

2200 2126 2404 2197 gulam,
2432 2125 2527 2182 sed
2552 2141 2650 2198 pro
2681 2126 2856 2183 nostri
2883 2125 3092 2182 arbitrii
3119 2126 3366 2182 libertate
3396 2135 3698 2201 utcumque
3716 2144 3794 2187 se-

2202 2220 2368 2277 nioris
2382 2220 2732 2294 subjiciamur
2754 2221 3011 2293 imperio,
3034 2229 3095 2277 ut
3122 2236 3235 2277 non
3267 2221 3545 2293 patientia
3563 2222 3792 2280 fructum

2200 2314 2454 2384 ediscere,
2485 2315 2580 2372 sed
2603 2324 2820 2388 tempus
2842 2314 3207 2388 adipiscenda
3229 2315 3467 2375 licentia
3495 2327 3794 2391 exspectare

2199 2405 2500 2463 videamur.
2543 2409 2706 2464 Hunc
2750 2408 2912 2481 igitur
2949 2424 3133 2465 senem
3158 2424 3289 2466 cum
3327 2411 3386 2465 in
3414 2412 3623 2469 abbatis
3650 2414 3794 2470 Pauli

2197 2499 2454 2557 coenobio
2483 2500 2827 2570 vidissemus,
2852 2510 3076 2560 atatem
3102 2503 3349 2575 primum
3371 2514 3427 2560 et
3448 2507 3679 2577 gratiam
3697 2508 3791 2564 viri

2195 2609 2302 2666 qua
2332 2603 2450 2651 erat
2489 2595 2770 2668 praditus,
2793 2595 3064 2663 admirati,
3087 2596 3326 2655 demisso
3356 2598 3414 2654 in
3445 2608 3652 2655 terram
3682 2601 3791 2656 vul-

2192 2693 2276 2756 tu,
2331 2690 2535 2761 precari
2587 2690 2853 2763 capimus
2889 2699 2952 2746 ut
2997 2691 3156 2747 nobis
3202 2692 3440 2764 pandere
3482 2695 3791 2767 dignaretur

2193 2795 2356 2853 quam
2386 2783 2458 2839 ob
2488 2800 2731 2853 causam,
2768 2785 2951 2841 relicta
2975 2786 3143 2842 eremi
3174 2786 3439 2855 libertate,
3472 2797 3529 2843 et
3554 2788 3647 2843 illa
3669 2806 3794 2862 pro-

2193 2871 2431 2931 fessione
2453 2876 2676 2933 sublimi
2705 2893 2813 2950 qua
2838 2893 2965 2935 eum
2999 2894 3115 2950 pra
3153 2880 3361 2937 caeteris
3388 2880 3643 2953 ejusdem
3675 2883 3794 2940 vita

2195 2963 2326 3023 viris
2356 2966 2504 3025 fama
2539 2969 2933 3038 celebraverat,
2961 2972 3147 3029 subire
3173 2972 3373 3045 jugum
3415 2975 3653 3031 canobii
3680 2991 3791 3032 -

2194 3058 2398 3118 luisset.
2432 3071 2453 3097 ο
2486 3062 2580 3119 ille
2623 3063 2773 3120 velut
2799 3065 3070 3137 imparem
3111 3081 3171 3124 se
3199 3066 3602 3127 anachoretica
3639 3069 3790 3127 disci-

1584 3218 1841 3274 ALARDI
1877 3220 2102 3277 GAZIEI
2140 3221 2702 3283 COMMENTARIUS.

483 3374 691 3500 ﬁeriore
725 3372 1049 3441 collatione,
1087 3370 1184 3427 ubi
1213 3370 1393 3444 ipsum
1429 3387 1647 3445 quoque
1676 3371 1823 3444 apud
1853 3374 2080 3435 Diolcon
2115 3381 2160 3444 c
2189 3393 2315 3435 sum
2363 3380 2579 3437 nescius
2616 3380 2817 3439 multos
2854 3381 2993 3439 alios
3030 3385 3268 3441 Joannes
3301 3387 3393 3442 SS.
3436 3385 3792 3446 auachoretas

523 3446 757 3500 abitasse
786 3450 1222 3500 commemorat:
1251 3452 1680 3500 consentaneum
1709 3451 1791 3500 est
1822 3452 1883 3499 ut
1907 3447 2082 3500 Joan—
2189 3457 2244 3500 et
2270 3451 2571 3500 monachos
2610 3461 2725 3500 tam
2764 3453 2818 3500 in
2850 3454 2983 3500 Vilis
3015 3455 3237 3500 Patrum
3268 3473 3434 3500 nnnm
3470 3459 3523 3500 in
3569 3459 3789 3500 'I‘ahnlic

523 3446 757 3502 abitasse
786 3450 1222 3509 commemorat;
1251 3452 1680 3500 consentaneum
1709 3451 1791 3500 est
1822 3452 1883 3499 ut
1907 3447 2082 3503 Joan-

481 3531 631 3583 nem,
662 3516 747 3571 cui
777 3515 894 3571 hac
922 3513 1136 3586 collatio
1170 3514 1451 3586 tribuitur,
1479 3514 1722 3586 ejusdem
1752 3515 2084 3574 Piammonis

479 3586 691 3641 socium
714 3594 769 3641 et
802 3583 1073 3654 aqualem
1103 3599 1167 3639 ex
1209 3583 1310 3639 loci
1351 3583 1759 3640 circumstantia
1788 3594 1845 3640 et
1893 3602 2083 3644 narra-

481 3654 697 3711 tionum
732 3653 1114 3710 conformitate
1144 3654 1483 3724 colligamus.
1511 3655 1739 3712 Videtur
1767 3655 1915 3711 enim
1945 3660 2080 3715 Cas-

477 3726 662 3783 sianus
690 3729 1085 3792 Sozomenum,
1124 3725 1206 3779 vel
1256 3726 1596 3783 Sozomenus
1633 3727 1949 3784 Cassianum
1981 3745 2079 3786 vo-

480 3796 648 3855 luisse
682 3797 920 3863 imitari;
951 3811 1077 3850 nam
1107 3804 1168 3850 ut
1201 3795 1293 3850 ille
1318 3795 1698 3853 Piammonem
1731 3806 1787 3853 et
1806 3798 2079 3857 Joannem

478 3867 708 3939 abbates
747 3869 804 3924 in
846 3882 969 3939 sua__
993 3866 1303 3939 narratione
1340 3867 1648 3939 conjunxit,
1694 3868 1766 3924 ita
1794 3868 2080 3928 Cassianus

478 3937 1062 4022 in‘bisjcqllationibus
1092 3937 1339 4022 alterum
1373 3937 1533 4022 alteri
1576 3938 1821 4022 proxime
1861 3940 2079 4022 subjun-

476 4011 553 4066 xit
614 4020 669 4067 et
713 4008 1044 4065 disserentes
1090 4005 1321 4063 induxit.
1373 4010 1546 4065 Porro
1576 4005 1856 4069 'eumdem
1908 4005 2077 4069 etiam

475 4082 749 4140 Joannem
790 4095 905 4136 esse
929 4079 1205 4145 existimo,
1240 4079 1307 4136 de
1336 4096 1445 4150 quo
1472 4080 1760 4137 Cassianus
1782 4084 1818 4138 l.
1852 4102 1885 4140 v
1911 4085 2075 4139 Insti-

472 4162 581 4211 tut.
619 4170 743 4228 cap.
777 4158 843 4209 27
886 4159 943 4208 et
980 4156 1069 4228 28_.
1095 4152 1353 4228 itemque
1382 4152 1564 4207 collat.
1601 4156 1690 4228 1_4_,
1716 4168 1834 4228 cap.
1875 4163 1994 4228 4_et
2018 4162 2072 4212 7.

474 4228 662 4307 ῌθιιιιρ
687 4221 876 4307 obstat
913 4221 1061 4294 quod
1091 4222 1201 4307 illic
1228 4221 1427 4307 magno
1457 4224 1711 4280 coenobio
1729 4221 1798 4307 ἐἰ
1821 4226 2077 4307 ιηιιιῑίῑιιέ

472 4292 592 4352 dini
618 4294 846 4365 fratrum
882 4292 1208 4365 praepositus
1236 4292 1487 4365 dicitur,
1512 4295 1983 4364 quemadmodum
2020 4306 2075 4354 et

472 4365 615 4439 apud
646 4364 947 4439 Palladium
991 4365 1151 4417 Pater
1190 4364 1657 4439 monasteriorum
1700 4376 2067 4439 nuncupatur.

473 4434 639 4506 Unde
664 4434 936 4506 colligitur
965 4440 1094 4487 tunc
1119 4434 1382 4506 temporis
1397 4436 1725 4492 canobitam
1745 4434 1934 4505 fuisse,
1959 4455 2073 4496 non

471 4503 885 4571 anachoreta'm,
915 4503 1021 4558 hoc
1039 4511 1140 4564 est,
1170 4503 1339 4559 vitam
1363 4520 1716 4562 communem
1746 4519 1803 4566 et
1820 4503 2072 4567 coenobi-

468 4576 636 4633 ticam
657 4575 905 4647 duxisse,
934 4589 1047 4630 non
1071 4573 1391 4647 solitariam.
1420 4576 1527 4631 Hic
1559 4592 1684 4632 vero
1712 4580 1972 4647 Joannes,
2001 4582 2070 4638 de

508 4664 578 4728 no
625 4646 956 4728 bigagitur,
986 4660 1097 4728 non
1136 4645 1459 4728 praepositus
1487 4646 1794 4728 autabbas
1827 4645 2069 4728 coenobii

465 4665 578 4777 guo
625 4665 956 4728 mcagltur,
986 4665 1097 4701 non
1136 4665 1459 4727 pyaposuus
1487 4665 1586 4702 aur.
1624 4665 1794 4705 annas
1827 4665 2069 4708 cunmm

494 4720 637 4777 uisse
682 4718 913 4788 dicitur;
948 4716 1046 4773 sed
1069 4717 1267 4788 relicta
1297 4732 1480 4773 eremo
1522 4716 1650 4775 huic
1676 4722 1930 4779 coenobio
1973 4722 2069 4779 ab-

2189 3457 2244 3528 et
2270 3451 2571 3528 monachos
2610 3461 2727 3508 tam
2764 3453 2821 3508 in
2850 3454 2983 3528 Vitis
3014 3455 3239 3528 Patrum
3268 3473 3435 3528 quam
3470 3459 3529 3513 in
3569 3459 3789 3517 Tabulis

2191 3520 2581 3599 Ecclesiasticis
2609 3524 2905 3599 recenseri;
2929 3541 2959 3581 e
2985 3525 3184 3596 quibus
3204 3528 3248 3583 si
3274 3520 3395 3599 quis
3424 3529 3592 3585 alium
3619 3532 3791 3587 Joan-

2189 3605 2351 3668 nem_
2374 3591 2536 3668 hujus
2576 3595 2881 3668 collationis
2905 3591 3182 3653 auctorem
3225 3591 3563 3668 probabilius
3599 3611 3791 3659 osten-

2188 3658 2302 3741 das.
2330 3658 2495 3741 £1893.
2516 3665 2752 3741 multum
2784 3682 2915 3741 sese
2939 3658 3277 3741 repugnari.

2261 3735 2285 3763 ³
2326 3732 2606 3806 S_ubdiale,
2636 3735 2716 3792 vel
2751 3732 3229 3806 subdivalefnam
3251 3735 3301 3794 et
3335 3741 3436 3797 sub
3467 3740 3561 3797 dio
3594 3751 3654 3798 et
3683 3742 3793 3800 sub

2184 3800 2723 3891 divordicit‘ur‘,.'hoc
2757 3816 2872 3891 est,
2909 3800 3167 3891 sub__ipso
3201 3825 3322 3891 aere
3345 3820 3429 3891 et
3449 3812 3570 3866 sine
3605 3821 3791 3891 tecto.

2184 3874 2376 3944 Itaque
2405 3875 2507 3932 sub
2530 3876 2621 3932 dio
2689 3874 2991 3935 randebant
3016 3874 3088 3935 illi
3117 3878 3359 3936 monachi
3387 3890 3442 3938 et
3468 3883 3795 3942 eremicola

2184 3945 2429 4005 Envnti:
2469 3962 2571 4003 nec
2612 3893 2685 4005 id)
2711 3949 2863 4005 valde
2897 3951 3126 4005 mirum.
3166 3968 3291 4005 cum
3325 3969 3357 4005 ει
3388 3953 3566 4005 nlnvia
3604 3957 3789 4005 securi

2184 3945 2579 4025 Egypti§_nec_
2612 3945 2863 4025 iduvalde
2897 3951 3126 4018 mirum,
3166 3968 3291 4025 cum
3325 3969 3357 4007 a
3388 3953 3566 4025 pluvia
3604 3957 3789 4012 securi

2183 4026 2385 4097 essen}.
2409 4021 2543 4097 Nam
2567 4020 2623 4097 in
2648 4022 2882 4097 Egypto
2910 4037 3213 4093 numquam
3229 4020 3425 4097 pluere
3444 4024 3643 4097 fertur,
3672 4029 3789 4083 sola

2184 4087 2290 4166 ljili
2319 4087 2965 4166 ﬂuminisinundatione
2979 4087 3182 4166 terram
3224 4087 3486 4166 irrigante
3517 4105 3571 4153 et
3592 4087 3788 4154 fecun-

2182 4155 2348 4237 dante
2378 4161 2539 4237 ςΡιίη.
2569 4161 2606 4217 ι.
2628 4176 2690 4230 v,
2719 4164 3044 4237 Isidor._lib.
3068 4180 3171 4221 xxv
3200 4183 3245 4221 c.
3279 4155 3354 4237 2}:

2254 4229 2278 4264 ¹³
2306 4230 2748 4307 Seipsum‘notat
2791 4235 3103 4307 Cassianus,
3139 4245 3193 4291 et
3222 4229 3385 4293 suum
3422 4239 3786 4307 Germanum,

2182 4303 2439 4376 et_quasi
2474 4302 2718 4376 levitatis
2757 4304 3043 4376 cujusdam
3082 4302 3175 4362 aut
3223 4308 3589 4365 instabilitatis
3628 4302 3787 4366 coar-'

2179 4370 2319 4450 guit,
2347 4371 2494 4443 quod
2532 4370 2930 4450 vix_biennium
2958 4376 3014 4431 in
3040 4377 3133 4450 illo
3168 4379 3428 4435 emnobio
3458 4381 3790 4437 Bethleemi-

2179 4445 2287 4497 tico
2314 4445 2742 4523 permanserint,
2764 4454 2819 4523 et
2841 4462 2952 4523 non
2969 4448 3111 4523 satis
3128 4450 3182 4504 in
3207 4449 3483 4523 disciplina
3512 4451 3785 4523 monasti-

2179 4526 2240 4566 ca
2275 4512 2493 4592 probati
2519 4524 2573 4570 et
2594 4515 2787 4592 eruditi
2813 4517 2883 4572 ad
2910 4521 3189 4592 peregrina
3218 4512 3653 4587 Ioca'evolarint,
3684 4523 3783 4580 ubi

2173 4584 2386 4708 lmgjore
2413 4585 2658 4642 libertate
2691 4584 3016 4657 fruerentur,
3038 4584 3103 4645 Et
3130 4590 3241 4648 fere
3269 4608 3374 4649 suo
3412 4584 3649 4650 viverent
3680 4609 3783 4650 ar-

2214 4668 2230 4707 l
2260 4670 2358 4708 ΙΊΟ.

2214 4668 2358 4710 ιιι-ιο.

2247 4728 2270 4758 ο
2308 4725 2753 4807 Hujus_Joannis
2789 4732 3059 4807 exemplo,
3079 4742 3133 4807 et
3160 4741 3468 4807 argumento
3494 4731 3659 4807 docet
3690 4735 3777 4791 D.

467 4768 1046 4877 tztig‘iggaiijggaas
1066 4768 2067 4877 suavitateagitataagitata;
2097 4768 2148 4831 ι)
2180 4768 3659 4877 τμοξιξξζῖᾳῖξῖξΐζῖβδζὶΐειῖἘξ)σιξοῖιῒῑέᾷῑῐυιῖῖῖέ
3680 4768 3780 4860 ;;:

464 4872 576 4932 tur,
613 4870 776 4932 atque
811 4861 951 4917 inter
978 4861 1115 4916 alios
1147 4860 1415 4927 seniores,
1443 4860 1655 4918 vivente
1681 4860 1861 4921 adhuc
1900 4866 2065 4924 Paulo

464 4931 702 5008 abbate,
732 4932 986 5008 singulari
1027 4933 1233 5008 virtute
1260 4932 1589 5008 excelluisse.
1633 4937 1773 5008 Nam
1812 4945 1873 4992 ut
1917 4936 2063 5008 ipse-

467 5010 582 5076 met
606 5000 673 5076 de
696 5000 869 5073 seipso
894 5009 1123 5076 testatur
1152 5002 1462 5076 infra_(_Ca.p.
1504 5004 1579 5076 3),
1603 5007 1839 5076 primum
1867 5000 2064 5065 coéno-

463 5073 583 5131 bita
619 5071 792 5159 factus
817 5080 923 5159 est,
949 5079 1002 5125 et
1028 5071 1089 5159 in
1106 5071 1361 5159 ‘cqenobii
1393 5071 1810 5159 congregatione
1837 5078 2058 5159 triginta

461 5161 635 5202 annos
669 5143 927 5215 transegit
971 5159 984 5196 :
1019 5155 1132 5214 quo
1176 5151 1424 5212 tempore
1463 5143 1718 5204 credibile
1742 5159 1825 5206 est
1851 5143 2059 5207 multo-

461 5233 587 5274 rum
617 5214 1013 5293 monachorum
1047 5221 1102 5269 et
1127 5217 1584 5293 monasteriorum
1614 5235 1801 5293 curam
1829 5220 2058 5293 gessisse

459 5293 540 5355 (ut
583 5298 833 5345 auctores
861 5287 1012 5343 citati
1057 5288 1525 5354 commemorant).
1580 5290 1791 5345 Deinde
1832 5287 1966 5349 'vero
2002 5294 2054 5349 in

456 5360 806 5430 solitudinem
842 5357 1130 5423 concessit,
1160 5357 1342 5428 ibique
1375 5358 1510 5430 alios
1530 5359 1719 5430 viginti
1745 5377 1918 5419 annos
1955 5379 2053 5420 ex-

458 5429 618 5501 plevit
653 5430 1084 5487 anachoreticam
1123 5445 1291 5494 agens
1335 5429 1534 5498 vitam;
1564 5429 1628 5487 ac
1669 5431 1895 5490 demum
1920 5450 2051 5494 cum

459 5499 663 5574 videret
707 5502 998 5574 nonnullos
1029 5501 1384 5574 anachoretas
1410 5517 1442 5557 a
1481 5501 1710 5574 pristino
1745 5504 1955 5563 fervore
1995 5518 2050 5566 et

453 5572 774 5641 austeritate
806 5573 1034 5629 deiicere
1053 5614 1069 5641 ,
1100 5572 1284 5629 relicta
1313 5572 1497 5630 eremo
1527 5591 1715 5633 rursus
1750 5577 1819 5634 ad
1859 5594 2046 5635 cano-

453 5640 609 5719 binm
650 5642 831 5719 rediit,
861 5643 1039 5719 ibique
1058 5640 1266 5700 mansit
1296 5665 1308 5701 :
1347 5645 1528 5719 sicque
1567 5649 1805 5719 primum
1838 5665 1905 5705 ex
1931 5665 2045 5705 ca-

491 5712 638 5769 obita
672 5710 844 5768 factus
864 5710 1213 5782 anachoreta,
1246 5710 1597 5782 postea'vero
1628 5734 1689 5773 ex
1716 5719 2041 5777 anachoreta

452 5784 732 5840 restitutus
768 5790 850 5838 est
892 5782 1185 5839 canobita.
1231 5782 1503 5841 Caeterum
1548 5803 1660 5843 non
1693 5789 1903 5845 inlicior
1943 5806 2041 5849 nec

2175 4868 2727 4946 cti‘ori‘religionejad
2753 4868 3011 4946 laxiorem
3046 4868 3274 4931 iransire
3309 4880 3541 4940 :Potest,
3562 4874 3779 4946 inquit,

2173 4940 2375 5015 aliquis
2392 4940 2745 5015 laudabiliter
2758 4945 2825 4999 de
2838 4961 2949 5001 una
2966 4947 3222 5015 religione
3233 4950 3466 5003 transire
3482 4948 3557 5003 ad
3579 4940 3770 5001 alim.

2170 5012 2349 5066 Primo
2390 5013 2610 5087 quidem
2652 5016 2765 5070 zelo
2799 5012 3143 5087 perfectioivs
3191 5020 3484 5087 religionis.
3529 5018 3773 5077 Secundo

2161 5087 2390 5161 propter
2417 5084 2821 5161 declinationem
2846 5088 3122 5158 religionis
3146 5107 3181 5144 a
3217 5084 3401 5145 debita
3416 5093 3771 5161 perfectione,

2161 5158 2307 5231 puta
2332 5156 2383 5231 si
2406 5157 2464 5209 in
2485 5156 2673 5231 alagua
2684 5156 2964 5231 religione
2977 5163 3205 5216 (ποτέονί
3235 5156 3505 5231 incipiant
3520 5156 3778 5230 religiosi

2167 5226 2443 5303 remissius
2465 5228 2638 5303 vivere
2648 5247 2665 5295 ;
2680 5226 3024 5285 laudabiliter
3038 5234 3234 5287 transit
3247 5226 3455 5303 aliquis
3475 5234 3550 5288 ad
3565 5226 3775 5301 religio-

2163 5299 2459 5351 nemetiam
2485 5300 2759 5363 minorem,
2784 5303 2834 5355 si
2853 5303 3041 5357 melius
3059 5299 3387 5359 observetur.
3424 5305 3575 5359 Unde
3587 5306 3644 5359 in
3662 5299 3775 5358 col-

2163 5363 2700 5445 lotionibusPatrum
2716 5372 2885 5427 abbas
2910 5376 3138 5430 Joannes
3159 5375 3225 5429 de
3242 5378 3417 5445 seipso
3440 5378 3599 5437 dicit,
3621 5373 3775 5444 quod

2159 5452 2194 5490 a
2225 5438 2342 5520 uita
2364 5438 2639 5520 solitaria,
2661 5444 2728 5520 in
2764 5460 2870 5514 quo
2900 5446 3179 5520 professus
3210 5438 3415 5513 fuerat,
3444 5438 3669 5501 transiit
3688 5445 3775 5500 ad

2157 5512 2438 5587 minorem,
2472 5512 2672 5587 scilicet
2706 5512 2885 5570 eorum
2900 5512 3012 5586 qui
3034 5512 3225 5572 vivunt
3254 5521 3312 5572 in
3334 5521 3605 5584 societate,
3628 5532 3771 5587 pm-

2152 5584 2354 5658 Plena
2370 5582 2513 5651 Quod
2537 5585 2658 5658 vita
2686 5582 2958 5642 eremitiea
2999 5593 3228 5658 caperat
3261 5589 3553 5645 declinare.
3580 5582 3649 5644 ei
3667 5589 3776 5641 la-

2151 5654 2587 5778 mgf?”
2622 5657 2795 5712 Tertio
2809 5663 3037 5730 propter
3056 5654 3232 5730 ίηβηη
3242 5662 3425 5716 itatem
3445 5662 3529 5715 vel
3558 5658 3771 5715 debili-

2174 5732 2336 5789 atem,
2358 5732 2460 5781 etc.
