4014 6202
314 290 449 344 1129

1020 286 1359 343 COLLATIO
1398 288 1531 344 XIX.
1578 317 1647 327 --
1682 287 1771 343 DE
1810 287 1967 343 FINE
2002 285 2398 345 C(ENOBITJE
2438 289 2525 345 ET
2564 290 2911 347 EREMITAS.

3476 293 3614 348 1130

308 411 495 485 plina,
532 417 588 467 et
623 409 958 468 sublimitate
1001 419 1168 469 tanta;
1208 411 1558 484 perfectionis
1596 411 1908 485 indignum,
1937 415 1993 477 Α
2017 411 2414 486 depromptum
2458 392 2644 471 studio
2684 414 2979 483 censeati,
3010 413 3140 485 quia
3168 412 3327 469 vobis
3356 420 3469 469 tam
3500 423 3617 471 stu-

306 504 376 561 ad
394 504 677 576 juniorum
714 503 927 561 scholas
949 506 1235 564 revertisse
1261 504 1496 576 dicebat,
1522 507 1570 563 si
1614 514 1803 563 tamen
1827 506 1911 562 vel

308 604 555 674 ipsorum
601 602 850 659 instituta
898 602 1201 660 secundum
1252 602 1609 677 professionis
1650 604 1911 660 meritum

307 704 492 768 posset
529 695 773 767 implere.
803 696 971 769 Cujus
1000 698 1372 769 responsionis
1414 698 1587 769 [Lips.
1624 700 1687 753 in
1728 712 1908 767 marg.

307 789 680 862 professionis]
706 789 1067 848 humilitatem
1094 808 1225 849 cum
1255 791 1545 865 refragatio
1585 800 1792 848 nostra:
1819 793 1911 847 de-

309 883 636 955 precationis
683 883 992 941 excluderet
1008 925 1025 955 ,
1071 885 1142 943 ad
1197 894 1508 943 extremum
1554 884 1628 942 ita
1682 899 1910 941 exorsus

310 983 412 1032 est.

907 1057 1147 1114 CAPUT
1214 1060 1313 1113 III.

320 1154 628 1225 Responsio
655 1153 880 1210 abbatis
914 1155 1145 1210 Joannis
1182 1169 1279 1209 cur
1309 1171 1549 1212 eremum
1581 1158 1904 1226 reliquisset.

380 1255 837 1314 Anachoreticam
861 1255 1228 1327 disciplinam,
1271 1273 1438 1329 quam
1478 1273 1567 1314 me
1610 1256 1909 1314 deseruisse

310 1348 604 1419 miramini,
628 1363 740 1407 non
759 1350 942 1408 solum
966 1366 1080 1408 non
1107 1342 1307 1425 respuo
1330 1370 1434 1411 nec
1453 1352 1654 1422 refuto,
1677 1352 1773 1410 sed
1788 1360 1907 1409 tota

311 1442 490 1514 potius
507 1443 858 1501 veneratione
893 1446 1227 1517 complector
1251 1454 1415 1517 atque
1431 1447 1683 1519 suscipio.
1709 1447 1776 1501 In
1796 1461 1907 1519 qua

308 1545 435 1607 post
476 1536 697 1610 triginta
735 1554 932 1607 annos,
966 1553 1104 1610 quos
1134 1539 1193 1594 in
1219 1540 1456 1597 cmnobii
1485 1540 1908 1613 congregatione

307 1634 678 1702 transegeram
705 1633 876 1702 (Lips.
920 1635 981 1687 in
1022 1648 1203 1702 marg.
1241 1633 1616 1702 transieram],
1651 1633 1727 1689 ita
1770 1633 1907 1689 alios

309 1721 498 1792 viginti
526 1722 771 1795 explesse
795 1738 887 1780 me
910 1723 1145 1797 gaudeo,
1176 1732 1237 1781 ut
1264 1726 1405 1782 inter
1427 1726 1547 1783 illos
1567 1727 1661 1798 qui
1680 1742 1800 1782 eam
1821 1726 1906 1783 vel

2016 508 2170 565 diose
2205 507 2581 580 querentibus
2602 507 2739 563 nihil
2766 507 2836 563 de
2860 507 3089 563 veritate
3114 506 3370 563 existimo
3396 507 3619 563 subtra-

2018 602 2286 660 hendum.
2336 604 2590 661 Arbitror
2627 603 2779 659 enim
2809 602 3189 658 instructionis
3226 601 3385 659 vobis
3413 602 3619 675 aliquid

2017 711 2178 768 posse
2215 694 2483 765 conferri,
2532 695 2603 764 si,
2647 694 2928 767 paulisper
2975 693 3286 750 humilitate
3352 694 3615 765 seposita,

2015 789 2339 861 simpliciter
2366 805 2590 847 omnem
2617 788 2889 862 pr0positi
2918 788 3030 844 mei
3067 786 3377 860 patefecero
3411 788 3616 844 verita-

2015 892 2150 941 tem.
2188 885 2417 943 Conﬁdo
2446 886 2597 941 enim
2638 885 2769 958 quia
2804 899 2913 940 nec
2948 883 3094 955 apud
3131 898 3231 939 vos
3273 881 3343 938 de
3366 881 3618 938 libertate

2013 978 2290 1035 dictorum
2318 978 2632 1036 cenodoxiaa
2658 985 2878 1047 notam,
2918 992 3101 1049 neque
3139 975 3286 1048 apud
3328 976 3617 1033 conscien-

2014 1071 2151 1127 tiam
2182 1087 2363 1127 meam
2385 1073 2455 1128 de
2475 1071 2864 1143 suppressione
2883 1070 3136 1127 veritatis
3152 1067 3439 1142 quoddam
3457 1084 3616 1125 men-

2013 1162 2156 1222 dacii
2181 1165 2396 1221 crimen
2433 1165 2734 1221 incurram.

2615 1268 2854 1324 CAPUT
2906 1268 3002 1322 ιν.

2015 1367 2304 1421 Devirtute
2312 1367 2568 1438 praedicti
2592 1367 2768 1438 senis,
2793 1381 2958 1438 quam
2988 1366 3049 1418 in
3069 1364 3444 1419 anachoretica
3464 1380 3614 1421 emer-

2578 1439 2693 1491 cuit
2732 1437 3041 1506 disciplina.

2084 1538 2142 1595 Si
2179 1540 2304 1611 quis
2344 1539 2508 1613 igitur
2541 1539 2768 1596 secretis
2803 1539 2968 1595 eremi
2994 1538 3316 1605 delectatus,
3345 1537 3613 1594 oblivioni

2011 1632 2231 1691 tradere
2259 1633 2438 1706 potuit
2476 1632 2722 1690 humana
2762 1632 3055 1701 consortia,
3077 1647 3142 1688 ac
3169 1629 3477 1686 secundum
3516 1631 3614 1685 Je-

2013 1727 2247 1783 remiam
2274 1727 2460 1784 dicere
2495 1744 2510 1782 :
2540 1721 2569 1760 ¹³
2602 1731 2667 1784 Et
2704 1728 2849 1783 diem
2877 1728 3107 1781 hominis
3142 1741 3249 1781 non
3290 1725 3611 1792 desideravi,

306 1812 653 1870 mediocriter
701 1814 1031 1888 appetebant
1071 1832 1190 1873 non
1231 1833 1619 1890 usquequaque
1671 1818 1904 1890 segnitie
1930 1820 1980 1883 B
2016 1825 2078 1876 tu
2102 1825 2206 1877 scis
2250 1825 2466 1887 (Jerem.
2510 1821 2675 1893 xvn)
2700 1840 2718 1889 ς
2746 1836 2849 1893 ego
2877 1835 3098 1892 quoque
3124 1818 3202 1883 id,
3227 1819 3472 1874 Domino
3512 1832 3614 1873 sua

307 1904 621 1963 denotarer.
649 1909 757 1966 Sed
778 1911 906 1982 quia
932 1912 1221 1985 degustata
1258 1914 1378 1986 ejus
1397 1915 1606 1986 puritas
1633 1916 1905 1973 sollicitu-

307 1995 435 2055 dine
478 1999 761 2059 interdum
789 2005 1086 2061 carnalium
1121 2022 1309 2063 rerum
1345 2007 1669 2080 interpolata
1709 2010 1906 2067 sorde-

306 2089 421 2156 bat,
451 2109 733 2152 recurrere
759 2096 828 2153 ad
868 2099 1187 2156 cmnobium
1218 2087 1563 2165 commodius
1587 2104 1767 2160 visum
1798 2112 1900 2173 est,

305 2193 369 2241 ut
392 2194 447 2242 et
473 2189 783 2262 promptior
807 2192 1010 2264 arrepti
1046 2193 1311 2265 planioris
1344 2196 1607 2269 propositi
1639 2212 1907 2254 consum-

301 2280 477 2337 matio
527 2292 868 2355 sequeretur,
913 2293 972 2342 et
1016 2287 1199 2345 minus
1245 2297 1395 2347 esset
1437 2288 1509 2346 de
1551 2299 1905 2364 praesumptis

302 2372 645 2434 sublimioris
667 2377 1018 2450 professionis
1043 2380 1757 2457 dil‘ﬁcultatefpericulum.‘
1784 2389 1901 2442 Me-

296 2468 407 2526 lius
428 2470 584 2527 enim
611 2482 696 2529 est
736 2472 1003 2532 devotum
1041 2476 1102 2532 in
1128 2477 1452 2548 minoribus,
1482 2494 1649 2551 quam
1671 2479 1901 2536 indevo-

296 2569 422 2618 tum
447 2562 505 2621 in
532 2565 839 2638 majoribus
873 2567 1307 2641 professionibus
1327 2572 1576 2630 inveniri.
1606 2576 1680 2630 Et
1695 2573 1902 2631 idcirco

293 2656 344 2713 si
382 2657 520 2728 quid
539 2659 756 2730 elatius,
776 2661 890 2720 imo
915 2662 1162 2732 liberius,
1185 2664 1416 2724 fortasse
1434 2667 1737 2740 protulero,
1750 2683 1904 2741 quaa-

291 2763 360 2807 so
401 2759 468 2808 ut
494 2767 607 2811 non
633 2753 915 2828 jactantia
953 2758 1106 2827 vitio,
1132 2759 1233 2817 sed
1281 2759 1663 2819 aediﬁcationis
1707 2770 1909 2837 vestrm

2012 1915 2181 1989 gratia
2215 1915 2498 1987 largiente,
2519 1915 2602 1972 vel
2631 1922 2951 1972 assecutum
2976 1913 3058 1970 vel
3091 1921 3243 1970 certe
3265 1911 3482 1983 assequi
3509 1928 3610 1966 an-

2011 2009 2196 2065 nisum
2230 2007 2401 2066 fuisse
2441 2023 2533 2065 me
2574 2005 2774 2065 fateor.
2806 2010 3004 2079 Itaque
3047 2005 3138 2079 pio
3181 2004 3405 2061 Domini
3432 2003 3608 2060 nostri

2012 2119 2239 2161 munere
2262 2102 2495 2160 memini
2520 2118 2611 2159 me
2636 2113 2658 2138 ο
2687 2102 2743 2157 in
2761 2099 3077 2173 hujusmodi
3104 2107 3325 2171 raptum
3361 2096 3614 2170 frequen-

2012 2206 2100 2255 ter
2134 2214 2440 2265 excessum,
2477 2206 2541 2254 ut
2568 2196 2917 2254 ohliviscerer
2948 2211 3041 2251 me
3073 2193 3290 2250 sarcina
3333 2205 3613 2264 corporea

2012 2291 2319 2366 fragilitatis
2366 2292 2647 2359 indutum,
2695 2298 3048 2362 mentemque
3076 2302 3260 2344 meam
3305 2286 3382 2342 ita
3414 2298 3612 2341 omnes

2010 2387 2308 2445 exteriores
2336 2401 2531 2444 sensus
2548 2385 2733 2442 subito
2761 2383 3057 2456 respuisse,
3081 2389 3137 2438 et
3160 2397 3192 2437 a
3210 2379 3418 2436 cunctis
3438 2386 3611 2434 mate-

2007 2479 2231 2537 rialibus
2262 2480 2429 2536 rebus
2456 2477 2799 2535 omnimodis
2841 2477 3131 2544 exsulasse,
3160 2483 3224 2532 ut
3259 2489 3437 2546 neque
3464 2471 3609 2530 oculi

2008 2587 2192 2645 neque
2220 2588 2381 2629 aures
2408 2586 2550 2628 mem
2574 2571 2798 2645 proprio
2823 2568 3183 2644 fungerentur
3209 2567 3426 2636 ofﬁcio;
3456 2576 3511 2623 et
3533 2567 3609 2622 ita

2009 2664 2207 2722 divinis
2228 2664 2683 2722 meditationibus
2701 2680 2768 2721 ac
2789 2662 3133 2737 spiritalibus
3150 2662 3373 2719 theoriis
3392 2661 3609 2717 animus

2014 2760 2350 2834 replebatur,
2377 2749 2406 2793 ά
2436 2768 2500 2819 ut
2526 2775 2673 2834 saepe
2701 2758 2774 2816 ad
2793 2773 3076 2831 vesperam
3095 2756 3282 2815 cibum
3304 2770 3396 2813 me
3416 2770 3607 2828 perce-

1385 2937 1645 2997 ALARDI
1682 2939 1914 2999 GAZAEI
1952 2937 2516 2996 COMMENTARIUS.

360 3102 390 3129 ι
418 3092 546 3149 Hoc
572 3101 675 3162 est,
703 3093 901 3151 melius
928 3103 1012 3152 est
1032 3096 1241 3153 bonum
1262 3107 1319 3153 et
1345 3097 1609 3155 devotum
1640 3114 1761 3156 esse
1782 3116 1903 3156 caa-

2009 3099 2570 3167 commendationem,
2614 3108 2717 3155 aut
2760 3100 2925 3156 etiam
2968 3097 3314 3156 consortium
3344 3112 3409 3155 ac
3442 3096 3600 3155 fami-

279 3164 565 3246 gobitam,
595 3180 763 3246 quam
780 3166 1108 3246 malum_aut
1131 3168 1454 3246 i_n_devo_tum
1471 3169 1892 3246 anachoretam.
1928 3174 1974 3239 C
2006 3172 2297 3246 liaritatem
2324 3187 2440 3246 non
2463 3164 2709 3246 quaesivi.

282 3238 375 3317 De
395 3236 513 3317 hac
533 3236 686 3317 enim
713 3237 1123 3317 comparatione
1146 3238 1235 3294 hic
1255 3242 1449 3317 agitur.
1470 3243 1572 3296 Est
1590 3256 1757 3317 porro
1770 3257 1894 3297 sen-

281 3307 473 3383 tentia
501 3316 689 3383 notatu
708 3307 1189 3383 digna,_rati_onem
1212 3307 1503 3366 continens
1521 3307 1625 3367 cur
1650 3312 1897 3383 aliquan-

279 3377 362 3433 do
401 3377 565 3451 liceat
597 3377 667 3451 de
695 3377 919 3451 arctiori
954 3379 1235 3451 religione,
1260 3389 1323 3437 ut
1361 3390 1444 3437 est
1470 3377 1768 3449 eremitica',
1796 3399 1895 3440 seu

278 3445 701 3528 anachoretica,
725 3449 958 3528 transire
992 3445 1388 3528 ad'laxiorem,
1416 3452 1628 3528 scilicet
1648 3445 1894 3528 iamnobi-

279 3518 493 3584 ticam,
517 3525 579 3573 ut
595 3519 851 3584 superius
868 3518 1080 3577 dictum
1104 3530 1190 3579 est
1214 3542 1228 3578 :
1252 3522 1517 3578 nimirum
1537 3524 1610 3580 ob
1637 3522 1899 3581 defectio-

276 3601 427 3670 nem
474 3597 531 3670 et
573 3587 1280 3670 declinationemarctioris
1326 3594 1601 3668 religionis
1636 3612 1683 3670 a7
1707 3594 1893 3652 debita

324 3656 703 3741 prfectioneet
718 3661 1086 3741 observantia.
1111 3665 1198 3741 Ob
1216 3681 1384 3737 quam
1403 3656 1630 3741 causam
1655 3669 1897 3741 Joannes

317 3729 377 3786 ic
417 3728 593 3804 abbas
614 3729 757 3804 dicit
782 3746 841 3804 se
864 3734 1126 3791 transisse
1148 3734 1218 3791 ab
1233 3728 1426 3792 eremo
1446 3735 1520 3792 ad
1546 3738 1890 3804 coenobium,

267 3798 445 3874 quod
463 3800 627 3877 multi
652 3803 1271 3877 eremitaa,quibuscum
1289 3807 1634 3877 versabatur,
1665 3825 1741 3865 eo
1755 3798 1894 3866 tem;

264 3871 420 3953 pore
461 3871 777 3953 inciperent
798 3871 1087 3953 anpris'tino
1127 3876 1345 3953 fervore
1369 3887 1426 3953 et
1460 3871 1895 3953 contemplatio-

261 3941 364 4023 nis
387 3941 718 4023 assiduitate
745 3941 980 4023 deﬁcere
1006 3955 1062 4003 et
1096 3948 1333 4004 solutius
1358 3948 1570 4015 vivere;
1601 3941 1749 4020 quod
1778 3953 1895 4008 cla-

262 4015 400 4071 rius
431 4012 678 4085 explicat
697 4029 814 4085 cap.
839 4020 893 4071 6.

343 4088 375 4121 ²³
409 4087 502 4161 D._
529 4083 899 4161 Hieronymus
914 4084 1077 4161 diem
1104 4086 1350 4144 hominis
1387 4089 1774 4161 interpretatur
1809 4092 1892 4148 vel

254 4157 456 4242 vitam
486 4154 929 4242 lopgioreinnvel
950 4171 1210 4242 prospera
1233 4175 1473 4242 quaeque
1502 4154 1666 4242 hujus
1684 4162 1888 4218 saeculi.

253 4228 380 4312 Alii
395 4242 511 4312 per
529 4225 682 4282 diem
697 4226 938 4312 ho'mi‘nis
947 4225 1537 4312 intelliguntjudicium
1555 4225 1887 4312 humanum,

253 4308 327 4357 ut
354 4297 440 4356 sit
483 4312 682 4353 sensus
706 4318 719 4354 :
752 4297 965 4355 Judicia
992 4297 1278 4357 hominum
1302 4301 1374 4359 de
1405 4317 1495 4358 me
1515 4318 1632 4358 non
1661 4305 1844 4359 curavi
1866 4297 1882 4361 Ξ

250 4367 769 4445 quemadmodum
780 4368 860 4445 ait
880 4372 1181 4445 Apostolus
1209 4391 1222 4427 :
1252 4376 1392 4431 Mihi
1407 4379 1591 4430 autem
1609 4390 1720 4445 pro
1736 4378 1888 4430 mini-

247 4441 349 4497 mo
391 4444 486 4514 est
513 4444 638 4494 uta
659 4441 1063 4514 nobisjudicer,
1091 4448 1190 4499 aut
1212 4446 1282 4499 ab
1308 4446 1542 4501 humano
1570 4441 1664 4501 die
1691 4448 1734 4514 (Ι
1765 4447 1883 4504 Cor.

247 4518 376 4580 ιν),
419 4510 487 4567 id
528 4518 635 4584 est,
673 4510 975 4579 intellectu,
1010 4514 1103 4584 qui
1141 4523 1226 4571 est
1259 4515 1378 4572 dies
1406 4517 1679 4583 hominis,
1700 4510 1801 4574 'ait
1827 4520 1883 4574 S.

242 4574 536 4658 Thomas
582 4580 665 4658 (In
700 4574 1045 4658 commentﬁ
1063 4585 1176 4658 sive
1204 4601 1237 4640 a
1269 4587 1479 4658 judicio
1520 4574 1784 4646 humano.
1827 4591 1890 4645 Si
1916 4574 1966 4636 D

240 4659 431 4731 enim,
474 4652 665 4731 inquit
684 4655 764 4731 _B.
818 4654 1131 4731 Gregorius
1154 4652 1289 4731 (Lib:
1320 4673 1345 4713 1
1366 4661 1557 4715 Moral.
1610 4677 1729 4731 cap.
1773 4665 1884 4727 20),

240 4816 599 4854 meeuecws
617 4816 722 4851 non
734 4816 1003 4852 ιπιπιενπο
1013 4816 1128 4853 ares
1145 4816 1384 4855 vocatur.
1410 4816 1557 4856 unae
1573 4816 1624 4856 ει
1638 4818 1737 4857 per
1753 4816 1886 4857 Bau-

240 4819 599 4854 τηιειιεσιυδ
617 4819 722 4851 rum
734 4819 1003 4852 numerat)
1013 4819 1128 4853 ales
1145 4819 1384 4855 vocatur.
1410 4819 1557 4856 unae
1573 4819 1624 4856 ει
1634 4819 1737 4871 per
1753 4819 1886 4857 mu-

234 4872 376 4925 lum
394 4868 628 4921 dicitur
645 4867 1213 4946 {Aliusjudicatdiem
1233 4872 1376 4946 inter
1393 4872 1888 4946 diern,aliusjudi-

228 4945 337 4997 cat
364 4935 953 5012 omnemdiernlﬁom.
986 4943 1139 5006 χεν).
1160 4941 1238 4996 Ac
1251 4943 1302 4995 si
1317 4947 1503 5012 aperte
1527 4942 1675 4997 dicat
1694 4935 1885 4998 :llius

232 5007 1170 5083 quwdani_nonnullis__in_tmissis
1185 5007 1460 5082 intelligit,
1478 5014 1625 5068 alius
1648 5029 1768 5068 vero
1785 5030 1888 5068 om-

228 5077 347 5158 nia
366 5077 679 5158 intellectu
694 5077 977 5158 possibilia
998 5083 1078 5134 ita
1104 5088 1320 5158 uisant
1599 5088 1883 5158 cognoscit.

228 5157 333 5210 Ita
369 5149 734 5222 Gregorius.
776 5149 901 5222 Huc
932 5159 1141 5222 spectat
1172 5152 1263 5207 illa
1304 5158 1372 5210 ι).
1399 5149 1726 5222 Hieronyrhi
1755 5170 1889 5211 sen-

227 5224 444 5281 tentia
492 5219 705 5301 _(Epi_st.
733 5219 827 5301 26)_
851 5239 865 5276 :
1119 5225 1293 5278 virtus
1318 5231 1397 5301 est
1421 5219 1677 5301 monachi
1709 5231 1888 5301 cantes

224 5304 452 5374 meets
469 5292 1331 5374 ᾶαάἐοτκιιβίδωηρρν
1349 5297 1601 5374 Αροειριί
1617 5298 1892 5374 reccidat?

224 5367 510 5423 dicentis
543 5379 565 5414 :
600 5362 664 5417 Si
690 5364 866 5437 adhuc
896 5367 1197 5437 hominibus
1219 5362 1432 5437 placere
1456 5370 1661 5433 vellem,
1688 5370 1890 5427 Christi

224 5452 452 5513 servus
485 5436 953 5513 nouesseijal.
988 5437 1051 5509 ι).
1073 5436 1183 5493 Alii
1215 5438 1521 5513 humanum
1542 5439 1692 5513 diem
1720 5455 1889 5513 expoc

221 5519 398 5567 nunt
434 5502 765 5582 hominum
794 5502 1057 5582 favorem,
1087 5508 1236 5582 quod
1278 5508 1478 5566 eodem
1506 5510 1723 5582 recidit.
1746 5502 1890 5567 Cum

221 5583 402 5638 enim
440 5575 600 5657 dies
637 5575 1324 5657 pro‘prosperimtétsicut
1359 5596 1470 5638 nox
1500 5597 1599 5657 pro
1639 5580 1889 5657 adversi-

217 5661 356 5709 tate
377 5644 697 5725 sumatur,
716 5644 833 5725 dies
859 5644 1353 5725 humanus'dicitur
1374 5644 1719 5725 approbatio,
1738 5652 1892 5708 lavor

218 5732 289 5802 et
319 5715 792 5802 commendatio
817 5717 1332 5802 hominumsltauilli
1360 5715 1783 5802 anachoretae'et
1795 5740 1889 5802 so-

215 5792 419 5867 litarii
461 5787 752 5867 rnonachi
786 5803 914 5867 cum
942 5791 1181 5867 Jeremia
1205 5793 1389 5867 dicere
1417 5804 1672 5867 poterant
1698 5813 1711 5850 :
1740 5798 1892 5852 Diem

212 5863 508 5923 hominis
546 5873 665 5913 non
683 5858 1005 5915 desideravi.
1040 5861 1105 5919 Id
1126 5870 1212 5920 est
1237 5858 1536 5925 hominum
1564 5867 1809 5925 favorem
1837 5874 1895 5924 et

478 5950 767 6039 panos.
806 5949 1019 6006 XLIX.

2076 3253 2099 3278 °
2118 3243 2412 3313 Dionysius
2432 3242 2664 3299 clariore
2689 3242 2899 3314 syntaxi
2934 3259 2948 3298 :
2975 3243 3165 3300 Recolo
3188 3257 3272 3314 me
3284 3243 3602 3314 frequenter

2002 3318 2222 3382 raptum
2240 3316 2300 3367 in
2327 3315 2459 3368 tales
2480 3313 2736 3382 excessus.
2753 3315 3023 3367 Excessus
3042 3313 3261 3377 mentis,
3289 3313 3600 3382 quiGraece

2004 3380 2229 3440 exstasis
2256 3383 2474 3453 dicitur.
2494 3381 2658 3439 Unde
2685 3385 2756 3436 D.
2786 3382 3128 3453 Augustinus
3156 3380 3359 3452 passim
3384 3381 3441 3436 in
3466 3383 3607 3437 Psal-

2005 3454 2132 3520 mis,
2173 3452 2267 3509 ubi
2296 3452 2517 3525 legitur,
2549 3452 3056 3525 In_eaccessu,’legit,
3102 3454 3162 3506 in
3193 3453 3417 3525 eastasi.
3452 3453 3523 3507 Et
3546 3453 3602 3508 in

2003 3525 2286 3581 Psalmum
2309 3522 2487 3580 LXVII
2516 3523 2792 3580 scribens:
2822 3526 3093 3586 Enstasis,
3124 3522 3321 3593 inquit.
3351 3527 3431 3578 est
3457 3539 3603 3579 men-

2004 3598 2077 3651 tis
2117 3610 2360 3651 excessus
2392 3614 2408 3648 :
2438 3596 2582 3665 quod
2608 3596 2901 3664 aliquando
2920 3610 3121 3665 pavore
3146 3595 3428 3664 contingit,
3462 3611 3601 3650 non-

2001 3683 2292 3737 numquam
2320 3682 2442 3722 vero
2460 3682 2561 3736 per
2586 3667 2830 3736 aliquam
2849 3668 3222 3722 reuelationem
3241 3671 3293 3721 et
3318 3667 3598 3721 alienatio-

2000 3754 2123 3793 nem
2161 3740 2351 3794 mentis
2372 3754 2407 3792 a
2434 3738 2677 3793 sensibus
2713 3740 2969 3809 corporis,
2999 3742 3062 3792 ut
3089 3738 3477 3809 spirituiquod
3500 3738 3594 3793 de-

2000 3811 2406 3866 monstrandum
2434 3814 2512 3864 est
2548 3806 2959 3864 demonstretur.
3001 3810 3057 3864 S.
3095 3806 3407 3877 Bemardrus
3433 3822 3599 3877 super

1999 3881 2222 3937 Cantica
2255 3883 2441 3953 (Serm.
2470 3881 2640 3950 xux)
2672 3897 2685 3934 :
2718 3881 2850 3937 Cum
2876 3880 3166 3953 duo__sunt,
3193 3876 3394 3953 inquit,
3419 3876 3595 3953 beatae

1999 3948 2456 4023 contemplationis
2481 3948 2744 4017 emceSsus,
2773 3953 2834 4005 in
2858 3949 3127 4005 intellectu
3143 3964 3283 4005 unus
3302 3952 3352 4003 et
3376 3948 3516 4003 alter
3536 3949 3596 4023 in

2001 4022 2231 4089 affectu,
2261 4038 2400 4077 unus
2435 4025 2494 4076 in
2535 4024 2737 4077 lumine
2772 4028 2822 4076 et
2854 4023 2993 4076 alter
3017 4023 3076 4075 in
3102 4023 3340 4087 fervore,
3369 4034 3509 4073 unus
3535 4022 3597 4072 in

1999 4095 2291 4162 cognitione
2317 4097 2366 4145 et
2392 4094 2530 4162 alter
2563 4096 2624 4145 in
2650 4093 2947 4153 deuotione,
2965 4093 3094 4159 pius
3122 4106 3248 4144 sane
3270 4092 3506 4162 affectus
3543 4094 3594 4143 et

1994 4167 2180 4232 pectus
2193 4177 2372 4216 amore
2388 4161 2582 4225 calens,
2596 4165 2647 4215 et
2664 4166 2865 4216 sancta
2879 4162 3169 4215 devotionis
3176 4161 3404 4232 infusio,
3415 4161 3596 4232 etiam

2000 4230 2052 4288 et
2070 4234 2389 4288 vehementis
2405 4234 2632 4302 spiritus
2650 4232 2883 4303 repletus
2911 4232 3042 4299 zelo,
3066 4247 3173 4286 non
3187 4231 3352 4301 plane
3372 4230 3594 4286 aliunde

1997 4320 2164 4374 quam
2188 4320 2216 4359 e
2250 4304 2388 4358 cella
2407 4305 2620 4358 uinaria
2639 4307 3016 4373 reperiantur;
3045 4306 3097 4357 et
3121 4304 3433 4371 cuicumque
3470 4317 3591 4357 cum

1997 4375 2187 4430 horum
2201 4377 2350 4445 copia
2375 4389 2594 4443 surgere
2611 4376 2679 4429 ab
2700 4376 2938 4429 oratione
2957 4374 3210 4442 donatur,
3239 4377 3415 4444 potest
3423 4375 3482 4427 in
3498 4388 3589 4427 ve-

1996 4449 2163 4502 ritate
2179 4448 2346 4516 loqui,
2358 4448 2488 4516 quia
2508 4445 2817 4501 introduarit
2824 4461 2906 4501 me
2916 4449 3032 4503 Rea;
3043 4448 3100 4500 in
3110 4446 3299 4500 cellam
3310 4445 3586 4499 vinariam

2000 4517 2227 4589 (Cantia.
2251 4521 2344 4585 II).
2360 4519 2429 4572 Et
2440 4516 2565 4572 alibi
2582 4537 2595 4573 :
2610 4518 2928 4582 Excedente,
2942 4516 3357 4588 inquit,anima,
3367 4518 3469 4571 etsi
3476 4532 3584 4570 non

1992 4592 2125 4654 vita,
2139 4595 2277 4645 certe
2285 4591 2414 4644 vita:
2422 4603 2599 4652 sensu,
2616 4604 2817 4645 necesse
2829 4594 2907 4644 est
2916 4591 3080 4645 etiam
3089 4593 3152 4642 ut
3161 4603 3254 4642 nec
3273 4589 3399 4640 vita
3409 4591 3587 4641 tenta-

1995 4662 2067 4716 tio
2092 4663 2371 4716 sentiatur.
2397 4661 2526 4727 Quis
2551 4660 2708 4715 dabit
2732 4661 2871 4714 mihi
2890 4674 3098 4730 pennas
3118 4663 3280 4727 quasi
3306 4657 3582 4730 columba,

1994 4737 2046 4786 et
2068 4732 2274 4795 volabo,
2299 4733 2684 4802 etrequiescam
2700 4732 2857 4802 (Psal.
2878 4728 3034 4800 inv)!
3068 4731 3286 4784 Utinam
3300 4728 3397 4802 hac
3417 4730 3587 4781 morte

1992 4818 2085 4870 ego
2095 4805 2400 4871 frequenter
2406 4799 2618 4864 cadam,
2633 4806 2695 4855 ut
2708 4799 2935 4855 'evadam
2946 4799 3159 4871 laqueos
3162 4799 3377 4871 mortis,
3399 4802 3463 4851 ut
3474 4812 3587 4851 non

1989 4869 2219 4927 sentiam
2228 4874 2355 4927 vita:
2370 4873 2706 4927 lumuriantis
2714 4873 3000 4938 mortifera
3010 4869 3469 4936 blandimenta,ut
3480 4884 3588 4922 non

1991 4945 2355 5012 obstupescam
2364 4943 2659 4997 adsensum
2669 4941 2937 5005 libidinis,
2952 4943 3026 4997 ad
3035 4945 3225 4996 aestum
3234 4939 3586 5012 auaritice,ad

1993 5011 2292 5068 iracundia:
2320 5018 2371 5069 et
2394 5014 2748 5082 impatientia:
2776 5014 3038 5076 stimulos,
3064 5013 3138 5067 ad
3156 5027 3375 5081 angores
3383 5011 3587 5066 sollici-

1991 5086 2266 5152 tudinum,
2291 5089 2343 5139 et
2358 5084 2623 5139 molestias
2650 5099 2902 5139 curarum
2918 5125 2931 5140 .
2952 5086 3185 5140 Moritur
3210 5085 3398 5137 anima
3413 5086 3583 5136 morte

1981 5155 2280 5225 justorum,
2306 5159 2367 5210 ut
2385 5156 2542 5209 nulla
2560 5156 2712 5209 illam
2736 5156 2986 5225 illaqueet
3002 5158 3183 5223 fraus,
3197 5155 3351 5208 nulla
3368 5153 3585 5225 oblectet

1990 5224 2276 5296 iniquitas.
2297 5230 2441 5282 Bona
2463 5241 2603 5280 mors
2627 5242 2749 5295 quae
2768 5224 2937 5282 vitam
2948 5244 3052 5281 non
3066 5227 3272 5293 aufert,
3288 5224 3381 5296 sed
3395 5229 3585 5296 trans—

1991 5294 2105 5366 fert
2128 5301 2187 5352 in
2203 5298 2410 5353 melius.
2439 5300 2572 5352 Haec
2592 5294 2661 5352 DZ
2688 5299 3000 5354 Bernardus
3020 5297 3278 5352 huicloco
3300 5294 3439 5349 belle
3453 5307 3582 5350 corr

1992 5368 2263 5424 sonantia.
2289 5368 2423 5425 Vide
2443 5368 2598 5439 plura
2611 5367 2681 5424 de
2700 5369 2899 5441 exstasi
2921 5367 3069 5441 apud
3087 5370 3144 5424 S.
3162 5366 3432 5424 Thomam
3445 5368 3583 5434 (1-2,

1994 5445 2126 5541 q.d8,
2155 5456 2208 5493 a.
2242 5446 2297 5507 3,
2329 5445 2379 5494 et
2402 5447 2507 5522 ξιξ,
2529 5456 2587 5520 g.
2618 5443 2764 5564 175ὶί
3120 5509 3150 5520 η
3287 5508 3298 5519 ⁸
3334 5508 3345 5519 ο
3465 5508 3476 5519 ,

2031 5588 2042 5592 _
2091 5513 2233 5592 ‘Ita.
2244 5518 2421 5592 sancti
2466 5510 2544 5592 illi
2591 5518 2933 5592 maceratae
2968 5508 3183 5592 gaudiis
3219 5508 3586 5592 spirituallhus

1994 5588 2051 5636 et
2076 5580 2288 5653 deliciis
2316 5581 2484 5636 animi
2499 5581 2749 5653 occupati
2772 5581 2970 5653 partim
2991 5580 3448 5653 ohrliviscebantur
3466 5596 3587 5635 cor-

1995 5652 2146 5724 poris
2167 5660 2222 5707 et
2246 5667 2522 5724 corporeae
2552 5651 2909 5720 necessitatis,
2940 5661 3004 5707 ut
3016 5651 3108 5708 hic
3123 5651 3289 5724 abbas
3316 5655 3584 5724 Joannes,

1995 5722 2090 5795 qui
2117 5739 2228 5780 non
2256 5722 2645 5795 recordabatur
2673 5724 2878 5795 vesperi
2910 5739 2982 5779 an
3005 5738 3071 5795 eo
3106 5723 3583 5795 dieeomedisset,

1995 5790 2319 5866 étsequenti
2348 5793 2439 5851 die
2461 5795 2529 5852 de
2556 5790 3181 5866 hestern'agahsolutione
3199 5793 3395 5866 jejunii
3423 5790 3584 5847 dubi-

1995 5864 2169 5936 tabat,
2209 5864 2268 5923 id
2297 5872 2403 5936 est,
2441 5881 2512 5923 an
2546 5866 2725 5940 pridie
2754 5865 3024 5939 jejunium
3061 5864 3314 5922 solvisset
3340 5872 3395 5918 et
3433 5874 3588 5916 com-
