4014 6202
429 278 559 333 1131

1494 268 1776 325 JOANNIS
1812 268 2117 326 CASSIANI
2150 270 2641 328 COLLATIONES.

3588 265 3721 320 “3'2

426 400 564 469 pisse
607 399 893 468 nescirem,
926 413 991 453 ac
1015 404 1274 468 sequente
1297 393 1385 450 die
1426 392 1495 450 de
1528 393 1784 450 hesterna
1815 393 2024 449 absolu-
2061 399 2116 461 Α
2141 396 2445 468 majoribus
2488 395 2689 455 remoti
2730 391 2956 450 secretis
2992 386 3435 462 frequentissime
3478 375 3578 442 ad‘1
3604 403 3716 444 cm-

424 492 574 548 tione
585 491 785 565 jejunii
806 491 1025 563 penitus
1046 489 1380 547 dubitarem.
1406 487 1497 545 Ob
1512 503 1682 560 quam
1701 489 1869 544 etiam
1889 504 2023 545 cau-

423 600 545 641 sam
567 594 594 621 ι
637 593 849 657 septem
887 584 1101 641 dierum
1141 583 1318 650 cibus,
1346 581 1450 637 hoc
1492 589 1595 649 est,
1623 589 1830 653 septem
1866 580 2023 652 paxi-

424 680 735 736 maciorum
771 678 920 751 paria
954 677 1336 750 sequestratim
1360 670 1386 708 δ
1415 677 1473 731 in
1501 675 1811 747 procherio,
1838 675 1892 731 id
1918 684 2021 744 est,

423 771 745 827 amanuensi
772 779 958 843 sporta
979 770 1069 826 die
1089 770 1298 826 sabbati
1326 776 1685 841 reponuntur,
1712 777 1774 824 ut
1799 767 2026 824 refectio

425 865 790 937 praetermissa
818 880 929 921 non
953 865 1134 921 lateat.
1163 867 1285 936 Qua
1311 861 1710 919 consuetudine
1730 862 1875 918 illius
1897 877 2027 933 quo-

426 975 534 1032 que
569 960 853 1017 oblivionis
879 975 1033 1016 error
1064 957 1395 1026 excluditur,
1423 965 1484 1013 ut
1512 957 1787 1029 expletum
1817 956 2025 1014 hebdo-

426 1053 610 1113 madm
649 1071 891 1121 cursum,
924 1072 988 1112 ac
1022 1054 1438 1111 solemnitatem
1471 1052 1579 1109 diei
1609 1051 1776 1123 ipsius
1802 1052 2025 1107 revolu-

424 1158 565 1217 tam,
603 1149 793 1206 ﬁnitus
839 1165 1047 1221 panum
1082 1148 1283 1203 indicet
1321 1162 1620 1213 numerus,
1649 1144 2026 1215 festivitasque

422 1243 525 1300 diei
556 1258 726 1298 sacra:
755 1250 802 1311 ο,
832 1250 886 1298 et
908 1241 1342 1313 congregationis
1369 1240 1689 1296 solemnitas
1715 1238 2026 1294 solitarium

425 1336 597 1393 latere
623 1352 735 1392 non
779 1337 970 1408 possit.
1000 1334 1164 1407 Quod
1196 1335 1243 1392 si
1274 1336 1440 1391 etiam
1467 1334 1617 1390 hunc
1657 1334 1908 1405 ordinem
1934 1334 2026 1390 ille

425 1443 589 1500 quem
624 1428 976 1500 praediximus
1015 1428 1219 1483 mentis
1248 1441 1510 1483 excessus
1534 1425 1679 1482 forte
1703 1426 2024 1494 turbaverit,

426 1522 786 1579 nihilominus
811 1520 1111 1595 quotidiani
1137 1521 1315 1594 operis
1344 1520 1542 1577 modus
1576 1520 1799 1578 dierum
1829 1537 2029 1578 nume-

426 1631 553 1671 rum
604 1615 852 1686 signans,
900 1623 1052 1701 arqet
1079 1630 1344 1670 errorem.
1378 1617 1447 1670 Et
1485 1622 1550 1670 ut
1586 1624 1811 1671 crateras
1855 1614 2026 1671 eremi

427 1709 659 1766 virtutes
684 1710 902 1766 silentio
928 1709 1349 1782 praetermittam
1388 1707 1523 1780 (non
1561 1710 1710 1766 enim
1751 1716 1837 1765 est
1871 1708 2030 1765 nobis

2131 491 2294 547 lestes
2334 491 2453 547 illos
2492 488 2838 562 rapiebamur
2866 499 3142 553 excessus,
3176 497 3279 538 nec
3313 489 3467 537 tanta
3504 480 3728 537 visitan-

2128 583 2270 640 tium
2303 584 2533 640 fratrum
2570 583 2784 639 irruens
2822 577 3134 645 multitudo,
3171 575 3429 648 parandae
3470 573 3730 633 humani-

2130 678 2255 734 tatis
2284 678 2643 745 necessitate,
2675 690 2866 733 sensus
2893 680 3115 730 nostros
3141 670 3447 743 ingentium
3469 684 3733 726 curarum

2132 770 2556 827 distentionibus
2606 768 2956 843 aggravabat;
3010 762 3320 823 solitudinis
3369 763 3534 836 plane
3577 771 3732 820 tran-

2133 862 2295 933 quilla
2357 870 2583 932 secreta,
2634 870 2689 919 et
2741 861 2893 916 illam
2955 856 3426 915 conversationem
3477 856 3733 929 angelica:

2134 955 2459 1012 beatitudini
2502 955 2949 1029 comparandam,
3000 951 3292 1008 insatiabili
3342 950 3619 1008 desiderio
3671 968 3735 1008 ac

2132 1057 2252 1105 toto
2279 1049 2451 1105 animi
2479 1048 2675 1105 ardore
2713 1057 2948 1106 sectatus
2975 1062 3120 1103 sum.
3150 1045 3260 1103 Sed
3285 1061 3414 1102 cum
3442 1046 3639 1120 major,
3674 1055 3733 1103 ut

2133 1142 2262 1211 dixi,
2318 1157 2583 1198 numerus
2628 1143 2881 1212 fratrum,
2929 1140 3329 1198 habitationem
3368 1140 3509 1197 illius
3552 1140 3734 1197 solitu-

2133 1236 2275 1293 dinis
2332 1236 2592 1309 coepisset
2638 1244 2927 1309 expetere,
2978 1243 3031 1292 et
3096 1241 3452 1308 coangustata
3503 1235 3732 1293 vastiori

2134 1331 2301 1388 eremi
2326 1331 2601 1397 libertate,
2628 1347 2742 1389 non
2774 1330 2941 1388 modo
2970 1331 3151 1403 ignem
3187 1329 3341 1385 illum
3370 1328 3575 1387 divina:
3600 1346 3734 1386 con-

2134 1426 2501 1499 templationis
2548 1425 2840 1500 frigescere
2875 1425 3111 1495 fecisset,
3165 1423 3265 1481 sed
3312 1425 3486 1481 etiam
3534 1426 3723 1483 multi-

2135 1520 2314 1577 modis
2348 1529 2589 1578 mentem
2615 1521 2919 1578 carnalium
2947 1535 3130 1577 rerum
3156 1519 3389 1576 vinculis
3427 1520 3734 1593 impediret,

2135 1616 2271 1688 elegi
2319 1615 2481 1689 hujus
2516 1615 2811 1688 disciplinae
2862 1624 3160 1689 utcumque
3211 1613 3441 1686 implere
3481 1617 3732 1688 proposi-

2134 1720 2276 1780 tum,
2300 1727 2468 1784 quam
2496 1712 2551 1767 in
2577 1712 2664 1767 illa
2688 1719 2803 1767 tam
2822 1710 3044 1767 sublimi
3072 1707 3401 1782 professione
3422 1711 3727 1767 carnalium

427 1805 496 1860 de
529 1819 718 1861 earum
750 1805 1152 1860 numerositate
1186 1819 1252 1860 ac
1277 1802 1649 1871 multitudine,
1681 1803 1777 1860 sed
1807 1803 1875 1860 de
1898 1803 2026 1859 soli-
2054 1805 2105 1867 B
2134 1806 2515 1863 necessitatum
2565 1806 2889 1878 provisione
2940 1812 3188 1877 torpere;
3244 1812 3307 1859 ut
3351 1804 3399 1859 si
3461 1802 3599 1859 mihi
3640 1803 3733 1860 illa

428 1897 641 1957 tudinis
675 1914 739 1954 ac
763 1898 1007 1954 cmnobii
1046 1898 1153 1953 ﬁne
1181 1895 1572 1966 tractandum),
1615 1914 1807 1955 causas
1849 1897 2031 1970 potius

428 1994 501 2049 ob
540 2010 675 2065 quas
712 1993 864 2048 illam
890 1992 1148 2048 deserere
1190 1992 1512 2059 maluerim,
1546 2007 1683 2062 quas
1725 1991 1895 2046 etiam
1935 2006 2031 2046 vos

427 2096 718 2158 agnoscere
768 2085 1039 2152 voluistis,
1081 2084 1320 2140 breviter
1365 2083 1680 2154 explicabo;
1728 2097 2031 2154 omnesque

426 2179 550 2234 illos
583 2193 726 2251 quos
765 2177 1197 2234 commemoravi
1235 2176 1544 2233 solitudinis
1574 2175 1809 2247 fructus,
1835 2176 2031 2249 quibus

427 2286 457 2326 e
486 2270 703 2325 diverso
731 2269 1148 2325 sublimioribus
1176 2268 1386 2324 meritis
1412 2268 1645 2325 dixerim
1688 2278 2031 2342 postponen-

427 2362 553 2432 dos,
585 2361 735 2417 brevi
758 2360 1007 2419 oratione
1036 2361 1421 2434 perstringam.

1054 2457 1300 2513 CAPUT
1339 2458 1409 2512 V.

926 2556 1003 2609 De
1028 2551 1317 2609 commodis
1344 2553 1528 2608 eremi.

497 2647 774 2718 Quamdiu
801 2645 972 2720 igitur
996 2647 1189 2704 raritas
1218 2662 1416 2703 eorum
1443 2646 1535 2718 qui
1573 2645 1631 2702 in
1665 2661 1855 2703 eremo
1896 2656 2030 2708 tunc

427 2741 697 2815 temporis
741 2740 1119 2809 morabantur,
1173 2739 1483 2796 libertatem
1523 2738 1681 2795 nobis
1728 2739 2027 2812 largiendo,

426 2834 714 2894 diffusiore
740 2835 1055 2893 solitudinis
1082 2834 1332 2891 vastitate
1356 2832 1595 2890 blandita
1634 2842 1738 2901 est,
1763 2835 2027 2906 quamdiu

2140 1902 2362 1958 libertas
2404 1916 2467 1957 ac
2510 1902 2778 1974 spiritales
2817 1900 3155 1972 denegantur
3202 1913 3477 1966 excessus,
3515 1898 3727 1970 abjecta

2139 2002 2325 2051 tamen
2350 1994 2601 2051 crastina;
2627 1993 2733 2051 diei
2772 1982 2987 2066 penitus
3018 1992 3404 2061 sollicitudine,
3428 1992 3730 2064 Evangelici

2138 2103 2229 2143 me
2265 2088 2519 2160 praecepti
2563 2088 2973 2145 consummatio
3006 2087 3349 2154 consoletur;
3398 2096 3454 2143 et
3491 2085 3553 2142 id
3588 2086 3736 2160 quod

2139 2182 2275 2238 mihi
2319 2182 2390 2239 de
2435 2183 2525 2238 illa
2566 2183 2808 2239 theorica
2852 2182 3190 2238 sublimitate
3229 2179 3597 2246 subtrahitur,
3640 2179 3738 2237 hac

2138 2276 2460 2334 obedientia:
2489 2277 2824 2351 subjectione
2848 2284 3252 2349 compensetur.
3281 2275 3555 2331 Miserum
3576 2290 3739 2331 nam-

2138 2386 2243 2441 que
2270 2379 2353 2427 est
2388 2371 2683 2444 cujuslibet
2713 2371 2850 2428 artis
2875 2387 2940 2428 ac
2967 2369 3138 2428 studii
3162 2369 3511 2442 disciplinam
3541 2384 3739 2441 quern-

2139 2462 2287 2533 piam
2318 2463 2581 2535 proﬁteri,
2612 2472 2669 2521 et
2703 2464 2773 2520 ad
2800 2462 3191 2536 perfectionem
3215 2464 3333 2536 ejus
3356 2462 3587 2519 minime
3612 2476 3738 2533 per-

2140 2570 2302 2611 veniri
2310 2597 2325 2610 .

2738 2637 2983 2695 CAPUT
3029 2639 3129 2695 Vl.

2621 2740 2698 2794 De
2732 2739 2975 2795 utilitate
3002 2740 3242 2795 manabit.

2205 2839 2617 2907 Quamobreme
2645 2840 2865 2911 quantis
2903 2856 3051 2899 nunc
3080 2840 3139 2896 in
3177 2839 3282 2895 hac
3318 2838 3736 2896 conversatione

1524 2957 1779 3011 ALARDI
1817 2957 2041 3013 GAZEI
2079 2959 2641 3020 COMMENTARIUS.

425 3074 643 3138 edisset,
680 3087 896 3136 necne:
939 3069 1140 3140 partim
1166 3069 1328 3141 etiam
1376 3084 1519 3141 aegre
1560 3067 1810 3127 ferebant
1852 3072 2014 3131 istam

2124 3082 2222 3144 est,
2254 3079 2472 3147 quando
2494 3078 2859 3149 intelligentia
2884 3083 3143 3137 vivacitas
3174 3081 3439 3136 divinitus
3462 3080 3733 3135 irradiata

425 3144 673 3214 corporis
713 3139 1055 3218 servitutem,
1083 3148 1137 3194 et
1181 3139 1300 3195 ideo
1349 3139 1460 3218 (ιυρ
1491 3142 1669 3218 rarius
1714 3151 1772 3198 et
1808 3142 2026 3218 brevius
2058 3150 2103 3214 C
2136 3139 2386 3205 humanae
2429 3139 2713 3208 ἐπάειδεῆῶ
2736 3157 2905 3207 metas
2931 3153 3301 3218 transcendit;
3335 3167 3431 3206 nec
3462 3156 3641 3207 tamen
3679 3154 3738 3206 in

427 3210 682 3292 poterant
705 3210 1024 3292 necessitati!
1046 3210 1665 3292 qurporeaesatisfacere
1683 3229 1883 3292 ,.eo_“se
1908 3214 2028 3272 feli-

425 3280 599 3342 ciores
640 3283 906 3356 putabant
927 3305 952 3356 ;_
973 3290 1035 3356 ut
1062 3280 1216 3338 Philo
1247 3282 1435 3356 scribit
1458 3281 1531 3338 de
1552 3283 1746 3355 primis
1772 3286 1876 3342 illis
1903 3302 2029 3344 mo-

424 3356 616 3414 nachis
642 3353 1108 3429 'Alexandrinis:
1162 3355 1329 3429 Multi
1354 3358 1520 3429 enim,
1554 3353 1766 3427 inquit,
1807 3365 2031 3429 propter

425 3430 745 3484 aviditatem
785 3427 1164 3496 spiritualium
1199 3426 1596 3500 deliciarumret
1629 3426 2027 3500 conterriplatio-

424 3517 575 3572 num,
605 3500 926 3572 vim_quinto
953 3501 1051 3572 aut
1074 3501 1473 3572 sea:_to_quoque
1499 3499 1589 3572 die
1615 3515 1810 3570 corpus
1834 3499 2031 3572 reﬁcie-

428 3571 576 3624 bant.
610 3570 679 3640 Et
698 3565 762 3622 Sf
781 3565 1122 3640 Athanasius
1146 3567 1213 3622 de
1228 3565 1294 3623 BZ
1313 3565 1577 3640 Antonio,
1600 3565 1724 3640 qui;
1751 3588 1870 3627 cum
1886 3565 2026 3637 eum,

425 3642 536 3694 sive
579 3639 774 3699 cibum,
819 3639 930 3693 sive
978 3652 1222 3711 somnum
1264 3638 1543 3707 indulgere
1587 3638 1895 3711 corpusculo
1933 3650 2031 3701 aut

426 3711 567 3766 alias
612 3716 825 3767 natura:
863 3710 1199 3764 necessitates
1251 3714 1456 3778 cogeret
1494 3710 1732 3767 humana
1764 3715 2025 3780 conditio,

425 3785 565 3837 miro
584 3781 924 3852 afﬁciebatur
936 3780 1166 3850 pudore,
1189 3781 1340 3852 quod
1364 3785 1571 3835 tantam
1592 3786 1786 3839 animae
1811 3786 2030 3842 liberta-

426 3858 530 3909 tem
553 3854 753 3909 modici
772 3854 959 3925 carnis
983 3854 1213 3925 termini;
1222 3856 1532 3907 coercerent.
1555 3855 1695 3910 Nam
1723 3858 2029 3925 frequenter

427 3942 549 3981 cum
570 3925 842 3993 fratribus
856 3923 1060 3996 sedens,
1091 3938 1125 3977 a
1145 3920 1259 3996 cibo
1284 3926 1388 3996 qui
1398 3925 1582 3990 fuerat
1601 3920 1898 3996 appositus,
1923 3947 2030 3985 me-

426 4000 601 4076 mori_a
627 4011 757 4076 esca
782 3994 1090 4076 spirityalis
1117 3994 1551 4076 abstrahebatur.

496 4070 719 4144 {Erant
747 4064 892 4144 enim
928 4064 1049 4144 duo
1070 4066 1486 4144 paximates_vel_
1510 4066 1809 4138 paximacia
1836 4070 2026 4144 singu-

427 4139 491 4196 lis
518 4136 778 4196 fratribus
807 4137 865 4193 in
895 4135 1275 4208 quotidianam
1298 4135 1676 4207 refectionem,
1707 4135 2027 4200 mensuram

428 4227 524 4267 seu
566 4210 879 4282 portionem
914 4208 1268 4282 ordinariam,
1298 4224 1455 4282 more
1484 4218 1539 4282 et
1561 4211 1814 4269 instituto
1844 4215 2031 4270 senio-

428 4297 554 4351 rum
566 4279 874 4351 assignata,
901 4288 966 4335 ut
991 4279 1123 4335 alias
1151 4295 1264 4336 non
1289 4280 1458 4336 semel
1481 4280 1690 4339 dictum
1715 4293 1816 4341 est.

500 4346 527 4384 δ
558 4346 950 4422 Procherium,
981 4356 1042 4422 ut
1081 4357 1239 4422 notat
1264 4351 1576 4422 Cuycbius,
1606 4363 1833 4411 vocatur
1874 4357 2029 4413 cani-

431 4431 637 4506 struml1
661 4421 776 4506 sive
811 4419 1075 4506 sportula,
1100 4420 1296 4506 inpqu_a
1340 4419 1513 4506 panes
1532 4427 1890 4506 reponebam.
1922 4429 2030 4484 Sed

428 4508 556 4548 cum
597 4492 807 4564 Graece
835 4491 1103 4564 πρόχειρον
1134 4490 1355 4564 dicatur
1385 4490 1647 4564 quidquid
1686 4497 1755 4553 ad
1801 4513 2030 4555 manum

430 4572 514 4619 est
541 4562 723 4632 (unde
751 4560 1077 4617 Plutarchus
1112 4560 1787 4636 nptxeipaoietnfappellat
1806 4584 1930 4623 vasa
1959 4569 2032 4624 ad

427 4650 654 4711 manum
682 4641 954 4711 prompta
969 4640 1025 4688 et
1045 4632 1401 4711 necessaria),
1432 4632 1781 4711 probabiliter
1806 4639 2031 4711 conjicit

429 4704 721 4764 Ciaconius
767 4704 1053 4779 legendum
1084 4720 1223 4779 esse,
1254 4707 1318 4779 ing
1347 4704 1624 4779 prochiro,
1655 4704 1939 4779 adjective,
1973 4711 2030 4768 id

430 4788 533 4846 est,
573 4775 1455 4855 amapuedsifcui.substantivum
1487 4775 1826 4855 subjiciatur)
1865 4775 2028 4855 spor-

432 4859 488 4925 ta
519 4870 537 4905 :
564 4849 857 4925 praecipue,
902 4848 1108 4925 inquit_,_
1143 4863 1275 4904 cum
1315 4848 1754 4925 utprochérium
1781 4848 2026 4925 spartam

434 4921 501 5046 iu1
545 4919 952 5045 sutcoutineat,
995 4919 1145 4975 nulla
1189 4919 1538 4994 etymologiae
1585 4925 1749 4982 ratio.
1778 4919 2028 4983 videatur

434 5007 462 5046 a
505 5006 582 5045 m1
635 5005 743 5045 ere.

432 4997 743 5046 admittere.

502 5073 524 5097 ο
545 5065 763 5140 lVempe
789 5059 1117 5140 Duminicae,
1147 5076 1252 5133 qua
1293 5064 1549 5140 solebant
1585 5067 1790 5140 pariter
1829 5068 1899 5125 ad
1928 5085 2023 5127 ec-

429 5135 648 5212 clesiam
676 5132 986 5212 procedere,
1017 5141 1073 5189 et
1111 5132 1322 5212 sacram
1364 5132 1613 5212 synaxim
1644 5141 1934 5212 percipere,
1960 5151 2026 5197 ut

429 5206 654 5282 habeter
681 5205 861 5263 collat.
892 5213 923 5261 7
953 5220 1071 5282 cap.
1113 5205 1325 5277 ultimo,
1358 5205 1413 5263 et
1453 5205 1740 5267 collatfls
1769 5205 1889 5282 cap.
1923 5205 2020 5277 '15,

426 5290 482 5335 et
499 5280 680 5349 collat.
708 5284 768 5334 2t
805 5294 927 5349 cap.
956 5277 1057 5333 ult.

495 5339 523 5383 ἀ
551 5355 635 5407 De
664 5350 745 5405 his
768 5339 893 5422 vidé
920 5364 1043 5422 quae
1068 5348 1320 5422 superius
1360 5351 1758 5422 annotavimus.
1789 5353 2024 5422 .Quibus

495 5365 523 5383 ιι
551 5365 635 5407 ue
664 5365 745 5405 ms
768 5365 893 5405 Viue
911 5365 1043 5476 uuae
1068 5365 1320 5419 superius
1360 5365 1758 5407 annOtavimus.
1789 5365 2021 5422 .uulbus

425 5422 689 5498 accedens
708 5421 911 5498 Itichar
951 5435 1012 5475 us
1034 5421 1347 5498 Victorinus
1375 5419 1470 5475 lib.
1498 5434 1557 5475 ν.
1579 5422 1646 5480 de
1677 5423 2021 5498 contempla.

423 5491 594 5568 tione,
621 5494 889 5568 triplicem
931 5491 1160 5568 modum
1204 5491 1473 5565 assignat,
1500 5508 1611 5565 quo
1649 5494 1771 5568 quis
1798 5496 1853 5554 in
1889 5491 2022 5555 con-

420 5562 776 5636 templatioue
828 5563 1157 5636 perﬁciatur,
1205 5562 1404 5636 nempe
1446 5562 1772 5624 mentis'vel
1819 5569 2017 5625 dilata-

423 5634 604 5710 tione,
655 5632 738 5710 vel
765 5632 1213 5710 _su_blevatione,_
1255 5632 1355 5691 vel'
1383 5636 1749 5696 alienatione:
1801 5644 2016 5710 Mentis,

418 5702 614 5780 inquit,
632 5702 888 5780 dilatatio
910 5710 1008 5780 est,
1024 5706 1243 5780 quando
1258 5710 1436 5762 animi
1449 5712 1601 5780 iacies
1620 5710 1787 5765 latius
1812 5702 2016 5780 expath

415 5774 588 5838 ditur,
611 5778 663 5829 et
685 5774 1044 5828 vehementius
1069 5779 1288 5830 acuitur
1304 5795 1322 5841 ,-
1340 5779 1556 5832 modum
1576 5785 1753 5835 tamen
1768 5774 2015 5838 humana:

2137 3222 2294 3276 istius
2321 3225 2516 3278 mentis
2541 3224 2925 3279 alienationem
2952 3226 3178 3290 transit;
3211 3227 3292 3278 ita
3323 3228 3387 3278 ut
3416 3228 3468 3278 et
3491 3238 3655 3294 supra
3680 3238 3739 3277 se

2135 3294 2224 3365 sit,
2247 3294 2391 3361 quod
2404 3295 2608 3359 videat,
2633 3300 2684 3350 et
2696 3300 2883 3350 tamen
2900 3296 2971 3350 ab
2988 3298 3217 3351 assuetis
3234 3298 3456 3365 penitus
3474 3310 3575 3349 non
3594 3308 3736 3348 rece-

2136 3363 2252 3418 dat.
2274 3366 2468 3420 Mentis
2489 3366 2744 3421 alienatio
2764 3371 2864 3434 est,
2876 3368 3090 3436 quando
3102 3363 3457 3437 prcesentium
3478 3367 3737 3421 memoria

2135 3437 2305 3508 menti
2328 3437 2551 3501 eat-cidit,
2579 3442 2631 3493 et
2647 3440 2705 3492 in
2726 3440 3073 3508 peregrinum
3088 3440 3397 3508 quemdam,
3424 3438 3738 3493 ethwnamz

2137 3506 2423 3563 industria:
2441 3510 2611 3564 imum
2619 3506 2793 3565 animi
2798 3506 3001 3565 statum
3015 3506 3214 3565 dium
3227 3510 3553 3579 operationis
3566 3514 3739 3562 trans-

2135 3581 2455 3647 ﬁguratione
2495 3585 2712 3636 transit.
2754 3585 2871 3636 Hos
2908 3587 3014 3637 tres
3049 3582 3508 3651 contemplationis
3554 3579 3737 3634 modos

2136 3652 2507 3722 emperiuntur,
2533 3654 2634 3721 qui
2659 3653 2733 3707 ad
2759 3668 3024 3708 summam
3051 3652 3318 3722 ejusmodi
3338 3653 3538 3721 gratia
3558 3666 3740 3707 arcem

2135 3721 2411 3775 sublevari
2431 3728 2718 3777 merentur.
2754 3726 2888 3779 Haec
2909 3723 3016 3779 ille.

2207 3792 2458 3866 eTangit
2512 3792 2794 3866 utilitates
2822 3795 3027 3866 aliquot
3080 3795 3206 3852 vita:
3244 3790 3596 3866 iamnobilium,
3654 3792 3739 3848 ob

2135 3876 2270 3932 quas
2308 3877 2368 3918 se
2394 3863 2463 3919 ad
2494 3880 2616 3920 eam
2660 3864 2890 3922 rediisse
2909 3863 3030 3923 'non
3057 3866 3349 3929 immerito,
3391 3878 3492 3920 nec
3518 3863 3738 3918 incon—

2134 3932 2278 3988 sulto
2328 3933 2688 3992 demonstrat.
2723 3936 2908 3993 Prima
2958 3947 3038 3993 est
3082 3937 3316 3993 vacuitas
3348 3944 3405 3991 et
3449 3934 3740 4005 exemptio

2134 4019 2389 4080 curarum
2421 4014 2479 4062 et
2513 4007 2949 4080 sollicitudinum
2990 4008 3059 4065 de
3085 4009 3237 4073 cibo,
3264 4015 3430 4080 potu,
3456 4007 3739 4080 rei)qu

2133 4076 2253 4131 aliis
2273 4079 2589 4151 necessariis
2616 4079 2997 4151 comparandis
3026 4101 3039 4136 :
3071 4095 3203 4136 cum
3240 4076 3382 4151 hanc
3402 4093 3594 4151 curam
3618 4076 3735 4133 v‘eri

2135 4148 2425 4205 cmnobitae
2468 4150 2579 4205 suis
2615 4148 2986 4223 superioribus
3028 4160 3084 4207 et
3130 4150 3363 4222 praelatis
3403 4149 3735 4223 relinquant,

2137 4234 2251 4300 que.
2282 4235 2513 4304 13996582
2535 4219 2933 4304 εξεεδιίιειίοε
2960 4238 3056 4304 ρετ
3089 4219 3148 4303 si
3478 4219 3737 4304 ξυζω-

2137 4291 2270 4365 neri.
2299 4292 2446 4348 Hine
2473 4296 2538 4347 D.
2556 4291 2945 4365 Hieronymus
2961 4291 3030 4365 in
3057 4293 3285 4365 epistola
3314 4291 3406 4365 illa
3438 4292 3509 4348 ad
3533 4295 3735 4365 Eustoo

2138 4360 2324 4444 chium
2348 4364 2683 4444 saepecitata
2711 4360 2901 4444 scribit
2915 4364 3062 4444 _ade_o
3090 4360 3302 4420 arctam
3327 4362 3587 4444 fuisse
3604 4377 3736 4444 mof

2136 4431 2344 4508 nachis
2372 4431 2453 4508 sui
2497 4435 2767 4508 temporis
2812 4435 3202 4508 professionem
3249 4434 3618 4508 paupertatis,
3668 4440 3740 4488 ut

2061 4532 2109 4594 Β
2138 4504 2580 4594 neminiuliceret
2611 4504 2711 4594 :vel
2746 4504 3298 4594 neuessariapetereg
3341 4504 3551 4587 tantam
3598 4519 3739 4594 uero

2140 4576 2634 4660 praepositorumiet
2667 4575 3015 4660 superiorum
3041 4575 3384 4660 diligentia_m
3410 4575 3740 4660 ac_vig\ilap«

2137 4648 2294 4726 tiam,
2328 4654 2387 4702 ut
2423 4648 2628 4726 nemini
2645 4648 2855 4726 aliquid
2896 4648 3516 4726 necessariumudeesseto
3560 4648 3735 4713 Ουιὶιρ

2134 4716 2328 4787 inquit,
2349 4734 2455 4774 non
2479 4720 2599 4775 licet
2622 4716 2793 4776 dicere
2819 4724 3072 4791 cuiquam
3098 4740 3115 4776 :
3144 4723 3408 4786 Ttmimm,
3430 4722 3483 4774 et
3505 4731 3734 4785 sagum,

2136 4791 2392 4861 tacitaque
2408 4791 2591 4861 juncis
2606 4797 2783 4847 strata
2798 4808 2905 4847 non
2924 4793 3120 4859 habeo;
3143 4794 3240 4848 ille
3264 4795 3342 4848 ita
3358 4791 3599 4844 universa
3616 4803 3742 4861 πδρτ

2398 4858 2460 4917 ut
2487 4864 3048 4933 nemoquidpostulet,
3078 4861 3584 4919 nenwnonhabeat.
3610 4858 3745 4933 Ubi

2135 4932 2412 5007 Marianus
2451 4934 2508 4989 in
2543 4933 2763 5007 scholiis
2792 4932 2814 4989 ἱ
2837 4935 3032 5007 Aliter,
3060 4935 3260 5007 inquit,
3302 4939 3365 5007 ut
3391 4947 3541 5007 ymo
3563 4932 3739 5007 quid

2126 5005 2380 5075 postulet,
2442 5021 2590 5061 nemo
2635 5006 2914 5072 dehabeat,
2963 5005 3069 5062 hoc
3120 5004 3233 5075 est,
3286 5005 3442 5061 valde
3490 5004 3688 5059 habeat
3712 5025 3733 5068 ς

2137 5074 2437 5149 Utramque
2484 5076 2629 5149 hanc
2683 5077 2972 5149 lectionem
3008 5074 3222 5133 falsam
3252 5084 3412 5149 putat
3468 5076 3743 5149 interlita

2131 5144 2410 5219 (Erasmus
2463 5147 2607 5219 scil.)
2658 5148 2952 5219 statimque
2999 5149 3228 5205 alteram
3252 5144 3329 5204 'in
3386 5148 3509 5203 haec
3564 5144 3739 5219 verba

2129 5216 2431 5281 substituit,
2490 5222 2558 5276 Ut
2591 5215 2747 5274 nemo
2798 5215 2941 5289 quod
2967 5222 3225 5290 postulet,
3272 5220 3489 5290 habeat.
3548 5215 3741 5290 Prilpa

2129 5295 2334 5362 tamen,
2356 5306 2519 5361 quam
2541 5291 2717 5362 major
2743 5286 2995 5348 codicum
3023 5307 3150 5362 pars
3168 5286 3353 5358 habet,
3381 5289 3564 5345 verior
3591 5286 3741 5362 mihi

2131 5358 2341 5415 videtur
2370 5358 2706 5434 {sensusque
2752 5358 3074 5434 Hieronymi
3103 5372 3204 5432 est,
3249 5362 3527 5434 neminem
3564 5358 3739 5430 quid-

2127 5445 2297 5501 quam
2339 5433 2631 5505 postulare,
2662 5435 2865 5505 quippe
2898 5432 3027 5505 cum
3065 5433 3178 5490 hoc
3207 5433 3435 5489 minime
3461 5432 3639 5505 liceat,
3676 5438 3743 5485 et

2129 5509 2315 5557 tamen
2340 5503 2600 5560 omnibus
2626 5520 2657 5559 a
2677 5503 2965 5573 ‘praifectis
2996 5505 3457 5562 monasteriorum
3490 5503 3565 5557 ita
3590 5516 3743 5573 pro-

2128 5573 2319 5648 videri,
2346 5585 2409 5648 ut
2430 5576 2637 5648 nemiui
2654 5573 2852 5648 aliquid
2866 5576 3023 5633 desit.
3053 5579 3133 5633 Ita
3158 5576 3459 5632 Marianus.
3486 5580 3559 5630 At
3580 5573 3745 5648 bona

2127 5644 2248 5714 eius
2292 5647 2467 5716 venia,
2490 5654 2552 5719 ut
2584 5644 2795 5719 facilior
2828 5656 2883 5703 et
2912 5649 3175 5719 apertior,
3202 5649 3277 5704 ita
3320 5655 3379 5719 et
3409 5644 3745 5719 germania!-

2125 5724 2179 5790 εἰ
2214 5717 2600 5790 congruentior
2641 5718 2776 5773 mihi
2827 5715 3041 5776 videtur
3080 5720 3247 5775 altera
3301 5717 3395 5773 illa
3409 5715 3622 5790 r'leetio‘
3664 5715 3746 5770 ab

2124 5787 2361 5861 Erasmo
2404 5788 2721 5857 substituta,
2760 5794 2824 5846 ut
2856 5806 3015 5861 querno
3049 5792 3194 5860 quod
3229 5789 3471 5861 postulet
3528 5787 3743 5861 habeat

417 5847 700 5902 industria:
717 5843 1025 5899 nullatenus
1049 5847 1478 5914 supergreditur.
1500 5852 1694 5905 Mentis
1720 5852 2016 5910 sublevatio
2122 5858 2220 5914 sed
2268 5843 2426 5916 recta?
2442 5843 2741 5932 'syhitiie’t
2769 5843 2959 5920 ordine
2971 5843 3484 5933 "ieibbiuﬁn‘,m
3520 5860 3745 5915 habeat
