4000 6206
476 375 608 440 H35

1545 374 1824 433 JOANNIS
1859 370 2162 432 CASSIANI
2197 374 2686 432 COLLATIONES.

2258 262 2299 271 ο..

3608 375 3716 431 1136

469 508 552 564 ria
581 507 722 563 illius
772 504 1025 563 solitaria
1078 503 1329 575 puritatis
1376 502 1460 558 his
1502 501 1796 558 maluerim
1832 500 2067 558 coeuabii
2094 505 2149 568 Α
2176 516 2238 556 ac
2274 500 2539 573 triplicata
2594 500 2782 558 modia
2830 499 3128 557 necessitas
3179 498 3432 555 victualis
3473 501 3560 556 vix
3596 510 3736 573 queat

468 600 730 672 angustiis
756 596 1039 656 coarctari.
1064 598 1125 651 In
1140 595 1244 652 hac
1262 596 1429 669 igitur
1453 596 1866 651 conversatione
1885 594 2063 652 diurni

468 696 647 766 aperis
668 693 815 750 nulla
842 691 1080 764 provisio
1109 698 1220 758 est,
1245 689 1571 747 venditionis
1600 689 1680 745 vel
1705 688 2067 761 coemptionis

462 788 616 843 nulla
656 785 938 855 distentio,
974 799 1087 840 non
1135 784 1303 839 annui
1342 782 1497 855 panis
1545 781 1868 838 inevitabilis
1906 796 2065 849 cura,

396 910 405 915 τ
465 898 582 939 non
610 879 918 939 sollicitudo
946 880 1309 953 corporalium
1343 893 1551 946 rerum,
1580 893 1687 949 qua
1715 893 1826 934 non
1852 884 2068 933 tantum

467 976 719 1049 propriis,
755 975 1114 1032 verumetiam
1163 974 1468 1030 multarum
1518 970 1929 1028 advenientium
1959 969 2067 1025 usi-

464 1070 570 1127 bus
600 1068 903 1125 necessaria
943 1074 1332 1138 praeparantur,
1384 1071 1661 1136 postrema
1707 1062 1852 1119 nulla
1902 1077 2063 1117 arro-

462 1162 642 1236 gantia
663 1161 837 1217 laudis
861 1161 1137 1226 humana,
1169 1173 1291 1229 qua
1323 1156 1660 1213 immundior
1698 1155 1781 1211 his
1802 1154 2063 1211 omnibus

462 1256 518 1310 in
542 1261 837 1324 conspectu
879 1251 1018 1320 Dei,
1048 1250 1213 1306 etiam
1242 1264 1472 1321 magnos
1499 1246 1668 1304 eremi
1695 1247 1910 1304 labores
1945 1245 2065 1303 fre-

460 1355 690 1422 quenter
742 1353 983 1402 evacuat.
1052 1346 1266 1402 Verum
1319 1348 1382 1399 ut
1430 1342 1485 1398 in
1536 1341 1624 1397 illa
1684 1341 2062 1397 anachoretica

463 1440 747 1513 disciplina
776 1439 903 1496 illos
945 1438 1245 1495 elationum
1270 1435 1602 1510 spiritalium
1638 1437 1842 1492 ﬂuctus
1869 1440 1924 1491 et
1950 1436 2065 1491 exi-

468 1535 671 1592 tiabilis
689 1533 1005 1591 cenodaxia
1032 1532 1268 1605 pericula
1310 1540 1649 1604 prateream,
1677 1529 1748 1587 ad
1774 1529 1882 1586 hac
1908 1545 2070 1603 gene-

2173 593 2430 665 expediri.
2475 594 2549 649 Et
2584 594 2642 649 in
2687 601 2901 650 tantum
2944 592 3091 666 apud
3128 592 3420 648 nonnullos
3468 593 3550 649 vis
3583 594 3737 652 noxia

2174 688 2342 761 hujus
2368 688 2706 746 remissionis
2725 688 2974 758 increvit,
3002 690 3030 724 ι’
3060 696 3123 744 ut
3147 696 3300 744 aceto
3324 688 3611 761 muriaque
3639 706 3740 762 per-

2173 783 2361 839 mixtis
2381 798 2496 839 nan
2520 783 2669 839 illam
2684 798 2850 839 uuam
2875 783 2976 839 olei
2991 781 3329 839 admisceant
3346 790 3578 854 guttam,
3597 798 3739 855 quam

2176 877 2599 948 pradecessares
2652 875 2854 943 nostri,
2894 876 2988 948 qui
3038 877 3209 932 eremi
3263 876 3509 933 instituta
3558 879 3744 951 majore

2173 968 2513 1026 abstinentia
2554 969 2750 1026 virtute
2791 968 2979 1025 sectati
3005 977 3152 1037 sunt,
3202 968 3530 1040 repellenda
3553 977 3746 1028 tantum

2172 1061 2483 1120 cenadaxia
2510 1064 2680 1136 gratia
2703 1062 2966 1119 instillare
2984 1071 3396 1132 consueverant,
3424 1063 3557 1121 sedc
3583 1065 3745 1124 infrin-

2170 1166 2356 1230 geutes
2406 1159 2785 1231 Egyptiacum
2823 1173 2922 1230 pro
2971 1157 3171 1215 salibus
3210 1173 3456 1227 caseum,
3509 1160 3626 1232 plus
3654 1161 3742 1219 olei

2169 1267 2335 1324 quam
2360 1268 2581 1309 necesse
2626 1260 2732 1320 est,
2776 1250 3209 1324 superfundant;
3240 1260 3297 1308 et
3333 1251 3410 1308 ita
3455 1252 3591 1310 duos
3620 1254 3747 1313 cibos

2170 1345 2388 1417 propria
2411 1346 2674 1402 suavitate
2697 1344 2985 1413 distantes,
3014 1344 3109 1418 qui
3138 1344 3413 1418 sigillatim
3454 1345 3749 1422 diversaque

2170 1445 2417 1511 tempore
2455 1437 2757 1495 monachos
2796 1436 3432 1510 reﬁcerejucundissime
3454 1441 3748 1514 potuissent,

2172 1530 2275 1586 sub
2302 1530 2466 1588 unius
2486 1530 2698 1603 saporis
2725 1529 3090 1587 oblectatione
3124 1532 3439 1604 percipiant.
3468 1537 3531 1591 In
3555 1544 3748 1594 tantum

468 1631 583 1687 rale
632 1638 955 1687 cunctarum
983 1627 1220 1701 pondus,
1238 1626 1296 1683 id
1324 1636 1426 1695 est,
1465 1640 1815 1683 communem
1845 1624 2072 1697 parandi
2175 1638 2307 1681 sane
2333 1625 2358 1660 d
2388 1624 2519 1695 (hac
2550 1622 2705 1691 ἀλκῆς
2750 1628 2948 1695 χρῆσις,
2976 1625 3033 1683 id
3056 1634 3161 1697 est,
3194 1628 3553 1686 materialuim
3576 1647 3747 1690 rerum

469 1726 647 1783 victus
704 1722 1125 1781 sollicitudinem
1181 1730 1540 1790 revertamur,
1597 1735 1721 1793 qua
1773 1735 1840 1776 ea
1898 1734 2068 1792 usque

469 1833 787 1876 mensuram
812 1834 925 1874 nan
967 1816 1093 1873 dico
1117 1816 1265 1873 illius
1291 1816 1531 1887 antiqua
1570 1814 1933 1871 districtionis
1968 1828 2069 1869 ex—

2175 1719 2451 1791 passessia
2462 1719 2811 1790 supercrevit,
2832 1728 2896 1777 ut
2907 1729 2929 1755 °
2948 1735 3144 1793 sagum
3163 1736 3395 1795 quoque,
3406 1723 3541 1795 quod
3552 1725 3739 1798 absque

2176 1811 2494 1870 verecundia
2515 1811 2718 1870 referre
2739 1828 2853 1869 non
2888 1830 3114 1885 passum
3135 1856 3151 1884 ,
3187 1815 3296 1872 sub
3332 1815 3543 1874 obtentu
3565 1818 3746 1876 huma-

470 1912 658 1982 cussit,
685 1926 808 1985 qua
835 1925 997 1968 usum
1024 1909 1129 1966 olei
1168 1909 1384 1982 penitus
1406 1907 1707 1977 nesciebat,
1752 1906 1850 1963 sed
1872 1921 1943 1962 ne
1966 1904 2068 1961 hac
2092 1913 2141 1975 Β
2174 1907 2360 1963 uitatis
2378 1921 2445 1962 ac
2480 1905 2845 1978 susceptianis
2868 1906 3051 1980 hujus,
3081 1908 3427 1967 anachoreta
3452 1911 3508 1966 in
3525 1913 3630 1968 suis
3656 1912 3753 1972 ba-

468 2007 687 2079 quidem
738 2005 915 2062 nostri
946 2003 1210 2076 temporis
1236 2002 1558 2059 remissione
1584 2000 1749 2072 coepit
1775 2014 1894 2056 esse
1936 2014 2067 2055 can-

465 2109 641 2168 tenta,
671 2099 728 2153 iu
755 2114 859 2170 qua
878 2108 905 2133 ι
928 2113 1040 2153 una
1071 2097 1177 2153 olei
1204 2095 1438 2153 sextario
1467 2094 1766 2164 itidemque
1793 2092 2065 2149 lenticula

458 2191 653 2247 modia
675 2189 1077 2245 advenientium
1103 2188 1288 2244 usibus
1315 2196 1649 2259 praparata,
1677 2184 1845 2241 totius
1867 2200 2065 2243 annua

455 2281 767 2341 refectionis
795 2280 1151 2352 explebantur
1184 2280 1387 2347 ofﬁcia,
1418 2281 1493 2337 ita
1535 2288 1599 2338 ut
1619 2278 1889 2352 duplicato
1916 2296 2064 2337 nunc

2171 2000 2300 2057 bere
2318 1998 2521 2056 cellulis
2544 2000 2812 2072 coeperint
2842 2019 2856 2055 :
2895 2008 2957 2056 ut
2985 2000 3075 2057 illa
3099 2004 3532 2074 pratermittam,
3574 2007 3781 2078 quinm-

2170 2094 2401 2152 attonita
2432 2094 2614 2150 anima
2646 2110 2711 2151 ac
2730 2094 3065 2167 spiritalibus
3086 2096 3538 2172 theariissemper
3568 2101 3756 2160 intenta

2169 2187 2460 2260 specialius
2509 2187 2845 2260 ingravatur,
2900 2203 3200 2253 concursus
3251 2192 3462 2249 scilicet
3507 2192 3755 2264 fratrum,

2170 2282 2531 2354 susceptiauis
2571 2298 2791 2356 quoque
2819 2298 2883 2340 ac
2918 2282 3259 2343 deductianis
3294 2284 3508 2359 ofﬁcia,
3551 2299 3756 2349 mutuas

1547 2420 1802 2477 ALARDI
1839 2420 2068 2476 GAZEI
2104 2419 2667 2478 COMMENTARIUS.

456 2552 646 2610 citium
682 2553 917 2608 virtucsi
957 2557 1132 2619 actus,
1188 2549 1478 2605 secundum
1517 2548 1659 2603 illud
1695 2548 1770 2602 ad
1816 2547 2061 2603 Hebraeos

453 2628 641 2696 quinto
667 2643 684 2679 :
714 2625 1079 2693 Perfectorum
1107 2621 1414 2696 estsolidus
1441 2619 1611 2682 cibus.
1642 2634 1822 2696 eorum
1847 2620 1944 2696 qui
1959 2634 2061 2688 pro

453 2690 834 2771 consuetudine
846 2698 1169 2771 exercitatos
1180 2693 1376 2771 habent
1398 2707 1577 2771 sensus
1691 2690 2060 2771 discretionem

455 2769 586 2823 boni
612 2772 663 2823 et
688 2768 840 2822 mali.
868 2766 961 2824 Ad
980 2766 1298 2823 exercitium
1312 2768 1495 2819 autem
1518 2762 1832 2833 hujusmodi
1829 2762 2061 2832 juvatur

453 2841 605 2896 homo
620 2856 688 2894 ex
715 2840 949 2894 etiamm
967 2840 1215 2895 societate
1229 2835 1536 2906 dupliciter.
1558 2836 1682 2906 iUna
1696 2834 1872 2900 modo,
1895 2848 2059 2901 quan-

453 2916 569 2965 tum
593 2911 668 2965 ad
687 2910 1032 2975 intellectum,
1056 2913 1120 2963 ut
1135 2905 1446 2961 instruatur
1464 2908 1523 2958 in
1550 2905 1633 2975 his
1650 2919 1770 2971 qua:
1787 2908 1915 2956 sunt
1932 2917 2053 2956 con-

451 2981 780 3044 templanda.
826 2980 976 3035 Unde
1008 2974 1361 3044 Hieronymus
1380 2976 1513 3030 dicit
1537 2974 1611 3027 ad
1640 2975 1920 3044 Rusticum
1936 2987 2049 3025 mo-

451 2997 555 3036 tem
597 2997 780 3034 ιαηαα.
828 2997 976 3035 unae
1008 2997 1361 3044 Hieronymus
1380 2997 1512 3030 awn
1537 2997 1611 3027 ιιαι
1640 2997 1920 3028 ηυδιισιιπι
1936 2997 2047 3025 mu-

449 2997 681 3104 naclium
708 3069 725 3103 :
746 3050 887 3105 Mihi
906 3050 1087 3118 placet
1108 3052 1169 3101 ut
1184 3046 1385 3118 habeas
1396 3059 1607 3099 sacrum
1625 3042 2047 3118 contubernium,

448 3136 542 3174 nec
565 3122 679 3189 ipse
700 3123 750 3173 te
778 3114 985 3173 doceas.
1015 3116 1276 3189 Secundo,
1308 3120 1572 3189 quantum,
1595 3114 1669 3168 ad
1694 3114 1962 3183 affectum,
1989 3119 2053 3189 ut

447 3186 647 3246 scilicet
669 3191 847 3243 noxiae
866 3188 1169 3259 affectiones
1180 3187 1406 3242 hominis
1422 3188 1797 3259 reprimuntur
1809 3186 2051 3259 exemplo

449 3265 500 3317 et
524 3263 841 3317 correctione
867 3257 1130 3327 aliarum;
1170 3259 1324 3329 quia,
1343 3263 1408 3313 ut
1435 3257 1569 3329 dicit
1598 3258 1879 3325 Gregorius
1923 3271 2051 3313 xxx

448 3334 742 3390 Moralium
757 3332 908 3405 (Cap.
930 3328 1345 3405 23)superillud
1366 3348 1382 3383 :
1400 3329 1498 3386 Cui
1517 3328 1670 3405 dedit
1681 3330 1750 3405 _in
1765 3328 2052 3405 solitudine

448 3405 668 3469 donum,
699 3400 834 3475 quid
847 3400 1073 3475 prodest
1093 3400 1324 3457 solitudo
1357 3404 1610 3475 corporis,
1640 3402 1692 3455 si
1714 3400 1943 3475 solitudo
1961 3401 2052 3475 de—_

445 3477 621 3540 fuerit
653 3471 869 3528 cordis?
902 3477 973 3528 Et
1013 3473 1131 3526 ideo
1160 3475 1276 3526 vita
1297 3473 1509 3526 socialis
1547 3473 1843 3526 necessaria
1864 3475 1942 3526 est
1975 3471 2051 3526 ad

448 3546 763 3597 exercitium
787 3543 1148 3611 perfectionis.
1180 3542 1423 3597 Solituda
1455 3548 1635 3595 autem
1660 3544 1907 3611 competit
1926 3541 2050 3609 jam

441 3613 720 3682 perfectis.
753 3612 903 3667 Unde
923 3614 1274 3680 Hieronymus
1297 3613 1431 3665 dicit
1459 3612 1533 3665 ad
1567 3614 1843 3667 Rusticum
1862 3628 2049 3666 mona-

445 3683 604 3738 chum
627 3701 643 3737 :
666 3683 980 3740 Solitariam
990 3685 1158 3735 vitam
1173 3681 1890 3753 reprehendimus?minime,
1904 3685 2051 3753 quip-

483 3772 510 3810 e
528 3771 690 3826 quam
709 3770 847 3825 sape
872 3754 1240 3809 laudavimus.
1254 3753 1362 3826 _Sed
1379 3753 1445 3826 de
1459 3752 1586 3806 ludo
1606 3752 2050 3826 monasteriorum

437 3770 510 3880 ἴε
528 3771 690 3826 quam
709 3770 847 3825 SCEPC
872 3770 1240 3809 laudavimus.
1257 3770 1362 3809 Sea
1379 3770 1445 3807 ae
1459 3770 1586 3806 ιιιαο
1606 3770 2045 3807 τηοηαιςτθνωτυπι

483 3827 812 3896 ujuscemodi
838 3827 1078 3881 volumus
1108 3824 1295 3893 egredi
1312 3824 1509 3896 milites
1544 3838 1676 3893 quos
1703 3825 1865 3877 eremi
1885 3824 2045 3896 rudi-

442 3895 625 3953 menta
653 3899 796 3951 dura
815 3912 923 3951 non
941 3900 1198 3957 terreant,
1224 3896 1323 3963 qui
1343 3895 1604 3963 specimen
1632 3895 2044 3949 conversationis

440 3984 554 4024 sua
573 3970 740 4024 multo
769 3973 1001 4037 tempore
1028 3966 1295 4023 dederint.
1323 3966 1473 4037 Sicut
1508 3980 1634 4035 ergo
1661 3965 1724 4019 id
1747 3964 1891 4035 quod
1922 3965 2045 4036 jam

433 4041 740 4111 perfectum
767 4043 844 4095 est
852 4036 1167 4110 praeminet
1188 4039 1239 4111 ei
1259 4036 1403 4111 quod
1416 4037 1490 4111 ad
1500 4038 1877 4108 perfectionem
1893 4053 2045 4093 excr-

440 4109 626 4167 eetur:
658 4115 740 4168 ita
762 4109 879 4167 vita
895 4110 1278 4173 solitariarum,
1295 4111 1347 4163 si
1367 4109 1542 4164 debite
1554 4112 1885 4176 assumatur,
1892 4125 2047 4179 pra:-

442 4186 637 4237 eminet
661 4186 789 4239 vita:
817 4184 1022 4238 sociali.
1044 4183 1106 4238 Si
1129 4186 1309 4236 autem
1332 4181 1534 4251 absque
1556 4180 1876 4250 pracedenti
1898 4197 2047 4236 exer-

439 4255 564 4322 citio
588 4254 713 4307 talis
731 4257 847 4306 vita
863 4258 1196 4315 assumatur,
1217 4257 1294 4306 est
1310 4252 1767 4322 periculosissima
1791 4270 1809 4305 :
1826 4254 1939 4306 nisi
1946 4267 2047 4321 per

439 4321 686 4392 divinam
702 4323 935 4390 gratiam
948 4324 1262 4391 suppleatur
1272 4321 1416 4391 quod
1426 4326 1484 4376 in
1494 4323 1620 4377 aliis
1623 4338 1725 4392 per
1734 4324 2045 4377 exercitium

438 4391 768 4457 acquiritur,
798 4392 937 4444 sicut
955 4397 1110 4460 patet
1132 4392 1198 4446 de
1224 4392 1392 4446 beatis
1417 4391 1652 4449 Antonio
1665 4397 1717 4448 et
1740 4393 2041 4449 Benedicto.

438 4460 709 4541 Hactenus
748 4462 958 4541 Hactor
994 4461 1313 4541 Angelicus,
1343 4469 1399 4516 et
1448 4462 1605 4541 plane
1649 4462 1917 4541 angelice;
1947 4463 2041 4541 qui

439 4530 611 4586 etiam
640 4530 695 4586 in
722 4530 1198 4602 solutionequinti
1226 4530 1530 4602 argumenti
1561 4530 1803 4602 acute'et
1834 4530 2041 4588 erudite

438 4601 663 4676 exponit
683 4602 891 4659 dictum
920 4601 1228 4676 Aristotelis
1255 4616 1278 4656 1
1303 4601 1519 4657 Politic.
1555 4602 1706 4672 (Cap.
1740 4601 1819 4673 2),
1847 4602 2039 4676 dicen-

432 4673 547 4730 tis‘:
567 4676 886 4732 Solitariam
911 4678 1007 4729 aut
1037 4673 1261 4728 bestiam
1290 4688 1419 4735 esse,
1441 4677 1537 4727 aut
1560 4677 1727 4730 Deum
1755 4690 1775 4727 :
1804 4673 1927 4744 quia
1949 4674 2041 4729 ni-

434 4746 661 4813 mirum,
688 4750 739 4802 si
754 4748 874 4817 quis
895 4745 1239 4800 solitudinem
1257 4748 1423 4812 amat,
1448 4744 1533 4798 vel
1563 4744 1627 4799 ob
1643 4746 2040 4814 impatientiam

433 4821 485 4869 et
503 4820 678 4871 animi
684 4819 979 4881 saevitiam,
1002 4818 1085 4871 vel
1113 4834 1180 4872 ex
1199 4817 1266 4871 de

433 4887 655 4940 dientice
672 4893 723 4941 et
743 4903 923 4941 amare
941 4890 1179 4957 propria
1195 4889 1504 4949 voluntatis,
1529 4892 1592 4942 ut
1604 4888 1691 4942 illi
1700 4888 2031 4954 Sarabaita,

432 4957 499 5011 de
516 4957 724 5029 quibus
750 4960 808 5010 in
834 4958 1113 5029 collatione
1127 4960 1451 5027 pracedenti
1472 4958 1623 5029 (Cap.
1651 4962 1707 5024 7)
1735 4963 1912 5015 actum
1930 4967 2029 5025 est,

431 5031 481 5083 is
506 5028 687 5084 bestia:
706 5028 907 5101 similis
927 5029 1021 5101 :Asi
1045 5043 1166 5082 vero
1184 5033 1248 5081 ut
1273 5034 1417 5083 totus
1434 5028 1583 5084 uacet
1605 5033 2038 5101 contemplationi

431 5101 654 5162 divina,
676 5099 866 5169 illique
886 5097 1166 5169 inhlereat,
1199 5102 1313 5153 tum
1341 5104 1483 5155 totus
1510 5101 1729 5155 divinus
1749 5097 1925 5159 echo
1951 5106 2031 5157 si-

431 5174 580 5227 milis
616 5168 897 5240 e/ﬁcicitur.
918 5171 1011 5242 AEx
1038 5168 1123 5242 his
1149 5177 1298 5242 patet
1315 5178 1435 5225 utra
1464 5171 1574 5242 vita
1599 5172 1755 5226 alteri
1780 5173 2032 5242 praemi-

430 5252 560 5324 ειεξιτ
585 5251 640 5298 et
661 5239 858 5324 potius
882 5240 1123 5324 eligenda
1156 5239 1245 5306 sit,
1278 5241 1559 5324 eremitica
1587 5255 1656 5296 au
1685 5239 2026 5324 canobitica.

427 5313 568 5369 Nam
595 5311 838 5369 solitaria
867 5311 1168 5369 secundum
1195 5327 1254 5382 se
1280 5311 1630 5382 prastantior
1651 5320 1751 5378 est,
1782 5311 1825 5367 si
1850 5312 2031 5369 debite

430 5393 740 5456 assumatur
768 5401 799 5440 a
834 5382 1085 5456 perfectis
1134 5381 1348 5456 quibus
1376 5381 1595 5456 proprie
1632 5383 1902 5449 convenit,
1932 5384 2027 5456 sed

429 5454 755 5529 cqeuobitica
778 5452 1130 5529 commodior
1150 5452 1211 5511 et
1237 5452 1417 5510 utilior
1438 5452 1730 5527 plerisque,
1765 5462 1822 5511 et
1850 5455 2027 5529 aptior

429 5520 788 5597 adipiscenda
811 5525 1154 5597 perfectioni.

498 5601 525 5627 ει
548 5593 829 5679 _Sextarius
856 5597 1054 5679 dicitur
1073 5605 1223 5679 sexta
1236 5613 1374 5679 pars
1397 5598 1596 5673 congii,
1611 5613 1740 5679 qua
1767 5614 2023 5679 mensura

426 5661 574 5748 apud
626 5663 881 5748 antiquos
905 5675 1047 5748 _tam
1082 5661 1306 5748 liquidis
1346 5661 1709 5748 quamfaridis
1736 5670 2017 5748 serviebat.

504 5737 584 5808 pit
597 5744 782 5808 autem
806 5738 1072 5808 sextarius
1091 5737 1288 5808 libram
1312 5737 1437 5808 cum
1463 5739 1705 5807 dimidia,
1736 5740 1847 5794 sive
1871 5748 2021 5796 octo-

424 5804 605 5863 decim
660 5805 875 5879 uncias,
907 5804 965 5860 id
992 5814 1097 5879 est,
1127 5806 1336 5879 catylas
1373 5807 1557 5879 binas,
1588 5804 1713 5879 qua
1750 5818 1805 5863 et
1849 5808 2024 5866 hemi-

424 5892 510 5948 na
525 5879 794 5948 dicuntur.
823 5875 1025 5948 Singuli
1074 5874 1232 5948 enim
1259 5876 1433 5948 congii
1474 5874 1565 5948 sex
1593 5874 1857 5948 sextarios
1884 5896 2017 5937 cau-

423 5947 618 6019 tinent,
643 5947 890 6004 heminas
911 5944 1042 6004 vero
1060 5944 1392 6005 duodecim?
1416 5947 1616 6020 quippe
1639 5947 1761 6005 dua
1784 5949 2017 6009 hemina

791 6192 1171 6206 _________

2167 2546 2463 2636 sextarium
2478 2546 2811 2636 "complent.
2854 2549 3483 2636 .Hiuc‘sextariusualei
3504 2597 3519 2621 ,
3568 2554 3657 2636 qui
3702 2556 3756 2612 in

2167 2634 2372 2696 annum
2390 2616 3088 2696 _su_fﬂcieb_at_egrcipieudis
3104 2631 3171 2696 _et
3195 2622 3405 2679 alendis
3442 2616 3754 2696 hospitibus,

2166 2698 2229 2744 ut
2258 2689 2348 2746 hic
2375 2689 2573 2762 dicitur
2616 2689 2902 2762 (Epiphanl
2953 2692 3049 2748 lib.
3082 2693 3149 2748 de
3177 2699 3413 2750 Mensur.
3442 2702 3496 2752 et
3536 2689 3751 2753 Ponder.

2165 2762 2327 2841 Alex.
2369 2761 2440 2817 ab
2476 2761 2654 2841 Alex._
2686 2761 2801 2818 l.'u
2839 2779 2881 2818 c.
2913 2764 3033 2841 ξο).
3055 2763 3290 2841 plodius
3299 2781 3577 2841 mensura
3590 2785 3754 2841 genus

2163 2832 2452 2914 continens
2476 2832 2715 2914 sedecim
2758 2832 3025 2914 senarios,
3045 2834 3230 2914 _Suida
3275 2835 3453 2914 libras
3468 2832 3639 2911 viginti
3652 2855 3746 2896 sex

2160 2916 2288 2976 cum
2326 2904 2537 2976 octonis
2551 2904 2749 2976 unciis
2763 2923 2796 2976 _:
2829 2904 2986 2976 cujus
3027 2905 3317 2963 dimidium
3347 2904 3541 2966 dicitui
3567 2925 3747 2967 semo-

2160 2971 2411 3053 dius._I}e
2432 2973 2687 3030 lenticula
2716 2971 2928 3032 dictum
2952 2984 3038 3034 est
3062 2976 3199 3034 libra
3216 2992 3284 3035 Iv
3312 2980 3751 3053 lnstitutionum,

2476 3117 2716 3190 antiqua
2744 3117 3098 3190 parcimania
3132 3126 3188 3176 et
3227 3119 3759 3190 mirarabstinentia

2231 3132 2450 3243 "nugus
2476 3132 2716 3190 antiqua
2744 3133 3098 3190 parctmonia
3132 3132 3188 3176 et
3227 3132 3759 3196 miraabstinentia

2158 3185 2303 3258 apud
2346 3186 2468 3243 ilos
2518 3188 2850 3258 observata,
2904 3190 3214 3263 exemplum
3258 3190 3431 3248 refert
3478 3196 3762 3254 Cassianus

2159 3257 2345 3315 collat.
2375 3265 2409 3315 8
2431 3274 2549 3324 cap.
2583 3264 2635 3324 1,
2662 3260 2755 3316 ubi
2791 3274 2851 3316 se
2876 3275 3006 3317 cum
3030 3277 3131 3317 suo
3160 3277 3420 3324 germana
3458 3266 3529 3322 ab
3570 3268 3760 3324 abbate

2159 3277 2345 3315 canat.
2375 3277 2409 3315 δ
2431 3277 2549 3386 cap.
2583 3277 2635 3326 1,
2662 3277 2755 3316 um
2791 3277 2851 3316 se
2876 3277 3006 3317 cum
3030 3277 3131 3317 suo
3160 3277 3420 3334 germano
3458 3277 3529 3322 ab
3570 3277 3760 3325 abbate

2158 3330 2363 3411 Sereno
2385 3330 2469 3411 his
2515 3330 2718 3411 autitiis
2741 3341 2999 3411 exceptas
3022 3345 3425 3411 commemorat
3460 3355 3475 3391 :
3505 3341 3647 3396 Nam
3666 3356 3759 3411 ιη

2082 3430 2127 3493 c
2156 3400 2587 3493 aereaere;
2608 3400 3101 3493 suffeceris,
3118 3406 3399 3493 φ’θξριιαα
3412 3400 3760 3493 semesae

2158 3475 2442 3550 refectioni
2453 3474 2652 3550 solebat
2675 3476 2897 3550 apponi,
2914 3476 3181 3550 modicum
3194 3474 3513 3548 liliuaminis
3521 3484 3757 3550 miscuit,

2159 3547 2211 3619 et
2225 3544 2331 3619 olei
2337 3544 2772 3619 quiddamisolilo
2783 3548 3099 3617 propensius
3111 3544 3596 3619 superfudit.Nam
3610 3544 3761 3609 illam

2158 3615 2484 3689 oleiguttam
2509 3618 2574 3672 ob
2595 3618 2687 3689 hoc
2710 3615 3079 3688 unusquisque
3096 3615 3335 3688 quotidie
3352 3625 3663 3689 refectui-us
3684 3630 3759 3680 in-

2157 3686 2350 3767 stillat,
2380 3702 2484 3767 non
2507 3691 2570 3741 ut
2595 3687 2709 3767 ejus
2724 3689 2901 3767 exhoc
3492 3700 3757 3767 percipiat

2152 3758 2512 3833 suauitatem;
2537 3759 2751 3833 quippe
2792 3761 2946 3829 cujus
2989 3758 3287 3817 tantus—est
3324 3758 3538 3833 modus,
3566 3758 3760 3822 tit-vix

2153 3827 2324 3894 ipsius
2331 3829 2569 3900 gutturis
2581 3827 2928 3900 fundumque
2935 3836 3143 3887 meatus
3152 3848 3264 3887 non
3274 3834 3453 3890 dicam
3472 3827 3654 3900 iam,
3666 3840 3762 3894 sed

2143 3899 2485 3974 pertransire
2504 3899 2753 3974 sti/ﬁciat.
2769 3901 2877 3974 Sed
2899 3903 3064 3957 uthac
3086 3918 3189 3958 usu
3200 3904 3526 3974 jactantiam
3550 3899 3760 3973 cordis,

2151 3983 2271 4037 quae
2290 3984 2389 4038 pro
2408 3970 2740 4025 abstinentia
2762 3972 3108 4038 districtiore,
3132 3970 3330 4031 blande
3346 3979 3481 4033 solet
3496 3996 3563 4034 ac
3587 3970 3762 4036 ιστωέ

2150 4045 2231 4123 te_r
2251 4041 2573 4123 irrepere,.et
2589 4043 2834 4123 stimulos
2843 4045 3367 4123 elationisobtundat
3378 4069 3395 4104 :
3412 4054 3544 4120 quia
3557 4058 3762 4123 quanto

2148 4110 2612 4193 abstinentiaipsa
2631 4115 3192 4193 occultiusexercemr,
3212 4110 3764 4193 nulloquehominuu

2150 4185 2277 4236 teste
2295 4185 2598 4252 perﬁcitur,
2630 4188 2780 4240 tanta
2806 4187 3061 4243 subtilius
3082 4185 3456 4247 accultatarém
3473 4209 3639 4249 sarum
3660 4201 3767 4249 ten-

2152 4258 2267 4339 tare
2288 4270 2393 4308 non
2428 4254 2643 4339 desinit.
2676 4258 2810 4339 _Hac
2847 4258 2923 4314 ibi
2952 4258 3022 4315 ad
3048 4257 3194 4316 hunc
3228 4260 3415 4319 locum
3453 4264 3766 4339 intelligat-

2153 4322 2285 4379 dum
2310 4324 2747 4383 accommodata.

2221 4397 2246 4427 °
2273 4396 2382 4469 Pro
2409 4395 2636 4466 salibus,
2661 4398 2719 4454 id
2740 4407 2843 4466 est,
2864 4415 2965 4469 pro
2987 4400 3195 4459 deliciis
3218 4411 3273 4458 et
3298 4403 3539 4462 lautitiis.
3572 4408 3659 4462 Ita
3684 4407 3767 4463 illi

2151 4466 2488 4550 remissiores
2534 4476 2591 4550 e_t
2628 4466 2921 4550 tepidiores
2956 4473 3236 4550 monachi,
3288 4485 3489 4546 prater
3515 4492 3771 4550 _morem

2148 4539 2751 4614 antiquarum,_duplici
2800 4539 3035 4614 obsonio.
3057 4539 3375 4614 utebantur,
3412 4556 3468 4602 et
3499 4547 3652 4605 duos
3680 4550 3771 4605 ci-

2148 4604 2365 4695 basiut
2388 4607 2478 4664 hic
2510 4604 2734 4681 dicitur,
2761 4612 2977 4695 propria
3010 4616 3276 4673 suavitate

2146 4676 2431 4759 distinctos
2460 4695 2477 4733 :
2506 4694 2707 4752 nempe
2722 4676 2970 4740 muriam
2994 4695 3149 4759 aceto
3164 4688 3491 4759 permixtam
3516 4676 3776 4759 oleique

2146 4751 2366 4827 guttula
2383 4751 2682 4827 aspersam,
2700 4761 2756 4808 et
2775 4769 2993 4827 caseum
3014 4757 3138 4814 olea
3157 4751 3340 4816 itidem
3356 4751 3742 4827 superﬁmﬁn
3754 4803 3777 4826 ,

1265 4817 1691 4915 39:35.
1705 4817 2036 4915 $3939.26“
2065 4821 2115 4883 ι)
2143 4817 2675 4915 ξξιὲ.ιιιξίιιεέεροτίέ
2711 4823 2927 4915 (olearii
2952 4827 3190 4915 εοίεῑορη
3227 4817 3581 4915 ermine
3613 4817 3781 4915 eet-1

2143 4890 2463 4974 cipiebaut_t
2493 4890 2731 4975 quorum
2752 4894 2981 4975 alterum
3012 4898 3146 4955 dicit
3163 4890 3421 4975 cujusque

2141 4977 2267 5017 cum
2311 4965 2620 5033 paximaciis
2646 4965 2763 5022 sive
2799 4968 3057 5040 panibus,
3086 4965 3255 5030 unius
3297 4965 3509 5030 scilicet
3553 4973 3775 5040 libra,

2138 5032 2691 5106 sufﬁceregpotuisse-

2207 5103 2232 5138 ει
2264 5100 2435 5186 Ἀλκῦί
2453 5108 2667 5186 proprie
2690 5108 2993 5186 subsidium
3011 5112 3320 5186 ~signiﬁcat,
3348 5124 3446 5172 aut
3461 5115 3641 5182 vires,
3661 5133 3782 5173 ro-

2136 5172 2239 5260 bu'r
2259 5191 2281 5258 ε,
2304 5172 2706 5260 ιιιιάεξεξιεὶλὶιήεις1
2729 5178 2912 5260 fartis,
2941 5172 3222 5243 robustus.
3252 5172 3510 5260 sumitur
3537 5172 3640 5243 hic

2133 5246 2375 5332 subsidia
2402 5248 2568 5332 vita:
2604 5253 2804 5332 χρῆσις,
2844 5246 2907 5309 id
2927 5264 3030 5323 est,
3060 5272 3222 5332 usus._
3242 5259 3420 5332 Porro
3449 5246 3788 5315 Ciaconius

2132 5317 2658 5402 solu_mmodo_legit'
2677 5317 2868 5402 κτῆιριςἱ
2910 5317 3034 5402 qua
3065 5343 3165 5383 vox
3187 5328 3501 5402 dominium
3525 5340 3791 5402 etpos-

2128 5389 2429 5472 sess'ionern
2457 5389 2686 5472 alicujus
2823 5389 3222 5472 sigriilicat,_cui
3250 5401 3567 5472 opponitur
3592 5389 3791 5469 ἇέιτηο

2130 5457 2341 5527 μοσύνη,
2366 5457 2556 5529 idest,
2583 5457 2766 5539 omnis
2803 5457 3159 5539 possessionis
3481 5481 3546 5528 et
3588 5457 3793 5530 nudi-

2126 5538 2229 5596 tas,
2260 5545 2427 5600 quam
2465 5534 2723 5591 monachi

2130 5553 2229 5596 tas,
2260 5553 2427 5600 quam
2465 5553 2723 5591 mouacm

2125 5600 2371 5683 sileeusis
2417 5602 2581 5660 editio
2642 5614 2699 5662 et
2736 5553 2811 5681 pl:

2123 5680 2401 5730 omittunt.

2193 5745 2220 5831 ξ
2245 5747 2478 5831 Desago
2495 5746 2617 5831 vide
2636 5750 2974 5831 notationem
3001 5752 3070 5810 ad
3088 5754 3257 5831 lib._v
3282 5756 3462 5813 lnstit.
3483 5772 3636 5831 cap.
3664 5764 3797 5815 ευ.

2121 5813 2290 5886 Cujus
2340 5813 2480 5872 intér
2522 5817 2623 5876 alia
2668 5821 3066 5881 monachorum
3107 5824 3433 5883 indumenta

2119 5886 2594 6015 gilaflliigzppymus
2626 5890 2684 5948 in
2713 5892 2871 5965 epist.
2901 5894 2973 5952 ad
3014 5896 3400 5970 Eustochium,
3431 5908 3490 5955 et
3512 5900 3599 5958 in
3631 5903 3803 5958 Vin

2814 5538 3124 5615 roﬁtentur,
3159 5540 3239 5615 de
3262 5557 3371 5613 qua
3408 5559 3618 5615 supra.
3654 5547 3797 5601 Ba-

2794 5614 2979 5683 erique
3017 5626 3155 5668 mss.
3200 5614 3396 5670 Graca
3440 5614 3799 5689 utramque
