4014 6202
398 251 535 306 113⁵7

1108 197 1447 310 ΕΟῙῙΙΑᾹΤΙΟ
1484 253 1620 310 ΧΙΧ.
1658 281 1731 296 -
1765 255 1854 310 DE
1891 253 1975 310 FH

2085 252 2481 311 C(ENOBITIE
2519 253 2607 309 ET
2644 250 2994 309 EREMlTE.

3558 243 3696 300 1138

395 375 748 445 visitationes,
788 375 1233 452 diversarumque
1277 379 1778 438 confabulationum
1823 390 1986 454 atque
2015 383 2073 450 Α
2102 389 2218 438 stra
2237 379 2568 453 experientia
2591 375 3208 445 consecutus,meritum
3237 385 3426 430 earum
3452 384 3516 427 ac
3529 367 3696 427 ﬁnem

397 472 824 544 occupationum
837 473 1290 532 interminabilem
1318 491 1544 546 curam;
1565 491 1800 549 quarum
1820 477 1988 535 etiam

396 565 493 622 illo
515 573 759 642 tempore
779 582 893 640 quo
911 567 1031 626 haac
1055 568 1304 626 videntur
1325 570 1716 644 impedimenta
1753 586 1988 642 cessare,

387 663 586 719 tamen
619 657 871 714 animum
912 658 1400 718 consuetudinaria
1423 659 1812 732 inquietudinis
1849 663 1990 719 assi-

395 748 606 810 duitate
632 767 980 825 suspensum,
1001 755 1332 828 exspectatio
1351 755 1470 828 ipsa
1497 755 1775 814 distendit.
1805 759 1990 828 Atque

394 845 471 902 ita
489 845 553 902 ﬁt
573 854 636 903 ut
657 846 1054 906 anachoreseos
1079 848 1168 906 illa
1189 847 1419 906 libertas
1446 849 1824 924 hujuscemodi
1836 852 1990 908 nexi-

396 939 498 998 bus
521 941 802 1014 impedita,
817 942 888 1002 ad
923 944 1080 1001 illam
1106 943 1292 1002 cordis
1312 943 1646 1003 ineffabilem
1657 945 1988 1005 alacritatem

392 1034 694 1107 prmpedito
724 1053 843 1094 non
871 1038 1148 1110 perveniat
1162 1053 1416 1108 ascensu,
1439 1054 1504 1098 ac
1527 1037 1768 1097 fructum
1789 1041 1988 1098 eremi-

394 1129 520 1187 ticaa
545 1129 900 1204 professionis
924 1134 1176 1190 amittat:
1209 1133 1304 1206 qui
1333 1133 1380 1192 si
1415 1133 1554 1190 mihi
1592 1133 1650 1189 in
1689 1149 1990 1208 congrega-

393 1223 542 1282 tione
561 1241 709 1282 nunc
737 1231 902 1300 atque
920 1227 980 1284 in
1007 1226 1184 1284 turbis
1209 1229 1313 1285 sito
1336 1226 1504 1286 fuerit
1519 1227 1855 1302 denegatus;
1875 1229 1988 1286 sal-

391 1323 506 1374 tem
541 1317 696 1391 quies
721 1319 923 1376 animae
945 1319 1235 1392 cordisque
1251 1321 1611 1393 tranquillitas
1631 1321 1702 1378 ab
1731 1321 1989 1380 omnibus

393 1411 838 1484 occupationibus
879 1412 1130 1471 absoluta
1165 1429 1283 1471 non
1319 1413 1491 1470 deerit
1533 1433 1547 1470 :
1587 1429 1712 1486 quae
1747 1415 1854 1473 nisi
1881 1415 1991 1474 illis

391 1517 613 1576 quoque
631 1503 727 1576 qui
753 1504 812 1560 in
831 1503 1124 1564 solitudine
1141 1514 1578 1575 commorantur,
1592 1515 1792 1579 praesto
1805 1507 1988 1577 fuerit,

390 1594 606 1654 labores
651 1596 876 1670 quidem
925 1598 1320 1657 anachoreseos
1369 1599 1754 1672 sustinebunt;
1805 1599 1990 1659 fructu

386 1703 518 1744 vero
553 1687 724 1762 ipsius
748 1687 1171 1761 fraudabuntur,
1209 1692 1303 1764 qui
1325 1708 1442 1750 non
1464 1693 1565 1750 nisi
1588 1693 1773 1766 quieta
1789 1693 1992 1752 mentis

2096 473 2328 533 veridica
2350 482 2531 547 potest
2563 475 2846 532 insinuare
2869 470 3134 528 doctrina.

2607 624 2614 630 .
2671 567 2913 624 CAPUT
2950 565 3099 621 Vill.

2737 662 3046 732 Responsio.

2169 762 2410 816 Joannes
2431 775 2446 814 :
2474 759 2667 816 Unum
2686 753 3054 826 eamdemque
3071 750 3351 809 hominem
3373 748 3434 804 in
3460 754 3696 818 utraque

2095 852 2430 926 professione
2457 848 2764 924 perfectum
2787 863 2908 906 esse
2933 861 3046 904 non
3091 858 3252 918 posse
3287 841 3537 898 absolute
3560 854 3692 911 pro-

2094 945 2348 1004 nuntiare
2387 944 2688 1018 potuissem
2708 987 2726 1014 ,
2763 942 2870 998 nisi
2907 955 2998 998 me
3043 951 3346 1013 paucorum
3393 932 3695 991 admodum

2094 1037 2393 1095 retardaret
2418 1036 2759 1110 exemplum.
2793 1037 3054 1108 Magnum
3073 1031 3347 1105 siquidem
3363 1037 3448 1086 est
3473 1027 3531 1084 in
3557 1041 3696 1100 qua-

2095 1131 2228 1189 libet
2287 1147 2478 1189 earum
2540 1137 2988 1188 consummatum
3059 1123 3373 1199 quempiam
3433 1119 3695 1192 reperiri;

2093 1233 2303 1298 quanto
2323 1223 2579 1298 magisad
2607 1225 2828 1296 plenum
2846 1219 3133 1292 utramque
3159 1218 3439 1292 perﬁcere,
3461 1213 3698 1270 arduum

2094 1335 2159 1378 ac
2200 1325 2358 1393 pene,
2409 1326 2476 1376 ut
2514 1317 2586 1374 ita
2636 1315 2889 1386 dixerim,
2935 1313 3150 1372 homini
3198 1309 3532 1384 impossibile
3576 1323 3696 1364 esse

2096 1417 2443 1490 perspicuum
2477 1424 2580 1473 est.
2619 1413 2781 1486 Quod
2808 1422 3001 1472 tamen
3035 1413 3081 1472 si
3103 1408 3318 1484 quando
3358 1405 3693 1482 provenerit,

2095 1525 2208 1567 non
2231 1510 2424 1568 statim
2450 1508 2522 1567 ad
2565 1509 2876 1582 generalem
2917 1505 3221 1564 formulam
3255 1502 3446 1560 referri
3491 1507 3692 1574 potest.

2097 1604 2225 1660 Non
2258 1602 2412 1660 enim
2434 1617 2468 1659 a
2493 1607 2647 1675 parte
2679 1598 2929 1667 minima,
2957 1597 3016 1654 id
3039 1605 3142 1666 est,
3170 1597 3241 1654 de
3266 1591 3698 1654 consideratione

2099 1712 2419 1771 paucorum,
2447 1695 2546 1754 sed
2562 1695 2632 1754 de
2655 1694 2742 1752 his
2757 1709 2883 1768 qua:
2901 1691 3226 1758 multorum,
3243 1689 3416 1746 immo
3441 1687 3697 1745 omnium

389 1780 683 1840 stabilitate
726 1783 1088 1856 conquiritur.
1133 1787 1416 1844 Postremo
1459 1785 1626 1844 etiam
1661 1787 1708 1846 si
1754 1787 1892 1846 mihi
1930 1789 1987 1846 in
2016 1808 2066 1872 Β
2099 1790 2384 1864 subiacent
2407 1789 2677 1857 facultati,
2702 1787 3020 1847 universalis
3047 1793 3132 1844 est
3167 1783 3356 1858 regula
3383 1797 3701 1856 preponen-

389 1875 646 1933 cmnobio
688 1878 982 1936 constituto
1029 1879 1100 1935 ab
1145 1878 1239 1936 illa
1281 1880 1516 1952 puritate
1561 1881 1744 1940 cordis
1783 1882 1990 1958 aliquid
2095 1885 2185 1944 da.
2227 1886 2282 1944 Si
2309 1901 2418 1959 qua
2445 1900 2574 1942 vero
2600 1883 2879 1944 rarissime
2912 1890 3076 1954 atque
3109 1895 3143 1936 a
3181 1877 3524 1952 paucissimis
3552 1875 3696 1934 obti-

391 1969 550 2027 fuerit
585 1971 994 2040 imminutum,.
1017 1987 1114 2030 ero
1159 1973 1329 2030 solius
1373 1976 1682 2048 Evangelici
1731 1979 1986 2052 praecepti

391 2063 836 2136 compensatione
862 2073 1150 2130 contentus
1165 2107 1182 2136 ,
1207 2065 1359 2136 quod
1382 2077 1596 2125 certum
1616 2077 1700 2126 est
1722 2069 1990 2128 omnibus

390 2156 502 2214 illis
525 2158 698 2214 eremi
723 2157 994 2217 fructibus
1017 2174 1130 2216 non
1171 2175 1332 2232 posse
1358 2162 1631 2234 postponi,
1677 2171 1741 2220 ut
1773 2165 1982 2222 scilicet

387 2250 458 2308 de
503 2251 742 2309 crastino
766 2251 902 2309 nihil
939 2252 1210 2326 cogitem,
1234 2261 1291 2311 et
1317 2269 1491 2327 usque
1516 2255 1587 2314 ad
1635 2256 1803 2315 ﬁnem
1847 2257 1980 2316 sub-

375 2343 560 2415 jectus
595 2345 816 2412 abbati,
841 2346 996 2404 illum
1023 2345 1361 2420 aliquatenus
1398 2349 1583 2408 videar
1625 2351 1870 2410 emulari
1913 2352 1984 2410 de

381 2451 494 2508 quo
531 2436 754 2507 dicitur,
790 2441 1115 2496 Humiliavit
1142 2444 1482 2513 semetipsum
1514 2445 1699 2512 factus
1737 2444 1984 2504 obediens

379 2543 554 2600 usque
567 2531 644 2586 ad
655 2537 880 2589 mortem
901 2533 1125 2604 (Philip.
1137 2533 1208 2605 ιι)
1227 2551 1243 2589 :
1265 2550 1584 2609 merearque
1597 2535 1742 2594 illius
1753 2538 1984 2597 verbum

275 2639 280 2643 -
381 2621 662 2678 humiliter
706 2623 909 2694 dicere,
940 2627 1084 2694 Quia
1127 2642 1235 2682 non
1283 2630 1407 2683 veni
1444 2631 1625 2698 facere
1657 2632 1985 2688 voluntatem

375 2730 573 2785 meam,
634 2717 729 2774 sed
775 2720 1108 2776 voluntatem
1151 2719 1268 2790 ejus
1331 2725 1430 2794 qui
1477 2725 1629 2780 misit
1679 2740 1764 2780 me
1806 2727 1983 2781 Patris

371 2813 554 2874 (Joan.
583 2815 693 2879 vr).

958 2931 1202 2987 CAPUT
1268 2931 1392 2987 VII.

486 3055 840 3123 Interrogatio
863 3055 931 3110 de
956 3057 1200 3125 ccenobii,
1227 3057 1310 3111 vel
1329 3057 1638 3113 solitudinis
1664 3058 1870 3125 fructu.

2091 1990 2316 2049 nentur,
2355 1995 2422 2037 ac
2465 1978 2878 2052 possibilitatem
2921 1973 3231 2032 communis
3270 1971 3492 2029 virtutis
3543 1985 3700 2026 exce-

2091 2074 2252 2142 dunt,
2299 2073 2446 2130 velut
2487 2087 2652 2145 supra
2690 2069 3062 2128 conditionem
3088 2067 3349 2126 humana:
3387 2063 3700 2138 fragilitatis

2089 2177 2456 2240 naturamque
2497 2179 2788 2234 concessa,
2818 2181 2853 2222 a
2879 2162 3170 2236 praeceptis
3197 2169 3329 2218 sunt
3353 2157 3698 2232 generalibus

2089 2259 2499 2335 scquestranda,
2541 2275 2644 2317 nec
2681 2267 2797 2318 tam
2839 2273 2942 2331 pro
2977 2255 3232 2329 exemplo
3255 2269 3428 2328 quam
3465 2268 3568 2325 pro
3593 2251 3701 2308 mi-

2089 2357 2276 2414 raculo
2313 2353 2656 2428 proferenda.
2701 2351 3074 2422 Quamobrem
3115 2349 3174 2408 id
3213 2347 3362 2422 quod
3389 2344 3692 2419 inquiritis,

2089 2448 2393 2507 secundum
2436 2445 2876 2506 mediocritatem
2922 2461 3119 2502 sensus
3155 2443 3266 2502 mei
3302 2441 3536 2499 breviter
3563 2439 3694 2496 inti-

2091 2543 2274 2601 mabo.
2298 2552 2325 2580 α
2343 2542 2492 2600 Finis
2518 2541 2744 2614 quidem
2767 2539 3064 2598 mobitaa
3077 2545 3164 2596 est
3181 2552 3373 2595 omnes
3385 2550 3516 2593 suas
3537 2549 3692 2590 mor-

2088 2635 2298 2693 tiﬁcare
2322 2643 2380 2693 et
2404 2634 2722 2708 cruciﬁgere
2740 2633 3066 2701 voluntates,
3091 2647 3158 2688 ac
3185 2627 3486 2688 secundum
3514 2630 3690 2684 Evan-
3707 2693 3728 2714 κ

2090 2727 2278 2802 gelica
2341 2725 2686 2800 perfectionis
2735 2726 2973 2784 salutare
3023 2723 3348 2782 mandatum
3365 2763 3382 2791 ,
3439 2721 3573 2778 nihil
3621 2721 3692 2778 de

2087 2823 2324 2880 crastino
2351 2823 2592 2896 cogitare
2634 2822 2852 2891 (Matth.
2908 2822 3019 2888 vr).
3068 2820 3250 2892 Quam
3295 2815 3691 2891 perfectionem

2088 2932 2313 2989 prorsus
2335 2932 2366 2972 a
2389 2915 2606 2972 nemine
2641 2915 2744 2972 nisi
2768 2931 2801 2970 a
2825 2913 3102 2970 coenobita
3129 2911 3340 2986 impleri
3379 2927 3538 2982 posse
3565 2925 3690 2967 cer-

2087 3009 2363 3067 tissimum
2403 3017 2504 3065 est.
2537 3009 2719 3078 Quem
2755 3007 2934 3064 virum
2973 3007 3147 3065 Isaias
3179 3005 3444 3080 propheta
3479 3003 3691 3062 descri-

2085 3102 2246 3172 bens,
2273 3102 2350 3159 ita
2386 3100 2662 3158 beatiﬁcat
2696 3108 2860 3175 atque
2888 3101 3161 3158 collaudat
3186 3119 3204 3155 :
3229 3101 3256 3136 ι*
3280 3101 3343 3158 Si
3365 3101 3626 3155 averteris
3653 3115 3690 3153 a

450 3189 762 3246 Germanus
793 3208 806 3246 :
850 3187 990 3260 Quia
1028 3197 1085 3246 te
1128 3189 1410 3262 utriusque
1449 3187 1832 3263 professionis,
1861 3207 1975 3248 non
2006 3195 2052 3260 C
2079 3198 2304 3254 sabbato
2334 3197 2526 3268 pedem
2550 3201 2707 3253 tuum
2723 3239 2740 3260 ,
2770 3197 2952 3266 facere
2979 3197 3310 3251 voluntatem
3336 3199 3488 3249 tuam
3514 3195 3574 3248 in
3599 3192 3692 3248 die

377 3282 853 3356 quemadmodum
881 3282 1104 3352 multos,
1134 3281 1403 3356 principia
1426 3284 1812 3341 tantummodo
1840 3301 1972 3342 con-

376 3376 582 3448 tigisse,
629 3375 726 3434 sed
774 3377 890 3450 ipsa
923 3373 1138 3450 fastigia
1187 3376 1568 3434 conscendisse
1619 3376 1975 3436 manifestum

377 3476 498 3536 est;
527 3469 1113 3541 quisnamcmnobitm,
1137 3471 1262 3543 quis
1283 3471 1523 3528 eremitaa
1548 3471 1787 3541 sittinis,
1815 3480 1976 3546 Opta-

377 3577 505 3619 mus
524 3578 834 3636 agnoscere.
880 3563 1025 3622 Nulli
1063 3580 1300 3638 namque
1325 3564 1554 3622 dubium
1587 3573 1670 3621 est
1695 3565 1974 3624 neminem

374 3655 447 3712 de
472 3655 557 3712 his
585 3657 667 3713 vel
695 3655 907 3714 ﬁdelius
936 3674 1095 3730 posse
1119 3659 1202 3716 vel
1231 3658 1444 3731 plenius
1470 3658 1770 3732 disputare,
1803 3675 1973 3734 quam

371 3748 529 3806 illum
558 3750 651 3823 qui
672 3758 959 3825 utramque
984 3751 1374 3825 perfectionem
1399 3753 1562 3826 longo
1589 3770 1691 3810 usu
1714 3763 1773 3812 et
1794 3757 1974 3829 magi-

2083 3295 2265 3347 sancto
2289 3306 2424 3358 meo,
2453 3295 2504 3344 et
2533 3291 2911 3360 gloriﬁcaveris
2937 3305 3076 3352 eum,
3104 3290 3236 3344 dum
3257 3303 3363 3343 non
3393 3289 3534 3356 facis
3569 3288 3690 3342 vias

2083 3388 2227 3452 tuas,
2245 3387 2297 3438 et
2319 3398 2426 3438 non
2442 3383 2716 3436 invenitur
2737 3381 2986 3436 voluntas
3011 3385 3126 3450 tua,
3145 3385 3206 3434 ut
3225 3381 3464 3450 loquaris
3481 3394 3686 3434 sermo-

2080 3492 2223 3544 nem,
2249 3480 2375 3531 tunc
2403 3475 2740 3530 delectaberis
2753 3489 2914 3544 super
2933 3475 3238 3537 Dominum,
3264 3476 3316 3528 et
3336 3472 3615 3527 sustollam
3635 3477 3688 3528 te

2080 3586 2244 3642 super
2268 3569 2616 3624 altitudinem
2642 3572 2802 3624 terra:
2816 3610 2832 3631 ,
2857 3571 2910 3623 et
2928 3567 3114 3622 cibabo
3133 3570 3182 3622 te
3199 3565 3510 3621 haereditate
3522 3565 3684 3620 Iacob

2079 3665 2254 3736 patris
2281 3664 2366 3719 tui
2390 3661 2513 3736 (Isa.
2554 3667 2751 3729 Lvnr).
2781 3662 2860 3718 0s
2885 3660 3028 3717 enim
3047 3659 3269 3717 Domini
3299 3659 3546 3717 locutum
3575 3668 3681 3716 est.

2079 3767 2104 3793 °
2130 3757 2386 3815 Eremita:
2413 3772 2550 3816 vero
2573 3754 2832 3830 perfectio
2861 3762 2942 3812 est
2963 3761 3188 3812 exutam
3221 3762 3467 3811 mentem
3491 3769 3524 3810 a
3540 3768 3680 3810 cun-

1458 3871 1719 3926 ALARDI
1756 3873 1990 3930 GAZEI
2028 3872 2586 3931 COMMENTARIUS.

445 3979 473 4048 ἢ
503 3976 574 4031 D.
599 3975 969 4048 Hieronymus
994 3974 1064 4032 de
1087 3975 1378 4048 emnobitis
1396 3976 1660 4048 Egyptiis
1685 3985 1742 4034 et
1776 3994 1971 4036 eorum

369 4045 745 4128 imitator-ibus
871 4054 1104 4128 testatur
1133 4046 1333 4128 (Epist:
1359 4052 1449 4115 22)
1470 4045 1703 4128 {Prima
1720 4051 1972 4128 apudeos

368 4118 760 4200 confoederatio
777 4123 863 4200 est
874 4117 1088 4199 obedire
1112 4117 1424 4200 majoribus,
1443 4124 1492 4174 et
1500 4117 1974 4200 qudcumquejus-

370 4191 554 4246 serint
577 4191 779 4257 facere.
820 4190 1107 4245 Cassianus
1148 4188 1285 4245 libro
1311 4203 1376 4245 1v
1402 4188 1642 4245 Institut.
1671 4188 1789 4257 cap.
1821 4188 1876 4255 8,
1903 4193 1973 4248 de

368 4258 1002 4334 praefectonovitiorum
1029 4275 1197 4330 agens
1229 4280 1241 4316 :
1277 4261 1434 4334 Ejus,
1481 4261 1688 4332 inquit,

367 4331 683 4388 sollicitudo
707 4339 760 4384 et
779 4331 1010 4403 eruditio
1021 4333 1360 4402 principalis,
1372 4348 1474 4403 per
1496 4331 1663 4403 quam
1671 4333 1862 4403 junior
1880 4337 1972 4388 in-

302 4465 310 4470 ν
370 4403 658 4476 traductus
675 4402 956 4458 ascendere
973 4408 1349 4476 consequenter
1367 4402 1532 4459 etiam
1545 4402 1786 4459 culmina
1796 4408 1972 4476 perfe-

371 4473 572 4529 ctionis
585 4489 796 4546 summa
807 4473 1130 4544 pravaleat:
1146 4479 1208 4529 ut
1225 4475 1408 4529 doceat
1430 4490 1550 4530 eum
1557 4473 1818 4546 primitus
1839 4492 1970 4532 suas

368 4547 590 4599 vincere
612 4545 945 4616 voluntates;
969 4559 1124 4614 quem
1151 4546 1386 4600 studiose
1411 4547 1472 4600 in
1497 4545 1582 4602 his
1604 4563 1666 4602 ac
1689 4547 1972 4616 diligenter

363 4629 641 4681 exercens,
653 4615 764 4670 hac
775 4615 863 4668 illi
881 4629 1086 4684 semper
1097 4617 1368 4685 imperare
1389 4617 1456 4672 de
1473 4618 1746 4673 industria
1758 4615 1972 4674 curabit

361 4701 496 4758 qua:
504 4688 728 4760 senserit
739 4687 918 4760 animo
937 4685 1050 4760 ejus
1073 4700 1182 4760 esse
1199 4688 1487 4760 contraria.
1503 4690 1688 4743 Multis
1702 4691 1964 4760 siquidem

358 4756 969 4830 experimentisiedocti,
993 4756 1223 4830 tradunt
1236 4758 1552 4812 monachum
1569 4764 1622 4814 et
1634 4756 1868 4815 maxime
1876 4760 1966 4830 ju-

359 4829 576 4892 niores,
599 4841 668 4881 ne
692 4829 1018 4897 voluptatem
1041 4827 1260 4898 quidem
1285 4830 1718 4897 concupiscentia:
1743 4846 1852 4885 sua:
1877 4827 1963 4886 re-

361 4899 592 4969 frenare
609 4911 796 4969 posse,
822 4899 930 4969 nisi
943 4901 1106 4968 prius
1134 4899 1459 4968 mortiﬁcare
1477 4915 1578 4969 per
1613 4899 1964 4956 obedientiam

359 4965 776 5041 suqs_didicerit
796 4965 1095 5041 voluntates
1126 4965 1426 5041 (Videcoll.
1462 4965 1499 5024 ἑ
1522 4974 1574 5024 et
1601 4971 1676 5041 4).

441 5029 470 5068 δ
497 5039 948 5110 Turrecrematus
972 5037 1112 5110 hanc
1131 5029 1468 5094 'sententiam
1505 5029 1680 5096 citatis
1705 5060 1718 5096 :
1753 5043 1815 5096 In
1841 5042 1960 5110 hac,

357 5107 566 5180 inquit,
589 5110 911 5182 auctoritate
928 5109 1186 5164 Dominus
1199 5125 1298 5179 per
1317 5111 1632 5180 prophetam
1645 5113 1893 5167 describit
1904 5107 1964 5182 ﬂ-

353 5197 486 5236 nem
505 5181 614 5236 sive
619 5181 1004 5250 perfectionem
1019 5183 1321 5235 monastica:
1339 5184 1449 5236 sive
1471 5183 1786 5237 cmnobiticar
1804 5181 1965 5238 disci-

349 5253 550 5324 plina,
585 5258 636 5307 et
663 5253 904 5318 fructum
947 5252 1364 5324 siveprwmium
1392 5252 1524 5322 ejus.
1551 5255 1702 5308 Finis
1725 5256 1963 5310 consistit

353 5321 420 5377 in
451 5323 622 5396 tribus
653 5341 670 5376 :
685 5325 928 5392 primum
952 5321 1380 5396 indeclinatione
1406 5321 1441 5377 α
1462 5327 1694 5396 peccatis
1711 5340 1814 5396 per
1839 5341 1960 5394 qua:

352 5393 600 5465 violatur
639 5397 819 5465 quies,
843 5408 943 5463 per
977 5393 1369 5465 observantiam
1404 5393 1622 5450 sabbati
1648 5393 1955 5465 designata.

360 5463 520 5522 Unde
543 5465 625 5516 ait
654 5480 682 5535 :4
701 5464 762 5519 Si
785 5467 1043 5520 averteris
1067 5481 1103 5520 a
1128 5464 1350 5520 sabbato
1371 5467 1561 5535 pedem
1589 5463 1846 5533 tuum,'id
1859 5471 1956 5529 est,

349 5539 407 5590 si
435 5549 543 5608 non
575 5533 1104 5608 violaverisquietem
1130 5537 1334 5602 animi;
1363 5533 1482 5608 quae
1504 5536 1585 5608 (ut
1603 5537 1739 5592 dicit
1764 5537 1956 5608 glossa)

349 5607 510 5662 omni
539 5611 774 5674 tempore
794 5605 1106 5662 celebranda
1133 5612 1230 5664 est.
1262 5605 1585 5664 Secundam
1610 5605 1962 5675 abnegatione

341 5677 596 5748 propria
629 5675 942 5740 voluntatis,
969 5693 1087 5731 cum
1124 5680 1207 5734 ait
1233 5698 1250 5734 :
1279 5681 1397 5736 Non
1421 5679 1611 5747 feceris
1633 5679 1958 5734 voluntatem

349 5747 535 5821 tuam.
571 5748 742 5802 Tertio
772 5748 832 5800 in
856 5747 1216 5821 refrenatione
1247 5751 1466 5821 lingua,
1496 5750 1574 5804 ibi
1604 5769 1621 5805 :
1654 5753 1722 5806 Ut
1747 5766 1852 5805 non
1875 5750 1958 5806 lo-

347 5819 550 5889 quaris
569 5832 880 5889 sermonem,
894 5818 1091 5874 scilicet
1109 5818 1536 5890 malum,contra
1553 5825 1720 5892 Deum
1737 5823 1822 5876 vel
1836 5837 1959 5896 pro-

1812 4266 1967 4319 cerit

2079 3985 2306 4039 trimum
2362 3985 2613 4038 Fructum
2647 3983 2829 4035 autem
2876 3979 3197 4034 ccenobiticw
3234 3979 3362 4034 vita:
3405 3980 3678 4050 duplicem

2080 4055 2255 4122 tangit
2279 4071 2296 4106 :
2321 4069 2490 4107 unum
2515 4054 2577 4106 in
2592 4053 2872 4121 praesenti,
2893 4053 2992 4119 qui
3013 4055 3090 4104 est
3111 4050 3386 4122 delectatio
3414 4053 3472 4105 in
3493 4067 3678 4108 conso-

2080 4119 2371 4178 lationibus
2404 4119 2624 4182 divinis,
2651 4135 2769 4175 cum
2791 4121 2870 4173 ait
2901 4138 2917 4173 :
2951 4123 3095 4174 Tunc
3122 4119 3461 4175 delectaberis
3491 4124 3551 4175 in
3574 4125 3676 4178 Do-

2077 4195 2250 4260 mino;
2267 4193 2439 4247 alium
2455 4194 2514 4246 in
2525 4193 2640 4246 vita
2651 4193 2868 4258 futura,
2887 4192 2986 4260 qui
3002 4193 3078 4244 est
3101 4191 3388 4244 consolatio
3397 4192 3678 4258 felicitatis

2078 4269 2316 4331 aeternae,
2341 4279 2458 4318 cum
2487 4263 2708 4332 inquit:
2737 4261 3026 4332 Sustollam
3055 4264 3108 4314 te
3126 4275 3290 4330 super
3323 4261 3674 4319 altitudinem

2079 4339 2258 4398 terrai,
2289 4338 2342 4390 et
2361 4331 2624 4390 cibabo’te
2651 4331 2964 4402 hereditate
2979 4332 3138 4402 Jacob
3153 4334 3333 4402 patris
3357 4335 3458 4388 tui.

2147 4409 2301 4478 {Alta
2323 4405 2499 4478 plane,
2539 4411 2593 4478 et
2631 4402 2822 4478 iisdem
2849 4401 2963 4458 fere
2993 4401 3170 4478 verbis
3199 4405 3270 4456 D.
3298 4404 3672 4476 Hieronymus

2073 4474 2144 4532 ad
2177 4476 2308 4532 illud
2323 4474 2632 4533 ’Hieremiaa
2659 4495 2670 4529 :
2703 4475 2906 4529 Bonum
2951 4478 3029 4530 est
3055 4475 3202 4537 viro,
3223 4489 3343 4529 cum
3371 4474 3674 4544 portaverit

1997 4513 2048 4576 Ι)
2067 4513 3128 4618 f5g5;“a3‘3&32é§c22nivé§é"(ﬂigi?
3144 4513 3532 4615 ἶὶιῖῗέίὶίῒὲἷὶἆὲ
3539 4513 3670 4609 fin?

2075 4621 2196 4690 quit
2212 4662 2228 4685 ,
2267 4620 2474 4676 Christi
2494 4619 2756 4690 perfectio
2783 4621 2862 4690 est
2891 4621 3113 4690 erutam
3143 4621 3379 4690 mentem
3395 4619 3613 4690 habere
3633 4634 3668 4672 a

2075 4687 2278 4746 cunctis
2314 4687 2538 4746 terrenis
2555 4689 2798 4758 negotiis,
2829 4687 3001 4756 juxta
3018 4687 3160 4740 illud
3186 4687 3435 4758 Apostoli
3462 4705 3478 4740 :
3507 4690 3670 4744 Nemo

2071 4760 2314 4817 militum
2355 4765 2460 4818 Deo
2499 4756 2748 4828 implicat
2793 4772 2849 4811 se
2886 4757 3114 4828 negotiis
3155 4756 3523 4828 surcularibus,
3556 4766 3663 4814 etc.

2076 4829 2121 4902 (Ι
2137 4833 2390 4899 Tim.vr),
2403 4826 2643 4902 eamque,
2657 4833 2919 4902 quantum
2931 4826 3166 4902 humana
3173 4826 3665 4902 imbecillitassinit.

2071 4897 2232 4956 unire
2257 4897 2376 4956 cum
2414 4897 2641 4957 Christo.
2675 4899 2849 4964 Quam
2885 4897 3101 4968 quidem
3134 4900 3360 4968 speciem
3383 4914 3667 4955 conversa-

2072 4973 2234 5026 tionis
2265 4972 2388 5025 boni
2414 4972 2646 5024 eremitw
2691 4973 2743 5023 et
2785 4967 3048 5032 monachi,
3076 4971 3178 5039 qui
3200 4974 3320 5024 voto
3357 4974 3666 5026 monasticae

2069 5041 2372 5112 disciplina:
2391 5041 2625 5112 obligati
2641 5043 2790 5103 sunt,
2812 5041 3023 5112 imitari
3045 5041 3400 5108 contendunt;
3415 5043 3510 5096 sed
3532 5059 3666 5097 rara

2069 5117 2150 5167 est
2172 5111 2223 5167 et
2243 5111 2589 5183 paucissimis
2616 5112 2754 5166 dono
2776 5113 2875 5168 Dei
2920 5111 3030 5166 hac
3049 5114 3308 5182 perfectio
3331 5127 3588 5167 concessa.
3612 5116 3666 5168 Is

2069 5185 2211 5238 enim
2226 5199 2344 5239 vere
2362 5189 2414 5238 et
2431 5199 2538 5238 non
2560 5199 2628 5237 ea:
2639 5186 2800 5253 parte
2813 5184 3086 5252 perfectus
3109 5187 3187 5238 est
3211 5183 3308 5251 qui
3329 5186 3382 5235 et
3406 5184 3463 5235 in
3491 5198 3662 5239 eremo

2065 5255 2368 5325 squalorem
2376 5254 2683 5310 solitudinis
2697 5258 2748 5308 et
2762 5255 2821 5307 in
2829 5253 3056 5307 casnobio
3065 5254 3407 5325 infirmitates
3419 5253 3664 5320 fratrum

2067 5323 2326 5397 (ἐφιαὺίιί
2343 5326 2793 5396 magnanimitate
2817 5327 3096 5378 sustentat.
3113 5323 3326 5397 Etideo
3351 5325 3409 5397 in
3436 5329 3666 5397 utraque

2060 5395 2392 5467 professione
2411 5395 2511 5468 per
2529 5397 2710 5468 omnia
2727 5399 3150 5449 consummatum
3177 5395 3416 5468 invenire
3439 5395 3663 5466 difﬁcile

2066 5472 2165 5527 est,
2199 5470 2332 5538 quia
2355 5467 2449 5523 nec
2477 5467 2798 5523 anachoreta
2823 5469 3176 5538 contemptum
3201 5480 3272 5519 ac
3295 5467 3662 5534 privationem

2065 5536 2432 5592 materialium
2453 5553 2658 5600 rerum,
2690 5551 2785 5590 nec
2818 5536 3073 5590 emnobita
3098 5537 3387 5591 theoricam
3425 5538 3502 5592 ad
3523 5541 3660 5594 inte-

2067 5613 2436 5691 grum‘potest
2462 5609 2678 5691 assequi
2695 5608 3127 5691 puritatem-ita
3155 5609 3226 5662 D.
3268 5607 3658 5691 Hieronxmus,

2065 5675 2192 5751 cum
2231 5675 2481 5736 doctrina
2517 5675 2680 5751 huius
2695 5675 3097 5751 ’abbatispbelle
3131 5694 3456 5751 consonans.
3475 5675 3657 5751 'Porro

2065 5749 2176 5806 huc
2212 5751 2378 5807 etiam
2423 5748 2672 5823 spectant
2706 5748 2865 5823 verba
2900 5749 2988 5823 illa
3031 5749 3274 5823 Dionysii
3311 5749 3656 5823 Areopagitae

2063 5823 2278 5891 (Eccles.
2313 5820 2471 5882 Hier:
2499 5840 2545 5880 c.
2575 5821 2630 5894 6)
2645 5820 2898 5896 superius
2913 5821 3074 5880 citata
3094 5820 3306 5894 (collat.
3339 5824 3404 5876 18
3431 5834 3549 5890 cap.
3573 5821 3653 5894 ὁ),
