4014 6202
304 220 441 298 nasi

1378 239 1658 297 JOANNIS
1695 238 2001 296 CASSIANI
2037 237 2527 295 COLLATIONES.

3468 232 3605 289 1140

298 365 402 423 etis
428 365 628 423 habere
654 367 900 434 terrenis,
930 380 1164 437 eamque
1200 371 1472 438 quantum
1513 364 1754 421 humana
1782 364 1889 420 im-
1917 369 2115 431 Asem
2152 372 2316 436 atque
2360 360 2737 435 Paphnutium
2777 359 3023 430 duosque
3060 355 3329 412 Macarios
3364 356 3608 412 noverim

303 459 564 516 becillitas
588 460 740 528 sinit,
773 460 929 517 unire
951 474 1075 515 cum
1095 457 1330 515 Christo.
1357 459 1535 527 Quem
1558 458 1738 515 virum
1767 458 1902 513 Hie-

300 553 505 610 remias
532 553 791 626 propheta
827 552 1155 619 describens,
1182 554 1400 615 Beatus,
1442 552 1639 623 inquit,
1676 554 1765 607 vir
1808 554 1907 623 qui

303 645 433 702 tulit
451 646 646 717 jugum
663 648 731 701 ab
758 647 1112 701 adolescentia
1140 648 1297 709 sua,‘
1328 647 1527 701 sedebit
1552 647 1827 701 solitarius
1854 650 1906 700 et

303 741 497 796 tacebit
519 735 566 804 ³³,
590 742 723 810 quia
758 741 953 795 lwauit
966 755 1022 795 se
1046 756 1209 810 super
1235 755 1291 795 se
1310 744 1335 773 ο
1357 741 1573 812 (Thren.
1601 740 1717 811 III).
1749 740 1904 795 Psal-

266 864 273 871 ~
303 834 468 890 mista
494 847 740 905 quoque:
760 835 962 890 Similis
977 836 1160 901 factus
1176 850 1291 889 sum
1315 836 1558 905 pelicum
1576 833 1903 888 solitudinis.

310 929 556 996 Vigilaui
576 933 626 982 et
651 931 833 997 factus
859 944 979 984 sum
1004 930 1146 983 sicut
1176 944 1363 999 passer
1390 930 1670 984 solitarius
1694 931 1752 982 in
1775 930 1907 983 tecto

305 1022 473 1089 (Psal.
499 1021 603 1093 ει).
627 1021 710 1077 Ad
738 1022 888 1077 hunc
912 1021 1076 1094 igitur
1096 1020 1261 1077 linem
1289 1037 1453 1093 quem
1476 1020 1906 1092 uniuscujusque

303 1112 654 1187 professionis
694 1130 812 1170 esse
855 1115 1242 1186 praediximus,
1286 1115 1391 1170 nisi
1437 1129 1629 1170 eorum
1675 1122 1905 1184 uterque

304 1207 625 1280 pervenerit,
665 1207 868 1263 frustm
892 1217 948 1262 et
987 1207 1077 1262 ille
1113 1207 1353 1264 cmnobii
1380 1215 1436 1264 et
1458 1208 1562 1262 iste
1595 1206 1904 1262 anachore-

303 1313 427 1355 seos
469 1299 671 1372 expetit
697 1299 1064 1370 disciplinam.
1091 1303 1299 1357 Neuter
1318 1301 1467 1356 enim
1497 1300 1754 1356 virtutem
1790 1315 1905 1357 suae

304 1390 657 1469 professionis
692 1391 960 1465 implevit.

908 1489 1151 1545 CAPUT
1191 1488 1295 1543 IX.

552 1585 1005 1638 Deoonsummata
1037 1598 1100 1638 ac
1122 1597 1249 1637 vera
1267 1584 1615 1653 perfectione.

375 1679 401 1716 ⁸
424 1676 530 1735 Sed
546 1676 666 1736 hac
691 1678 886 1749 μερική,
917 1676 1087 1745 idest,
1118 1692 1231 1732 non
1260 1676 1470 1749 integra
1500 1683 1557 1731 et
1573 1674 1629 1730 in
1654 1672 1908 1731 omnibus

2014 456 2334 529 possedisse.
2376 457 2483 528 Qui
2541 456 2615 511 ita
2677 461 2833 510 erant
2886 452 2942 507 in
2989 459 3221 522 utraque
3271 447 3617 522 professione

2010 550 2254 623 perfecti,
2285 558 2346 605 ut
2373 564 2502 605 cum
2532 548 2680 605 ultra
2709 560 2906 603 omnes
2925 542 3093 601 eremi
3111 543 3324 599 accolas
3350 544 3616 601 seceden-

2009 652 2111 712 tes,
2161 643 2530 699 insatiabiliter
2581 648 2790 698 secreto
2875 637 3183 695 solitudinis
3238 648 3615 710 pascerentur,

2010 747 2277 811 quantum
2314 740 2372 794 in
2410 737 2540 811 ipsis
2578 746 2724 807 erat,
2749 750 3093 808 nequaquam
3133 734 3469 807 inquirerent
3507 736 3615 795 hu-

2013 849 2171 890 mana
2217 833 2516 903 consortia,
2544 839 2733 890 tamen
2757 832 2831 888 ita
2867 829 3230 903 frequentiam
3254 845 3319 885 ac
3355 829 3617 905 fragilita-

2009 935 2090 984 tes
2117 927 2187 984 ad
2215 944 2276 985 se
2301 927 2750 984 concurrentium
2787 924 3146 994 sustinebant,
3162 931 3226 979 ut
3250 940 3387 980 cum
3415 924 3485 983 ad
3516 941 3614 983 eos

2013 1022 2340 1078 visitationis
2383 1022 2466 1078 vel
2511 1020 2787 1093 profectus
2825 1019 2995 1093 gratia
3034 1018 3329 1075 innumera
3375 1018 3608 1078 fratrum

2009 1116 2307 1174 multitudo
2348 1116 2667 1179 conﬂueret,
2714 1121 2828 1171 tam
2858 1114 3048 1188 jugem
3077 1128 3215 1186 pene
3249 1114 3612 1186 suseeptionis

2009 1207 2442 1281 inquietudinem
2491 1208 2764 1265 immobili
2811 1206 3073 1280 patientia
3121 1206 3438 1276 tolerantes,
3482 1208 3614 1264 nihil

2011 1301 2159 1359 aliud
2211 1302 2293 1358 vel
2338 1301 2595 1360 didicisse
2648 1301 2732 1357 vel
2767 1300 3071 1357 exercuisse
3129 1300 3283 1356 omni
3329 1300 3453 1359 vita:
3500 1316 3617 1359 suae

2010 1405 2256 1469 tempore
2283 1396 2651 1462 crederentur,
2693 1411 2859 1469 quam
2896 1402 2957 1451 ut
2984 1394 3372 1452 communibus
3390 1403 3609 1453 tantum

2012 1489 2409 1547 advenientium
2452 1488 2648 1547 ofﬁciis
2676 1488 3041 1555 deservirem,
3086 1486 3159 1544 ita
3196 1495 3260 1544 ut
3297 1488 3441 1561 apud
3481 1505 3616 1546 cun-

2010 1592 2129 1641 ctos
2152 1593 2295 1641 esset
2310 1585 2651 1657 ambiguum,
2680 1585 2738 1640 in
2757 1598 2867 1656 qua
2895 1581 3250 1655 potissimum
3271 1582 3606 1656 professione

2012 1677 2331 1735 eorumdem
2353 1678 2529 1751 major
2576 1687 2719 1735 esset
2749 1676 3018 1734 industria
3045 1696 3057 1733 :
3090 1675 3148 1734 id
3174 1685 3279 1745 est,
3320 1685 3503 1733 utrum
3544 1677 3606 1732 in

306 1781 688 1832 consummata
730 1771 989 1844 perfectio
1010 1814 1025 1837 ,
1072 1770 1168 1829 sed
1220 1786 1348 1843 pars
1403 1768 1751 1843 perfectionis
1803 1777 1903 1825 est.
1934 1778 1982 1840 Β
2015 1770 2104 1827 illa
2127 1771 2403 1827 eremitica
2427 1771 2679 1843 puritate,
2706 1785 2778 1827 an
2805 1771 2863 1825 in
2884 1769 2985 1826 ista
3021 1770 3431 1827 conversatione
3453 1784 3613 1825 com-

304 1870 451 1924 Rara
487 1874 570 1922 est
603 1882 733 1939 ergo
757 1874 811 1922 et
834 1864 1182 1939 paucissimis
1202 1864 1349 1922 dono
1378 1864 1479 1922 Dei
1503 1878 1757 1921 concessa
1783 1877 1906 1934 per-

307 1962 488 2019 fectio.
508 1963 563 2018 Is
591 1962 793 2019 etenim
811 1962 1015 2032 (Verba
1041 1963 1107 2016 D.
1126 1962 1445 2030 Hieronymi
1458 1960 1559 2014 ubi
1582 1955 1766 2028 supra)
1785 1968 1910 2011 vere

306 2066 362 2113 et
383 2072 496 2113 non
532 2071 599 2113 ex
620 2064 772 2127 parte
793 2053 1066 2128 perfectus
1098 2064 1203 2123 est,
1228 2053 1323 2126 qui
1353 2062 1408 2109 et
1435 2053 1491 2108 in
1517 2065 1704 2107 eremo
1740 2063 1908 2121 squa-

303 2151 475 2207 lorem
495 2149 820 2217 solitudinis,
841 2156 897 2204 et
922 2148 981 2205 in
1005 2148 1260 2204 emnobio
1305 2146 1650 2203 infirmitates
1675 2142 1908 2200 fratrum

302 2243 495 2315 aequali
531 2242 973 2314 magnanimitate
1008 2248 1298 2296 sustentat.
1324 2242 1393 2297 Et
1419 2239 1543 2297 ideo
1584 2240 1641 2296 in
1678 2248 1907 2313 utraque

306 2335 645 2410 professione
686 2351 780 2407 per
808 2335 998 2391 omnia
1020 2344 1467 2392 consummatum
1497 2334 1742 2391 invenire
1768 2333 1909 2391 diffi-

306 2432 404 2488 cile
446 2439 549 2499 est,
587 2430 717 2503 quia
761 2445 867 2487 nec
910 2430 1238 2503 anachoreta
1288 2428 1661 2501 ἆκτημοσῦνην,
1703 2427 1761 2484 id
1797 2437 1905 2493 est,

310 2532 692 2597 contemptum
753 2539 817 2581 ac
877 2524 1241 2597 privationem
1294 2522 1655 2579 materialium
1703 2537 1911 2595 rerum,

308 2635 410 2678 nec
453 2620 730 2677 casnobita
756 2621 779 2651 °
809 2619 1113 2677 theoricam
1146 2619 1219 2678 ad
1256 2620 1533 2693 integrum
1556 2627 1735 2692 potest
1759 2633 1912 2675 asse-

308 2713 400 2787 qui
428 2714 745 2786 puritatem,
768 2713 898 2771 licet
918 2723 1217 2787 utrumque
1245 2711 1486 2786 perfecte
1507 2713 1765 2771 abbatem
1785 2715 1910 2769 Mo-

2015 1865 2187 1935 muni,
2211 1864 2629 1938 magnanimitas
2657 1879 2849 1924 eorum
2883 1863 3184 1922 mirabilius
3212 1872 3505 1938 aptaretur.

2632 1961 2873 2019 CAPUT
2913 1962 2989 2017 X.

2278 2059 2357 2111 De
2379 2054 2462 2110 his
2481 2056 2583 2123 qui
2597 2056 2903 2124 imperfecti
2914 2069 3145 2110 eremum
3167 2059 3384 2126 petunt.

2087 2140 2106 2178 ¹
2127 2146 2317 2203 Solent
2351 2155 2535 2203 autem
2576 2148 2823 2204 nonnulli
2851 2146 2923 2203 ita
2956 2147 3215 2205 diuturno
3245 2148 3458 2207 silentio
3487 2153 3621 2209 soli-

2015 2238 2216 2296 tudinis
2252 2238 2489 2308 efferari,
2530 2247 2590 2295 ut
2618 2255 2847 2312 prorsus
2872 2239 3165 2298 hominum
3195 2244 3475 2301 consortia
3497 2262 3620 2317 per-

2013 2332 2353 2402 horrescant,
2384 2342 2440 2391 et
2466 2349 2596 2390 cum
2641 2334 2721 2391 vel
2751 2335 3039 2408 paululum
3065 2351 3095 2391 a
3124 2338 3321 2393 secreti
3356 2340 3445 2395 sui
3487 2340 3622 2396 soli-

2013 2428 2225 2496 tudine,
2266 2429 2663 2486 interveniente
2700 2428 2933 2487 fratrum
2984 2430 3305 2501 visitatione,
3348 2432 3617 2492 discesse-

2018 2525 2147 2593 rint,
2180 2523 2408 2581 notabili
2447 2523 2649 2580 mentis
2685 2539 2889 2598 angore
2930 2532 2987 2582 et
3030 2524 3371 2583 evidentibus
3397 2529 3620 2600 pusilla-

2018 2620 2287 2677 nimitatis
2340 2619 2552 2676 indiciis
2599 2626 2856 2677 aestuare.
2915 2619 3077 2690 Quod
3116 2621 3197 2689 vel
3245 2621 3483 2679 maxime
3531 2624 3622 2680 his

2019 2712 2235 2769 evenire
2276 2714 2585 2783 consuevit,
2621 2722 2649 2757 ε
2677 2714 2772 2788 qui
2812 2728 2924 2769 non
2972 2712 3208 2789 perfecte
3249 2714 3305 2769 in
3352 2715 3617 2775 arnobiis

1405 2849 1661 2905 ALARDI
1698 2849 1928 2904 ϐΑΖᾹ-ΞΙ
1969 2848 2527 2904 COMMENTARIUS.

309 2980 510 3052 quibus
538 2981 617 3036 ait
654 2980 953 3036 monachos
975 2978 1044 3034 ab
1069 2980 1329 3049 apostolis
1352 2978 1645 3059 appellatos
1668 2977 1743 3059 ab
1771 2976 1910 3058 indi-

310 3052 478 3101 uidua
518 3055 568 3101 et
585 3052 857 3101 sinaulari
879 3052 1013 3101 vita.
1043 3065 1163 3101 qua:
1189 3064 1286 3101 per
1309 3053 1522 3101 sanctas
1559 3048 1910 3101 dweszbilium

310 3052 478 3106 uidua
518 3055 568 3105 et
585 3052 857 3119 singulari
879 3052 1013 3112 vita,
1043 3065 1163 3119 qua:
1188 3064 1286 3119 per
1309 3053 1522 3103 sanctas
1559 3052 1911 3101 divisibilium

312 3123 602 3190 affectuum
641 3123 702 3174 in
743 3136 911 3174 unum
940 3121 1366 3188 complicationes
1400 3124 1451 3174 et
1479 3118 1823 3185 collectiones,
1856 3121 1913 3172 in

2025 2979 2316 3034 ardoribus
2342 2980 2759 3049 effervescentem
2776 2999 2832 3037 se
2849 2984 3087 3047 abdunt;
3108 2990 3159 3039 et
3171 2985 3296 3039 solis
3322 2986 3429 3039 illis
3453 3001 3621 3041 mem-

2025 3051 2283 3127 bris,un
2295 3057 2509 3127 natura:
2521 3055 2759 3127 serviunt
2770 3057 3090 3118 necessitati,
3103 3056 3342 3119 obtectis,
3354 3058 3622 3127 reliquum

2022 3137 2209 3194 corpus
2238 3124 2535 3194 frigoribus
2566 3126 2837 3180 immensis
2861 3132 2912 3180 et
2930 3127 3160 3193 fervidis
3187 3128 3312 3181 solis
3336 3124 3620 3184 ardoribus

311 3192 556 3281 diuinam
576 3193 838 3281 unitatem
854 3190 1681 3281 singularemquequfectinnfrn
1703 3204 1916 3281 prorno-
1945 3196 1990 3258 ε
2021 3190 2231 3281 nudum
2255 3190 2554 3281 (inponunt,
2578 3201 2715 3281 gestu
2744 3212 2895 3281 atque
2912 3190 3082 3281 utque
3092 3198 3279 3281 algore
3305 3205 3610 3281 contempto.

311 3266 431 3328 vet;
462 3260 519 3331 id
542 3269 643 3328 est,
669 3275 737 3316 eo
756 3260 907 3331 quod
936 3260 1100 3316 rebus
1124 3260 1480 3317 divisibilibus
1510 3269 1565 3316 et
1589 3260 1913 3331 temporali-

312 3332 419 3388 bus
443 3330 735 3397 derelictis,
767 3330 1010 3398 Monadi,
1046 3331 1103 3388 id
1131 3340 1231 3401 est,
1272 3332 1550 3387 Divinitati
1575 3331 1677 3387 soli
1707 3330 1914 3403 placere

318 3405 673 3460 contendant.
701 3404 827 3475 Quo
855 3419 1016 3460 sensu
1036 3419 1245 3475 nomen
1268 3403 1521 3475 monachi
1561 3402 1693 3459 solis
1710 3401 1914 3458 eremi-

315 3475 384 3530 tis
408 3482 463 3530 et
491 3474 746 3530 solitariis
774 3475 988 3544 proprie
1025 3474 1311 3529 convenire
1340 3474 1600 3530 diximus.

384 3554 409 3581 ι
438 3544 633 3600 Glossa
662 3544 933 3600 ordinaria
959 3562 971 3598 :
1006 3546 1137 3601 Cum
1165 3549 1288 3607 Deo,
1320 3562 1426 3600 non
1452 3548 1733 3599 immixtus
1768 3560 1913 3613 nego

318 3618 519 3669 tiorum
546 3620 597 3669 et
621 3615 1007 3670 desideriorum
1032 3616 1229 3671 turbis.

384 3687 411 3719 δ
442 3684 661 3757 Glossa,
692 3686 762 3739 ab
790 3688 939 3739 omni
964 3688 1198 3757 strepitu
1221 3686 1428 3739 mundi.

385 3756 644 3825 EGlossa,
672 3757 1050 3813 contemnendo
1072 3756 1311 3820 terrena,
1338 3761 1389 3810 et
1415 3756 1490 3810 ad
1524 3758 1752 3812 calestia
1779 3760 1916 3827 aspi»

316 3828 509 3882 rando.
538 3829 813 3884 Desiderio
834 3831 973 3882 enim
997 3829 1126 3883 bono
1147 3828 1470 3882 levamurad
1491 3832 1677 3893 Deum,
1700 3831 1782 3882 ait
1797 3830 1915 3883 Au-

315 3900 583 3967 gustinus.
604 3900 740 3954 Haec
767 3898 866 3953 ibi.
888 3898 1026 3953 Mihi
1060 3898 1280 3954 videtur
1303 3897 1392 3952 hic
1415 3898 1519 3951 tria
1560 3898 1616 3952 in
1643 3897 1916 3953 monacho

319 3969 699 4024 commendari
728 3988 741 4024 :
773 3970 1017 4040 quietem
1043 3970 1241 4024 mentis
1271 3976 1327 4023 et
1351 3968 1634 4040 corporis,
1666 3983 1792 4040 qua:
1818 3984 1916 4040 per

314 4041 611 4113 sessionem
655 4039 875 4096 solitarii
919 4039 1235 4113 designatur
1277 4039 1753 4113 gntaciturnitate’m
1784 4039 1917 4113 oris,

314 4126 442 4167 cum
479 4110 681 4168 dicitur
707 4130 719 4167 :
753 4114 825 4169 Et
843 4110 1067 4180 tacebit}
1094 4120 1150 4167 et
1176 4110 1419 4169 studium
1444 4111 1920 4183 contemplationis

314 4198 425 4254 quo
449 4198 686 4255 suprase
724 4184 984 4240 elevatur.

386 4254 411 4288 ἀ
442 4256 523 4309 Ita
563 4255 803 4311 correxit
839 4255 1129 4312 Ciaconius
1156 4269 1220 4310 ex
1254 4253 1552 4319 Vaticanis,
1584 4269 1712 4309 cum
1758 4260 1916 4308 antea

316 4324 373 4396 in
398 4324 669 4396 plerisque
688 4367 704 4393 ,
742 4333 798 4380 et
826 4325 1169 4396 Plantiniana
1199 4324 1366 4380 etiam
1391 4324 1631 4396 editione
1658 4324 1920 4381 mendose

318 4393 607 4466 legeretur,
645 4396 799 4466 μερὶς,
835 4397 916 4451 vel
954 4393 1196 4466 μεριτιᾉὴ.
1230 4398 1324 4450 Est
1350 4395 1499 4450 enim
1531 4397 1747 4466 μερικὸς,
1787 4410 1918 4466 par—

316 4464 491 4531 tialis,
544 4464 895 4536 dimidiatus,
941 4464 1312 4536 imperfectus.
1344 4467 1448 4536 Alta
1493 4464 1801 4521 cellatione‘
1838 4471 1909 4536 713

318 4549 436 4609 cap.
472 4541 510 4609 _5
538 4534 699 4591 docet
744 4535 915 4591 abba
934 4534 1273 4609 Chaeremon
1304 4534 1911 4609 philosophosggentiles

318 4550 436 4663 capti).
477 4550 510 4591 δ
538 4550 699 4591 uocet
744 4550 915 4591 anna
948 4550 1273 4593 Chaeremon
1304 4550 1654 4606 pnnosopnos
1688 4550 1911 4609 genmes

318 4604 387 4678 ha
429 4606 575 4663 uisse
602 4606 989 4664 tantummodo
1014 4606 1306 4678 quamdam
1352 4607 1575 4677 μερίκην,
1602 4607 1681 4662 vel
1723 4606 1915 4677 μερίδα,

318 4677 372 4733 id
400 4687 503 4747 est,
531 4679 935 4750 portiunculam
961 4677 1244 4750 castitatis.

389 4750 412 4779 ε
435 4746 546 4804 Hic
566 4766 757 4806 rursus
791 4750 1032 4807 theorica
1070 4766 1168 4822 pro
1206 4747 1503 4805 theoretica
1540 4746 1682 4819 apud
1698 4747 1918 4822 Cassia-

318 4834 454 4902 num
484 4839 497 4872 :
528 4830 588 4876 ut
623 4830 679 4878 et
712 4823 859 4894 apud
888 4826 959 4879 D.
982 4819 1398 4947 Hieronymum,
1431 4828 1495 4875 ut
1530 4819 1778 4891 superius
1807 4835 1918 4876 me-
1956 4858 1962 4863 -

318 4905 582 4946 minimus
603 4893 812 4947 (Collat.
854 4901 902 4947 I.
928 4910 973 4947 c.
998 4901 1032 4947 2
1054 4918 1070 4947 ι
1102 4895 1219 4947 col.
1257 4899 1344 4947 l4.
1364 4909 1408 4947 c.
1438 4892 1520 4947 2).

318 4889 582 4963 minimus
603 4889 812 4963 (Collat.
854 4901 902 4961 l,
928 4910 973 4948 c.
998 4901 1070 4962 2;
1102 4889 1219 4948 coll.
1257 4899 1344 4959 I4,
1364 4909 1408 4947 c.
1438 4892 1520 4963 2).

392 4959 412 5036 ξ
441 4959 953 5036 Tales'qnibusdam
998 4959 1193 5020 saltem
1237 4959 1590 5036 lineamentis
1625 4960 1916 5036 depingere

320 5030 533 5116 videtur:
579 5030 662 5088 Df
683 5032 1057 5116 Hieronymus
1089 5036 1147 5089 in
1174 5033 1398 5116 epistola
1428 5042 1484 5116 4_,
1527 5032 1598 5116 ad
1624 5030 1912 5116 Rusticum

315 5104 657 5160 monachum
684 5123 696 5160 :
726 5106 867 5174 Alii,
893 5104 1167 5176 inquiens,
1188 5105 1415 5160 sublatis
1436 5108 1495 5160 in
1519 5106 1694 5159 altum
1721 5105 1911 5159 hume—

315 5177 417 5244 ris,
444 5180 494 5231 et
520 5180 671 5233 intra
688 5193 743 5234 se
754 5180 926 5233 nescio
949 5177 1085 5248 quid
1105 5180 1448 5240 cornicantes,
1468 5177 1912 5246 stupentibusque

316 5248 376 5301 in
426 5252 625 5305 terram
662 5250 848 5314 oculis,
888 5251 1150 5305 tumentia
1188 5250 1346 5305 verba
1383 5250 1739 5308 trutinantur,
1781 5252 1841 5299 ut
1865 5250 1917 5298 si

307 5333 602 5392 praeconem
611 5321 913 5385 addideris,
923 5325 1079 5392 putes
1088 5322 1330 5375 incedere
1344 5322 1759 5392 praefecturam.
1772 5318 1911 5392 sunt

312 5392 412 5460 qui
425 5391 644 5448 humore
670 5388 953 5456 cellarum",
984 5388 1712 5460 immoderatisquejejuniis,
1740 5389 1901 5442 taedio

309 5459 641 5527 solitudinis,
674 5480 737 5519 ac
762 5466 938 5520 nimia
958 5464 1191 5527 lectione,
1218 5464 1348 5518 dum
1361 5459 1561 5517 diebus
1575 5475 1638 5514 ac
1662 5460 1907 5514 motibus

309 5531 532 5585 auribus
558 5536 668 5586 suis
693 5542 1004 5603 personant,
1029 5539 1310 5591 vertuntur
1332 5536 1389 5589 in
1408 5532 1833 5595 melancholiam,
1855 5538 1906 5587 et

307 5604 648 5678 Περρορνατέε
856 5609 1109 5673 fomentis
1128 5624 1292 5678 quam
1310 5608 1510 5661 nostris
1528 5604 1907 5678 monitisindi-

306 5678 454 5747 gent.
482 5676 657 5747 ItaAD.
685 5674 1069 5747 Hieronymus.
1098 5674 1212 5733 Nec
1240 5678 1478 5733 multum
1516 5676 1584 5747 ab
1622 5675 1705 5729 his
1731 5674 1900 5747 dissi-

2023 3265 2102 3318 Eo
2123 3265 2348 3338 accedit,
2371 3267 2515 3335 quod
2535 3265 3023 3338 alimentisquibus
3037 3265 3274 3324 homines
3297 3274 3439 3325 vesci
3448 3265 3615 3326 solent

2015 3337 2236 3405 penitus
2246 3336 2492 3411 rejectis,
2522 3336 2884 3411 depascuntur
2910 3345 3107 3395 terram
3136 3357 3157 3394 :
3174 3341 3320 3397 unde
3346 3342 3536 3411 βόσκοι,
3560 3343 3615 3398 id

2020 3410 2128 3481 est,
2159 3407 2507 3481 pabulatores
2545 3407 2924 3481 appellantur;
2965 3413 3191 3481 indeque
3215 3407 3390 3468 solum
3423 3417 3618 3469 victum

2021 3477 2128 3553 sibi
2142 3478 2527 3553 suppeditant;
2553 3477 2685 3536 adeo
2713 3486 2775 3536 ut
2800 3498 2916 3536 cum
2949 3477 3176 3553 tempore
3206 3484 3397 3540 belluis
3415 3487 3615 3541 similes

2022 3550 2331 3625 efﬁciuntur
2350 3569 2367 3604 :
2382 3553 2582 3625 quippe
2593 3568 2714 3625 cum
2726 3554 2911 3620 forma
2925 3550 3154 3625 corporis
3174 3559 3226 3609 et
3238 3558 3415 3610 aninti
3428 3557 3623 3612 habitu

2022 3619 2090 3695 ub
2132 3620 2260 3695 aliis
2298 3619 2601 3695 hominibus
2642 3624 2959 3695 discrepent.
3002 3619 3082 3682 Άο
3121 3627 3175 3680 si
3215 3628 3355 3694 forte
3378 3628 3619 3683 tudel-int

2024 3690 2283 3767 homines,
2308 3694 2495 3767 statim
2520 3690 2855 3767 aufugiunt;
2908 3700 2960 3750 et
2996 3699 3049 3750 si
3078 3699 3177 3766 qui
3201 3690 3281 3751 eos
3323 3700 3616 3767 insequan-

2027 3766 2136 3824 tur,
2189 3766 2288 3836 aut
2322 3763 2609 3836 elabuntur
2644 3766 2918 3821 uelocitate
2952 3763 3172 3836 pedum,
3213 3772 3304 3822 ant
3343 3763 3607 3823 abstrusis

2026 3833 2551 3913 tergusque
2560 3835 2882 3913 difﬁcillime
2895 3833 3586 3913 accediseoccultant
3594 3880 3608 3894 .

2095 3903 2123 3981 εξ
2144 3903 2287 3981 Hinc
2310 3907 2381 3959 D.
2409 3903 3097 3981 HieronYmusinneadem'
3118 3910 3203 3965 illa
3230 3910 3455 3981 epistola
3489 3931 3503 3967 :
3536 3916 3615 3967 De

2026 3973 2173 4051 ludo,
2201 3975 2299 4043 ait,
2322 3973 2764 4051 monasteriorum
2789 3979 3154 4050 hujuscemodi
3173 3973 3290 4037 volo
3306 3982 3491 4051 egredi
3512 3986 3620 4037 mi-

2025 4045 2163 4125 lites,
2202 4062 2332 4115 quos
2370 4050 2532 4101 eremi
2556 4049 2701 4125 dura
2726 4045 3037 4125 rudimenta
3065 4067 3174 4107 non
3203 4045 3472 4125 terreant;
3514 4057 3623 4125 qui

2019 4118 2285 4194 specimen
2306 4122 2717 4194 conuersationis
2735 4137 2848 4177 sua:
2876 4124 3043 4179 multo
3070 4128 3302 4194 tempore
3329 4118 3577 4180 dederint
3600 4145 3618 4180 :

2024 4189 2120 4255 qui
2139 4190 2373 4243 omnium
2400 4192 2613 4266 fuerint
2634 4194 2864 4266 minimi,
2878 4198 2941 4248 ut
2955 4197 3127 4264 primi
3140 4189 3379 4250 oinnium
3400 4200 3618 4266 ﬁerent,-

2023 4272 2153 4326 quos
2176 4274 2268 4339 nec
2282 4264 2480 4339 esuries
2503 4263 2796 4339 aliquando
2813 4279 2904 4319 nec
2916 4263 3182 4339 sdturitas
3202 4263 3479 4337 superauit
3493 4287 3508 4337 ;
3524 4271 3625 4339 qui

2018 4336 2353 4406 paupertate
2368 4333 2662 4406 artantur;
2689 4351 2915 4403 quorum
2934 4337 3173 4399 habitus,
3198 4333 3391 4401 sermo,
3414 4333 3614 4406 vultus,

2026 4401 2275 4463 incessus,
2315 4403 2557 4457 doctrina
2583 4401 2846 4460 virtutum
2878 4412 2974 4469 est,
3006 4415 3108 4463 etc.
3139 4408 3423 4465 Cassianus
3448 4410 3543 4465 lib.
3575 4401 3615 4465 v

2018 4470 2263 4549 I_nst_i_tut_.
2288 4488 2404 4549 cap.
2437 4479 2514 4549 367
2534 4492 2556 4549 :_
2575 4476 2785 4545 Alium,
2817 4475 3011 4549 inquit,
3040 4479 3304 4543 ordinem,
3324 4484 3424 4549 qui
3442 4482 3619 4536 excel-

1944 4578 1995 4639 D
2029 4541 2478 4639 ζιίξίίὲῑιένς,
2493 4546 2556 4598 id
2567 4551 2666 4630 est,
2676 4541 3147 4639 anachoretanfm,
3160 4541 3610 4634 cunctor-amput-

2026 4615 2193 4695 qoniis
2203 4616 2469 4695 instigati,
2483 4620 2827 4695 sagacissimo
2839 4621 2994 4676 corde
3000 4621 3184 4695 uidere
3192 4615 3611 4693 properavimus:

2032 4682 2093 4761 bi
2116 4682 2349 4761 namque
2368 4688 2426 4739 in
2459 4682 2706 4744 canobiis
2719 4693 2963 4761 primum
2991 4682 3612 4749 diutissimecommm

2028 4757 2123 4834 tes,
2416 4761 2702 4834 patientia
2719 4757 2791 4817 ac
2817 4762 3152 4819 discretionis
3187 4766 3374 4834 regula
3396 4765 3613 4834 diligen-

2026 4828 2109 4879 ter
2143 4827 2331 4895 edocti,
2354 4827 2769 4887 et’humilitatis
2784 4836 3004 4901 pariter
3032 4851 3095 4889 ac
3125 4827 3395 4891 nuditatis
3418 4827 3619 4890 virtute

2016 4911 2278 4974 possessa,
2307 4905 2475 4974 atque
2496 4902 2571 4955 ad
2593 4918 2802 4974 purum
2831 4907 3091 4960 vitiorum
3120 4908 3465 4963 universitate
3492 4922 3625 4961 oon-

2021 4973 2260 5050 sumpta,
2286 4971 2576 5050 dirissimis
2594 4971 2894 5050 diamonum
2914 4978 3123 5050 prceliis
3148 4980 3504 5050 congressuri,
3525 4995 3621 5050 pec

2020 5043 2242 5120 netrant
2261 5045 2422 5120 eremi
2435 5045 2717 5120 prnfunda
2735 5043 2953 5120 secreti.
2971 5048 3041 5102 Et
3058 5043 3265 5104 rursus
3274 5048 3369 5105 lib.
3394 5043 3623 5105 vmln—

2019 5116 2190 5164 stitut.
2215 5127 2341 5191 cap.
2371 5119 2431 5167 I7
2450 5135 2476 5191 γε
2495 5118 2771 5180 Eremum,
2792 5117 2887 5182 ait,
2906 5120 3195 5188 perfectos,
3217 5123 3469 5191 omnique
3487 5123 3624 5176 uitio

2013 5187 2284 5265 Ρηνςᾳερε
2306 5190 2508 5265 Opprtct
2535 5192 2800 5265 expetere,
2817 5194 2870 5243 et
2878 5187 3105 5265 circoctis
3116 5191 3191 5245 ad
3201 5187 3405 5265 purum
3425 5195 3482 5247 εη
3500 5208 3622 5247 mn-

2019 5257 2608 5333 gregatignefratrum,
2620 5260 2793 5333 vitiis,
2812 5275 2919 5314 non
2929 5257 3404 5331 pusillanimitatis
3419 5265 3624 5333 perfu-

2020 5323 2129 5406 git},
2155 5326 2251 5406 sed
2278 5323 2963 5406 demandauit-one
2978 5333 3228 5406 obtentu,
3277 5338 3329 5388 et
3355 5323 3624 5390 desiderio

2018 5395 2253 5472 intuitus
2275 5395 2605 5472 sublimioris
2630 5395 2863 5472 int—rare,
2884 5405 2986 5472 qui
3005 5418 3109 5458 non
3126 5395 3239 5458 nisi
3250 5405 3311 5459 in
3328 5406 3624 5462 solitudine

2017 5481 2056 5547 εξ
2074 5468 2331 5547 perfectis
2358 5468 2682 5547 solummodo
2714 5468 2915 5547 poterit
2941 5476 3292 5547 apprehendi.
3336 5477 3613 5547 D._etiam

2015 5537 2356 5620 lienedictus
2383 5539 2532 5620 (Cap.
2574 5547 2591 5595 ι
2627 5537 2865 5620 Reg-ulte)
2908 5537 3210 5620 prudenter
3249 5545 3491 5620 ostendit
3520 5550 3617 5620 qui

2013 5604 2222 5691 dicendi
2257 5609 2366 5691 sint
2384 5604 2493 5691 veri
2514 5604 2890 5691 anachoreta},
2910 5604 2980 5691 iet
3009 5615 3235 5691 quinam
3261 5617 3330 5673 ad
3357 5617 3462 5673 hoc
3487 5604 3619 5676 vitae

2012 5690 2183 5746 genus
2228 5681 2338 5759 apti
2381 5689 2436 5759 et
2478 5681 2655 5739 idonei
2703 5686 2979 5759 censendi,
3023 5681 3293 5757 videlicet,
3346 5691 3447 5759 qui
3504 5706 3613 5745 non

502 5742 577 5828 illi
625 5742 1226 5828 monachi—dentibus
1266 5749 1527 5828 Exagrius
1567 5745 1687 5828 haec
2008 5742 2356 5828 conversionis
2396 5755 2606 5828 feruore
2650 5758 2851 5811 nouitio
2899 5742 3249 5828 (Turrecrem.
3280 5742 3612 5827 bommcntij,

303 5813 531 5879 (Hister.
556 5816 595 5870 l.
626 5829 649 5872 1
678 5829 798 5884 cap.
832 5815 919 5882 2i)
945 5831 960 5869 :
983 5813 1107 5870 Viri
1131 5831 1195 5869 ac
1217 5813 1465 5870 mulieres
1486 5819 1544 5869 in
1556 5814 1900 5869 solitwiinem
2008 5818 2101 5872 sed
2116 5813 2436 5877 monasterii
2457 5824 2611 5895 longa
2635 5813 2974 5897 eapmgnﬁh
3002 5813 3324 5886 didm“;
3342 5813 3607 5887 ἀίεύῶ
