4014 6202
327 316 454 370 1141

1041 308 1379 368 COLLATIO
1416 309 1548 365 XIX.
1586 334 1658 347 —
1695 305 1784 361 DE
1820 303 1924 360 FIN

2036 302 2412 361 ΚΕΝΟΒΙΤᾸΞ
2451 306 2538 362 ET
2577 307 2926 365 EREMITJE.

3494 118 3525 131 ἢ

3501 313 3635 368 1142

322 440 579 504 instituti,
612 453 718 495 nec
755 437 994 495 excoctis
1030 436 1306 509 prioribus
1340 433 1484 490 vitiis
1524 431 1594 488 ad
1626 429 1919 487 solitariam
1946 430 2002 496 Α
2028 428 2117 485 dix
2142 431 2415 499 omnium,
2437 447 2564 503 qua
2591 433 2876 505 exstirpata
2909 449 3023 490 non
3046 434 3260 506 fuerat,
3289 446 3635 508 peccatorum

323 552 383 592 se
410 535 580 591 vitam
616 535 919 589 immaturo
960 530 1232 587 desiderio
1272 526 1701 593 transtulerunt;
1738 524 1830 596 qui
1867 524 1925 579 in

325 637 557 701 utraque
594 636 747 700 parte
790 624 1090 698 imperfecti
1128 638 1346 695 semper
1394 637 1459 678 ac
1499 620 1739 692 fragiles,
1782 633 1927 691 quo-

323 737 558 795 cumque
604 736 734 777 aura
776 719 1167 776 commotionis
1211 715 1515 789 impulerit,
1573 713 1925 770 inclinantur.

322 818 467 872 Nam
519 814 987 888 quemadmodum
1034 811 1310 869 consortio
1359 809 1443 866 vel
1499 807 1929 878 interpellatione

325 909 557 969 fratrum
576 910 919 984 impatienter
948 916 1269 976 exastuant,
1291 907 1366 963 ita
1389 906 1447 961 in
1474 903 1772 961 solitudine
1786 917 1925 958 con-

323 1004 575 1062 sistentes
623 1004 740 1076 ejus
793 1002 963 1075 ipsius
1009 1001 1159 1075 quod
1201 1007 1464 1073 expetunt
1488 1008 1514 1034 ι
1559 996 1760 1053 silentii
1813 1009 1925 1049 non

323 1100 508 1156 ferunt
534 1094 844 1155 vastitatem
862 1137 879 1164 ,
907 1097 1105 1168 quippe
1129 1094 1220 1169 qui
1262 1110 1333 1150 ne
1376 1093 1550 1165 ipsam
1589 1089 1806 1163 quidem
1833 1103 1924 1144 ra-

318 1193 534 1250 tionem
558 1199 782 1260 norunt,
810 1192 965 1264 cujus
988 1205 1152 1247 causa
1176 1186 1470 1246 desiderari
1507 1186 1589 1241 vel
1618 1184 1795 1257 expeti
1824 1182 1926 1239 de-

324 1287 451 1344 beat
477 1285 735 1353 solitudo,
764 1284 860 1342 sed
887 1284 1030 1340 hanc
1069 1297 1187 1340 esse
1213 1280 1430 1339 virtutis
1468 1295 1533 1336 ac
1571 1276 1926 1352 professionis

322 1382 484 1438 istius
511 1380 825 1438 existimant
852 1394 1156 1445 summam,
1185 1387 1247 1435 ut
1270 1377 1498 1434 fratrum
1529 1374 1801 1430 consortia
1829 1372 1925 1429 de-

321 1478 601 1543 clinantes,
629 1476 902 1533 humanos
941 1472 1326 1531 tantummodo
1355 1470 1628 1544 refugiant
1664 1484 1729 1524 ac
1770 1467 1926 1524 dete-

321 1579 535 1628 stentur
555 1578 825 1643 aspectus.

941 1662 1180 1717 CAPUT
1214 1660 1321 1715 XI.

322 1767 686 1837 Interrogatio
722 1766 789 1821 de
824 1765 1265 1891 rmggégm?
1308 1762 1408 1831 qui
1436 1761 1542 1814 cito
1574 1757 1641 1812 de
1682 1752 1923 1810 canobit's

1152 1851 1228 1890 un
1259 1876 1272 1889 .

1152 1851 1272 1890 sunt.

397 1941 711 1997 Germanus
759 1958 772 1992 :
814 1939 939 2007 Quo
968 1952 1097 2009 ergo
1122 1936 1212 1992 vel
1249 1933 1411 1991 nobis
1450 1933 1532 1988 vel
1580 1930 1794 1988 cateris
1833 1928 1926 1999 qui

325 2033 576 2104 ejusdem
625 2031 932 2103 fragilitatis
967 2024 1130 2102 atque
1169 2029 1405 2085 miseria
1445 2029 1615 2098 [Lips.
1643 2028 1704 2081 in
1747 2039 1923 2093 marg.

324 2140 606 2182 mensura
627 2126 645 2193 ]
665 2130 817 2193 sunt,
855 2123 1104 2181 remedio
1131 2122 1333 2194 poterit
1358 2120 1658 2189 subveniri,
1688 2117 1779 2190 qui
1808 2132 1926 2175 ca-

320 2218 634 2276 nobialibus
679 2217 975 2291 disciplinis
1012 2218 1249 2274 tenuiter
1279 2215 1537 2283 instituti,
1566 2223 1695 2271 ante
1726 2212 1925 2284 expul-

318 2315 534 2371 sionem
564 2314 824 2370 omnium
866 2313 1151 2382 vitiorum,
1189 2311 1582 2368 habitationem
1619 2306 1929 2365 solitudinis

315 2409 594 2482 capimus
616 2407 894 2470 affectare.
925 2408 1006 2464 vel
1030 2423 1139 2481 quo
1161 2414 1314 2479 pacto
1334 2403 1741 2478 imperturbata
1767 2416 1928 2457 men-

317 2504 390 2560 tis
432 2503 800 2560 constantiam
833 2511 888 2559 et
931 2501 1273 2559 immobilem
1318 2498 1594 2573 patientia
1628 2497 1927 2569 poterimus

315 2597 728 2671 apprehendere
764 2597 1126 2663 firmitatem,-
1162 2596 1257 2667 qui
1317 2594 1462 2666 ipsas
1513 2589 1926 2664 quodammodo

310 2693 539 2751 scholas
564 2701 621 2749 et
651 2691 1054 2749 exercitationis
1081 2690 1246 2763 hujus
1275 2690 1608 2761 palastram,
1642 2685 1698 2741 in
1724 2701 1832 2757 qua
1855 2683 1925 2739 ad

308 2788 540 2861 plenum
581 2787 783 2843 erudiri
829 2802 895 2842 ac
942 2785 1129 2857 perﬁci
1174 2783 1441 2856 principia
1493 2790 1682 2837 nostra
1727 2779 1928 2836 debue-

306 2888 463 2948 rant,
487 2879 874 2952 intempestive
900 2878 1205 2935 intonuisse
1249 2875 1482 2933 canobii
1511 2873 1925 2930 conversatione

304 2972 743 3044 dereliquimus;
777 2972 1012 3043 qualiter
1047 2986 1180 3043 ergo
1208 2986 1355 3026 nunc
1384 2968 1631 3025 solitarie
1670 2981 1924 3023 commo-

306 3075 504 3125 rantes
521 3108 538 3136 ,
597 3064 988 3138 perfectionem
1052 3063 1480 3136 longanimitatis
1535 3078 1599 3117 ac
1656 3060 1927 3133 patientia

306 3174 742 3231 consequemur,
773 3158 855 3214 vel
879 3156 1353 3229 quemadmodum
1373 3155 1474 3211 has
1504 3154 1610 3210 sibi
1640 3154 1816 3211 inesse
1842 3153 1925 3209 vel

2033 541 2199 594 quam
2225 525 2406 582 adhuc
2446 527 2502 581 in
2527 528 2687 584 nobis
2714 529 2891 585 vivere
2929 529 3016 588 his
3061 531 3516 604 deprehendimus
3547 533 3635 589 in—

2033 618 2208 676 diciis.
2261 621 2424 677 Verbi
2470 621 2640 694 gratia
2673 644 2686 679 :
2719 624 2859 679 Cum
2897 624 2954 680 in
2991 626 3284 683 solitudine
3331 628 3632 696 constituti,

2034 712 2330 770 adventum
2354 712 2595 772 fratrum
2633 717 2717 772 vel
2755 717 3132 775 brevissimam
3180 736 3373 776 eorum
3411 737 3631 779 moram

2035 824 2164 865 cum
2191 808 2428 881 quadam
2455 812 2740 868 astuantis
2775 812 2938 869 animi
2970 813 3238 871 anxietate
3282 816 3631 888 suscipimus,

2033 901 2212 959 inesse
2236 903 2414 960 adhuc
2442 905 2501 960 in
2526 904 2685 962 nobis
2713 905 3121 965 vivacissimum
3148 909 3505 981 impatientia
3541 910 3634 967 fo-

2033 998 2225 1053 mitem
2249 999 2594 1067 noverimus;
2633 1015 2761 1056 cum
2787 1017 2920 1057 vero
2944 1001 3268 1075 cujusquam
3286 1002 3474 1059 fratris
3508 1020 3630 1076 spe-

2034 1106 2219 1147 ramus
2246 1091 2562 1161 adventum,
2593 1094 2639 1149 si
2664 1109 2731 1151 eo
2758 1111 2858 1168 pro
2885 1098 3208 1154 necessitate
3234 1097 3410 1170 aliqua
3438 1100 3634 1171 paulu-

2032 1185 2151 1241 lum
2177 1183 2408 1241 forsitan
2431 1185 2755 1245 demorante
2774 1228 2788 1253 ,
2818 1191 2904 1246 vel
2931 1191 3093 1247 tacita
3123 1191 3421 1265 indignatio
3463 1193 3636 1250 nimia

2032 1279 2150 1352 ejus
2187 1280 2482 1352 culpaverit
2506 1281 2844 1351 tarditatem,
2872 1291 2927 1339 et
2953 1293 3198 1340 mentem
3233 1295 3481 1342 nostram
3524 1288 3631 1343 im-

2034 1373 2267 1430 modica
2294 1377 2717 1446 exspectationis
2743 1378 3049 1435 ollicitudo
3078 1379 3404 1447 turbaverit,
3435 1381 3529 1437 ira
3557 1389 3637 1437 at-

2034 1483 2140 1539 que
2176 1468 2411 1525 tristitia
2451 1469 2740 1526 manifeste
2782 1471 2840 1526 in
2867 1471 3024 1528 nobis
3057 1472 3186 1528 vitia
3222 1473 3465 1530 residere
3505 1490 3635 1529 con-

2036 1561 2279 1618 scientia
2304 1571 2510 1619 nostra
2535 1563 2781 1634 probavit
2816 1579 3068 1621 examen.
3102 1569 3243 1622 Item
3268 1566 3312 1622 si
3349 1566 3522 1624 fratre
3554 1568 3634 1624 vel

2028 1654 2269 1710 codicem
2299 1655 2371 1712 ad
2400 1655 2691 1729 legendum
2714 1657 2797 1713 vel
2824 1658 3128 1730 quamlibet
3172 1660 3331 1716 aliam
3375 1660 3447 1717 ad
3473 1670 3639 1716 uten-

2029 1747 2164 1804 dum
2191 1747 2427 1820 speciem
2471 1750 2801 1822 postulante,
2840 1760 2937 1808 aut
2966 1768 3069 1808 nos
3104 1752 3245 1809 illius
3273 1753 3461 1826 petitio
3499 1769 3635 1810 con-

1952 1846 2002 1909 B
2030 1840 2349 1910 tristaverit,
2372 1850 2467 1897 aut
2493 1842 2647 1899 illum
2664 1843 2877 1916 negatio
2902 1854 3087 1901 nostra
3112 1845 3391 1917 repulerit,
3408 1844 3635 1902 dubium

2035 1951 2150 1991 non
2188 1944 2273 1992 est
2293 1951 2397 1992 nos
2434 1935 2616 1993 adhuc
2651 1937 2887 2018 avaritia
2916 1952 3011 1995 seu
3044 1937 3393 2012 philargyria
3434 1938 3639 2010 laqueis

2034 2029 2358 2102 compediri.
2380 2031 2543 2103 Quod
2568 2032 2612 2088 si
2647 2031 3087 2089 recordationem
3124 2032 3349 2089 femina
3370 2032 3528 2090 nobis
3554 2033 3636 2088 vel

2032 2123 2293 2197 cogitatio
2338 2122 2515 2180 subita
2554 2124 2637 2181 vel
2675 2141 2843 2182 sacra
2871 2126 3040 2182 series
3076 2126 3324 2183 lectionis
3374 2126 3637 2192 attulerit,

2034 2226 2088 2275 et
2115 2219 2173 2275 in
2190 2235 2254 2276 ea
2278 2218 2514 2290 quadam
2541 2235 2647 2276 nos
2677 2220 3004 2277 senserimus
3031 2219 3334 2276 titillatione
3366 2221 3635 2292 pulsatos,

2033 2314 2270 2369 sciamus
2294 2312 2529 2370 necdum
2559 2314 2890 2371 exstinctum
2913 2315 2968 2370 in
2995 2314 3262 2371 membris
3285 2314 3491 2371 nostris
3517 2312 3638 2370 for-
3721 2341 3726 2346 ο

2026 2406 2320 2463 nicationis
2340 2407 2617 2464 ardorem.
2640 2409 2696 2464 Si
2718 2425 2846 2465 vero
2866 2407 2933 2465 de
2962 2409 3376 2480 comparatione
3394 2409 3637 2465 strictio-

2035 2500 2119 2557 nis
2140 2509 2345 2558 nostra
2373 2510 2429 2557 et
2455 2501 2798 2558 remissionis
2817 2502 3010 2558 aliena
3028 2502 3107 2558 vel
3134 2501 3451 2559 tenuissima
3478 2518 3639 2559 men-

2031 2603 2143 2650 tem
2201 2603 2451 2651 nostram
2497 2595 2724 2651 tentarit
2769 2594 2954 2663 elatio,
2985 2603 3196 2651 certum
3242 2603 3325 2651 est
3379 2594 3496 2652 dira
3539 2611 3642 2651 nos

2032 2691 2306 2764 superbia
2348 2700 2499 2762 peste
2548 2700 2857 2764 corruptos.
2887 2691 3027 2748 Cum
3056 2692 3174 2749 hac
3219 2707 3350 2765 ergo
3389 2691 3445 2747 in
3474 2690 3641 2748 corde

2032 2793 2224 2841 nostro
2251 2783 2771 2857 deprehenderimus
2808 2785 3067 2841 vitiorum
3096 2785 3316 2850 indicia,
3347 2781 3641 2841 manifeste

2032 2892 2430 2951 cognoscamus
2447 2877 2609 2934 nobis
2624 2894 2734 2935 non
2758 2877 3040 2946 affectum,
3058 2878 3153 2935 sed
3168 2876 3429 2935 effectum
3454 2877 3642 2933 deesse

2028 2972 2255 3043 peccati.
2313 2974 2453 3043 Qua
2490 2972 2677 3045 utique
2706 2974 3016 3044 passiones,
3074 2973 3120 3028 si
3157 2988 3261 3029 nos
3307 2972 3636 3045 quandoque

2032 3065 2432 3122 conversationi
2463 3064 2847 3122 miscuerimus
2869 3065 3148 3134 humana,
3177 3066 3426 3138 protinus
3454 3064 3526 3121 de
3548 3080 3640 3120 ca-

2033 3159 2212 3214 vernis
2250 3168 2566 3216 nostrorum
2600 3174 2863 3216 sensuum
2908 3158 3281 3232 procedentes,
3323 3157 3558 3230 probant
3581 3175 3641 3216 se

305 3254 509 3311 deesse
524 3253 757 3309 virtutes
780 3249 1116 3323 exploratrix
1142 3250 1490 3305 internorum
1519 3255 1777 3303 motuum
1804 3262 1933 3304 con-
1965 3236 2011 3299 C
2040 3267 2153 3307 non
2171 3261 2304 3309 tunc
2327 3254 2570 3324 primum
2593 3268 2721 3309 cum
2754 3253 3036 3325 eruperint
3060 3253 3236 3322 nasci,
3263 3252 3361 3309 sed
3390 3259 3522 3309 tunc
3548 3253 3641 3310 de—

305 3345 545 3403 scientia
567 3343 964 3418 deprehendet,
988 3358 1059 3399 ne
1077 3341 1222 3399 forte
1248 3341 1372 3415 quia
1388 3340 1459 3397 ab
1482 3340 1775 3397 hominum
1798 3354 1927 3395 con-

307 3438 498 3495 sortio
520 3436 784 3510 segregati
820 3436 986 3492 nullis
1018 3434 1338 3493 eorumdem
1369 3432 1768 3490 irritationibus
1795 3447 1919 3503 pro-

310 3546 606 3599 vocamur,
634 3530 769 3588 falsa
808 3530 1177 3587 astimatione
1219 3529 1448 3601 decepti,
1478 3525 1925 3599 tranquillitatem

308 3626 525 3682 mentis
560 3640 662 3681 nos
685 3624 1033 3681 immobilem
1067 3623 1342 3697 possidere
1365 3621 1695 3680 credamus?

918 3730 1161 3785 CAPUT
1197 3728 1329 3783 XII.

299 3834 604 3904 Responsio
631 3833 890 3903 quomodo
913 3834 1087 3905 possit
1127 3833 1409 3887 solitarius
1439 3832 1578 3885 vitia
1615 3844 1717 3885 sua
1753 3845 1924 3899 agno-

1040 3918 1198 3958 scere.

376 4009 631 4064 Joannes
685 4026 698 4060 :
754 4009 819 4060 In
868 4005 1092 4059 veritate
1146 4002 1517 4074 quarentibus
1569 4001 1921 4070 medicinam,

290 4099 559 4162 remedia
609 4099 977 4155 curationum.
1004 4097 1079 4154 ab
1124 4096 1224 4152 illo
1278 4094 1565 4150 verissimo
1615 4095 1920 4152 animarum

2036 3360 2197 3401 mum
2229 3346 2355 3415 quia
2383 3345 2477 3401 diu
2505 3347 2760 3402 latuerint
2784 3346 3068 3417 publicari.
3102 3350 3173 3403 Et
3199 3349 3272 3402 ita
3302 3348 3643 3420 uniuscujus-

2035 3452 2146 3510 que
2196 3437 2307 3493 vitii
2354 3438 2563 3495 radices
2604 3439 2779 3494 inesse
2831 3438 3036 3496 deﬁxas
3071 3440 3172 3496 sibi
3220 3440 3385 3496 certis
3427 3440 3640 3497 indiciis

2033 3531 2203 3587 etiam
2255 3530 2532 3587 solitarius
2595 3531 2980 3603 deprehendit,
3032 3533 3278 3606 quisquis
3342 3535 3635 3606 puritatem

2033 3640 2192 3681 suam
2214 3641 2330 3681 non
2357 3624 2673 3682 hominibus
2698 3636 2993 3694 ostentare,
3017 3628 3112 3685 sed
3139 3629 3282 3684 illius
3322 3630 3635 3703 conspectui

2032 3717 2352 3776 inviolatam
2392 3719 2664 3776 studuerit
2701 3720 2980 3790 exhibere,
3010 3738 3175 3795 quem
3230 3723 3395 3780 latere
3445 3724 3632 3782 omnia

2031 3813 2214 3870 cordis
2235 3828 2432 3871 arcana
2458 3831 2567 3871 non
2597 3825 2849 3888 possunt.

2616 3919 2850 3975 CAPUT
2886 3921 3051 3977 XIII.

2031 3992 2673 4088 Ιηεθννοράεὶοτᾳαοτηοᾴο
2686 4019 2882 4088 sanari
2900 4019 3179 4086 possitqui
3192 4031 3297 4071 non
3320 4019 3636 4088 expurgatis

2353 4087 2505 4139 vitiis
2538 4086 2884 4143 solitudinem
2911 4090 3188 4156 ingressus
3215 4090 3306 4142 sit.

2101 4183 2412 4240 Germanus
2443 4202 2458 4239 :
2486 4189 2821 4257 Argumenta
2850 4186 3051 4258 quibus
3079 4189 3461 4246 infirmitatum
3484 4188 3633 4246 indi-

2028 4277 2112 4335 cia
2154 4278 2476 4352 colligantur
2511 4287 2567 4335 et
2605 4280 2873 4336 rationem
2901 4281 3384 4340 discernendarum
3410 4285 3630 4355 agritu-

2029 4372 2245 4439 dinum,
2271 4372 2327 4429 id
2348 4382 2452 4441 est,
2477 4389 2590 4446 quo
2614 4383 2774 4446 pacto
2811 4375 2939 4432 vitia
2970 4392 3093 4449 quae
3116 4378 3364 4434 celantur
3390 4378 3449 4434 in
3469 4378 3630 4435 nobis

290 4194 567 4260 medico,
613 4193 800 4249 deesse
860 4206 972 4247 non
1026 4196 1283 4262 possunt,
1338 4187 1424 4244 his
1472 4190 1775 4261 prasertim
1829 4188 1923 4261 qui

287 4284 321 4325 ι’
352 4286 710 4345 valetudines
755 4301 901 4348 suas,
946 4300 1061 4341 non
1095 4281 1438 4357 desperando
1480 4290 1575 4338 aut
1601 4282 1921 4355 negligendo

284 4381 770 4453 contempserint,
800 4394 902 4436 nec
934 4380 1225 4436 vulnerum
1253 4393 1483 4434 suorum
1511 4375 1750 4449 pericula
1785 4376 1924 4432 cela-

285 4479 515 4538 verint,
564 4484 659 4530 aut
685 4474 957 4531 medelam
996 4472 1328 4547 poenitentia
1363 4471 1578 4545 procaci
1620 4479 1805 4526 mente
1831 4486 1918 4526 re-
2030 4468 2241 4522 valeant
2269 4466 2634 4539 deprehendi,
2665 4468 2843 4526 lucide
2884 4470 3016 4527 satis
3044 4479 3339 4544 aperteque
3385 4474 3632 4544 percepi-

283 4569 583 4647 spuerint,
609 4567 706 4625 sed
735 4583 836 4639 pro
882 4567 1230 4640 languoribus
1256 4566 1580 4639 ignorantia
1612 4565 1694 4621 vel
1736 4580 1919 4622 errore
1944 4636 1988 4647 _
2029 4574 2173 4615 mus.
2201 4560 2398 4616 Omnia
2416 4561 2684 4634 siquidem
2709 4563 3029 4635 quotidiana
3059 4565 3389 4636 experientia
3422 4582 3487 4621 ac
3509 4565 3629 4621 diu-

281 4636 379 4722 vel
433 4636 767 4719 necessitate
803 4636 1133 4724 contractis,
1179 4636 1372 4713 humili
1401 4647 1625 4715 tandem
1662 4666 1717 4714 et
1759 4667 1917 4715 cauta
1944 4636 1998 4701 Β
2028 4657 2202 4712 turnis
2235 4665 2550 4714 nostrarum
2579 4658 2824 4716 motibus
2852 4660 3266 4731 cogitationum,
3298 4659 3368 4713 ita
3404 4668 3465 4714 ut
3487 4659 3628 4714 dicta

279 4762 362 4818 ad
407 4757 702 4814 caelestem
746 4753 1025 4810 medicum
1061 4760 1247 4809 mente
1281 4750 1638 4824 confugerint.
1682 4753 1921 4825 Ideoque
2028 4758 2177 4818 sunt,
2215 4752 2508 4807 intuemur.
2545 4752 2805 4823 Superest
2844 4753 3012 4823 igitur
3053 4761 3113 4807 ut
3151 4750 3622 4823 quemadmodum

279 4867 476 4911 nosse
508 4848 775 4904 debemus
801 4846 952 4920 quod
974 4846 1020 4903 si
1057 4845 1127 4902 ad
1147 4843 1503 4901 solitudinem
1530 4845 1613 4901 vel
1637 4844 1711 4901 ad
1737 4846 1920 4903 abdita
2026 4844 2377 4916 probationes
2415 4858 2706 4914 causaque
2729 4844 3054 4900 morborum
3082 4844 3490 4901 evidentissima
3518 4861 3627 4901 no~

282 4950 423 5005 loca
469 4939 723 4997 nondum
761 4941 966 4996 curatis
1014 4938 1158 4996 vitiis
1198 4937 1538 5003 secedamus,
1565 4937 1796 4996 effectus
1820 4956 1919 4996 eo-
2027 4939 2111 4995 bis
2156 4940 2402 4996 oratione
2442 4939 2725 5012 patefacta
2769 4950 2916 5005 sunt,
2960 4940 3033 4996 ita
3067 4940 3236 4996 etiam
3284 4942 3625 4997 curationum

2026 5032 2235 5090 medela
2261 5041 2617 5089 monstretur.
2640 5034 2784 5091 Nulli
2814 5050 3051 5106 namque
3073 5033 3303 5090 dubium
3334 5043 3437 5102 est,
3468 5035 3625 5090 illum

2027 5142 2186 5199 posse
2215 5125 2518 5182 rectissime
2546 5125 2614 5182 de
2636 5127 2923 5197 remediis,
2952 5128 3224 5185 malarum
3250 5126 3626 5184 valetudinum

282 5053 434 5099 rum
466 5030 861 5090 tantummodo
885 5032 1232 5103 reprimatur,
1252 5048 1365 5088 non
1384 5032 1761 5104 exstinguatur
1784 5032 1922 5090 affe-

278 5145 445 5194 ctus.
478 5127 690 5185 Latitat
727 5125 881 5181 enim
918 5125 1055 5181 intra
1085 5141 1208 5193 nos,
1234 5126 1407 5181 immo
1436 5124 1599 5180 etiam
1638 5127 1805 5198 serpit
1831 5143 1919 5182 ra-

1418 5258 1673 5313 ALARDI
1711 5260 1934 5316 GAZzEl
1974 5260 2530 5317 COMMENTARIUS.

273 5389 681 5466 fortissimum
694 5385 1482 5466 etastutz'sst'gnumbellatorem
1494 5384 1770 5466 diabolum
1784 5387 1925 5466 inul-

277 5456 489 5525 ξονωη
509 5459 700 5530 solatio
724 5458 801 5530 (id
815 5466 918 5530 est,
938 5457 1212 5530 adjutorio
1232 5456 1486 5530 aliorum,
1509 5464 1631 5526 puta
1652 5456 1921 5530 doctrina,

276 5529 598 5603 exemplo,
624 5527 868 5583 oratione
885 5527 1137 5601 fratrum)
1151 5528 1276 5603 jam
1292 5528 1437 5582 docti
1441 5543 1709 5597 pugnare,
1725 5534 1781 5603 et
1800 5529 1925 5583 bene

278 5599 595 5665 instrtictz‘,
625 5603 879 5669 fraterna
922 5615 990 5654 ea:
1026 5599 1140 5655 acie
1175 5599 1249 5668 (id
1293 5606 1393 5668 est,
1425 5599 1844 5670 congregatione
1871 5607 1928 5655 et

276 5672 601 5739 consortio
650 5671 882 5726 fratrum
926 5671 1429 5737 commilitantium)
1479 5671 1555 5724 ad
1595 5671 1927 5739 singularem

273 5759 561 5825 pugnam
576 5743 952 5825 securi
960 5742 1081 5810 jam
1100 5744 1215 5822 sine
1231 5743 1606 5825 consolatione:
1626 5743 1741 5825 sola
1760 5757 1924 5825 manu

279 5810 399 5878 ἶρεῖ
425 5815 659 5873 brachio
698 5814 776 5877 (id
822 5819 922 5874 est,
963 5812 1178 5882 propria
1229 5813 1427 5868 virtute
1479 5821 1534 5868 et
1577 5810 1926 5875 fortitudine)

280 5900 409 5955 Deo
440 5885 766 5943 auiriliante
783 5888 967 5938 contra
992 5884 1190 5946 carnis,
1219 5884 1413 5938 mundi
1440 5889 1492 5939 et
1514 5883 1721 5939 diaboli
1747 5888 1931 5938 tenta-

2030 5392 2212 5444 menta
2233 5403 2477 5458 pugnare
2495 5388 2793 5458 sufﬁciant.
2812 5388 2922 5446 Ubi
2947 5391 3392 5445 'l‘urrecrematus
3411 5386 3630 5443 adducit

2032 5458 2343 5531 doctrinam
2374 5461 2429 5515 S.
2454 5460 2701 5531 AThoma
2738 5462 2987 5530 superius
3013 5461 3238 5515 relatam
3266 5459 3378 5531 (Ad
3405 5476 3521 5531 cap.
3549 5459 3628 5530 6),

2031 5544 2147 5603 qua.
2185 5530 2344 5603 docet
2375 5529 2571 5603 quibus
2615 5529 2899 5603 conveniat
2932 5531 3040 5603 vita
3068 5530 3337 5599 solitaria,
3367 5539 3423 5586 et
3462 5529 3629 5603 quam

2034 5599 2406 5672 periculosum
2414 5671 2418 5672 ν
2444 5601 2518 5656 sit
2545 5600 2818 5668 indoctos,
2844 5609 2899 5656 et
2926 5602 3234 5672 inexpertos
3253 5644 3268 5669 ,
3294 5611 3350 5659 et
3376 5599 3626 5672 nondum

2032 5671 2267 5745 inbellis
2295 5671 2658 5745 spiritualibus
2685 5673 2814 5728 satis
2841 5671 3184 5741 exercitatos,
3218 5676 3383 5730 vitam
3411 5671 3629 5745 aggredi

2032 5742 2332 5798 solitariam
2364 5752 2418 5797 et
2441 5744 2798 5799 eremiticam.
3010 5779 3019 5787 ς

2103 5814 2335 5891 fldgest,
2356 5814 2797 5891 diuturnitatem,
2826 5816 3197 5891 prolixitatem
3218 5827 3274 5872 et
3299 5812 3630 5891 molestiam.

2104 5885 2132 5920 ἰ
2160 5884 2221 5940 Id
2255 5894 2363 5953 est,
2394 5887 2585 5962 animi,
2608 5884 2844 5944 morbos
2879 5896 2933 5943 et
2961 5887 3324 5944 infirmitates.
3367 5887 3465 5939 Est
3491 5884 3632 5943 enim
