  <div class='ocr_page' id='page_1' title='image "/cluster/home/n/w/nwhite01/storage/ocr_20150623/49/hvd.32044096580709/579.png"; bbox 0 0 4014 6202; ppageno 0'>
   <div class='ocr_carea' id='block_1_1' title="bbox 399 304 532 360">
    <p class='ocr_par' dir='ltr' id='par_1_1' title="bbox 399 304 532 360">
     <span class='ocr_line' id='line_1_1' title="bbox 399 304 532 360; baseline 0.023 -3"><span class='ocrx_word' id='word_1_1' title='bbox 399 304 532 360; x_wconf 75' lang='lat' dir='ltr'><strong>H43</strong></span> 
     </span>
    </p>
   </div>
   <div class='ocr_carea' id='block_1_2' title="bbox 1465 289 2612 352">
    <p class='ocr_par' dir='ltr' id='par_1_2' title="bbox 1465 289 2612 352">
     <span class='ocr_line' id='line_1_2' title="bbox 1465 289 2612 352; baseline -0.007 0"><span class='ocrx_word' id='word_1_2' title='bbox 1465 291 1744 352; x_wconf 80' lang='lat' dir='ltr'><strong>JOANNIS</strong></span> <span class='ocrx_word' id='word_1_3' title='bbox 1780 289 2087 348; x_wconf 79' lang='lat' dir='ltr'><strong>CASSIANI</strong></span> <span class='ocrx_word' id='word_1_4' title='bbox 2124 289 2612 347; x_wconf 83' lang='lat' dir='ltr'><strong>COLLATIONES.</strong></span> 
     </span>
    </p>
   </div>
   <div class='ocr_carea' id='block_1_3' title="bbox 3551 287 3695 341">
    <p class='ocr_par' dir='ltr' id='par_1_3' title="bbox 3551 287 3695 341">
     <span class='ocr_line' id='line_1_3' title="bbox 3551 287 3695 341; baseline 0.007 -1"><span class='ocrx_word' id='word_1_5' title='bbox 3551 287 3695 341; x_wconf 71' lang='grc'><strong>1144</strong></span> 
     </span>
    </p>
   </div>
   <div class='ocr_carea' id='block_1_4' title="bbox 395 410 3699 501">
    <p class='ocr_par' dir='ltr' id='par_1_4' title="bbox 395 410 3699 501">
     <span class='ocr_line' id='line_1_4' title="bbox 395 410 3699 501; baseline -0.006 -15"><span class='ocrx_word' id='word_1_6' title='bbox 395 429 670 501; x_wconf 74' lang='lat' dir='ltr'><strong>disputare</strong></span> <span class='ocrx_word' id='word_1_7' title='bbox 690 469 706 497; x_wconf 92' lang='lat'><strong>,</strong></span> <span class='ocrx_word' id='word_1_8' title='bbox 749 427 842 500; x_wconf 89' lang='lat' dir='ltr'><strong>qui</strong></span> <span class='ocrx_word' id='word_1_9' title='bbox 885 441 1075 483; x_wconf 89' lang='lat' dir='ltr'><strong>earum</strong></span> <span class='ocrx_word' id='word_1_10' title='bbox 1125 425 1275 498; x_wconf 89' lang='lat' dir='ltr'><strong>prius</strong></span> <span class='ocrx_word' id='word_1_11' title='bbox 1325 437 1517 479; x_wconf 82' lang='lat' dir='ltr'><strong>causas</strong></span> <span class='ocrx_word' id='word_1_12' title='bbox 1556 429 1720 492; x_wconf 90' lang='lat' dir='ltr'><strong>atque</strong></span> <span class='ocrx_word' id='word_1_13' title='bbox 1757 415 1990 490; x_wconf 81' lang='lat' dir='ltr'><strong>origines</strong></span> <span class='ocrx_word' id='word_1_14' title='bbox 2015 419 2072 483; x_wconf 87' lang='grc' dir='ltr'><strong>Α</strong></span> <span class='ocrx_word' id='word_1_15' title='bbox 2096 415 2187 489; x_wconf 88' lang='lat' dir='ltr'><strong>qui</strong></span> <span class='ocrx_word' id='word_1_16' title='bbox 2234 416 2443 474; x_wconf 89' lang='lat' dir='ltr'><strong>dudum</strong></span> <span class='ocrx_word' id='word_1_17' title='bbox 2473 432 2601 473; x_wconf 92' lang='lat' dir='ltr'><strong>cum</strong></span> <span class='ocrx_word' id='word_1_18' title='bbox 2631 415 2735 473; x_wconf 92' lang='lat' dir='ltr'><strong>tibi</strong></span> <span class='ocrx_word' id='word_1_19' title='bbox 2774 429 2891 472; x_wconf 90' lang='lat' dir='ltr'><strong>non</strong></span> <span class='ocrx_word' id='word_1_20' title='bbox 2919 414 3100 471; x_wconf 89' lang='lat' dir='ltr'><strong>solum</strong></span> <span class='ocrx_word' id='word_1_21' title='bbox 3130 424 3382 469; x_wconf 86' lang='lat' dir='ltr'><strong>summas</strong></span> <span class='ocrx_word' id='word_1_22' title='bbox 3417 410 3699 467; x_wconf 88' lang='lat' dir='ltr'><strong>convicio-</strong></span> 
     </span>
    </p>
   </div>
   <div class='ocr_carea' id='block_1_5' title="bbox 396 511 1988 595">
    <p class='ocr_par' dir='ltr' id='par_1_5' title="bbox 396 511 1988 595">
     <span class='ocr_line' id='line_1_5' title="bbox 396 511 1988 595; baseline -0.009 -15"><span class='ocrx_word' id='word_1_23' title='bbox 396 523 783 595; x_wconf 71' lang='lat' dir='ltr'><strong>tegrotantium</strong></span> <span class='ocrx_word' id='word_1_24' title='bbox 832 519 1159 577; x_wconf 85' lang='lat' dir='ltr'><strong>conscientia</strong></span> <span class='ocrx_word' id='word_1_25' title='bbox 1211 523 1503 574; x_wconf 84' lang='lat' dir='ltr'><strong>attestante</strong></span> <span class='ocrx_word' id='word_1_26' title='bbox 1553 511 1988 586; x_wconf 91' lang='lat' dir='ltr'><strong>deprehenderit.</strong></span> 
     </span>
    </p>
   </div>
   <div class='ocr_carea' id='block_1_6' title="bbox 397 608 1993 689">
    <p class='ocr_par' dir='ltr' id='par_1_6' title="bbox 397 608 1993 689">
     <span class='ocr_line' id='line_1_6' title="bbox 397 608 1993 689; baseline -0.009 -15"><span class='ocrx_word' id='word_1_27' title='bbox 397 621 583 689; x_wconf 81' lang='lat' dir='ltr'><strong>Itaque</strong></span> <span class='ocrx_word' id='word_1_28' title='bbox 607 616 735 672; x_wconf 88' lang='lat' dir='ltr'><strong>licet</strong></span> <span class='ocrx_word' id='word_1_29' title='bbox 773 612 1020 671; x_wconf 80' lang='lat' dir='ltr'><strong>doctrina</strong></span> <span class='ocrx_word' id='word_1_30' title='bbox 1049 610 1398 669; x_wconf 85' lang='lat' dir='ltr'><strong>beatitudinis</strong></span> <span class='ocrx_word' id='word_1_31' title='bbox 1424 619 1535 667; x_wconf 70' lang='lat' dir='ltr'><strong>tuas</strong></span> <span class='ocrx_word' id='word_1_32' title='bbox 1571 608 1859 664; x_wconf 85' lang='lat' dir='ltr'><strong>vulnerum</strong></span> <span class='ocrx_word' id='word_1_33' title='bbox 1885 619 1993 660; x_wconf 92' lang='lat' dir='ltr'><strong>no-</strong></span> 
     </span>
    </p>
   </div>
   <div class='ocr_carea' id='block_1_7' title="bbox 396 699 1992 778">
    <p class='ocr_par' dir='ltr' id='par_1_7' title="bbox 396 699 1992 778">
     <span class='ocr_line' id='line_1_7' title="bbox 396 699 1992 778; baseline -0.01 -9"><span class='ocrx_word' id='word_1_34' title='bbox 396 721 638 769; x_wconf 87' lang='lat' dir='ltr'><strong>strorum</strong></span> <span class='ocrx_word' id='word_1_35' title='bbox 668 726 868 766; x_wconf 87' lang='lat' dir='ltr'><strong>arcana</strong></span> <span class='ocrx_word' id='word_1_36' title='bbox 895 708 1199 776; x_wconf 87' lang='lat' dir='ltr'><strong>nudaverit,</strong></span> <span class='ocrx_word' id='word_1_37' title='bbox 1232 722 1341 778; x_wconf 91' lang='lat' dir='ltr'><strong>quo</strong></span> <span class='ocrx_word' id='word_1_38' title='bbox 1367 706 1431 761; x_wconf 85' lang='lat' dir='ltr'><strong>ﬁt</strong></span> <span class='ocrx_word' id='word_1_39' title='bbox 1465 712 1528 761; x_wconf 91' lang='lat' dir='ltr'><strong>ut</strong></span> <span class='ocrx_word' id='word_1_40' title='bbox 1555 715 1771 775; x_wconf 90' lang='lat' dir='ltr'><strong>sperare</strong></span> <span class='ocrx_word' id='word_1_41' title='bbox 1791 699 1992 772; x_wconf 89' lang='lat' dir='ltr'><strong>aliquid</strong></span> 
     </span>
    </p>
   </div>
   <div class='ocr_carea' id='block_1_8' title="bbox 397 792 1996 872">
    <p class='ocr_par' dir='ltr' id='par_1_8' title="bbox 397 792 1996 872">
     <span class='ocr_line' id='line_1_8' title="bbox 397 792 1996 872; baseline -0.009 -10"><span class='ocrx_word' id='word_1_42' title='bbox 397 807 558 862; x_wconf 90' lang='lat' dir='ltr'><strong>etiam</strong></span> <span class='ocrx_word' id='word_1_43' title='bbox 587 804 657 861; x_wconf 92' lang='lat' dir='ltr'><strong>de</strong></span> <span class='ocrx_word' id='word_1_44' title='bbox 685 803 947 861; x_wconf 87' lang='lat' dir='ltr'><strong>remediis</strong></span> <span class='ocrx_word' id='word_1_45' title='bbox 974 802 1291 869; x_wconf 86' lang='lat' dir='ltr'><strong>audeamus,</strong></span> <span class='ocrx_word' id='word_1_46' title='bbox 1319 801 1446 872; x_wconf 87' lang='lat' dir='ltr'><strong>quia</strong></span> <span class='ocrx_word' id='word_1_47' title='bbox 1480 807 1598 854; x_wconf 90' lang='lat' dir='ltr'><strong>tam</strong></span> <span class='ocrx_word' id='word_1_48' title='bbox 1639 794 1859 853; x_wconf 80' lang='lat' dir='ltr'><strong>evidens</strong></span> <span class='ocrx_word' id='word_1_49' title='bbox 1900 792 1996 849; x_wconf 90' lang='lat' dir='ltr'><strong>de-</strong></span> 
     </span>
    </p>
   </div>
   <div class='ocr_carea' id='block_1_9' title="bbox 394 887 1993 969">
    <p class='ocr_par' dir='ltr' id='par_1_9' title="bbox 394 887 1993 969">
     <span class='ocr_line' id='line_1_9' title="bbox 394 887 1993 969; baseline -0.009 -13"><span class='ocrx_word' id='word_1_50' title='bbox 394 899 619 956; x_wconf 89' lang='lat' dir='ltr'><strong>claratio</strong></span> <span class='ocrx_word' id='word_1_51' title='bbox 661 897 842 955; x_wconf 87' lang='lat' dir='ltr'><strong>morbi</strong></span> <span class='ocrx_word' id='word_1_52' title='bbox 866 912 1022 969; x_wconf 88' lang='lat' dir='ltr'><strong>spem</strong></span> <span class='ocrx_word' id='word_1_53' title='bbox 1048 893 1274 952; x_wconf 88' lang='lat' dir='ltr'><strong>remedii</strong></span> <span class='ocrx_word' id='word_1_54' title='bbox 1304 894 1619 966; x_wconf 84' lang='lat' dir='ltr'><strong>pollicetur;</strong></span> <span class='ocrx_word' id='word_1_55' title='bbox 1645 899 1832 946; x_wconf 89' lang='lat' dir='ltr'><strong>tamen</strong></span> <span class='ocrx_word' id='word_1_56' title='bbox 1869 887 1993 959; x_wconf 88' lang='lat' dir='ltr'><strong>quia</strong></span> 
     </span>
    </p>
   </div>
   <div class='ocr_carea' id='block_1_10' title="bbox 396 982 1994 1066">
    <p class='ocr_par' dir='ltr' id='par_1_10' title="bbox 396 982 1994 1066">
     <span class='ocr_line' id='line_1_10' title="bbox 396 982 1994 1066; baseline -0.008 -17"><span class='ocrx_word' id='word_1_57' title='bbox 396 993 670 1066; x_wconf 89' lang='lat' dir='ltr'><strong>primum,</strong></span> <span class='ocrx_word' id='word_1_58' title='bbox 692 998 755 1048; x_wconf 89' lang='lat' dir='ltr'><strong>ut</strong></span> <span class='ocrx_word' id='word_1_59' title='bbox 785 991 897 1059; x_wconf 86' lang='lat' dir='ltr'><strong>ais,</strong></span> <span class='ocrx_word' id='word_1_60' title='bbox 928 991 988 1045; x_wconf 92' lang='lat' dir='ltr'><strong>in</strong></span> <span class='ocrx_word' id='word_1_61' title='bbox 1016 988 1526 1062; x_wconf 86' lang='lat' dir='ltr'><strong>congregationibus</strong></span> <span class='ocrx_word' id='word_1_62' title='bbox 1561 986 1785 1042; x_wconf 91' lang='lat' dir='ltr'><strong>initium</strong></span> <span class='ocrx_word' id='word_1_63' title='bbox 1807 982 1994 1039; x_wconf 88' lang='lat' dir='ltr'><strong>salutis</strong></span> 
     </span>
    </p>
   </div>
   <div class='ocr_carea' id='block_1_11' title="bbox 395 1082 1991 1158">
    <p class='ocr_par' dir='ltr' id='par_1_11' title="bbox 395 1082 1991 1158">
     <span class='ocr_line' id='line_1_11' title="bbox 395 1082 1991 1158; baseline -0.008 -15"><span class='ocrx_word' id='word_1_64' title='bbox 395 1087 713 1158; x_wconf 87' lang='lat' dir='ltr'><strong>acquiritur,</strong></span> <span class='ocrx_word' id='word_1_65' title='bbox 757 1094 815 1142; x_wconf 93' lang='lat' dir='ltr'><strong>et</strong></span> <span class='ocrx_word' id='word_1_66' title='bbox 856 1084 974 1140; x_wconf 89' lang='lat' dir='ltr'><strong>sani</strong></span> <span class='ocrx_word' id='word_1_67' title='bbox 1005 1084 1062 1138; x_wconf 92' lang='lat' dir='ltr'><strong>in</strong></span> <span class='ocrx_word' id='word_1_68' title='bbox 1103 1082 1393 1139; x_wconf 85' lang='lat' dir='ltr'><strong>solitudine</strong></span> <span class='ocrx_word' id='word_1_69' title='bbox 1429 1096 1548 1137; x_wconf 90' lang='lat' dir='ltr'><strong>esse</strong></span> <span class='ocrx_word' id='word_1_70' title='bbox 1584 1095 1696 1134; x_wconf 92' lang='lat' dir='ltr'><strong>non</strong></span> <span class='ocrx_word' id='word_1_71' title='bbox 1738 1084 1991 1148; x_wconf 89' lang='lat' dir='ltr'><strong>possunt,</strong></span> 
     </span>
    </p>
   </div>
   <div class='ocr_carea' id='block_1_12' title="bbox 393 1171 1988 1251">
    <p class='ocr_par' dir='ltr' id='par_1_12' title="bbox 393 1171 1988 1251">
     <span class='ocr_line' id='line_1_12' title="bbox 393 1171 1988 1251; baseline -0.008 -14"><span class='ocrx_word' id='word_1_72' title='bbox 393 1180 499 1237; x_wconf 86' lang='lat' dir='ltr'><strong>nisi</strong></span> <span class='ocrx_word' id='word_1_73' title='bbox 552 1196 691 1251; x_wconf 91' lang='lat' dir='ltr'><strong>quos</strong></span> <span class='ocrx_word' id='word_1_74' title='bbox 743 1180 892 1251; x_wconf 89' lang='lat' dir='ltr'><strong>prius</strong></span> <span class='ocrx_word' id='word_1_75' title='bbox 941 1178 1322 1235; x_wconf 84' lang='lat' dir='ltr'><strong>coenobiorum</strong></span> <span class='ocrx_word' id='word_1_76' title='bbox 1382 1175 1650 1231; x_wconf 87' lang='lat' dir='ltr'><strong>medicina</strong></span> <span class='ocrx_word' id='word_1_77' title='bbox 1696 1171 1988 1237; x_wconf 84' lang='lat' dir='ltr'><strong>sanaverit,</strong></span> 
     </span>
    </p>
   </div>
   <div class='ocr_carea' id='block_1_13' title="bbox 398 1269 1992 1349">
    <p class='ocr_par' dir='ltr' id='par_1_13' title="bbox 398 1269 1992 1349">
     <span class='ocr_line' id='line_1_13' title="bbox 398 1269 1992 1349; baseline -0.004 -18"><span class='ocrx_word' id='word_1_78' title='bbox 398 1276 698 1349; x_wconf 86' lang='lat' dir='ltr'><strong>perniciosa</strong></span> <span class='ocrx_word' id='word_1_79' title='bbox 769 1290 990 1329; x_wconf 90' lang='lat' dir='ltr'><strong>rursum</strong></span> <span class='ocrx_word' id='word_1_80' title='bbox 1043 1272 1419 1344; x_wconf 87' lang='lat' dir='ltr'><strong>desperatione</strong></span> <span class='ocrx_word' id='word_1_81' title='bbox 1484 1269 1852 1336; x_wconf 89' lang='lat' dir='ltr'><strong>concidimus,</strong></span> <span class='ocrx_word' id='word_1_82' title='bbox 1922 1285 1992 1325; x_wconf 90' lang='lat' dir='ltr'><strong>ne</strong></span> 
     </span>
    </p>
   </div>
   <div class='ocr_carea' id='block_1_14' title="bbox 396 1364 1991 1439">
    <p class='ocr_par' dir='ltr' id='par_1_14' title="bbox 396 1364 1991 1439">
     <span class='ocr_line' id='line_1_14' title="bbox 396 1364 1991 1439; baseline -0.004 -15"><span class='ocrx_word' id='word_1_83' title='bbox 396 1368 539 1439; x_wconf 82' lang='lat' dir='ltr'><strong>forte</strong></span> <span class='ocrx_word' id='word_1_84' title='bbox 580 1368 671 1439; x_wconf 92' lang='lat' dir='ltr'><strong>qui</strong></span> <span class='ocrx_word' id='word_1_85' title='bbox 716 1365 1020 1438; x_wconf 85' lang='lat' dir='ltr'><strong>imperfecti</strong></span> <span class='ocrx_word' id='word_1_86' title='bbox 1057 1367 1373 1423; x_wconf 80' lang='lat' dir='ltr'><strong>camobium</strong></span> <span class='ocrx_word' id='word_1_87' title='bbox 1399 1364 1739 1436; x_wconf 88' lang='lat' dir='ltr'><strong>reliquimus,</strong></span> <span class='ocrx_word' id='word_1_88' title='bbox 1787 1377 1991 1434; x_wconf 88' lang='lat' dir='ltr'><strong>nequa-</strong></span> 
     </span>
    </p>
   </div>
   <div class='ocr_carea' id='block_1_15' title="bbox 394 1458 1707 1533">
    <p class='ocr_par' dir='ltr' id='par_1_15' title="bbox 394 1458 1707 1533">
     <span class='ocr_line' id='line_1_15' title="bbox 394 1458 1707 1533; baseline -0.004 -17"><span class='ocrx_word' id='word_1_89' title='bbox 394 1476 558 1533; x_wconf 88' lang='lat' dir='ltr'><strong>quam</strong></span> <span class='ocrx_word' id='word_1_90' title='bbox 579 1462 697 1533; x_wconf 90' lang='lat' dir='ltr'><strong>jam</strong></span> <span class='ocrx_word' id='word_1_91' title='bbox 721 1458 939 1533; x_wconf 84' lang='lat' dir='ltr'><strong>perfecti</strong></span> <span class='ocrx_word' id='word_1_92' title='bbox 968 1476 1083 1517; x_wconf 90' lang='lat' dir='ltr'><strong>esse</strong></span> <span class='ocrx_word' id='word_1_93' title='bbox 1106 1460 1161 1516; x_wconf 92' lang='lat' dir='ltr'><strong>in</strong></span> <span class='ocrx_word' id='word_1_94' title='bbox 1191 1474 1375 1515; x_wconf 88' lang='lat' dir='ltr'><strong>eremo</strong></span> <span class='ocrx_word' id='word_1_95' title='bbox 1406 1458 1707 1515; x_wconf 84' lang='lat' dir='ltr'><strong>valeamus.</strong></span> 
     </span>
    </p>
   </div>
   <div class='ocr_carea' id='block_1_16' title="bbox 979 1555 1413 1610">
    <p class='ocr_par' dir='ltr' id='par_1_16' title="bbox 979 1555 1413 1610">
     <span class='ocr_line' id='line_1_16' title="bbox 979 1555 1413 1610; baseline -0.005 0"><span class='ocrx_word' id='word_1_96' title='bbox 979 1555 1222 1610; x_wconf 81' lang='lat' dir='ltr'><strong>CAPUT</strong></span> <span class='ocrx_word' id='word_1_97' title='bbox 1258 1555 1413 1609; x_wconf 86' lang='lat' dir='ltr'><strong>XIV.</strong></span> 
     </span>
    </p>
   </div>
   <div class='ocr_carea' id='block_1_17' title="bbox 702 1647 1685 1721">
    <p class='ocr_par' dir='ltr' id='par_1_17' title="bbox 702 1647 1685 1721">
     <span class='ocr_line' id='line_1_17' title="bbox 702 1647 1685 1721; baseline -0.005 -14"><span class='ocrx_word' id='word_1_98' title='bbox 702 1651 986 1721; x_wconf 79' lang='lat' dir='ltr'><strong>Responsio</strong></span> <span class='ocrx_word' id='word_1_99' title='bbox 1012 1664 1174 1720; x_wconf 79' lang='lat' dir='ltr'><strong>super</strong></span> <span class='ocrx_word' id='word_1_100' title='bbox 1200 1665 1382 1704; x_wconf 76' lang='lat' dir='ltr'><strong>eorum</strong></span> <span class='ocrx_word' id='word_1_101' title='bbox 1402 1647 1685 1703; x_wconf 83' lang='lat' dir='ltr'><strong>medicina.</strong></span> 
     </span>
    </p>
   </div>
   <div class='ocr_carea' id='block_1_18' title="bbox 464 1738 1990 1801">
    <p class='ocr_par' dir='ltr' id='par_1_18' title="bbox 464 1738 1990 1801">
     <span class='ocr_line' id='line_1_18' title="bbox 464 1738 1990 1801; baseline -0.005 0"><span class='ocrx_word' id='word_1_102' title='bbox 464 1748 704 1801; x_wconf 90' lang='lat' dir='ltr'><strong>Joannes</strong></span> <span class='ocrx_word' id='word_1_103' title='bbox 732 1763 745 1799; x_wconf 90' lang='lat'><strong>:</strong></span> <span class='ocrx_word' id='word_1_104' title='bbox 777 1748 859 1800; x_wconf 93' lang='lat' dir='ltr'><strong>De</strong></span> <span class='ocrx_word' id='word_1_105' title='bbox 886 1742 1213 1799; x_wconf 86' lang='lat' dir='ltr'><strong>morborum</strong></span> <span class='ocrx_word' id='word_1_106' title='bbox 1254 1756 1484 1797; x_wconf 90' lang='lat' dir='ltr'><strong>suorum</strong></span> <span class='ocrx_word' id='word_1_107' title='bbox 1518 1739 1800 1797; x_wconf 86' lang='lat' dir='ltr'><strong>curatione</strong></span> <span class='ocrx_word' id='word_1_108' title='bbox 1843 1738 1990 1795; x_wconf 87' lang='lat' dir='ltr'><strong>solli-</strong></span> 
     </span>
    </p>
   </div>
   <div class='ocr_carea' id='block_1_19' title="bbox 2097 502 3701 578">
    <p class='ocr_par' dir='ltr' id='par_1_19' title="bbox 2097 502 3701 578">
     <span class='ocr_line' id='line_1_19' title="bbox 2097 502 3701 578; baseline -0.004 -14"><span class='ocrx_word' id='word_1_109' title='bbox 2097 509 2226 564; x_wconf 89' lang='lat' dir='ltr'><strong>r&#39;um</strong></span> <span class='ocrx_word' id='word_1_110' title='bbox 2252 508 2592 578; x_wconf 83' lang='lat' dir='ltr'><strong>acerbitates,</strong></span> <span class='ocrx_word' id='word_1_111' title='bbox 2635 523 2825 565; x_wconf 88' lang='lat' dir='ltr'><strong>verum</strong></span> <span class='ocrx_word' id='word_1_112' title='bbox 2869 507 3033 564; x_wconf 90' lang='lat' dir='ltr'><strong>etiam</strong></span> <span class='ocrx_word' id='word_1_113' title='bbox 3062 502 3397 562; x_wconf 89' lang='lat' dir='ltr'><strong>intoleranda</strong></span> <span class='ocrx_word' id='word_1_114' title='bbox 3427 502 3701 575; x_wconf 87' lang='lat' dir='ltr'><strong>supplicia</strong></span> 
     </span>
    </p>
   </div>
   <div class='ocr_carea' id='block_1_20' title="bbox 2096 596 3702 674">
    <p class='ocr_par' dir='ltr' id='par_1_20' title="bbox 2096 596 3702 674">
     <span class='ocr_line' id='line_1_20' title="bbox 2096 596 3702 674; baseline -0.001 -18"><span class='ocrx_word' id='word_1_115' title='bbox 2096 601 2214 673; x_wconf 91' lang='lat' dir='ltr'><strong>ipse</strong></span> <span class='ocrx_word' id='word_1_116' title='bbox 2241 618 2592 674; x_wconf 90' lang='lat' dir='ltr'><strong>proponeres,</strong></span> <span class='ocrx_word' id='word_1_117' title='bbox 2629 603 2760 659; x_wconf 86' lang='lat' dir='ltr'><strong>satis</strong></span> <span class='ocrx_word' id='word_1_118' title='bbox 2784 600 3024 660; x_wconf 87' lang='lat' dir='ltr'><strong>validum</strong></span> <span class='ocrx_word' id='word_1_119' title='bbox 3052 607 3214 672; x_wconf 90' lang='lat' dir='ltr'><strong>atque</strong></span> <span class='ocrx_word' id='word_1_120' title='bbox 3249 596 3321 654; x_wconf 91' lang='lat' dir='ltr'><strong>ad</strong></span> <span class='ocrx_word' id='word_1_121' title='bbox 3341 612 3541 655; x_wconf 88' lang='lat' dir='ltr'><strong>omnes</strong></span> <span class='ocrx_word' id='word_1_122' title='bbox 3565 613 3702 669; x_wconf 83' lang='lat' dir='ltr'><strong>pro-</strong></span> 
     </span>
    </p>
   </div>
   <div class='ocr_carea' id='block_1_21' title="bbox 2098 691 3703 765">
    <p class='ocr_par' dir='ltr' id='par_1_21' title="bbox 2098 691 3703 765">
     <span class='ocr_line' id='line_1_21' title="bbox 2098 691 3703 765; baseline -0.002 -12"><span class='ocrx_word' id='word_1_123' title='bbox 2098 696 2258 753; x_wconf 89' lang='lat' dir='ltr'><strong>cellas</strong></span> <span class='ocrx_word' id='word_1_124' title='bbox 2280 696 2626 755; x_wconf 86' lang='lat' dir='ltr'><strong>immobilem</strong></span> <span class='ocrx_word' id='word_1_125' title='bbox 2657 704 2710 753; x_wconf 87' lang='lat' dir='ltr'><strong>te</strong></span> <span class='ocrx_word' id='word_1_126' title='bbox 2736 696 3031 754; x_wconf 84' lang='lat' dir='ltr'><strong>credebas?</strong></span> <span class='ocrx_word' id='word_1_127' title='bbox 3058 691 3350 765; x_wconf 87' lang='lat' dir='ltr'><strong>Quomodo</strong></span> <span class='ocrx_word' id='word_1_128' title='bbox 3387 691 3589 749; x_wconf 85' lang='lat' dir='ltr'><strong>invicta</strong></span> <span class='ocrx_word' id='word_1_129' title='bbox 3608 693 3703 749; x_wconf 85' lang='lat' dir='ltr'><strong>illa</strong></span> 
     </span>
    </p>
   </div>
   <div class='ocr_carea' id='block_1_22' title="bbox 2100 778 3703 862">
    <p class='ocr_par' dir='ltr' id='par_1_22' title="bbox 2100 778 3703 862">
     <span class='ocr_line' id='line_1_22' title="bbox 2100 778 3703 862; baseline -0.002 -16"><span class='ocrx_word' id='word_1_130' title='bbox 2100 789 2359 862; x_wconf 88' lang='lat' dir='ltr'><strong>patientia</strong></span> <span class='ocrx_word' id='word_1_131' title='bbox 2417 799 2511 846; x_wconf 90' lang='lat' dir='ltr'><strong>tua</strong></span> <span class='ocrx_word' id='word_1_132' title='bbox 2563 789 2820 846; x_wconf 83' lang='lat' dir='ltr'><strong>levissimi</strong></span> <span class='ocrx_word' id='word_1_133' title='bbox 2865 789 3014 845; x_wconf 90' lang='lat' dir='ltr'><strong>verbi</strong></span> <span class='ocrx_word' id='word_1_134' title='bbox 3056 778 3369 859; x_wconf 82' lang='lat' dir='ltr'><strong>prolusione</strong></span> <span class='ocrx_word' id='word_1_135' title='bbox 3417 788 3591 857; x_wconf 86' lang='lat' dir='ltr'><strong>[Lips.</strong></span> <span class='ocrx_word' id='word_1_136' title='bbox 3637 789 3703 842; x_wconf 82' lang='lat' dir='ltr'><strong>in</strong></span> 
     </span>
    </p>
   </div>
   <div class='ocr_carea' id='block_1_23' title="bbox 2097 879 3703 957">
    <p class='ocr_par' dir='ltr' id='par_1_23' title="bbox 2097 879 3703 957">
     <span class='ocr_line' id='line_1_23' title="bbox 2097 879 3703 957; baseline -0.001 -17"><span class='ocrx_word' id='word_1_137' title='bbox 2097 902 2278 955; x_wconf 88' lang='lat' dir='ltr'><strong>marg.</strong></span> <span class='ocrx_word' id='word_1_138' title='bbox 2324 886 2648 957; x_wconf 88' lang='lat' dir='ltr'><strong>prolatione]</strong></span> <span class='ocrx_word' id='word_1_139' title='bbox 2684 882 2939 941; x_wconf 82' lang='lat' dir='ltr'><strong>confossa</strong></span> <span class='ocrx_word' id='word_1_140' title='bbox 2972 885 3093 940; x_wconf 82' lang='lat' dir='ltr'><strong>est?</strong></span> <span class='ocrx_word' id='word_1_141' title='bbox 3130 880 3426 951; x_wconf 87' lang='lat' dir='ltr'><strong>Quomodo</strong></span> <span class='ocrx_word' id='word_1_142' title='bbox 3466 879 3703 938; x_wconf 89' lang='lat' dir='ltr'><strong>domum</strong></span> 
     </span>
    </p>
   </div>
   <div class='ocr_carea' id='block_1_24' title="bbox 2098 976 3701 1053">
    <p class='ocr_par' dir='ltr' id='par_1_24' title="bbox 2098 976 3701 1053">
     <span class='ocr_line' id='line_1_24' title="bbox 2098 976 3701 1053; baseline -0.002 -17"><span class='ocrx_word' id='word_1_143' title='bbox 2098 988 2251 1036; x_wconf 90' lang='lat' dir='ltr'><strong>tuam</strong></span> <span class='ocrx_word' id='word_1_144' title='bbox 2290 996 2452 1053; x_wconf 88' lang='lat' dir='ltr'><strong>super</strong></span> <span class='ocrx_word' id='word_1_145' title='bbox 2480 981 2628 1037; x_wconf 89' lang='lat' dir='ltr'><strong>illam</strong></span> <span class='ocrx_word' id='word_1_146' title='bbox 2653 978 3045 1037; x_wconf 90' lang='lat' dir='ltr'><strong>solidissimam</strong></span> <span class='ocrx_word' id='word_1_147' title='bbox 3073 985 3286 1049; x_wconf 85' lang='lat' dir='ltr'><strong>petram</strong></span> <span class='ocrx_word' id='word_1_148' title='bbox 3321 983 3470 1032; x_wconf 86' lang='lat' dir='ltr'><strong>tanta</strong></span> <span class='ocrx_word' id='word_1_149' title='bbox 3500 985 3562 1032; x_wconf 91' lang='lat' dir='ltr'><strong>ut</strong></span> <span class='ocrx_word' id='word_1_150' title='bbox 3595 976 3701 1033; x_wconf 87' lang='lat' dir='ltr'><strong>tibi</strong></span> 
     </span>
    </p>
   </div>
   <div class='ocr_carea' id='block_1_25' title="bbox 2099 1072 3701 1132">
    <p class='ocr_par' dir='ltr' id='par_1_25' title="bbox 2099 1072 3701 1132">
     <span class='ocr_line' id='line_1_25' title="bbox 2099 1072 3701 1132; baseline -0.001 -1"><span class='ocrx_word' id='word_1_151' title='bbox 2099 1075 2383 1132; x_wconf 83' lang='lat' dir='ltr'><strong>videbatur</strong></span> <span class='ocrx_word' id='word_1_152' title='bbox 2408 1076 2552 1132; x_wconf 90' lang='lat' dir='ltr'><strong>mole</strong></span> <span class='ocrx_word' id='word_1_153' title='bbox 2595 1082 2965 1132; x_wconf 86' lang='lat' dir='ltr'><strong>constructam</strong></span> <span class='ocrx_word' id='word_1_154' title='bbox 3006 1072 3136 1129; x_wconf 89' lang='lat' dir='ltr'><strong>levis</strong></span> <span class='ocrx_word' id='word_1_155' title='bbox 3181 1087 3317 1129; x_wconf 87' lang='lat' dir='ltr'><strong>aura</strong></span> <span class='ocrx_word' id='word_1_156' title='bbox 3352 1072 3701 1130; x_wconf 83' lang='lat' dir='ltr'><strong>commovit?</strong></span> 
     </span>
    </p>
   </div>
   <div class='ocr_carea' id='block_1_26' title="bbox 2098 1164 3703 1243">
    <p class='ocr_par' dir='ltr' id='par_1_26' title="bbox 2098 1164 3703 1243">
     <span class='ocr_line' id='line_1_26' title="bbox 2098 1164 3703 1243; baseline -0.004 -17"><span class='ocrx_word' id='word_1_157' title='bbox 2098 1169 2208 1226; x_wconf 90' lang='lat' dir='ltr'><strong>Ubi</strong></span> <span class='ocrx_word' id='word_1_158' title='bbox 2239 1178 2322 1226; x_wconf 90' lang='lat' dir='ltr'><strong>est</strong></span> <span class='ocrx_word' id='word_1_159' title='bbox 2359 1168 2494 1226; x_wconf 90' lang='lat' dir='ltr'><strong>illud</strong></span> <span class='ocrx_word' id='word_1_160' title='bbox 2519 1168 2669 1243; x_wconf 90' lang='lat' dir='ltr'><strong>quod</strong></span> <span class='ocrx_word' id='word_1_161' title='bbox 2687 1168 2828 1225; x_wconf 89' lang='lat' dir='ltr'><strong>inani</strong></span> <span class='ocrx_word' id='word_1_162' title='bbox 2858 1166 3057 1224; x_wconf 86' lang='lat' dir='ltr'><strong>ﬁducia</strong></span> <span class='ocrx_word' id='word_1_163' title='bbox 3077 1164 3289 1221; x_wconf 89' lang='lat' dir='ltr'><strong>bellum</strong></span> <span class='ocrx_word' id='word_1_164' title='bbox 3321 1166 3378 1221; x_wconf 88' lang='lat' dir='ltr'><strong>in</strong></span> <span class='ocrx_word' id='word_1_165' title='bbox 3403 1180 3537 1237; x_wconf 86' lang='lat' dir='ltr'><strong>pace</strong></span> <span class='ocrx_word' id='word_1_166' title='bbox 3560 1164 3703 1221; x_wconf 87' lang='lat' dir='ltr'><strong>desi-</strong></span> 
     </span>
    </p>
   </div>
   <div class='ocr_carea' id='block_1_27' title="bbox 2099 1257 3705 1336">
    <p class='ocr_par' dir='ltr' id='par_1_27' title="bbox 2099 1257 3705 1336">
     <span class='ocr_line' id='line_1_27' title="bbox 2099 1257 3705 1336; baseline -0.004 -17"><span class='ocrx_word' id='word_1_167' title='bbox 2099 1263 2296 1320; x_wconf 89' lang='lat' dir='ltr'><strong>derans</strong></span> <span class='ocrx_word' id='word_1_168' title='bbox 2315 1262 2712 1336; x_wconf 89' lang='lat' dir='ltr'><strong>proclamabas,</strong></span> <span class='ocrx_word' id='word_1_169' title='bbox 2727 1266 2957 1319; x_wconf 71' lang='lat' dir='ltr'><strong>Paratus</strong></span> <span class='ocrx_word' id='word_1_170' title='bbox 2976 1276 3097 1316; x_wconf 87' lang='lat' dir='ltr'><strong>sum</strong></span> <span class='ocrx_word' id='word_1_171' title='bbox 3119 1263 3297 1314; x_wconf 84' lang='lat' dir='ltr'><strong>etnon</strong></span> <span class='ocrx_word' id='word_1_172' title='bbox 3319 1257 3705 1314; x_wconf 72' lang='lat' dir='ltr'><strong>mturbatus</strong></span> 
     </span>
    </p>
   </div>
   <div class='ocr_carea' id='block_1_28' title="bbox 2100 1351 3705 1427">
    <p class='ocr_par' dir='ltr' id='par_1_28' title="bbox 2100 1351 3705 1427">
     <span class='ocr_line' id='line_1_28' title="bbox 2100 1351 3705 1427; baseline -0.004 -13"><span class='ocrx_word' id='word_1_173' title='bbox 2100 1359 2267 1422; x_wconf 85' lang='lat' dir='ltr'><strong>(Psal.</strong></span> <span class='ocrx_word' id='word_1_174' title='bbox 2305 1357 2574 1426; x_wconf 82' lang='lat' dir='ltr'><strong>cxvm)?</strong></span> <span class='ocrx_word' id='word_1_175' title='bbox 2600 1359 2672 1413; x_wconf 88' lang='lat' dir='ltr'><strong>Et</strong></span> <span class='ocrx_word' id='word_1_176' title='bbox 2694 1371 2821 1413; x_wconf 89' lang='lat' dir='ltr'><strong>cum</strong></span> <span class='ocrx_word' id='word_1_177' title='bbox 2849 1353 3113 1427; x_wconf 90' lang='lat' dir='ltr'><strong>propheta</strong></span> <span class='ocrx_word' id='word_1_178' title='bbox 3147 1367 3295 1424; x_wconf 58' lang='lat' dir='ltr'><strong>saepe</strong></span> <span class='ocrx_word' id='word_1_179' title='bbox 3319 1351 3505 1409; x_wconf 82' lang='lat' dir='ltr'><strong>dixisti</strong></span> <span class='ocrx_word' id='word_1_180' title='bbox 3536 1355 3705 1409; x_wconf 81' lang='lat' dir='ltr'><strong>:Pro-</strong></span> 
     </span>
    </p>
   </div>
   <div class='ocr_carea' id='block_1_29' title="bbox 2102 1451 3707 1517">
    <p class='ocr_par' dir='ltr' id='par_1_29' title="bbox 2102 1451 3707 1517">
     <span class='ocr_line' id='line_1_29' title="bbox 2102 1451 3707 1517; baseline -0.004 -8"><span class='ocrx_word' id='word_1_181' title='bbox 2102 1455 2169 1509; x_wconf 88' lang='lat' dir='ltr'><strong>ba</strong></span> <span class='ocrx_word' id='word_1_182' title='bbox 2195 1469 2299 1517; x_wconf 85' lang='lat' dir='ltr'><strong>me,</strong></span> <span class='ocrx_word' id='word_1_183' title='bbox 2336 1454 2577 1515; x_wconf 79' lang='lat' dir='ltr'><strong>Domine,</strong></span> <span class='ocrx_word' id='word_1_184' title='bbox 2621 1455 2674 1506; x_wconf 87' lang='lat' dir='ltr'><strong>et</strong></span> <span class='ocrx_word' id='word_1_185' title='bbox 2699 1456 2847 1507; x_wconf 82' lang='lat' dir='ltr'><strong>tenta</strong></span> <span class='ocrx_word' id='word_1_186' title='bbox 2886 1464 2989 1513; x_wconf 91' lang='lat' dir='ltr'><strong>me,</strong></span> <span class='ocrx_word' id='word_1_187' title='bbox 3030 1462 3127 1502; x_wconf 84' lang='lat' dir='ltr'><strong>ure</strong></span> <span class='ocrx_word' id='word_1_188' title='bbox 3160 1462 3315 1502; x_wconf 83' lang='lat' dir='ltr'><strong>renes</strong></span> <span class='ocrx_word' id='word_1_189' title='bbox 3350 1462 3492 1502; x_wconf 85' lang='lat' dir='ltr'><strong>meos</strong></span> <span class='ocrx_word' id='word_1_190' title='bbox 3520 1451 3574 1503; x_wconf 88' lang='lat' dir='ltr'><strong>et</strong></span> <span class='ocrx_word' id='word_1_191' title='bbox 3615 1463 3707 1503; x_wconf 85' lang='lat' dir='ltr'><strong>cor</strong></span> 
     </span>
    </p>
   </div>
   <div class='ocr_carea' id='block_1_30' title="bbox 2096 1543 3701 1614">
    <p class='ocr_par' dir='ltr' id='par_1_30' title="bbox 2096 1543 3701 1614">
     <span class='ocr_line' id='line_1_30' title="bbox 2096 1543 3701 1614; baseline -0.004 -11"><span class='ocrx_word' id='word_1_192' title='bbox 2096 1563 2270 1603; x_wconf 89' lang='lat' dir='ltr'><strong>meum</strong></span> <span class='ocrx_word' id='word_1_193' title='bbox 2292 1547 2513 1614; x_wconf 84' lang='lat' dir='ltr'><strong>(Psalm.</strong></span> <span class='ocrx_word' id='word_1_194' title='bbox 2552 1544 2769 1613; x_wconf 85' lang='lat' dir='ltr'><strong>cxxv);</strong></span> <span class='ocrx_word' id='word_1_195' title='bbox 2801 1552 2856 1598; x_wconf 91' lang='lat' dir='ltr'><strong>et</strong></span> <span class='ocrx_word' id='word_1_196' title='bbox 2882 1543 3061 1599; x_wconf 83' lang='lat' dir='ltr'><strong>Proba</strong></span> <span class='ocrx_word' id='word_1_197' title='bbox 3088 1557 3190 1605; x_wconf 85' lang='lat' dir='ltr'><strong>me,</strong></span> <span class='ocrx_word' id='word_1_198' title='bbox 3219 1543 3462 1605; x_wconf 85' lang='lat' dir='ltr'><strong>Domine,</strong></span> <span class='ocrx_word' id='word_1_199' title='bbox 3490 1546 3543 1597; x_wconf 84' lang='lat' dir='ltr'><strong>et</strong></span> <span class='ocrx_word' id='word_1_200' title='bbox 3566 1544 3701 1597; x_wconf 85' lang='lat' dir='ltr'><strong>scite</strong></span> 
     </span>
    </p>
   </div>
   <div class='ocr_carea' id='block_1_31' title="bbox 2096 1637 3703 1708">
    <p class='ocr_par' dir='ltr' id='par_1_31' title="bbox 2096 1637 3703 1708">
     <span class='ocr_line' id='line_1_31' title="bbox 2096 1637 3703 1708; baseline -0.003 -12"><span class='ocrx_word' id='word_1_201' title='bbox 2096 1656 2185 1696; x_wconf 86' lang='lat' dir='ltr'><strong>cor</strong></span> <span class='ocrx_word' id='word_1_202' title='bbox 2209 1656 2405 1707; x_wconf 87' lang='lat' dir='ltr'><strong>meum,</strong></span> <span class='ocrx_word' id='word_1_203' title='bbox 2434 1643 2707 1708; x_wconf 79' lang='lat' dir='ltr'><strong>interroga</strong></span> <span class='ocrx_word' id='word_1_204' title='bbox 2736 1653 2840 1701; x_wconf 88' lang='lat' dir='ltr'><strong>me,</strong></span> <span class='ocrx_word' id='word_1_205' title='bbox 2870 1641 2923 1691; x_wconf 89' lang='lat' dir='ltr'><strong>et</strong></span> <span class='ocrx_word' id='word_1_206' title='bbox 2948 1651 3191 1706; x_wconf 82' lang='lat' dir='ltr'><strong>cognosce</strong></span> <span class='ocrx_word' id='word_1_207' title='bbox 3213 1637 3426 1690; x_wconf 79' lang='lat' dir='ltr'><strong>semitas</strong></span> <span class='ocrx_word' id='word_1_208' title='bbox 3452 1651 3615 1702; x_wconf 89' lang='lat' dir='ltr'><strong>meas,</strong></span> <span class='ocrx_word' id='word_1_209' title='bbox 3643 1641 3703 1691; x_wconf 88' lang='lat' dir='ltr'><strong>et</strong></span> 
     </span>
    </p>
   </div>
   <div class='ocr_carea' id='block_1_32' title="bbox 2096 1729 3690 1803">
    <p class='ocr_par' dir='ltr' id='par_1_32' title="bbox 2096 1729 3690 1803">
     <span class='ocr_line' id='line_1_32' title="bbox 2096 1729 3690 1803; baseline -0.004 -14"><span class='ocrx_word' id='word_1_210' title='bbox 2096 1736 2221 1789; x_wconf 79' lang='lat' dir='ltr'><strong>uide</strong></span> <span class='ocrx_word' id='word_1_211' title='bbox 2245 1736 2299 1789; x_wconf 89' lang='lat' dir='ltr'><strong>si</strong></span> <span class='ocrx_word' id='word_1_212' title='bbox 2319 1737 2412 1788; x_wconf 83' lang='lat' dir='ltr'><strong>via</strong></span> <span class='ocrx_word' id='word_1_213' title='bbox 2439 1735 2747 1803; x_wconf 68' lang='lat' dir='ltr'><strong>iniquitatis</strong></span> <span class='ocrx_word' id='word_1_214' title='bbox 2779 1733 2841 1786; x_wconf 85' lang='lat' dir='ltr'><strong>in</strong></span> <span class='ocrx_word' id='word_1_215' title='bbox 2863 1746 2946 1785; x_wconf 89' lang='lat' dir='ltr'><strong>me</strong></span> <span class='ocrx_word' id='word_1_216' title='bbox 2982 1734 3061 1785; x_wconf 89' lang='lat' dir='ltr'><strong>est</strong></span> <span class='ocrx_word' id='word_1_217' title='bbox 3090 1729 3312 1796; x_wconf 85' lang='lat' dir='ltr'><strong>(Psalm.</strong></span> <span class='ocrx_word' id='word_1_218' title='bbox 3340 1732 3644 1795; x_wconf 79' lang='lat' dir='ltr'><strong>cxxxvm)</strong></span> <span class='ocrx_word' id='word_1_219' title='bbox 3662 1731 3690 1783; x_wconf 68' lang='grc' dir='ltr'><strong><em>Ρ</em></strong></span> 
     </span>
    </p>
   </div>
   <div class='ocr_carea' id='block_1_33' title="bbox 395 1823 3699 1905">
    <p class='ocr_par' dir='ltr' id='par_1_33' title="bbox 395 1823 3699 1905">
     <span class='ocr_line' id='line_1_33' title="bbox 395 1823 3699 1905; baseline -0.005 -10"><span class='ocrx_word' id='word_1_220' title='bbox 395 1838 519 1895; x_wconf 88' lang='lat' dir='ltr'><strong>citis</strong></span> <span class='ocrx_word' id='word_1_221' title='bbox 565 1836 870 1894; x_wconf 86' lang='lat' dir='ltr'><strong>remedium</strong></span> <span class='ocrx_word' id='word_1_222' title='bbox 907 1836 1144 1893; x_wconf 89' lang='lat' dir='ltr'><strong>salutare</strong></span> <span class='ocrx_word' id='word_1_223' title='bbox 1170 1836 1361 1891; x_wconf 86' lang='lat' dir='ltr'><strong>deesse</strong></span> <span class='ocrx_word' id='word_1_224' title='bbox 1402 1849 1517 1890; x_wconf 92' lang='lat' dir='ltr'><strong>non</strong></span> <span class='ocrx_word' id='word_1_225' title='bbox 1550 1833 1774 1905; x_wconf 91' lang='lat' dir='ltr'><strong>poterit,</strong></span> <span class='ocrx_word' id='word_1_226' title='bbox 1816 1840 1875 1888; x_wconf 91' lang='lat' dir='ltr'><strong>et</strong></span> <span class='ocrx_word' id='word_1_227' title='bbox 1907 1830 1998 1888; x_wconf 89' lang='lat' dir='ltr'><strong>id-</strong></span> <span class='ocrx_word' id='word_1_228' title='bbox 2026 1829 2075 1892; x_wconf 94' lang='lat' dir='ltr'><strong>B</strong></span> <span class='ocrx_word' id='word_1_229' title='bbox 2104 1828 2394 1899; x_wconf 87' lang='lat' dir='ltr'><strong>Quomodo</strong></span> <span class='ocrx_word' id='word_1_230' title='bbox 2444 1827 2722 1900; x_wconf 84' lang='lat' dir='ltr'><strong>ingentem</strong></span> <span class='ocrx_word' id='word_1_231' title='bbox 2767 1825 3080 1882; x_wconf 87' lang='lat' dir='ltr'><strong>certaminis</strong></span> <span class='ocrx_word' id='word_1_232' title='bbox 3131 1832 3450 1896; x_wconf 87' lang='lat' dir='ltr'><strong>apparatum</strong></span> <span class='ocrx_word' id='word_1_233' title='bbox 3498 1823 3699 1897; x_wconf 84' lang='lat' dir='ltr'><strong>exigua</strong></span> 
     </span>
    </p>
   </div>
   <div class='ocr_carea' id='block_1_34' title="bbox 393 1924 1994 2000">
    <p class='ocr_par' dir='ltr' id='par_1_34' title="bbox 393 1924 1994 2000">
     <span class='ocr_line' id='line_1_34' title="bbox 393 1924 1994 2000; baseline -0.006 -12"><span class='ocrx_word' id='word_1_234' title='bbox 393 1931 539 1988; x_wconf 91' lang='lat' dir='ltr'><strong>circo</strong></span> <span class='ocrx_word' id='word_1_235' title='bbox 588 1929 783 1987; x_wconf 90' lang='lat' dir='ltr'><strong>eodem</strong></span> <span class='ocrx_word' id='word_1_236' title='bbox 824 1928 993 1985; x_wconf 91' lang='lat' dir='ltr'><strong>modo</strong></span> <span class='ocrx_word' id='word_1_237' title='bbox 1032 1944 1141 2000; x_wconf 88' lang='lat' dir='ltr'><strong>quo</strong></span> <span class='ocrx_word' id='word_1_238' title='bbox 1188 1926 1607 1999; x_wconf 89' lang='lat' dir='ltr'><strong>uniuscujusque</strong></span> <span class='ocrx_word' id='word_1_239' title='bbox 1646 1924 1757 1980; x_wconf 91' lang='lat' dir='ltr'><strong>vitii</strong></span> <span class='ocrx_word' id='word_1_240' title='bbox 1798 1924 1994 1995; x_wconf 90' lang='lat' dir='ltr'><strong>depre-</strong></span> 
     </span>
    </p>
   </div>
   <div class='ocr_carea' id='block_1_35' title="bbox 324 2015 1989 2090">
    <p class='ocr_par' dir='ltr' id='par_1_35' title="bbox 324 2015 1989 2090">
     <span class='ocr_line' id='line_1_35' title="bbox 324 2015 1989 2090; baseline -0.005 -8"><span class='ocrx_word' id='word_1_241' title='bbox 324 2076 327 2083; x_wconf 95' lang='lat'><strong>.</strong></span> <span class='ocrx_word' id='word_1_242' title='bbox 395 2024 711 2081; x_wconf 89' lang='lat' dir='ltr'><strong>benduntur</strong></span> <span class='ocrx_word' id='word_1_243' title='bbox 754 2023 977 2090; x_wconf 90' lang='lat' dir='ltr'><strong>indicia,</strong></span> <span class='ocrx_word' id='word_1_244' title='bbox 1022 2023 1185 2079; x_wconf 90' lang='lat' dir='ltr'><strong>etiam</strong></span> <span class='ocrx_word' id='word_1_245' title='bbox 1229 2020 1468 2078; x_wconf 89' lang='lat' dir='ltr'><strong>remedia</strong></span> <span class='ocrx_word' id='word_1_246' title='bbox 1506 2028 1635 2076; x_wconf 90' lang='lat' dir='ltr'><strong>sunt</strong></span> <span class='ocrx_word' id='word_1_247' title='bbox 1679 2015 1989 2090; x_wconf 83' lang='lat' dir='ltr'><strong>quaerenda.</strong></span> 
     </span>
    </p>
   </div>
   <div class='ocr_carea' id='block_1_36' title="bbox 393 2113 1992 2189">
    <p class='ocr_par' dir='ltr' id='par_1_36' title="bbox 393 2113 1992 2189">
     <span class='ocr_line' id='line_1_36' title="bbox 393 2113 1992 2189; baseline -0.006 -15"><span class='ocrx_word' id='word_1_248' title='bbox 393 2120 538 2175; x_wconf 80' lang='lat' dir='ltr'><strong>Nam</strong></span> <span class='ocrx_word' id='word_1_249' title='bbox 582 2115 1054 2189; x_wconf 89' lang='lat' dir='ltr'><strong>quemadmodum</strong></span> <span class='ocrx_word' id='word_1_250' title='bbox 1100 2113 1353 2171; x_wconf 89' lang='lat' dir='ltr'><strong>solitariis</strong></span> <span class='ocrx_word' id='word_1_251' title='bbox 1394 2113 1653 2169; x_wconf 66' lang='lat' dir='ltr'><strong>humanae</strong></span> <span class='ocrx_word' id='word_1_252' title='bbox 1699 2125 1992 2166; x_wconf 88' lang='lat' dir='ltr'><strong>conversa-</strong></span> 
     </span>
    </p>
   </div>
   <div class='ocr_carea' id='block_1_37' title="bbox 395 2204 1997 2274">
    <p class='ocr_par' dir='ltr' id='par_1_37' title="bbox 395 2204 1997 2274">
     <span class='ocr_line' id='line_1_37' title="bbox 395 2204 1997 2274; baseline -0.004 -6"><span class='ocrx_word' id='word_1_253' title='bbox 395 2211 563 2268; x_wconf 90' lang='lat' dir='ltr'><strong>tionis</strong></span> <span class='ocrx_word' id='word_1_254' title='bbox 601 2211 727 2267; x_wconf 87' lang='lat' dir='ltr'><strong>vitia</strong></span> <span class='ocrx_word' id='word_1_255' title='bbox 762 2210 999 2267; x_wconf 83' lang='lat' dir='ltr'><strong>diximus</strong></span> <span class='ocrx_word' id='word_1_256' title='bbox 1024 2225 1137 2265; x_wconf 90' lang='lat' dir='ltr'><strong>non</strong></span> <span class='ocrx_word' id='word_1_257' title='bbox 1165 2208 1373 2274; x_wconf 88' lang='lat' dir='ltr'><strong>deesse,</strong></span> <span class='ocrx_word' id='word_1_258' title='bbox 1400 2208 1481 2262; x_wconf 88' lang='lat' dir='ltr'><strong>ita</strong></span> <span class='ocrx_word' id='word_1_259' title='bbox 1519 2205 1788 2262; x_wconf 89' lang='lat' dir='ltr'><strong>virtutum</strong></span> <span class='ocrx_word' id='word_1_260' title='bbox 1820 2204 1997 2262; x_wconf 88' lang='lat' dir='ltr'><strong>studia</strong></span> 
     </span>
    </p>
   </div>
   <div class='ocr_carea' id='block_1_38' title="bbox 395 2299 1995 2377">
    <p class='ocr_par' dir='ltr' id='par_1_38' title="bbox 395 2299 1995 2377">
     <span class='ocr_line' id='line_1_38' title="bbox 395 2299 1995 2377; baseline -0.004 -16"><span class='ocrx_word' id='word_1_261' title='bbox 395 2314 454 2362; x_wconf 90' lang='lat' dir='ltr'><strong>et</strong></span> <span class='ocrx_word' id='word_1_262' title='bbox 479 2306 839 2361; x_wconf 88' lang='lat' dir='ltr'><strong>instrumenta</strong></span> <span class='ocrx_word' id='word_1_263' title='bbox 866 2303 1158 2377; x_wconf 82' lang='lat' dir='ltr'><strong>sanitatum</strong></span> <span class='ocrx_word' id='word_1_264' title='bbox 1191 2300 1447 2357; x_wconf 89' lang='lat' dir='ltr'><strong>omnibus</strong></span> <span class='ocrx_word' id='word_1_265' title='bbox 1471 2299 1637 2355; x_wconf 88' lang='lat' dir='ltr'><strong>etiam</strong></span> <span class='ocrx_word' id='word_1_266' title='bbox 1668 2299 1736 2355; x_wconf 90' lang='lat' dir='ltr'><strong>ab</strong></span> <span class='ocrx_word' id='word_1_267' title='bbox 1754 2300 1995 2356; x_wconf 88' lang='lat' dir='ltr'><strong>humana</strong></span> 
     </span>
    </p>
   </div>
   <div class='ocr_carea' id='block_1_39' title="bbox 396 2396 1996 2467">
    <p class='ocr_par' dir='ltr' id='par_1_39' title="bbox 396 2396 1996 2467">
     <span class='ocr_line' id='line_1_39' title="bbox 396 2396 1996 2467; baseline -0.005 -12"><span class='ocrx_word' id='word_1_268' title='bbox 396 2398 810 2455; x_wconf 89' lang='lat' dir='ltr'><strong>conversatione</strong></span> <span class='ocrx_word' id='word_1_269' title='bbox 858 2396 1109 2453; x_wconf 87' lang='lat' dir='ltr'><strong>discretis</strong></span> <span class='ocrx_word' id='word_1_270' title='bbox 1158 2409 1319 2467; x_wconf 86' lang='lat' dir='ltr'><strong>posse</strong></span> <span class='ocrx_word' id='word_1_271' title='bbox 1355 2400 1641 2465; x_wconf 86' lang='lat' dir='ltr'><strong>suppetere</strong></span> <span class='ocrx_word' id='word_1_272' title='bbox 1678 2408 1793 2448; x_wconf 91' lang='lat' dir='ltr'><strong>non</strong></span> <span class='ocrx_word' id='word_1_273' title='bbox 1823 2407 1996 2465; x_wconf 86' lang='lat' dir='ltr'><strong>nega-</strong></span> 
     </span>
    </p>
   </div>
   <div class='ocr_carea' id='block_1_40' title="bbox 395 2484 1998 2563">
    <p class='ocr_par' dir='ltr' id='par_1_40' title="bbox 395 2484 1998 2563">
     <span class='ocr_line' id='line_1_40' title="bbox 395 2484 1998 2563; baseline -0.005 -14"><span class='ocrx_word' id='word_1_274' title='bbox 395 2508 541 2549; x_wconf 90' lang='lat' dir='ltr'><strong>mus.</strong></span> <span class='ocrx_word' id='word_1_275' title='bbox 576 2493 718 2549; x_wconf 92' lang='lat' dir='ltr'><strong>Cum</strong></span> <span class='ocrx_word' id='word_1_276' title='bbox 762 2506 823 2547; x_wconf 89' lang='lat' dir='ltr'><strong>se</strong></span> <span class='ocrx_word' id='word_1_277' title='bbox 850 2490 1017 2563; x_wconf 86' lang='lat' dir='ltr'><strong>igitur</strong></span> <span class='ocrx_word' id='word_1_278' title='bbox 1050 2487 1405 2561; x_wconf 63' lang='lat' dir='ltr'><strong>impatientia:</strong></span> <span class='ocrx_word' id='word_1_279' title='bbox 1431 2487 1541 2543; x_wconf 90' lang='lat' dir='ltr'><strong>sive</strong></span> <span class='ocrx_word' id='word_1_280' title='bbox 1570 2486 1665 2542; x_wconf 70' lang='lat' dir='ltr'><strong>ira:</strong></span> <span class='ocrx_word' id='word_1_281' title='bbox 1706 2484 1998 2558; x_wconf 89' lang='lat' dir='ltr'><strong>perturba—</strong></span> 
     </span>
    </p>
   </div>
   <div class='ocr_carea' id='block_1_41' title="bbox 395 2579 1996 2657">
    <p class='ocr_par' dir='ltr' id='par_1_41' title="bbox 395 2579 1996 2657">
     <span class='ocr_line' id='line_1_41' title="bbox 395 2579 1996 2657; baseline -0.004 -14"><span class='ocrx_word' id='word_1_282' title='bbox 395 2587 638 2644; x_wconf 91' lang='lat' dir='ltr'><strong>tionibu</strong></span> <span class='ocrx_word' id='word_1_283' title='bbox 657 2586 921 2643; x_wconf 90' lang='lat' dir='ltr'><strong>incursari</strong></span> <span class='ocrx_word' id='word_1_284' title='bbox 944 2585 1052 2641; x_wconf 91' lang='lat' dir='ltr'><strong>illis</strong></span> <span class='ocrx_word' id='word_1_285' title='bbox 1080 2599 1203 2657; x_wconf 67' lang='lat' dir='ltr'><strong>quae</strong></span> <span class='ocrx_word' id='word_1_286' title='bbox 1221 2599 1380 2656; x_wconf 88' lang='lat' dir='ltr'><strong>supra</strong></span> <span class='ocrx_word' id='word_1_287' title='bbox 1406 2581 1749 2638; x_wconf 87' lang='lat' dir='ltr'><strong>ostendimus</strong></span> <span class='ocrx_word' id='word_1_288' title='bbox 1782 2579 1996 2637; x_wconf 90' lang='lat' dir='ltr'><strong>indiciis</strong></span> 
     </span>
    </p>
   </div>
   <div class='ocr_carea' id='block_1_42' title="bbox 395 2675 1993 2754">
    <p class='ocr_par' dir='ltr' id='par_1_42' title="bbox 395 2675 1993 2754">
     <span class='ocr_line' id='line_1_42' title="bbox 395 2675 1993 2754; baseline -0.006 -16"><span class='ocrx_word' id='word_1_289' title='bbox 395 2680 772 2754; x_wconf 88' lang='lat' dir='ltr'><strong>unusquisque</strong></span> <span class='ocrx_word' id='word_1_290' title='bbox 809 2678 1264 2752; x_wconf 87' lang='lat' dir='ltr'><strong>deprehenderit,</strong></span> <span class='ocrx_word' id='word_1_291' title='bbox 1301 2675 1588 2733; x_wconf 88' lang='lat' dir='ltr'><strong>contrariis</strong></span> <span class='ocrx_word' id='word_1_292' title='bbox 1636 2675 1993 2747; x_wconf 86' lang='lat' dir='ltr'><strong>semetipsum</strong></span> 
     </span>
    </p>
   </div>
   <div class='ocr_carea' id='block_1_43' title="bbox 393 2768 1992 2849">
    <p class='ocr_par' dir='ltr' id='par_1_43' title="bbox 393 2768 1992 2849">
     <span class='ocr_line' id='line_1_43' title="bbox 393 2768 1992 2849; baseline -0.006 -16"><span class='ocrx_word' id='word_1_293' title='bbox 393 2791 614 2848; x_wconf 89' lang='lat' dir='ltr'><strong>semper</strong></span> <span class='ocrx_word' id='word_1_294' title='bbox 655 2775 1057 2849; x_wconf 89' lang='lat' dir='ltr'><strong>objectionibus</strong></span> <span class='ocrx_word' id='word_1_295' title='bbox 1097 2779 1367 2840; x_wconf 85' lang='lat' dir='ltr'><strong>exerceat,</strong></span> <span class='ocrx_word' id='word_1_296' title='bbox 1394 2780 1420 2807; x_wconf 72' lang='grc'>⁸</span> <span class='ocrx_word' id='word_1_297' title='bbox 1447 2779 1503 2826; x_wconf 92' lang='lat' dir='ltr'><strong>et</strong></span> <span class='ocrx_word' id='word_1_298' title='bbox 1548 2769 1839 2842; x_wconf 86' lang='lat' dir='ltr'><strong>propositis</strong></span> <span class='ocrx_word' id='word_1_299' title='bbox 1888 2768 1992 2825; x_wconf 88' lang='lat' dir='ltr'><strong>sibi</strong></span> 
     </span>
    </p>
   </div>
   <div class='ocr_carea' id='block_1_44' title="bbox 393 2862 1996 2941">
    <p class='ocr_par' dir='ltr' id='par_1_44' title="bbox 393 2862 1996 2941">
     <span class='ocr_line' id='line_1_44' title="bbox 393 2862 1996 2941; baseline -0.005 -16"><span class='ocrx_word' id='word_1_300' title='bbox 393 2871 739 2928; x_wconf 86' lang='lat' dir='ltr'><strong>multimodis</strong></span> <span class='ocrx_word' id='word_1_301' title='bbox 783 2869 1102 2941; x_wconf 90' lang='lat' dir='ltr'><strong>injuriarum</strong></span> <span class='ocrx_word' id='word_1_302' title='bbox 1156 2864 1673 2938; x_wconf 90' lang='lat' dir='ltr'><strong>dispendiorumque</strong></span> <span class='ocrx_word' id='word_1_303' title='bbox 1708 2862 1996 2937; x_wconf 87' lang='lat' dir='ltr'><strong>generibus</strong></span> 
     </span>
    </p>
   </div>
   <div class='ocr_carea' id='block_1_45' title="bbox 394 2955 1997 3030">
    <p class='ocr_par' dir='ltr' id='par_1_45' title="bbox 394 2955 1997 3030">
     <span class='ocr_line' id='line_1_45' title="bbox 394 2955 1997 3030; baseline -0.006 -13"><span class='ocrx_word' id='word_1_304' title='bbox 394 2963 543 3019; x_wconf 89' lang='lat' dir='ltr'><strong>velut</strong></span> <span class='ocrx_word' id='word_1_305' title='bbox 570 2962 639 3019; x_wconf 92' lang='lat' dir='ltr'><strong>ab</strong></span> <span class='ocrx_word' id='word_1_306' title='bbox 683 2963 793 3017; x_wconf 91' lang='lat' dir='ltr'><strong>alio</strong></span> <span class='ocrx_word' id='word_1_307' title='bbox 821 2961 1045 3017; x_wconf 88' lang='lat' dir='ltr'><strong>sibimet</strong></span> <span class='ocrx_word' id='word_1_308' title='bbox 1069 2958 1325 3030; x_wconf 90' lang='lat' dir='ltr'><strong>irrogatis</strong></span> <span class='ocrx_word' id='word_1_309' title='bbox 1344 2998 1360 3025; x_wconf 93' lang='lat'><strong>,</strong></span> <span class='ocrx_word' id='word_1_310' title='bbox 1398 2955 1723 3013; x_wconf 88' lang='lat' dir='ltr'><strong>assuefaciat</strong></span> <span class='ocrx_word' id='word_1_311' title='bbox 1748 2962 1997 3010; x_wconf 89' lang='lat' dir='ltr'><strong>mentem</strong></span> 
     </span>
    </p>
   </div>
   <div class='ocr_carea' id='block_1_46' title="bbox 396 3048 1998 3124">
    <p class='ocr_par' dir='ltr' id='par_1_46' title="bbox 396 3048 1998 3124">
     <span class='ocr_line' id='line_1_46' title="bbox 396 3048 1998 3124; baseline -0.006 -12"><span class='ocrx_word' id='word_1_312' title='bbox 396 3072 553 3113; x_wconf 90' lang='lat' dir='ltr'><strong>suam</strong></span> <span class='ocrx_word' id='word_1_313' title='bbox 578 3056 638 3110; x_wconf 91' lang='lat' dir='ltr'><strong>in</strong></span> <span class='ocrx_word' id='word_1_314' title='bbox 662 3055 925 3110; x_wconf 90' lang='lat' dir='ltr'><strong>omnibus</strong></span> <span class='ocrx_word' id='word_1_315' title='bbox 951 3067 1076 3124; x_wconf 67' lang='lat' dir='ltr'><strong>qua:</strong></span> <span class='ocrx_word' id='word_1_316' title='bbox 1100 3050 1298 3107; x_wconf 81' lang='lat' dir='ltr'><strong>inferre</strong></span> <span class='ocrx_word' id='word_1_317' title='bbox 1318 3048 1644 3120; x_wconf 88' lang='lat' dir='ltr'><strong>improbitas</strong></span> <span class='ocrx_word' id='word_1_318' title='bbox 1670 3055 1851 3120; x_wconf 90' lang='lat' dir='ltr'><strong>potest</strong></span> <span class='ocrx_word' id='word_1_319' title='bbox 1877 3063 1998 3120; x_wconf 89' lang='lat' dir='ltr'><strong>per—</strong></span> 
     </span>
    </p>
   </div>
   <div class='ocr_carea' id='block_1_47' title="bbox 398 3140 1995 3213">
    <p class='ocr_par' dir='ltr' id='par_1_47' title="bbox 398 3140 1995 3213">
     <span class='ocr_line' id='line_1_47' title="bbox 398 3140 1995 3213; baseline -0.004 -10"><span class='ocrx_word' id='word_1_320' title='bbox 398 3147 538 3204; x_wconf 88' lang='lat' dir='ltr'><strong>fecta</strong></span> <span class='ocrx_word' id='word_1_321' title='bbox 559 3146 861 3202; x_wconf 91' lang='lat' dir='ltr'><strong>humilitate</strong></span> <span class='ocrx_word' id='word_1_322' title='bbox 886 3143 1275 3211; x_wconf 84' lang='lat' dir='ltr'><strong>succumbere;</strong></span> <span class='ocrx_word' id='word_1_323' title='bbox 1304 3152 1469 3213; x_wconf 90' lang='lat' dir='ltr'><strong>atque</strong></span> <span class='ocrx_word' id='word_1_324' title='bbox 1496 3155 1687 3213; x_wconf 88' lang='lat' dir='ltr'><strong>aspera</strong></span> <span class='ocrx_word' id='word_1_325' title='bbox 1713 3140 1814 3196; x_wconf 86' lang='lat' dir='ltr'><strong>sibi</strong></span> <span class='ocrx_word' id='word_1_326' title='bbox 1843 3156 1995 3212; x_wconf 72' lang='lat' dir='ltr'><strong>qua:-</strong></span> 
     </span>
    </p>
   </div>
   <div class='ocr_carea' id='block_1_48' title="bbox 2104 1919 3702 2001">
    <p class='ocr_par' dir='ltr' id='par_1_48' title="bbox 2104 1919 3702 2001">
     <span class='ocr_line' id='line_1_48' title="bbox 2104 1919 3702 2001; baseline -0.002 -22"><span class='ocrx_word' id='word_1_327' title='bbox 2104 1924 2274 1981; x_wconf 89' lang='lat' dir='ltr'><strong>hostis</strong></span> <span class='ocrx_word' id='word_1_328' title='bbox 2315 1923 2509 1980; x_wconf 89' lang='lat' dir='ltr'><strong>umbra</strong></span> <span class='ocrx_word' id='word_1_329' title='bbox 2536 1921 2835 1978; x_wconf 86' lang='lat' dir='ltr'><strong>conterruit</strong></span> <span class='ocrx_word' id='word_1_330' title='bbox 2858 1922 3025 1991; x_wconf 68' lang='lat' dir='ltr'><strong>[Lips</strong></span> <span class='ocrx_word' id='word_1_331' title='bbox 3052 1921 3126 2001; x_wconf 83' lang='lat' dir='ltr'><strong>in</strong></span> <span class='ocrx_word' id='word_1_332' title='bbox 3157 1934 3337 1988; x_wconf 87' lang='lat' dir='ltr'><strong>marg.</strong></span> <span class='ocrx_word' id='word_1_333' title='bbox 3371 1919 3702 1987; x_wconf 81' lang='lat' dir='ltr'><strong>contrivit]?</strong></span> 
     </span>
    </p>
   </div>
   <div class='ocr_carea' id='block_1_49' title="bbox 2101 2016 3702 2099">
    <p class='ocr_par' dir='ltr' id='par_1_49' title="bbox 2101 2016 3702 2099">
     <span class='ocr_line' id='line_1_49' title="bbox 2101 2016 3702 2099; baseline -0.004 -20"><span class='ocrx_word' id='word_1_334' title='bbox 2101 2023 2217 2099; x_wconf 84' lang='lat' dir='ltr'><strong>Tali</strong></span> <span class='ocrx_word' id='word_1_335' title='bbox 2258 2037 2390 2095; x_wconf 87' lang='lat' dir='ltr'><strong>ergo</strong></span> <span class='ocrx_word' id='word_1_336' title='bbox 2453 2020 2810 2092; x_wconf 86' lang='lat' dir='ltr'><strong>semetipsum</strong></span> <span class='ocrx_word' id='word_1_337' title='bbox 2853 2016 3299 2090; x_wconf 89' lang='lat' dir='ltr'><strong>compunctionis</strong></span> <span class='ocrx_word' id='word_1_338' title='bbox 3359 2016 3702 2073; x_wconf 82' lang='lat' dir='ltr'><strong>animadver-</strong></span> 
     </span>
    </p>
   </div>
   <div class='ocr_carea' id='block_1_50' title="bbox 2101 2110 3708 2182">
    <p class='ocr_par' dir='ltr' id='par_1_50' title="bbox 2101 2110 3708 2182">
     <span class='ocr_line' id='line_1_50' title="bbox 2101 2110 3708 2182; baseline -0.003 -10"><span class='ocrx_word' id='word_1_339' title='bbox 2101 2117 2255 2173; x_wconf 88' lang='lat' dir='ltr'><strong>sione</strong></span> <span class='ocrx_word' id='word_1_340' title='bbox 2277 2115 2669 2182; x_wconf 90' lang='lat' dir='ltr'><strong>condemnans,</strong></span> <span class='ocrx_word' id='word_1_341' title='bbox 2695 2113 2926 2170; x_wconf 89' lang='lat' dir='ltr'><strong>inultam</strong></span> <span class='ocrx_word' id='word_1_342' title='bbox 2953 2112 3126 2167; x_wconf 89' lang='lat' dir='ltr'><strong>animi</strong></span> <span class='ocrx_word' id='word_1_343' title='bbox 3154 2111 3241 2167; x_wconf 89' lang='lat' dir='ltr'><strong>sui</strong></span> <span class='ocrx_word' id='word_1_344' title='bbox 3267 2110 3708 2167; x_wconf 87' lang='lat' dir='ltr'><strong>commotiuncu-</strong></span> 
     </span>
    </p>
   </div>
   <div class='ocr_carea' id='block_1_51' title="bbox 2066 2203 3708 2277">
    <p class='ocr_par' dir='ltr' id='par_1_51' title="bbox 2066 2203 3708 2277">
     <span class='ocr_line' id='line_1_51' title="bbox 2066 2203 3708 2277; baseline -0.003 -11"><span class='ocrx_word' id='word_1_345' title='bbox 2066 2216 2071 2225; x_wconf 90' lang='lat'><em>‘</em></span> <span class='ocrx_word' id='word_1_346' title='bbox 2104 2210 2214 2266; x_wconf 92' lang='lat' dir='ltr'><strong>lam</strong></span> <span class='ocrx_word' id='word_1_347' title='bbox 2243 2224 2359 2266; x_wconf 89' lang='lat' dir='ltr'><strong>esse</strong></span> <span class='ocrx_word' id='word_1_348' title='bbox 2383 2224 2499 2266; x_wconf 91' lang='lat' dir='ltr'><strong>non</strong></span> <span class='ocrx_word' id='word_1_349' title='bbox 2517 2208 2676 2277; x_wconf 86' lang='lat' dir='ltr'><strong>sinat,</strong></span> <span class='ocrx_word' id='word_1_350' title='bbox 2696 2206 2793 2264; x_wconf 87' lang='lat' dir='ltr'><strong>sed</strong></span> <span class='ocrx_word' id='word_1_351' title='bbox 2814 2206 3047 2263; x_wconf 90' lang='lat' dir='ltr'><strong>arctiore</strong></span> <span class='ocrx_word' id='word_1_352' title='bbox 3081 2218 3309 2261; x_wconf 88' lang='lat' dir='ltr'><strong>carnem</strong></span> <span class='ocrx_word' id='word_1_353' title='bbox 3330 2218 3492 2260; x_wconf 84' lang='lat' dir='ltr'><strong>suam</strong></span> <span class='ocrx_word' id='word_1_354' title='bbox 3516 2203 3708 2277; x_wconf 88' lang='lat' dir='ltr'><strong>jejunii</strong></span> 
     </span>
    </p>
   </div>
   <div class='ocr_carea' id='block_1_52' title="bbox 2103 2298 3705 2375">
    <p class='ocr_par' dir='ltr' id='par_1_52' title="bbox 2103 2298 3705 2375">
     <span class='ocr_line' id='line_1_52' title="bbox 2103 2298 3705 2375; baseline -0.003 -15"><span class='ocrx_word' id='word_1_355' title='bbox 2103 2319 2170 2360; x_wconf 91' lang='lat' dir='ltr'><strong>ac</strong></span> <span class='ocrx_word' id='word_1_356' title='bbox 2196 2303 2510 2375; x_wconf 88' lang='lat' dir='ltr'><strong>vigiliarum</strong></span> <span class='ocrx_word' id='word_1_357' title='bbox 2535 2301 2874 2374; x_wconf 89' lang='lat' dir='ltr'><strong>correptione</strong></span> <span class='ocrx_word' id='word_1_358' title='bbox 2900 2300 3195 2372; x_wconf 87' lang='lat' dir='ltr'><strong>castigans,</strong></span> <span class='ocrx_word' id='word_1_359' title='bbox 3224 2314 3289 2355; x_wconf 90' lang='lat' dir='ltr'><strong>ac</strong></span> <span class='ocrx_word' id='word_1_360' title='bbox 3309 2298 3542 2373; x_wconf 83' lang='lat' dir='ltr'><strong>jugibus</strong></span> <span class='ocrx_word' id='word_1_361' title='bbox 3571 2315 3705 2355; x_wconf 86' lang='lat' dir='ltr'><strong>con-</strong></span> 
     </span>
    </p>
   </div>
   <div class='ocr_carea' id='block_1_53' title="bbox 2100 2392 3702 2468">
    <p class='ocr_par' dir='ltr' id='par_1_53' title="bbox 2100 2392 3702 2468">
     <span class='ocr_line' id='line_1_53' title="bbox 2100 2392 3702 2468; baseline -0.003 -15"><span class='ocrx_word' id='word_1_362' title='bbox 2100 2397 2346 2453; x_wconf 65' lang='lat' dir='ltr'><strong>tinentias</strong></span> <span class='ocrx_word' id='word_1_363' title='bbox 2382 2396 2555 2468; x_wconf 67' lang='lat' dir='ltr'><strong>pinnis</strong></span> <span class='ocrx_word' id='word_1_364' title='bbox 2591 2395 2811 2467; x_wconf 87' lang='lat' dir='ltr'><strong>culpam</strong></span> <span class='ocrx_word' id='word_1_365' title='bbox 2844 2409 2961 2451; x_wconf 65' lang='lat' dir='ltr'><strong>suae</strong></span> <span class='ocrx_word' id='word_1_366' title='bbox 2993 2392 3315 2450; x_wconf 89' lang='lat' dir='ltr'><strong>mobilitatis</strong></span> <span class='ocrx_word' id='word_1_367' title='bbox 3357 2392 3702 2460; x_wconf 73' lang='lat' dir='ltr'><strong>excruciem,</strong></span> 
     </span>
    </p>
   </div>
   <div class='ocr_carea' id='block_1_54' title="bbox 2103 2487 3705 2562">
    <p class='ocr_par' dir='ltr' id='par_1_54' title="bbox 2103 2487 3705 2562">
     <span class='ocr_line' id='line_1_54' title="bbox 2103 2487 3705 2562; baseline -0.002 -15"><span class='ocrx_word' id='word_1_368' title='bbox 2103 2490 2161 2547; x_wconf 91' lang='lat' dir='ltr'><strong>id</strong></span> <span class='ocrx_word' id='word_1_369' title='bbox 2195 2490 2343 2562; x_wconf 92' lang='lat' dir='ltr'><strong>quod</strong></span> <span class='ocrx_word' id='word_1_370' title='bbox 2368 2490 2440 2547; x_wconf 89' lang='lat' dir='ltr'><strong>ad</strong></span> <span class='ocrx_word' id='word_1_371' title='bbox 2468 2490 2692 2562; x_wconf 90' lang='lat' dir='ltr'><strong>plenum</strong></span> <span class='ocrx_word' id='word_1_372' title='bbox 2719 2504 3019 2561; x_wconf 86' lang='lat' dir='ltr'><strong>excoquere</strong></span> <span class='ocrx_word' id='word_1_373' title='bbox 3052 2488 3110 2544; x_wconf 90' lang='lat' dir='ltr'><strong>in</strong></span> <span class='ocrx_word' id='word_1_374' title='bbox 3134 2487 3375 2544; x_wconf 88' lang='lat' dir='ltr'><strong>ooenobii</strong></span> <span class='ocrx_word' id='word_1_375' title='bbox 3409 2503 3705 2544; x_wconf 84' lang='lat' dir='ltr'><strong>conversa-</strong></span> 
     </span>
    </p>
   </div>
   <div class='ocr_carea' id='block_1_55' title="bbox 2101 2581 3709 2651">
    <p class='ocr_par' dir='ltr' id='par_1_55' title="bbox 2101 2581 3709 2651">
     <span class='ocr_line' id='line_1_55' title="bbox 2101 2581 3709 2651; baseline -0.002 -10"><span class='ocrx_word' id='word_1_376' title='bbox 2101 2584 2252 2642; x_wconf 88' lang='lat' dir='ltr'><strong>tione</strong></span> <span class='ocrx_word' id='word_1_377' title='bbox 2286 2584 2572 2651; x_wconf 87' lang='lat' dir='ltr'><strong>debuerat,</strong></span> <span class='ocrx_word' id='word_1_378' title='bbox 2603 2584 2662 2640; x_wconf 91' lang='lat' dir='ltr'><strong>in</strong></span> <span class='ocrx_word' id='word_1_379' title='bbox 2703 2583 2994 2640; x_wconf 89' lang='lat' dir='ltr'><strong>solitudine</strong></span> <span class='ocrx_word' id='word_1_380' title='bbox 3031 2582 3370 2639; x_wconf 89' lang='lat' dir='ltr'><strong>constitutus</strong></span> <span class='ocrx_word' id='word_1_381' title='bbox 3408 2581 3519 2638; x_wconf 91' lang='lat' dir='ltr'><strong>hoc</strong></span> <span class='ocrx_word' id='word_1_382' title='bbox 3556 2596 3709 2638; x_wconf 76' lang='lat' dir='ltr'><strong>exer-</strong></span> 
     </span>
    </p>
   </div>
   <div class='ocr_carea' id='block_1_56' title="bbox 2102 2675 3708 2750">
    <p class='ocr_par' dir='ltr' id='par_1_56' title="bbox 2102 2675 3708 2750">
     <span class='ocr_line' id='line_1_56' title="bbox 2102 2675 3708 2750; baseline -0.002 -15"><span class='ocrx_word' id='word_1_383' title='bbox 2102 2678 2381 2736; x_wconf 85' lang='lat' dir='ltr'><strong>citationis</strong></span> <span class='ocrx_word' id='word_1_384' title='bbox 2406 2679 2532 2750; x_wconf 84' lang='lat' dir='ltr'><strong>igne</strong></span> <span class='ocrx_word' id='word_1_385' title='bbox 2559 2686 2868 2735; x_wconf 88' lang='lat' dir='ltr'><strong>consumat.</strong></span> <span class='ocrx_word' id='word_1_386' title='bbox 2900 2675 3040 2734; x_wconf 91' lang='lat' dir='ltr'><strong>lllud</strong></span> <span class='ocrx_word' id='word_1_387' title='bbox 3077 2691 3208 2733; x_wconf 89' lang='lat' dir='ltr'><strong>sane</strong></span> <span class='ocrx_word' id='word_1_388' title='bbox 3238 2675 3310 2733; x_wconf 85' lang='lat' dir='ltr'><strong>ad</strong></span> <span class='ocrx_word' id='word_1_389' title='bbox 3347 2675 3708 2733; x_wconf 84' lang='lat' dir='ltr'><strong>obtinendam</strong></span> 
     </span>
    </p>
   </div>
   <div class='ocr_carea' id='block_1_57' title="bbox 2095 2769 3710 2846">
    <p class='ocr_par' dir='ltr' id='par_1_57' title="bbox 2095 2769 3710 2846">
     <span class='ocr_line' id='line_1_57' title="bbox 2095 2769 3710 2846; baseline -0.004 -15"><span class='ocrx_word' id='word_1_390' title='bbox 2095 2775 2285 2846; x_wconf 86' lang='lat' dir='ltr'><strong>jugem</strong></span> <span class='ocrx_word' id='word_1_391' title='bbox 2315 2789 2379 2830; x_wconf 89' lang='lat' dir='ltr'><strong>ac</strong></span> <span class='ocrx_word' id='word_1_392' title='bbox 2409 2774 2660 2830; x_wconf 87' lang='lat' dir='ltr'><strong>stabilem</strong></span> <span class='ocrx_word' id='word_1_393' title='bbox 2688 2770 3005 2845; x_wconf 88' lang='lat' dir='ltr'><strong>patientiam</strong></span> <span class='ocrx_word' id='word_1_394' title='bbox 3041 2778 3357 2828; x_wconf 88' lang='lat' dir='ltr'><strong>constanter</strong></span> <span class='ocrx_word' id='word_1_395' title='bbox 3389 2778 3554 2842; x_wconf 84' lang='lat' dir='ltr'><strong>atque</strong></span> <span class='ocrx_word' id='word_1_396' title='bbox 3596 2769 3710 2825; x_wconf 91' lang='lat' dir='ltr'><strong>im-</strong></span> 
     </span>
    </p>
   </div>
   <div class='ocr_carea' id='block_1_58' title="bbox 2103 2862 3708 2936">
    <p class='ocr_par' dir='ltr' id='par_1_58' title="bbox 2103 2862 3708 2936">
     <span class='ocr_line' id='line_1_58' title="bbox 2103 2862 3708 2936; baseline -0.002 -12"><span class='ocrx_word' id='word_1_397' title='bbox 2103 2868 2381 2924; x_wconf 91' lang='lat' dir='ltr'><strong>mobiliter</strong></span> <span class='ocrx_word' id='word_1_398' title='bbox 2428 2877 2512 2924; x_wconf 89' lang='lat' dir='ltr'><strong>est</strong></span> <span class='ocrx_word' id='word_1_399' title='bbox 2558 2867 2887 2935; x_wconf 89' lang='lat' dir='ltr'><strong>tenendum,</strong></span> <span class='ocrx_word' id='word_1_400' title='bbox 2941 2881 3053 2921; x_wconf 92' lang='lat' dir='ltr'><strong>non</strong></span> <span class='ocrx_word' id='word_1_401' title='bbox 3100 2865 3260 2921; x_wconf 89' lang='lat' dir='ltr'><strong>licere</strong></span> <span class='ocrx_word' id='word_1_402' title='bbox 3295 2862 3451 2920; x_wconf 89' lang='lat' dir='ltr'><strong>nobis</strong></span> <span class='ocrx_word' id='word_1_403' title='bbox 3497 2862 3708 2936; x_wconf 83' lang='lat' dir='ltr'><strong>quibus</strong></span> 
     </span>
    </p>
   </div>
   <div class='ocr_carea' id='block_1_59' title="bbox 2103 2958 3704 3034">
    <p class='ocr_par' dir='ltr' id='par_1_59' title="bbox 2103 2958 3704 3034">
     <span class='ocr_line' id='line_1_59' title="bbox 2103 2958 3704 3034; baseline -0.002 -16"><span class='ocrx_word' id='word_1_404' title='bbox 2103 2962 2223 3034; x_wconf 82' lang='lat' dir='ltr'><strong>lege</strong></span> <span class='ocrx_word' id='word_1_405' title='bbox 2258 2961 2443 3019; x_wconf 85' lang='lat' dir='ltr'><strong>divina</strong></span> <span class='ocrx_word' id='word_1_406' title='bbox 2468 2978 2580 3019; x_wconf 90' lang='lat' dir='ltr'><strong>non</strong></span> <span class='ocrx_word' id='word_1_407' title='bbox 2609 2963 2790 3018; x_wconf 91' lang='lat' dir='ltr'><strong>solum</strong></span> <span class='ocrx_word' id='word_1_408' title='bbox 2825 2960 2964 3018; x_wconf 91' lang='lat' dir='ltr'><strong>ultio</strong></span> <span class='ocrx_word' id='word_1_409' title='bbox 3006 2960 3357 3033; x_wconf 89' lang='lat' dir='ltr'><strong>injuriarum,</strong></span> <span class='ocrx_word' id='word_1_410' title='bbox 3395 2958 3494 3015; x_wconf 87' lang='lat' dir='ltr'><strong>sed</strong></span> <span class='ocrx_word' id='word_1_411' title='bbox 3533 2959 3704 3015; x_wconf 88' lang='lat' dir='ltr'><strong>etiam</strong></span> 
     </span>
    </p>
   </div>
   <div class='ocr_carea' id='block_1_60' title="bbox 2102 3051 3707 3128">
    <p class='ocr_par' dir='ltr' id='par_1_60' title="bbox 2102 3051 3707 3128">
     <span class='ocr_line' id='line_1_60' title="bbox 2102 3051 3707 3128; baseline -0.002 -17"><span class='ocrx_word' id='word_1_412' title='bbox 2102 3055 2373 3112; x_wconf 91' lang='lat' dir='ltr'><strong>memoria</strong></span> <span class='ocrx_word' id='word_1_413' title='bbox 2400 3055 2739 3128; x_wconf 91' lang='lat' dir='ltr'><strong>prohibetur,</strong></span> <span class='ocrx_word' id='word_1_414' title='bbox 2780 3053 3071 3128; x_wconf 85' lang='lat' dir='ltr'><strong>cujuslibet</strong></span> <span class='ocrx_word' id='word_1_415' title='bbox 3112 3052 3433 3109; x_wconf 88' lang='lat' dir='ltr'><strong>detrimenti</strong></span> <span class='ocrx_word' id='word_1_416' title='bbox 3464 3051 3546 3107; x_wconf 89' lang='lat' dir='ltr'><strong>vel</strong></span> <span class='ocrx_word' id='word_1_417' title='bbox 3585 3052 3707 3108; x_wconf 87' lang='lat' dir='ltr'><strong>irri-</strong></span> 
     </span>
    </p>
   </div>
   <div class='ocr_carea' id='block_1_61' title="bbox 2100 3145 3704 3216">
    <p class='ocr_par' dir='ltr' id='par_1_61' title="bbox 2100 3145 3704 3216">
     <span class='ocr_line' id='line_1_61' title="bbox 2100 3145 3704 3216; baseline -0.002 -10"><span class='ocrx_word' id='word_1_418' title='bbox 2100 3150 2331 3206; x_wconf 88' lang='lat' dir='ltr'><strong>tationis</strong></span> <span class='ocrx_word' id='word_1_419' title='bbox 2378 3149 2610 3213; x_wconf 89' lang='lat' dir='ltr'><strong>obtentu</strong></span> <span class='ocrx_word' id='word_1_420' title='bbox 2662 3147 2733 3205; x_wconf 92' lang='lat' dir='ltr'><strong>ad</strong></span> <span class='ocrx_word' id='word_1_421' title='bbox 2770 3147 3110 3205; x_wconf 88' lang='lat' dir='ltr'><strong>iracundiam</strong></span> <span class='ocrx_word' id='word_1_422' title='bbox 3145 3145 3504 3203; x_wconf 90' lang='lat' dir='ltr'><strong>commoveri.</strong></span> <span class='ocrx_word' id='word_1_423' title='bbox 3546 3147 3704 3216; x_wconf 90' lang='lat' dir='ltr'><strong>Quod</strong></span> 
     </span>
    </p>
   </div>
   <div class='ocr_carea' id='block_1_62' title="bbox 397 3234 3699 3316">
    <p class='ocr_par' dir='ltr' id='par_1_62' title="bbox 397 3234 3699 3316">
     <span class='ocr_line' id='line_1_62' title="bbox 397 3234 3699 3316; baseline -0 -21"><span class='ocrx_word' id='word_1_424' title='bbox 397 3254 504 3312; x_wconf 90' lang='lat' dir='ltr'><strong>que</strong></span> <span class='ocrx_word' id='word_1_425' title='bbox 532 3247 585 3294; x_wconf 93' lang='lat' dir='ltr'><strong>et</strong></span> <span class='ocrx_word' id='word_1_426' title='bbox 607 3236 964 3293; x_wconf 87' lang='lat' dir='ltr'><strong>intolerabilia</strong></span> <span class='ocrx_word' id='word_1_427' title='bbox 1005 3235 1319 3308; x_wconf 89' lang='lat' dir='ltr'><strong>frequenter</strong></span> <span class='ocrx_word' id='word_1_428' title='bbox 1341 3248 1645 3306; x_wconf 85' lang='lat' dir='ltr'><strong>opponens,</strong></span> <span class='ocrx_word' id='word_1_429' title='bbox 1672 3242 1874 3307; x_wconf 89' lang='lat' dir='ltr'><strong>quanta</strong></span> <span class='ocrx_word' id='word_1_430' title='bbox 1918 3234 1994 3290; x_wconf 90' lang='lat' dir='ltr'><strong>eis</strong></span> <span class='ocrx_word' id='word_1_431' title='bbox 2028 3251 2075 3316; x_wconf 72' lang='grc' dir='ltr'><strong>ρ</strong></span> <span class='ocrx_word' id='word_1_432' title='bbox 2102 3244 2250 3299; x_wconf 77' lang='lat' dir='ltr'><strong>enim</strong></span> <span class='ocrx_word' id='word_1_433' title='bbox 2300 3243 2499 3299; x_wconf 59' lang='lat' dir='ltr'><strong>anima;</strong></span> <span class='ocrx_word' id='word_1_434' title='bbox 2548 3241 2762 3316; x_wconf 70' lang='lat' dir='ltr'><strong>gravius</strong></span> <span class='ocrx_word' id='word_1_435' title='bbox 2807 3248 2988 3313; x_wconf 86' lang='lat' dir='ltr'><strong>potest</strong></span> <span class='ocrx_word' id='word_1_436' title='bbox 3045 3239 3262 3296; x_wconf 87' lang='lat' dir='ltr'><strong>evenire</strong></span> <span class='ocrx_word' id='word_1_437' title='bbox 3329 3237 3699 3311; x_wconf 85' lang='lat' dir='ltr'><strong>dispendium,</strong></span> 
     </span>
    </p>
   </div>
   <div class='ocr_carea' id='block_1_63' title="bbox 398 3329 1994 3403">
    <p class='ocr_par' dir='ltr' id='par_1_63' title="bbox 398 3329 1994 3403">
     <span class='ocr_line' id='line_1_63' title="bbox 398 3329 1994 3403; baseline -0.005 -11"><span class='ocrx_word' id='word_1_438' title='bbox 398 3348 681 3393; x_wconf 87' lang='lat' dir='ltr'><strong>occurrere</strong></span> <span class='ocrx_word' id='word_1_439' title='bbox 717 3332 911 3388; x_wconf 90' lang='lat' dir='ltr'><strong>debeat</strong></span> <span class='ocrx_word' id='word_1_440' title='bbox 936 3330 1152 3388; x_wconf 89' lang='lat' dir='ltr'><strong>lenitate</strong></span> <span class='ocrx_word' id='word_1_441' title='bbox 1177 3330 1331 3387; x_wconf 90' lang='lat' dir='ltr'><strong>omni</strong></span> <span class='ocrx_word' id='word_1_442' title='bbox 1350 3330 1554 3403; x_wconf 85' lang='lat' dir='ltr'><strong>jugiter</strong></span> <span class='ocrx_word' id='word_1_443' title='bbox 1580 3329 1760 3386; x_wconf 91' lang='lat' dir='ltr'><strong>cordis</strong></span> <span class='ocrx_word' id='word_1_444' title='bbox 1785 3330 1994 3385; x_wconf 89' lang='lat' dir='ltr'><strong>contri-</strong></span> 
     </span>
    </p>
   </div>
   <div class='ocr_carea' id='block_1_64' title="bbox 396 3422 1996 3497">
    <p class='ocr_par' dir='ltr' id='par_1_64' title="bbox 396 3422 1996 3497">
     <span class='ocr_line' id='line_1_64' title="bbox 396 3422 1996 3497; baseline -0.003 -12"><span class='ocrx_word' id='word_1_445' title='bbox 396 3430 544 3485; x_wconf 88' lang='lat' dir='ltr'><strong>tione</strong></span> <span class='ocrx_word' id='word_1_446' title='bbox 580 3425 893 3483; x_wconf 89' lang='lat' dir='ltr'><strong>meditetur.</strong></span> <span class='ocrx_word' id='word_1_447' title='bbox 938 3428 1010 3481; x_wconf 87' lang='lat' dir='ltr'><strong>Et</strong></span> <span class='ocrx_word' id='word_1_448' title='bbox 1048 3424 1121 3481; x_wconf 89' lang='lat' dir='ltr'><strong>ita</strong></span> <span class='ocrx_word' id='word_1_449' title='bbox 1164 3425 1460 3497; x_wconf 87' lang='lat' dir='ltr'><strong>respiciens</strong></span> <span class='ocrx_word' id='word_1_450' title='bbox 1499 3422 1571 3480; x_wconf 88' lang='lat' dir='ltr'><strong>ad</strong></span> <span class='ocrx_word' id='word_1_451' title='bbox 1612 3423 1733 3482; x_wconf 91' lang='lat' dir='ltr'><strong>illas</strong></span> <span class='ocrx_word' id='word_1_452' title='bbox 1769 3432 1996 3481; x_wconf 83' lang='lat' dir='ltr'><strong>sancto-</strong></span> 
     </span>
    </p>
   </div>
   <div class='ocr_carea' id='block_1_65' title="bbox 396 3518 1992 3591">
    <p class='ocr_par' dir='ltr' id='par_1_65' title="bbox 396 3518 1992 3591">
     <span class='ocr_line' id='line_1_65' title="bbox 396 3518 1992 3591; baseline -0.003 -11"><span class='ocrx_word' id='word_1_453' title='bbox 396 3538 520 3580; x_wconf 89' lang='lat' dir='ltr'><strong>rum</strong></span> <span class='ocrx_word' id='word_1_454' title='bbox 545 3522 794 3578; x_wconf 90' lang='lat' dir='ltr'><strong>omnium</strong></span> <span class='ocrx_word' id='word_1_455' title='bbox 823 3521 937 3576; x_wconf 89' lang='lat' dir='ltr'><strong>sive</strong></span> <span class='ocrx_word' id='word_1_456' title='bbox 964 3519 1130 3591; x_wconf 89' lang='lat' dir='ltr'><strong>ipsius</strong></span> <span class='ocrx_word' id='word_1_457' title='bbox 1152 3519 1381 3575; x_wconf 89' lang='lat' dir='ltr'><strong>Domini</strong></span> <span class='ocrx_word' id='word_1_458' title='bbox 1408 3519 1711 3590; x_wconf 87' lang='lat' dir='ltr'><strong>passiones,</strong></span> <span class='ocrx_word' id='word_1_459' title='bbox 1739 3518 1992 3576; x_wconf 85' lang='lat' dir='ltr'><strong>universa</strong></span> 
     </span>
    </p>
   </div>
   <div class='ocr_carea' id='block_1_66' title="bbox 396 3612 1993 3685">
    <p class='ocr_par' dir='ltr' id='par_1_66' title="bbox 396 3612 1993 3685">
     <span class='ocr_line' id='line_1_66' title="bbox 396 3612 1993 3685; baseline -0.002 -13"><span class='ocrx_word' id='word_1_460' title='bbox 396 3633 511 3673; x_wconf 90' lang='lat' dir='ltr'><strong>non</strong></span> <span class='ocrx_word' id='word_1_461' title='bbox 536 3616 717 3672; x_wconf 90' lang='lat' dir='ltr'><strong>solum</strong></span> <span class='ocrx_word' id='word_1_462' title='bbox 734 3614 1126 3681; x_wconf 89' lang='lat' dir='ltr'><strong>conviciorum,</strong></span> <span class='ocrx_word' id='word_1_463' title='bbox 1147 3612 1243 3669; x_wconf 90' lang='lat' dir='ltr'><strong>sed</strong></span> <span class='ocrx_word' id='word_1_464' title='bbox 1270 3612 1438 3667; x_wconf 88' lang='lat' dir='ltr'><strong>etiam</strong></span> <span class='ocrx_word' id='word_1_465' title='bbox 1464 3626 1750 3684; x_wconf 87' lang='lat' dir='ltr'><strong>poenarum</strong></span> <span class='ocrx_word' id='word_1_466' title='bbox 1774 3629 1993 3685; x_wconf 88' lang='lat' dir='ltr'><strong>genera,</strong></span> 
     </span>
    </p>
   </div>
   <div class='ocr_carea' id='block_1_67' title="bbox 398 3707 1995 3778">
    <p class='ocr_par' dir='ltr' id='par_1_67' title="bbox 398 3707 1995 3778">
     <span class='ocr_line' id='line_1_67' title="bbox 398 3707 1995 3778; baseline -0.001 -12"><span class='ocrx_word' id='word_1_467' title='bbox 398 3710 657 3766; x_wconf 89' lang='lat' dir='ltr'><strong>inferiora</strong></span> <span class='ocrx_word' id='word_1_468' title='bbox 698 3708 911 3764; x_wconf 86' lang='lat' dir='ltr'><strong>meritis</strong></span> <span class='ocrx_word' id='word_1_469' title='bbox 943 3707 1055 3765; x_wconf 91' lang='lat' dir='ltr'><strong>suis</strong></span> <span class='ocrx_word' id='word_1_470' title='bbox 1086 3723 1204 3763; x_wconf 90' lang='lat' dir='ltr'><strong>esse</strong></span> <span class='ocrx_word' id='word_1_471' title='bbox 1246 3707 1632 3778; x_wconf 89' lang='lat' dir='ltr'><strong>pronuntians,</strong></span> <span class='ocrx_word' id='word_1_472' title='bbox 1662 3707 1733 3764; x_wconf 89' lang='lat' dir='ltr'><strong>ad</strong></span> <span class='ocrx_word' id='word_1_473' title='bbox 1772 3723 1995 3764; x_wconf 90' lang='lat' dir='ltr'><strong>omnem</strong></span> 
     </span>
    </p>
   </div>
   <div class='ocr_carea' id='block_1_68' title="bbox 398 3800 1991 3873">
    <p class='ocr_par' dir='ltr' id='par_1_68' title="bbox 398 3800 1991 3873">
     <span class='ocr_line' id='line_1_68' title="bbox 398 3800 1991 3873; baseline -0.002 -13"><span class='ocrx_word' id='word_1_474' title='bbox 398 3820 457 3860; x_wconf 91' lang='lat' dir='ltr'><strong>se</strong></span> <span class='ocrx_word' id='word_1_475' title='bbox 492 3803 749 3860; x_wconf 90' lang='lat' dir='ltr'><strong>dolorum</strong></span> <span class='ocrx_word' id='word_1_476' title='bbox 793 3802 1147 3858; x_wconf 89' lang='lat' dir='ltr'><strong>tolerantiam</strong></span> <span class='ocrx_word' id='word_1_477' title='bbox 1206 3800 1549 3873; x_wconf 65' lang='lat' dir='ltr'><strong>praeparabit.</strong></span> <span class='ocrx_word' id='word_1_478' title='bbox 1590 3801 1839 3872; x_wconf 90' lang='lat' dir='ltr'><strong>Cumque</strong></span> <span class='ocrx_word' id='word_1_479' title='bbox 1892 3801 1991 3857; x_wconf 89' lang='lat' dir='ltr'><strong>ali-</strong></span> 
     </span>
    </p>
   </div>
   <div class='ocr_carea' id='block_1_69' title="bbox 396 3892 1993 3971">
    <p class='ocr_par' dir='ltr' id='par_1_69' title="bbox 396 3892 1993 3971">
     <span class='ocr_line' id='line_1_69' title="bbox 396 3892 1993 3971; baseline 0 -18"><span class='ocrx_word' id='word_1_480' title='bbox 396 3898 619 3971; x_wconf 90' lang='lat' dir='ltr'><strong>quando</strong></span> <span class='ocrx_word' id='word_1_481' title='bbox 665 3895 737 3953; x_wconf 90' lang='lat' dir='ltr'><strong>ad</strong></span> <span class='ocrx_word' id='word_1_482' title='bbox 774 3905 948 3953; x_wconf 65' lang='lat' dir='ltr'><strong>coetus</strong></span> <span class='ocrx_word' id='word_1_483' title='bbox 990 3893 1219 3952; x_wconf 88' lang='lat' dir='ltr'><strong>fratrum</strong></span> <span class='ocrx_word' id='word_1_484' title='bbox 1264 3894 1449 3966; x_wconf 86' lang='lat' dir='ltr'><strong>aliqua</strong></span> <span class='ocrx_word' id='word_1_485' title='bbox 1476 3892 1635 3950; x_wconf 84' lang='lat' dir='ltr'><strong>fuerit</strong></span> <span class='ocrx_word' id='word_1_486' title='bbox 1679 3893 1993 3953; x_wconf 86' lang='lat' dir='ltr'><strong>invitatione</strong></span> 
     </span>
    </p>
   </div>
   <div class='ocr_carea' id='block_1_70' title="bbox 384 3987 1990 4061">
    <p class='ocr_par' dir='ltr' id='par_1_70' title="bbox 384 3987 1990 4061">
     <span class='ocr_line' id='line_1_70' title="bbox 384 3987 1990 4061; baseline -0.001 -13"><span class='ocrx_word' id='word_1_487' title='bbox 384 3998 706 4059; x_wconf 79' lang='lat' dir='ltr'><strong>revocatus,</strong></span> <span class='ocrx_word' id='word_1_488' title='bbox 735 3988 883 4061; x_wconf 91' lang='lat' dir='ltr'><strong>quod</strong></span> <span class='ocrx_word' id='word_1_489' title='bbox 900 4004 1014 4044; x_wconf 91' lang='lat' dir='ltr'><strong>non</strong></span> <span class='ocrx_word' id='word_1_490' title='bbox 1044 3996 1225 4060; x_wconf 89' lang='lat' dir='ltr'><strong>potest</strong></span> <span class='ocrx_word' id='word_1_491' title='bbox 1243 3988 1329 4044; x_wconf 90' lang='lat' dir='ltr'><strong>vel</strong></span> <span class='ocrx_word' id='word_1_492' title='bbox 1356 4003 1480 4044; x_wconf 90' lang='lat' dir='ltr'><strong>raro</strong></span> <span class='ocrx_word' id='word_1_493' title='bbox 1502 3988 1673 4044; x_wconf 90' lang='lat' dir='ltr'><strong>etiam</strong></span> <span class='ocrx_word' id='word_1_494' title='bbox 1697 3987 1990 4046; x_wconf 89' lang='lat' dir='ltr'><strong>districtis-</strong></span> 
     </span>
    </p>
   </div>
   <div class='ocr_carea' id='block_1_71' title="bbox 394 4083 1991 4156">
    <p class='ocr_par' dir='ltr' id='par_1_71' title="bbox 394 4083 1991 4156">
     <span class='ocr_line' id='line_1_71' title="bbox 394 4083 1991 4156; baseline -0.001 -15"><span class='ocrx_word' id='word_1_495' title='bbox 394 4086 551 4142; x_wconf 90' lang='lat' dir='ltr'><strong>simis</strong></span> <span class='ocrx_word' id='word_1_496' title='bbox 590 4084 783 4149; x_wconf 6' lang='lat' dir='ltr'><strong>peremi</strong></span> <span class='ocrx_word' id='word_1_497' title='bbox 833 4084 1033 4140; x_wconf 90' lang='lat' dir='ltr'><strong>accolis</strong></span> <span class='ocrx_word' id='word_1_498' title='bbox 1082 4083 1402 4156; x_wconf 89' lang='lat' dir='ltr'><strong>provenire,</strong></span> <span class='ocrx_word' id='word_1_499' title='bbox 1452 4085 1498 4138; x_wconf 89' lang='lat' dir='ltr'><strong>si</strong></span> <span class='ocrx_word' id='word_1_500' title='bbox 1540 4092 1779 4139; x_wconf 90' lang='lat' dir='ltr'><strong>mentem</strong></span> <span class='ocrx_word' id='word_1_501' title='bbox 1835 4100 1991 4141; x_wconf 89' lang='lat' dir='ltr'><strong>suam</strong></span> 
     </span>
    </p>
   </div>
   <div class='ocr_carea' id='block_1_72' title="bbox 394 4174 1994 4249">
    <p class='ocr_par' dir='ltr' id='par_1_72' title="bbox 394 4174 1994 4249">
     <span class='ocr_line' id='line_1_72' title="bbox 394 4174 1994 4249; baseline 0 -15"><span class='ocrx_word' id='word_1_502' title='bbox 394 4179 564 4234; x_wconf 89' lang='lat' dir='ltr'><strong>etiam</strong></span> <span class='ocrx_word' id='word_1_503' title='bbox 615 4192 714 4249; x_wconf 90' lang='lat' dir='ltr'><strong>pro</strong></span> <span class='ocrx_word' id='word_1_504' title='bbox 759 4174 969 4233; x_wconf 89' lang='lat' dir='ltr'><strong>levibus</strong></span> <span class='ocrx_word' id='word_1_505' title='bbox 1018 4175 1324 4249; x_wconf 88' lang='lat' dir='ltr'><strong>quibusque</strong></span> <span class='ocrx_word' id='word_1_506' title='bbox 1359 4175 1527 4232; x_wconf 90' lang='lat' dir='ltr'><strong>rebus</strong></span> <span class='ocrx_word' id='word_1_507' title='bbox 1577 4175 1994 4248; x_wconf 88' lang='lat' dir='ltr'><strong>deprehenderit</strong></span> 
     </span>
    </p>
   </div>
   <div class='ocr_carea' id='block_1_73' title="bbox 391 4267 1992 4341">
    <p class='ocr_par' dir='ltr' id='par_1_73' title="bbox 391 4267 1992 4341">
     <span class='ocr_line' id='line_1_73' title="bbox 391 4267 1992 4341; baseline 0 -15"><span class='ocrx_word' id='word_1_508' title='bbox 391 4273 557 4328; x_wconf 88' lang='lat' dir='ltr'><strong>tacita</strong></span> <span class='ocrx_word' id='word_1_509' title='bbox 574 4270 904 4327; x_wconf 89' lang='lat' dir='ltr'><strong>conscientia</strong></span> <span class='ocrx_word' id='word_1_510' title='bbox 917 4267 1087 4325; x_wconf 91' lang='lat' dir='ltr'><strong>fuisse</strong></span> <span class='ocrx_word' id='word_1_511' title='bbox 1106 4277 1465 4336; x_wconf 89' lang='lat' dir='ltr'><strong>commotam,</strong></span> <span class='ocrx_word' id='word_1_512' title='bbox 1487 4278 1551 4325; x_wconf 91' lang='lat' dir='ltr'><strong>ut</strong></span> <span class='ocrx_word' id='word_1_513' title='bbox 1570 4269 1796 4341; x_wconf 88' lang='lat' dir='ltr'><strong>quidam</strong></span> <span class='ocrx_word' id='word_1_514' title='bbox 1808 4272 1992 4328; x_wconf 87' lang='lat' dir='ltr'><strong>occul-</strong></span> 
     </span>
    </p>
   </div>
   <div class='ocr_carea' id='block_1_74' title="bbox 395 4365 1995 4434">
    <p class='ocr_par' dir='ltr' id='par_1_74' title="bbox 395 4365 1995 4434">
     <span class='ocr_line' id='line_1_74' title="bbox 395 4365 1995 4434; baseline 0.003 -14"><span class='ocrx_word' id='word_1_515' title='bbox 395 4375 579 4421; x_wconf 90' lang='lat' dir='ltr'><strong>torum</strong></span> <span class='ocrx_word' id='word_1_516' title='bbox 601 4374 851 4420; x_wconf 90' lang='lat' dir='ltr'><strong>motuum</strong></span> <span class='ocrx_word' id='word_1_517' title='bbox 872 4365 1251 4420; x_wconf 87' lang='lat' dir='ltr'><strong>severissimus</strong></span> <span class='ocrx_word' id='word_1_518' title='bbox 1274 4379 1488 4434; x_wconf 89' lang='lat' dir='ltr'><strong>censor,</strong></span> <span class='ocrx_word' id='word_1_519' title='bbox 1509 4381 1642 4421; x_wconf 90' lang='lat' dir='ltr'><strong>mox</strong></span> <span class='ocrx_word' id='word_1_520' title='bbox 1660 4366 1765 4422; x_wconf 90' lang='lat' dir='ltr'><strong>sibi</strong></span> <span class='ocrx_word' id='word_1_521' title='bbox 1793 4367 1879 4423; x_wconf 90' lang='lat' dir='ltr'><strong>illa</strong></span> <span class='ocrx_word' id='word_1_522' title='bbox 1894 4366 1995 4424; x_wconf 90' lang='lat' dir='ltr'><strong>du-</strong></span> 
     </span>
    </p>
   </div>
   <div class='ocr_carea' id='block_1_75' title="bbox 395 4456 1993 4528">
    <p class='ocr_par' dir='ltr' id='par_1_75' title="bbox 395 4456 1993 4528">
     <span class='ocr_line' id='line_1_75' title="bbox 395 4456 1993 4528; baseline 0.002 -15"><span class='ocrx_word' id='word_1_523' title='bbox 395 4457 612 4513; x_wconf 90' lang='lat' dir='ltr'><strong>rissima</strong></span> <span class='ocrx_word' id='word_1_524' title='bbox 658 4456 982 4526; x_wconf 89' lang='lat' dir='ltr'><strong>injuriarum</strong></span> <span class='ocrx_word' id='word_1_525' title='bbox 1026 4472 1221 4527; x_wconf 87' lang='lat' dir='ltr'><strong>genera</strong></span> <span class='ocrx_word' id='word_1_526' title='bbox 1249 4456 1445 4528; x_wconf 91' lang='lat' dir='ltr'><strong>quibus</strong></span> <span class='ocrx_word' id='word_1_527' title='bbox 1472 4456 1544 4512; x_wconf 89' lang='lat' dir='ltr'><strong>ad</strong></span> <span class='ocrx_word' id='word_1_528' title='bbox 1572 4458 1869 4528; x_wconf 88' lang='lat' dir='ltr'><strong>perfectam</strong></span> <span class='ocrx_word' id='word_1_529' title='bbox 1905 4467 1993 4517; x_wconf 85' lang='lat' dir='ltr'><strong>to-</strong></span> 
     </span>
    </p>
   </div>
   <div class='ocr_carea' id='block_1_76' title="bbox 2101 3332 3699 3409">
    <p class='ocr_par' dir='ltr' id='par_1_76' title="bbox 2101 3332 3699 3409">
     <span class='ocr_line' id='line_1_76' title="bbox 2101 3332 3699 3409; baseline -0.002 -16"><span class='ocrx_word' id='word_1_530' title='bbox 2101 3353 2267 3409; x_wconf 91' lang='lat' dir='ltr'><strong>quam</strong></span> <span class='ocrx_word' id='word_1_531' title='bbox 2314 3346 2377 3394; x_wconf 91' lang='lat' dir='ltr'><strong>ut</strong></span> <span class='ocrx_word' id='word_1_532' title='bbox 2420 3352 2517 3409; x_wconf 89' lang='lat' dir='ltr'><strong>per</strong></span> <span class='ocrx_word' id='word_1_533' title='bbox 2551 3335 2941 3401; x_wconf 87' lang='lat' dir='ltr'><strong>commotionis</strong></span> <span class='ocrx_word' id='word_1_534' title='bbox 2981 3333 3224 3391; x_wconf 88' lang='lat' dir='ltr'><strong>subitam</strong></span> <span class='ocrx_word' id='word_1_535' title='bbox 3261 3334 3561 3391; x_wconf 57' lang='lat' dir='ltr'><strong>excitatam</strong></span> <span class='ocrx_word' id='word_1_536' title='bbox 3586 3332 3699 3390; x_wconf 88' lang='lat' dir='ltr'><strong>veri</strong></span> 
     </span>
    </p>
   </div>
   <div class='ocr_carea' id='block_1_77' title="bbox 2101 3428 3706 3505">
    <p class='ocr_par' dir='ltr' id='par_1_77' title="bbox 2101 3428 3706 3505">
     <span class='ocr_line' id='line_1_77' title="bbox 2101 3428 3706 3505; baseline -0.003 -16"><span class='ocrx_word' id='word_1_537' title='bbox 2101 3441 2267 3505; x_wconf 88' lang='lat' dir='ltr'><strong>atque</strong></span> <span class='ocrx_word' id='word_1_538' title='bbox 2309 3432 2497 3489; x_wconf 69' lang='lat' dir='ltr'><strong>aeterni</strong></span> <span class='ocrx_word' id='word_1_539' title='bbox 2534 3431 2759 3488; x_wconf 90' lang='lat' dir='ltr'><strong>luminis</strong></span> <span class='ocrx_word' id='word_1_540' title='bbox 2782 3430 3026 3487; x_wconf 88' lang='lat' dir='ltr'><strong>claritate</strong></span> <span class='ocrx_word' id='word_1_541' title='bbox 3055 3430 3302 3502; x_wconf 86' lang='lat' dir='ltr'><strong>privata,</strong></span> <span class='ocrx_word' id='word_1_542' title='bbox 3332 3428 3405 3484; x_wconf 91' lang='lat' dir='ltr'><strong>ab</strong></span> <span class='ocrx_word' id='word_1_543' title='bbox 3439 3428 3582 3485; x_wconf 89' lang='lat' dir='ltr'><strong>illius</strong></span> <span class='ocrx_word' id='word_1_544' title='bbox 3608 3428 3706 3501; x_wconf 89' lang='lat' dir='ltr'><strong>qui</strong></span> 
     </span>
    </p>
   </div>
   <div class='ocr_carea' id='block_1_78' title="bbox 2101 3522 3706 3595">
    <p class='ocr_par' dir='ltr' id='par_1_78' title="bbox 2101 3522 3706 3595">
     <span class='ocr_line' id='line_1_78' title="bbox 2101 3522 3706 3595; baseline -0.002 -13"><span class='ocrx_word' id='word_1_545' title='bbox 2101 3526 2251 3582; x_wconf 90' lang='lat' dir='ltr'><strong>mitis</strong></span> <span class='ocrx_word' id='word_1_546' title='bbox 2278 3534 2335 3583; x_wconf 90' lang='lat' dir='ltr'><strong>et</strong></span> <span class='ocrx_word' id='word_1_547' title='bbox 2359 3525 2582 3582; x_wconf 91' lang='lat' dir='ltr'><strong>humilis</strong></span> <span class='ocrx_word' id='word_1_548' title='bbox 2622 3533 2705 3581; x_wconf 90' lang='lat' dir='ltr'><strong>est</strong></span> <span class='ocrx_word' id='word_1_549' title='bbox 2733 3523 2902 3582; x_wconf 91' lang='lat' dir='ltr'><strong>corde</strong></span> <span class='ocrx_word' id='word_1_550' title='bbox 2930 3523 3392 3595; x_wconf 88' lang='lat' dir='ltr'><strong>contemplatione</strong></span> <span class='ocrx_word' id='word_1_551' title='bbox 3424 3522 3706 3580; x_wconf 81' lang='lat' dir='ltr'><strong>discedat?</strong></span> 
     </span>
    </p>
   </div>
   <div class='ocr_carea' id='block_1_79' title="bbox 2102 3614 3708 3690">
    <p class='ocr_par' dir='ltr' id='par_1_79' title="bbox 2102 3614 3708 3690">
     <span class='ocr_line' id='line_1_79' title="bbox 2102 3614 3708 3690; baseline 0 -16"><span class='ocrx_word' id='word_1_552' title='bbox 2102 3618 2271 3690; x_wconf 90' lang='lat' dir='ltr'><strong>Quid,</strong></span> <span class='ocrx_word' id='word_1_553' title='bbox 2300 3632 2457 3690; x_wconf 88' lang='lat' dir='ltr'><strong>rogo,</strong></span> <span class='ocrx_word' id='word_1_554' title='bbox 2488 3616 2864 3689; x_wconf 90' lang='lat' dir='ltr'><strong>perniciosius,</strong></span> <span class='ocrx_word' id='word_1_555' title='bbox 2900 3615 3095 3689; x_wconf 90' lang='lat' dir='ltr'><strong>quidve</strong></span> <span class='ocrx_word' id='word_1_556' title='bbox 3122 3614 3449 3685; x_wconf 87' lang='lat' dir='ltr'><strong>deformius,</strong></span> <span class='ocrx_word' id='word_1_557' title='bbox 3463 3633 3627 3689; x_wconf 89' lang='lat' dir='ltr'><strong>quam</strong></span> <span class='ocrx_word' id='word_1_558' title='bbox 3646 3626 3708 3674; x_wconf 90' lang='lat' dir='ltr'><strong>ut</strong></span> 
     </span>
    </p>
   </div>
   <div class='ocr_carea' id='block_1_80' title="bbox 2100 3709 3705 3784">
    <p class='ocr_par' dir='ltr' id='par_1_80' title="bbox 2100 3709 3705 3784">
     <span class='ocr_line' id='line_1_80' title="bbox 2100 3709 3705 3784; baseline 0.001 -17"><span class='ocrx_word' id='word_1_559' title='bbox 2100 3712 2225 3784; x_wconf 91' lang='lat' dir='ltr'><strong>quis</strong></span> <span class='ocrx_word' id='word_1_560' title='bbox 2263 3709 2560 3767; x_wconf 90' lang='lat' dir='ltr'><strong>honestatis</strong></span> <span class='ocrx_word' id='word_1_561' title='bbox 2582 3710 2855 3782; x_wconf 91' lang='lat' dir='ltr'><strong>judicium</strong></span> <span class='ocrx_word' id='word_1_562' title='bbox 2895 3719 2952 3766; x_wconf 90' lang='lat' dir='ltr'><strong>et</strong></span> <span class='ocrx_word' id='word_1_563' title='bbox 2982 3710 3225 3784; x_wconf 87' lang='lat' dir='ltr'><strong>regulam</strong></span> <span class='ocrx_word' id='word_1_564' title='bbox 3256 3726 3323 3766; x_wconf 88' lang='lat' dir='ltr'><strong>ac</strong></span> <span class='ocrx_word' id='word_1_565' title='bbox 3356 3710 3705 3783; x_wconf 87' lang='lat' dir='ltr'><strong>disciplinam</strong></span> 
     </span>
    </p>
   </div>
   <div class='ocr_carea' id='block_1_81' title="bbox 2098 3804 3704 3873">
    <p class='ocr_par' dir='ltr' id='par_1_81' title="bbox 2098 3804 3704 3873">
     <span class='ocr_line' id='line_1_81' title="bbox 2098 3804 3704 3873; baseline 0 -11"><span class='ocrx_word' id='word_1_566' title='bbox 2098 3814 2264 3863; x_wconf 67' lang='lat' dir='ltr'><strong>rectm</strong></span> <span class='ocrx_word' id='word_1_567' title='bbox 2317 3804 2656 3861; x_wconf 89' lang='lat' dir='ltr'><strong>discretionis</strong></span> <span class='ocrx_word' id='word_1_568' title='bbox 2700 3805 2939 3873; x_wconf 90' lang='lat' dir='ltr'><strong>amittat,</strong></span> <span class='ocrx_word' id='word_1_569' title='bbox 2978 3813 3035 3861; x_wconf 90' lang='lat' dir='ltr'><strong>et</strong></span> <span class='ocrx_word' id='word_1_570' title='bbox 3078 3819 3142 3861; x_wconf 89' lang='lat' dir='ltr'><strong>ea</strong></span> <span class='ocrx_word' id='word_1_571' title='bbox 3180 3819 3337 3860; x_wconf 88' lang='lat' dir='ltr'><strong>sanus</strong></span> <span class='ocrx_word' id='word_1_572' title='bbox 3373 3819 3439 3859; x_wconf 90' lang='lat' dir='ltr'><strong>ac</strong></span> <span class='ocrx_word' id='word_1_573' title='bbox 3476 3804 3704 3862; x_wconf 89' lang='lat' dir='ltr'><strong>sobrius</strong></span> 
     </span>
    </p>
   </div>
   <div class='ocr_carea' id='block_1_82' title="bbox 2098 3895 3708 3971">
    <p class='ocr_par' dir='ltr' id='par_1_82' title="bbox 2098 3895 3708 3971">
     <span class='ocr_line' id='line_1_82' title="bbox 2098 3895 3708 3971; baseline 0.001 -18"><span class='ocrx_word' id='word_1_574' title='bbox 2098 3905 2370 3971; x_wconf 79' lang='lat' dir='ltr'><strong>perpetrat</strong></span> <span class='ocrx_word' id='word_1_575' title='bbox 2396 3912 2523 3970; x_wconf 75' lang='lat' dir='ltr'><strong>quae</strong></span> <span class='ocrx_word' id='word_1_576' title='bbox 2549 3912 2650 3954; x_wconf 90' lang='lat' dir='ltr'><strong>nec</strong></span> <span class='ocrx_word' id='word_1_577' title='bbox 2677 3897 3016 3954; x_wconf 87' lang='lat' dir='ltr'><strong>temulentus</strong></span> <span class='ocrx_word' id='word_1_578' title='bbox 3038 3897 3257 3970; x_wconf 88' lang='lat' dir='ltr'><strong>quidem</strong></span> <span class='ocrx_word' id='word_1_579' title='bbox 3289 3895 3410 3968; x_wconf 86' lang='lat' dir='ltr'><strong>quis</strong></span> <span class='ocrx_word' id='word_1_580' title='bbox 3444 3913 3510 3953; x_wconf 89' lang='lat' dir='ltr'><strong>ac</strong></span> <span class='ocrx_word' id='word_1_581' title='bbox 3532 3911 3708 3955; x_wconf 87' lang='lat' dir='ltr'><strong>sensu</strong></span> 
     </span>
    </p>
   </div>
   <div class='ocr_carea' id='block_1_83' title="bbox 2099 3990 3709 4064">
    <p class='ocr_par' dir='ltr' id='par_1_83' title="bbox 2099 3990 3709 4064">
     <span class='ocr_line' id='line_1_83' title="bbox 2099 3990 3709 4064; baseline 0.004 -18"><span class='ocrx_word' id='word_1_582' title='bbox 2099 3991 2349 4063; x_wconf 84' lang='lat' dir='ltr'><strong>indigens</strong></span> <span class='ocrx_word' id='word_1_583' title='bbox 2385 3991 2726 4049; x_wconf 88' lang='lat' dir='ltr'><strong>veniabiliter</strong></span> <span class='ocrx_word' id='word_1_584' title='bbox 2766 3990 3112 4050; x_wconf 79' lang='lat' dir='ltr'><strong>admisisset?</strong></span> <span class='ocrx_word' id='word_1_585' title='bbox 3158 3992 3296 4049; x_wconf 64' lang='lat' dir='ltr'><strong>Haec</strong></span> <span class='ocrx_word' id='word_1_586' title='bbox 3319 4006 3451 4064; x_wconf 86' lang='lat' dir='ltr'><strong>ergo</strong></span> <span class='ocrx_word' id='word_1_587' title='bbox 3494 4000 3549 4049; x_wconf 88' lang='lat' dir='ltr'><strong>et</strong></span> <span class='ocrx_word' id='word_1_588' title='bbox 3592 4009 3709 4052; x_wconf 68' lang='lat' dir='ltr'><strong>ca:-</strong></span> 
     </span>
    </p>
   </div>
   <div class='ocr_carea' id='block_1_84' title="bbox 2099 4085 3703 4159">
    <p class='ocr_par' dir='ltr' id='par_1_84' title="bbox 2099 4085 3703 4159">
     <span class='ocr_line' id='line_1_84' title="bbox 2099 4085 3703 4159; baseline -0.002 -17"><span class='ocrx_word' id='word_1_589' title='bbox 2099 4094 2214 4142; x_wconf 90' lang='lat' dir='ltr'><strong>tera</strong></span> <span class='ocrx_word' id='word_1_590' title='bbox 2271 4085 2356 4142; x_wconf 90' lang='lat' dir='ltr'><strong>his</strong></span> <span class='ocrx_word' id='word_1_591' title='bbox 2401 4085 2596 4142; x_wconf 89' lang='lat' dir='ltr'><strong>similia</strong></span> <span class='ocrx_word' id='word_1_592' title='bbox 2645 4085 2972 4142; x_wconf 89' lang='lat' dir='ltr'><strong>detrimenta</strong></span> <span class='ocrx_word' id='word_1_593' title='bbox 3037 4085 3280 4159; x_wconf 88' lang='lat' dir='ltr'><strong>quisquis</strong></span> <span class='ocrx_word' id='word_1_594' title='bbox 3328 4087 3703 4159; x_wconf 72' lang='lat' dir='ltr'><strong>perpenderit.</strong></span> 
     </span>
    </p>
   </div>
   <div class='ocr_carea' id='block_1_85' title="bbox 2098 4180 3696 4254">
    <p class='ocr_par' dir='ltr' id='par_1_85' title="bbox 2098 4180 3696 4254">
     <span class='ocr_line' id='line_1_85' title="bbox 2098 4180 3696 4254; baseline 0.003 -19"><span class='ocrx_word' id='word_1_595' title='bbox 2098 4194 2212 4237; x_wconf 89' lang='lat' dir='ltr'><strong>non</strong></span> <span class='ocrx_word' id='word_1_596' title='bbox 2261 4180 2444 4237; x_wconf 91' lang='lat' dir='ltr'><strong>solum</strong></span> <span class='ocrx_word' id='word_1_597' title='bbox 2479 4180 2730 4238; x_wconf 87' lang='lat' dir='ltr'><strong>universa</strong></span> <span class='ocrx_word' id='word_1_598' title='bbox 2756 4180 3090 4237; x_wconf 84' lang='lat' dir='ltr'><strong>damnorum</strong></span> <span class='ocrx_word' id='word_1_599' title='bbox 3116 4195 3346 4254; x_wconf 86' lang='lat' dir='ltr'><strong>genera,</strong></span> <span class='ocrx_word' id='word_1_600' title='bbox 3389 4181 3489 4239; x_wconf 88' lang='lat' dir='ltr'><strong>sed</strong></span> <span class='ocrx_word' id='word_1_601' title='bbox 3532 4183 3696 4239; x_wconf 88' lang='lat' dir='ltr'><strong>etiam</strong></span> 
     </span>
    </p>
   </div>
   <div class='ocr_carea' id='block_1_86' title="bbox 2097 4273 3707 4347">
    <p class='ocr_par' dir='ltr' id='par_1_86' title="bbox 2097 4273 3707 4347">
     <span class='ocr_line' id='line_1_86' title="bbox 2097 4273 3707 4347; baseline 0.002 -18"><span class='ocrx_word' id='word_1_602' title='bbox 2097 4273 2413 4345; x_wconf 89' lang='lat' dir='ltr'><strong>injuriarum</strong></span> <span class='ocrx_word' id='word_1_603' title='bbox 2460 4281 2625 4346; x_wconf 90' lang='lat' dir='ltr'><strong>atque</strong></span> <span class='ocrx_word' id='word_1_604' title='bbox 2677 4289 2966 4345; x_wconf 70' lang='lat' dir='ltr'><strong>poenarum</strong></span> <span class='ocrx_word' id='word_1_605' title='bbox 3009 4288 3372 4346; x_wconf 67' lang='lat' dir='ltr'><strong>quaecumque</strong></span> <span class='ocrx_word' id='word_1_606' title='bbox 3399 4284 3626 4347; x_wconf 88' lang='lat' dir='ltr'><strong>possunt</strong></span> <span class='ocrx_word' id='word_1_607' title='bbox 3672 4292 3707 4333; x_wconf 85' lang='lat' dir='ltr'><strong>a</strong></span> 
     </span>
    </p>
   </div>
   <div class='ocr_carea' id='block_1_87' title="bbox 2097 4366 3706 4442">
    <p class='ocr_par' dir='ltr' id='par_1_87' title="bbox 2097 4366 3706 4442">
     <span class='ocr_line' id='line_1_87' title="bbox 2097 4366 3706 4442; baseline 0.003 -20"><span class='ocrx_word' id='word_1_608' title='bbox 2097 4366 2480 4423; x_wconf 90' lang='lat' dir='ltr'><strong>crudelissimis</strong></span> <span class='ocrx_word' id='word_1_609' title='bbox 2521 4367 2763 4438; x_wconf 89' lang='lat' dir='ltr'><strong>irrogari,</strong></span> <span class='ocrx_word' id='word_1_610' title='bbox 2809 4367 2951 4424; x_wconf 86' lang='lat' dir='ltr'><strong>facili</strong></span> <span class='ocrx_word' id='word_1_611' title='bbox 2989 4369 3385 4425; x_wconf 88' lang='lat' dir='ltr'><strong>sustentatione</strong></span> <span class='ocrx_word' id='word_1_612' title='bbox 3420 4369 3706 4442; x_wconf 87' lang='lat' dir='ltr'><strong>despiciet,</strong></span> 
     </span>
    </p>
   </div>
   <div class='ocr_carea' id='block_1_88' title="bbox 2100 4459 3705 4533">
    <p class='ocr_par' dir='ltr' id='par_1_88' title="bbox 2100 4459 3705 4533">
     <span class='ocr_line' id='line_1_88' title="bbox 2100 4459 3705 4533; baseline 0.004 -19"><span class='ocrx_word' id='word_1_613' title='bbox 2100 4459 2233 4518; x_wconf 90' lang='lat' dir='ltr'><strong>nihil</strong></span> <span class='ocrx_word' id='word_1_614' title='bbox 2274 4460 2663 4532; x_wconf 89' lang='lat' dir='ltr'><strong>dispendiosius</strong></span> <span class='ocrx_word' id='word_1_615' title='bbox 2717 4461 2996 4518; x_wconf 88' lang='lat' dir='ltr'><strong>iracundia</strong></span> <span class='ocrx_word' id='word_1_616' title='bbox 3040 4477 3143 4518; x_wconf 90' lang='lat' dir='ltr'><strong>nec</strong></span> <span class='ocrx_word' id='word_1_617' title='bbox 3202 4462 3488 4533; x_wconf 89' lang='lat' dir='ltr'><strong>pretiosius</strong></span> <span class='ocrx_word' id='word_1_618' title='bbox 3532 4464 3705 4521; x_wconf 85' lang='lat' dir='ltr'><strong>animi</strong></span> 
     </span>
    </p>
   </div>
   <div class='ocr_carea' id='block_1_89' title="bbox 395 4548 3710 4629">
    <p class='ocr_par' dir='ltr' id='par_1_89' title="bbox 395 4548 3710 4629">
     <span class='ocr_line' id='line_1_89' title="bbox 395 4548 3710 4629; baseline 0.002 -22"><span class='ocrx_word' id='word_1_619' title='bbox 395 4550 680 4607; x_wconf 88' lang='lat' dir='ltr'><strong>lerantiam</strong></span> <span class='ocrx_word' id='word_1_620' title='bbox 744 4548 1102 4620; x_wconf 87' lang='lat' dir='ltr'><strong>semetipsum</strong></span> <span class='ocrx_word' id='word_1_621' title='bbox 1158 4549 1490 4620; x_wconf 89' lang='lat' dir='ltr'><strong>quotidianis</strong></span> <span class='ocrx_word' id='word_1_622' title='bbox 1549 4552 1996 4610; x_wconf 90' lang='lat' dir='ltr'><strong>meditationibus</strong></span> <span class='ocrx_word' id='word_1_623' title='bbox 2100 4553 2497 4627; x_wconf 83' lang='lat' dir='ltr'><strong>tranquillitate</strong></span> <span class='ocrx_word' id='word_1_624' title='bbox 2537 4569 2603 4610; x_wconf 92' lang='lat' dir='ltr'><strong>ac</strong></span> <span class='ocrx_word' id='word_1_625' title='bbox 2632 4564 2888 4627; x_wconf 87' lang='lat' dir='ltr'><strong>perpetua</strong></span> <span class='ocrx_word' id='word_1_626' title='bbox 2930 4555 3111 4614; x_wconf 87' lang='lat' dir='ltr'><strong>cordis</strong></span> <span class='ocrx_word' id='word_1_627' title='bbox 3151 4556 3235 4612; x_wconf 91' lang='lat' dir='ltr'><strong>sui</strong></span> <span class='ocrx_word' id='word_1_628' title='bbox 3272 4556 3527 4629; x_wconf 87' lang='lat' dir='ltr'><strong>judicans</strong></span> <span class='ocrx_word' id='word_1_629' title='bbox 3557 4559 3710 4628; x_wconf 83' lang='lat' dir='ltr'><strong>puri-</strong></span> 
     </span>
    </p>
   </div>
   <div class='ocr_carea' id='block_1_90' title="bbox 394 4640 3707 4719">
    <p class='ocr_par' dir='ltr' id='par_1_90' title="bbox 394 4640 3707 4719">
     <span class='ocr_line' id='line_1_90' title="bbox 394 4640 3707 4719; baseline 0.001 -17"><span class='ocrx_word' id='word_1_630' title='bbox 394 4643 678 4702; x_wconf 84' lang='lat' dir='ltr'><strong>exercebat</strong></span> <span class='ocrx_word' id='word_1_631' title='bbox 711 4640 1033 4715; x_wconf 86' lang='lat' dir='ltr'><strong>exprobret,</strong></span> <span class='ocrx_word' id='word_1_632' title='bbox 1081 4650 1245 4713; x_wconf 89' lang='lat' dir='ltr'><strong>atque</strong></span> <span class='ocrx_word' id='word_1_633' title='bbox 1289 4642 1364 4697; x_wconf 88' lang='lat' dir='ltr'><strong>ita</strong></span> <span class='ocrx_word' id='word_1_634' title='bbox 1391 4657 1451 4698; x_wconf 89' lang='lat' dir='ltr'><strong>se</strong></span> <span class='ocrx_word' id='word_1_635' title='bbox 1483 4642 1779 4715; x_wconf 84' lang='lat' dir='ltr'><strong>objurgans</strong></span> <span class='ocrx_word' id='word_1_636' title='bbox 1805 4653 1863 4701; x_wconf 91' lang='lat' dir='ltr'><strong>et</strong></span> <span class='ocrx_word' id='word_1_637' title='bbox 1898 4647 1992 4702; x_wconf 90' lang='lat' dir='ltr'><strong>in-</strong></span> <span class='ocrx_word' id='word_1_638' title='bbox 2022 4642 2075 4709; x_wconf 78' lang='grc' dir='ltr'><strong>Ι)</strong></span> <span class='ocrx_word' id='word_1_639' title='bbox 2101 4655 2232 4717; x_wconf 89' lang='lat' dir='ltr'><strong>tate,</strong></span> <span class='ocrx_word' id='word_1_640' title='bbox 2262 4647 2335 4703; x_wconf 94' lang='lat' dir='ltr'><strong>ob</strong></span> <span class='ocrx_word' id='word_1_641' title='bbox 2362 4663 2529 4719; x_wconf 89' lang='lat' dir='ltr'><strong>quam</strong></span> <span class='ocrx_word' id='word_1_642' title='bbox 2558 4663 2671 4704; x_wconf 92' lang='lat' dir='ltr'><strong>non</strong></span> <span class='ocrx_word' id='word_1_643' title='bbox 2703 4648 2887 4705; x_wconf 91' lang='lat' dir='ltr'><strong>solum</strong></span> <span class='ocrx_word' id='word_1_644' title='bbox 2914 4648 3241 4716; x_wconf 88' lang='lat' dir='ltr'><strong>carnalium,</strong></span> <span class='ocrx_word' id='word_1_645' title='bbox 3270 4649 3367 4706; x_wconf 89' lang='lat' dir='ltr'><strong>sed</strong></span> <span class='ocrx_word' id='word_1_646' title='bbox 3392 4651 3549 4705; x_wconf 88' lang='lat' dir='ltr'><strong>etiam</strong></span> <span class='ocrx_word' id='word_1_647' title='bbox 3574 4648 3707 4704; x_wconf 86' lang='lat' dir='ltr'><strong>illa-</strong></span> 
     </span>
    </p>
   </div>
   <div class='ocr_carea' id='block_1_91' title="bbox 394 4734 3705 4815">
    <p class='ocr_par' dir='ltr' id='par_1_91' title="bbox 394 4734 3705 4815">
     <span class='ocr_line' id='line_1_91' title="bbox 394 4734 3705 4815; baseline 0 -19"><span class='ocrx_word' id='word_1_648' title='bbox 394 4755 622 4812; x_wconf 85' lang='lat' dir='ltr'><strong>erepans</strong></span> <span class='ocrx_word' id='word_1_649' title='bbox 645 4738 952 4809; x_wconf 76' lang='lat' dir='ltr'><strong>alloquetur</strong></span> <span class='ocrx_word' id='word_1_650' title='bbox 980 4755 997 4791; x_wconf 90' lang='lat'><strong><em>:</em></strong></span> <span class='ocrx_word' id='word_1_651' title='bbox 1023 4739 1179 4792; x_wconf 91' lang='lat' dir='ltr'><strong>Tune</strong></span> <span class='ocrx_word' id='word_1_652' title='bbox 1211 4734 1303 4792; x_wconf 91' lang='lat' dir='ltr'><strong>ille</strong></span> <span class='ocrx_word' id='word_1_653' title='bbox 1349 4752 1408 4793; x_wconf 90' lang='lat' dir='ltr'><strong>es</strong></span> <span class='ocrx_word' id='word_1_654' title='bbox 1434 4735 1581 4792; x_wconf 92' lang='lat' dir='ltr'><strong>bone</strong></span> <span class='ocrx_word' id='word_1_655' title='bbox 1616 4735 1716 4806; x_wconf 89' lang='lat' dir='ltr'><strong>vir,</strong></span> <span class='ocrx_word' id='word_1_656' title='bbox 1746 4738 1840 4809; x_wconf 92' lang='lat' dir='ltr'><strong>qui</strong></span> <span class='ocrx_word' id='word_1_657' title='bbox 1864 4738 1995 4796; x_wconf 92' lang='lat' dir='ltr'><strong>dum</strong></span> <span class='ocrx_word' id='word_1_658' title='bbox 2103 4757 2228 4796; x_wconf 86' lang='lat' dir='ltr'><strong>rum</strong></span> <span class='ocrx_word' id='word_1_659' title='bbox 2254 4755 2377 4812; x_wconf 66' lang='lat' dir='ltr'><strong>quae</strong></span> <span class='ocrx_word' id='word_1_660' title='bbox 2415 4740 2684 4813; x_wconf 88' lang='lat' dir='ltr'><strong>spiritales</strong></span> <span class='ocrx_word' id='word_1_661' title='bbox 2721 4740 2997 4807; x_wconf 90' lang='lat' dir='ltr'><strong>videntur,</strong></span> <span class='ocrx_word' id='word_1_662' title='bbox 3023 4758 3213 4799; x_wconf 91' lang='lat' dir='ltr'><strong>rerum</strong></span> <span class='ocrx_word' id='word_1_663' title='bbox 3246 4738 3535 4815; x_wconf 88' lang='lat' dir='ltr'><strong>spernenda</strong></span> <span class='ocrx_word' id='word_1_664' title='bbox 3562 4747 3705 4796; x_wconf 88' lang='lat' dir='ltr'><strong>sunt</strong></span> 
     </span>
    </p>
   </div>
   <div class='ocr_carea' id='block_1_92' title="bbox 393 4830 3708 4909">
    <p class='ocr_par' dir='ltr' id='par_1_92' title="bbox 393 4830 3708 4909">
     <span class='ocr_line' id='line_1_92' title="bbox 393 4830 3708 4909; baseline -0 -19"><span class='ocrx_word' id='word_1_665' title='bbox 393 4844 450 4890; x_wconf 89' lang='lat' dir='ltr'><strong>te</strong></span> <span class='ocrx_word' id='word_1_666' title='bbox 502 4835 560 4889; x_wconf 92' lang='lat' dir='ltr'><strong>in</strong></span> <span class='ocrx_word' id='word_1_667' title='bbox 610 4832 701 4890; x_wconf 88' lang='lat' dir='ltr'><strong>illa</strong></span> <span class='ocrx_word' id='word_1_668' title='bbox 742 4830 1044 4888; x_wconf 87' lang='lat' dir='ltr'><strong>solitudinis</strong></span> <span class='ocrx_word' id='word_1_669' title='bbox 1071 4839 1182 4887; x_wconf 77' lang='lat' dir='ltr'><strong>tua:</strong></span> <span class='ocrx_word' id='word_1_670' title='bbox 1226 4845 1505 4887; x_wconf 88' lang='lat' dir='ltr'><strong>exerceres</strong></span> <span class='ocrx_word' id='word_1_671' title='bbox 1549 4830 1819 4903; x_wconf 58' lang='lat' dir='ltr'><strong>palaestra,</strong></span> <span class='ocrx_word' id='word_1_672' title='bbox 1873 4850 1998 4890; x_wconf 90' lang='lat' dir='ltr'><strong>om-</strong></span> <span class='ocrx_word' id='word_1_673' title='bbox 2104 4834 2400 4892; x_wconf 89' lang='lat' dir='ltr'><strong>commoda</strong></span> <span class='ocrx_word' id='word_1_674' title='bbox 2423 4877 2438 4904; x_wconf 97' lang='lat'><strong>,</strong></span> <span class='ocrx_word' id='word_1_675' title='bbox 2490 4836 2536 4892; x_wconf 90' lang='lat' dir='ltr'><strong>si</strong></span> <span class='ocrx_word' id='word_1_676' title='bbox 2583 4834 2715 4892; x_wconf 90' lang='lat' dir='ltr'><strong>alias</strong></span> <span class='ocrx_word' id='word_1_677' title='bbox 2775 4836 2979 4907; x_wconf 90' lang='lat' dir='ltr'><strong>acquiri</strong></span> <span class='ocrx_word' id='word_1_678' title='bbox 3029 4836 3112 4893; x_wconf 90' lang='lat' dir='ltr'><strong>vel</strong></span> <span class='ocrx_word' id='word_1_679' title='bbox 3157 4836 3374 4909; x_wconf 85' lang='lat' dir='ltr'><strong>perlici,</strong></span> <span class='ocrx_word' id='word_1_680' title='bbox 3415 4834 3519 4891; x_wconf 87' lang='lat' dir='ltr'><strong>nisi</strong></span> <span class='ocrx_word' id='word_1_681' title='bbox 3565 4849 3708 4890; x_wconf 83' lang='lat' dir='ltr'><strong>cum</strong></span> 
     </span>
    </p>
   </div>
   <div class='ocr_carea' id='block_1_93' title="bbox 393 4925 3545 5004">
    <p class='ocr_par' dir='ltr' id='par_1_93' title="bbox 393 4925 3545 5004">
     <span class='ocr_line' id='line_1_93' title="bbox 393 4925 3545 5004; baseline 0.002 -24"><span class='ocrx_word' id='word_1_682' title='bbox 393 4926 485 4981; x_wconf 92' lang='lat' dir='ltr'><strong>nia</strong></span> <span class='ocrx_word' id='word_1_683' title='bbox 521 4933 908 4996; x_wconf 87' lang='lat' dir='ltr'><strong>superaturum</strong></span> <span class='ocrx_word' id='word_1_684' title='bbox 938 4925 1083 4980; x_wconf 89' lang='lat' dir='ltr'><strong>mala</strong></span> <span class='ocrx_word' id='word_1_685' title='bbox 1126 4926 1566 4983; x_wconf 89' lang='lat' dir='ltr'><strong>constantissime</strong></span> <span class='ocrx_word' id='word_1_686' title='bbox 1606 4928 1998 4999; x_wconf 63' lang='lat' dir='ltr'><strong>praesumebas,</strong></span> <span class='ocrx_word' id='word_1_687' title='bbox 2107 4930 2269 5003; x_wconf 90' lang='lat' dir='ltr'><strong>hujus</strong></span> <span class='ocrx_word' id='word_1_688' title='bbox 2295 4930 2695 5002; x_wconf 88' lang='lat' dir='ltr'><strong>tranquillitatis</strong></span> <span class='ocrx_word' id='word_1_689' title='bbox 2720 4930 3127 5002; x_wconf 89' lang='lat' dir='ltr'><strong>perturbatione</strong></span> <span class='ocrx_word' id='word_1_690' title='bbox 3153 4947 3268 4988; x_wconf 91' lang='lat' dir='ltr'><strong>non</strong></span> <span class='ocrx_word' id='word_1_691' title='bbox 3296 4938 3545 5004; x_wconf 88' lang='lat' dir='ltr'><strong>possunt.</strong></span> 
     </span>
    </p>
   </div>
   <div class='ocr_carea' id='block_1_94' title="bbox 1498 5046 2607 5104">
    <p class='ocr_par' dir='ltr' id='par_1_94' title="bbox 1498 5046 2607 5104">
     <span class='ocr_line' id='line_1_94' title="bbox 1498 5046 2607 5104; baseline 0.004 -5"><span class='ocrx_word' id='word_1_692' title='bbox 1498 5046 1751 5101; x_wconf 79' lang='lat' dir='ltr'><strong>ALARDI</strong></span> <span class='ocrx_word' id='word_1_693' title='bbox 1789 5047 2018 5103; x_wconf 79' lang='lat' dir='ltr'><strong>GAZ/EI</strong></span> <span class='ocrx_word' id='word_1_694' title='bbox 2053 5046 2607 5104; x_wconf 77' lang='lat' dir='ltr'><strong>COMMENTARIUS.</strong></span> 
     </span>
    </p>
   </div>
   <div class='ocr_carea' id='block_1_95' title="bbox 396 5146 1890 5218">
    <p class='ocr_par' dir='ltr' id='par_1_95' title="bbox 396 5146 1890 5218">
     <span class='ocr_line' id='line_1_95' title="bbox 396 5146 1890 5218; baseline -0.001 -10"><span class='ocrx_word' id='word_1_695' title='bbox 396 5149 653 5210; x_wconf 89' lang='lat' dir='ltr'><strong>valetudo</strong></span> <span class='ocrx_word' id='word_1_696' title='bbox 692 5146 1014 5205; x_wconf 87' lang='lat' dir='ltr'><strong>vocabulum</strong></span> <span class='ocrx_word' id='word_1_697' title='bbox 1053 5164 1271 5218; x_wconf 89' lang='lat' dir='ltr'><strong>anceps,</strong></span> <span class='ocrx_word' id='word_1_698' title='bbox 1302 5160 1364 5206; x_wconf 89' lang='lat' dir='ltr'><strong>ut</strong></span> <span class='ocrx_word' id='word_1_699' title='bbox 1387 5151 1519 5208; x_wconf 90' lang='lat' dir='ltr'><strong>alias</strong></span> <span class='ocrx_word' id='word_1_700' title='bbox 1549 5152 1759 5209; x_wconf 89' lang='lat' dir='ltr'><strong>dictum</strong></span> <span class='ocrx_word' id='word_1_701' title='bbox 1788 5162 1890 5208; x_wconf 86' lang='lat' dir='ltr'><strong>est.</strong></span> 
     </span>
    </p>
   </div>
   <div class='ocr_carea' id='block_1_96' title="bbox 464 5221 1992 5295">
    <p class='ocr_par' dir='ltr' id='par_1_96' title="bbox 464 5221 1992 5295">
     <span class='ocr_line' id='line_1_96' title="bbox 464 5221 1992 5295; baseline 0.002 -17"><span class='ocrx_word' id='word_1_702' title='bbox 464 5234 490 5260; x_wconf 71' lang='grc'>⁸</span> <span class='ocrx_word' id='word_1_703' title='bbox 526 5227 708 5283; x_wconf 82' lang='lat' dir='ltr'><strong>Minus</strong></span> <span class='ocrx_word' id='word_1_704' title='bbox 753 5223 913 5284; x_wconf 85' lang='lat' dir='ltr'><strong>enim,</strong></span> <span class='ocrx_word' id='word_1_705' title='bbox 963 5221 1042 5276; x_wconf 92' lang='lat' dir='ltr'><strong>ait</strong></span> <span class='ocrx_word' id='word_1_706' title='bbox 1072 5224 1137 5276; x_wconf 90' lang='lat' dir='ltr'><strong>B.</strong></span> <span class='ocrx_word' id='word_1_707' title='bbox 1188 5223 1482 5295; x_wconf 88' lang='lat' dir='ltr'><strong>Gregorius</strong></span> <span class='ocrx_word' id='word_1_708' title='bbox 1526 5227 1748 5291; x_wconf 83' lang='lat' dir='ltr'><strong>(Homil.</strong></span> <span class='ocrx_word' id='word_1_709' title='bbox 1810 5230 1877 5279; x_wconf 86' lang='lat'><strong>35</strong></span> <span class='ocrx_word' id='word_1_710' title='bbox 1931 5227 1992 5281; x_wconf 86' lang='lat' dir='ltr'><strong>in</strong></span> 
     </span>
    </p>
   </div>
   <div class='ocr_carea' id='block_1_97' title="bbox 392 5294 1992 5366">
    <p class='ocr_par' dir='ltr' id='par_1_97' title="bbox 392 5294 1992 5366">
     <span class='ocr_line' id='line_1_97' title="bbox 392 5294 1992 5366; baseline -0.001 -14"><span class='ocrx_word' id='word_1_711' title='bbox 392 5300 641 5366; x_wconf 86' lang='lat' dir='ltr'><strong>Evang.),</strong></span> <span class='ocrx_word' id='word_1_712' title='bbox 654 5294 847 5365; x_wconf 85' lang='lat' dir='ltr'><strong>jacula</strong></span> <span class='ocrx_word' id='word_1_713' title='bbox 872 5296 1083 5360; x_wconf 82' lang='lat' dir='ltr'><strong>feriunt</strong></span> <span class='ocrx_word' id='word_1_714' title='bbox 1106 5310 1225 5364; x_wconf 70' lang='lat' dir='ltr'><strong>qua:</strong></span> <span class='ocrx_word' id='word_1_715' title='bbox 1244 5294 1643 5365; x_wconf 64' lang='lat' dir='ltr'><strong>pravidentur;</strong></span> <span class='ocrx_word' id='word_1_716' title='bbox 1674 5301 1725 5349; x_wconf 89' lang='lat' dir='ltr'><strong>et</strong></span> <span class='ocrx_word' id='word_1_717' title='bbox 1751 5310 1843 5349; x_wconf 86' lang='lat' dir='ltr'><strong>nos</strong></span> <span class='ocrx_word' id='word_1_718' title='bbox 1868 5297 1992 5351; x_wconf 60' lang='grc' dir='ltr'><strong>τοιδέ</strong></span> 
     </span>
    </p>
   </div>
   <div class='ocr_carea' id='block_1_98' title="bbox 388 5365 1991 5438">
    <p class='ocr_par' dir='ltr' id='par_1_98' title="bbox 388 5365 1991 5438">
     <span class='ocr_line' id='line_1_98' title="bbox 388 5365 1991 5438; baseline 0.001 -16"><span class='ocrx_word' id='word_1_719' title='bbox 388 5365 615 5423; x_wconf 83' lang='lat' dir='ltr'><strong>rabilius</strong></span> <span class='ocrx_word' id='word_1_720' title='bbox 651 5365 853 5438; x_wconf 79' lang='lat' dir='ltr'><strong>mundi</strong></span> <span class='ocrx_word' id='word_1_721' title='bbox 901 5367 1044 5419; x_wconf 87' lang='lat' dir='ltr'><strong>mala</strong></span> <span class='ocrx_word' id='word_1_722' title='bbox 1076 5369 1413 5437; x_wconf 79' lang='lat' dir='ltr'><strong>suscipimus,</strong></span> <span class='ocrx_word' id='word_1_723' title='bbox 1453 5368 1504 5420; x_wconf 78' lang='lat' dir='ltr'><strong>si</strong></span> <span class='ocrx_word' id='word_1_724' title='bbox 1536 5371 1721 5438; x_wconf 84' lang='lat' dir='ltr'><strong>contra</strong></span> <span class='ocrx_word' id='word_1_725' title='bbox 1752 5366 1862 5422; x_wconf 72' lang='lat' dir='ltr'><strong>haac</strong></span> <span class='ocrx_word' id='word_1_726' title='bbox 1889 5383 1991 5438; x_wconf 87' lang='lat' dir='ltr'><strong>per</strong></span> 
     </span>
    </p>
   </div>
   <div class='ocr_carea' id='block_1_99' title="bbox 382 5437 1989 5508">
    <p class='ocr_par' dir='ltr' id='par_1_99' title="bbox 382 5437 1989 5508">
     <span class='ocr_line' id='line_1_99' title="bbox 382 5437 1989 5508; baseline 0.002 -17"><span class='ocrx_word' id='word_1_727' title='bbox 382 5441 741 5508; x_wconf 72' lang='lat' dir='ltr'><strong>prwscientiw</strong></span> <span class='ocrx_word' id='word_1_728' title='bbox 791 5437 1036 5508; x_wconf 77' lang='lat' dir='ltr'><strong>clypeum</strong></span> <span class='ocrx_word' id='word_1_729' title='bbox 1092 5441 1386 5492; x_wconf 86' lang='lat' dir='ltr'><strong>munimur.</strong></span> <span class='ocrx_word' id='word_1_730' title='bbox 1442 5439 1579 5492; x_wconf 65' lang='lat' dir='ltr'><strong>liam</strong></span> <span class='ocrx_word' id='word_1_731' title='bbox 1647 5437 1717 5491; x_wconf 93' lang='lat' dir='ltr'><strong>ob</strong></span> <span class='ocrx_word' id='word_1_732' title='bbox 1768 5437 1989 5495; x_wconf 83' lang='lat' dir='ltr'><strong>causam</strong></span> 
     </span>
    </p>
   </div>
   <div class='ocr_carea' id='block_1_100' title="bbox 386 5507 1978 5580">
    <p class='ocr_par' dir='ltr' id='par_1_100' title="bbox 386 5507 1978 5580">
     <span class='ocr_line' id='line_1_100' title="bbox 386 5507 1978 5580; baseline 0.001 -17"><span class='ocrx_word' id='word_1_733' title='bbox 386 5507 646 5580; x_wconf 12' lang='lat' dir='ltr'><strong>Christus,</strong></span> <span class='ocrx_word' id='word_1_734' title='bbox 676 5524 802 5564; x_wconf 92' lang='lat' dir='ltr'><strong>cum</strong></span> <span class='ocrx_word' id='word_1_735' title='bbox 831 5507 949 5564; x_wconf 87' lang='lat' dir='ltr'><strong>aliis</strong></span> <span class='ocrx_word' id='word_1_736' title='bbox 988 5517 1106 5564; x_wconf 90' lang='lat' dir='ltr'><strong>tum</strong></span> <span class='ocrx_word' id='word_1_737' title='bbox 1143 5508 1406 5580; x_wconf 84' lang='lat' dir='ltr'><strong>apostolis</strong></span> <span class='ocrx_word' id='word_1_738' title='bbox 1441 5508 1499 5565; x_wconf 91' lang='lat' dir='ltr'><strong>in</strong></span> <span class='ocrx_word' id='word_1_739' title='bbox 1542 5508 1730 5580; x_wconf 90' lang='lat' dir='ltr'><strong>primis</strong></span> <span class='ocrx_word' id='word_1_740' title='bbox 1769 5508 1978 5567; x_wconf 81' lang='lat' dir='ltr'><strong>futuras</strong></span> 
     </span>
    </p>
   </div>
   <div class='ocr_carea' id='block_1_101' title="bbox 386 5579 1977 5658">
    <p class='ocr_par' dir='ltr' id='par_1_101' title="bbox 386 5579 1977 5658">
     <span class='ocr_line' id='line_1_101' title="bbox 386 5579 1977 5658; baseline 0.003 -25"><span class='ocrx_word' id='word_1_741' title='bbox 386 5579 795 5658; x_wconf 80' lang='lat' dir='ltr'><strong>persecutiones</strong></span> <span class='ocrx_word' id='word_1_742' title='bbox 847 5589 1093 5658; x_wconf 69' lang='lat' dir='ltr'><strong>accurate</strong></span> <span class='ocrx_word' id='word_1_743' title='bbox 1143 5579 1424 5652; x_wconf 64' lang='lat' dir='ltr'><strong>praedixit,</strong></span> <span class='ocrx_word' id='word_1_744' title='bbox 1473 5579 1639 5637; x_wconf 17' lang='lat' dir='ltr'><strong>utine</strong></span> <span class='ocrx_word' id='word_1_745' title='bbox 1684 5590 1977 5658; x_wconf 84' lang='lat' dir='ltr'><strong>postquam</strong></span> 
     </span>
    </p>
   </div>
   <div class='ocr_carea' id='block_1_102' title="bbox 385 5652 1973 5729">
    <p class='ocr_par' dir='ltr' id='par_1_102' title="bbox 385 5652 1973 5729">
     <span class='ocr_line' id='line_1_102' title="bbox 385 5652 1973 5729; baseline 0.002 -25"><span class='ocrx_word' id='word_1_746' title='bbox 385 5652 686 5729; x_wconf 74' lang='lat' dir='ltr'><strong>evenissent</strong></span> <span class='ocrx_word' id='word_1_747' title='bbox 707 5656 815 5729; x_wconf 66' lang='lat' dir='ltr'><strong>aut</strong></span> <span class='ocrx_word' id='word_1_748' title='bbox 836 5652 1325 5729; x_wconf 75' lang='lat' dir='ltr'><strong>scandalizarentur</strong></span> <span class='ocrx_word' id='word_1_749' title='bbox 1363 5661 1458 5707; x_wconf 90' lang='lat' dir='ltr'><strong>aut</strong></span> <span class='ocrx_word' id='word_1_750' title='bbox 1493 5652 1973 5729; x_wconf 73' lang='lat' dir='ltr'><strong>conturbarentur.</strong></span> 
     </span>
    </p>
   </div>
   <div class='ocr_carea' id='block_1_103' title="bbox 382 5719 1976 5790">
    <p class='ocr_par' dir='ltr' id='par_1_103' title="bbox 382 5719 1976 5790">
     <span class='ocr_line' id='line_1_103' title="bbox 382 5719 1976 5790; baseline 0 -13"><span class='ocrx_word' id='word_1_751' title='bbox 382 5724 532 5790; x_wconf 73' lang='lat' dir='ltr'><strong>Ilwc,</strong></span> <span class='ocrx_word' id='word_1_752' title='bbox 570 5719 765 5788; x_wconf 84' lang='lat' dir='ltr'><strong>inquit,</strong></span> <span class='ocrx_word' id='word_1_753' title='bbox 794 5719 996 5775; x_wconf 84' lang='lat' dir='ltr'><strong>locutus</strong></span> <span class='ocrx_word' id='word_1_754' title='bbox 1026 5739 1143 5776; x_wconf 88' lang='lat' dir='ltr'><strong>sum</strong></span> <span class='ocrx_word' id='word_1_755' title='bbox 1170 5724 1333 5785; x_wconf 75' lang='lat' dir='ltr'><strong>vobis,</strong></span> <span class='ocrx_word' id='word_1_756' title='bbox 1361 5729 1424 5778; x_wconf 88' lang='lat' dir='ltr'><strong>ut</strong></span> <span class='ocrx_word' id='word_1_757' title='bbox 1445 5740 1552 5777; x_wconf 84' lang='lat' dir='ltr'><strong>non</strong></span> <span class='ocrx_word' id='word_1_758' title='bbox 1575 5724 1976 5777; x_wconf 79' lang='lat' dir='ltr'><strong>scandalizemi—</strong></span> 
     </span>
    </p>
   </div>
   <div class='ocr_carea' id='block_1_104' title="bbox 381 5793 1975 5864">
    <p class='ocr_par' dir='ltr' id='par_1_104' title="bbox 381 5793 1975 5864">
     <span class='ocr_line' id='line_1_104' title="bbox 381 5793 1975 5864; baseline 0.001 -17"><span class='ocrx_word' id='word_1_759' title='bbox 381 5795 508 5848; x_wconf 63' lang='lat' dir='ltr'><strong>nil-.4</strong></span> <span class='ocrx_word' id='word_1_760' title='bbox 522 5793 684 5861; x_wconf 82' lang='lat' dir='ltr'><strong>bsque</strong></span> <span class='ocrx_word' id='word_1_761' title='bbox 699 5794 984 5864; x_wconf 79' lang='lat' dir='ltr'><strong>synagogis</strong></span> <span class='ocrx_word' id='word_1_762' title='bbox 994 5793 1734 5864; x_wconf 63' lang='lat' dir='ltr'><strong>facienti~os,etc.(Joan.xvl)</strong></span> <span class='ocrx_word' id='word_1_763' title='bbox 1745 5836 1756 5849; x_wconf 92' lang='lat'><strong>.</strong></span> <span class='ocrx_word' id='word_1_764' title='bbox 1766 5794 1975 5848; x_wconf 80' lang='lat' dir='ltr'><strong>Eodem</strong></span> 
     </span>
    </p>
   </div>
   <div class='ocr_carea' id='block_1_105' title="bbox 382 5861 1969 5933">
    <p class='ocr_par' dir='ltr' id='par_1_105' title="bbox 382 5861 1969 5933">
     <span class='ocr_line' id='line_1_105' title="bbox 382 5861 1969 5933; baseline 0.002 -20"><span class='ocrx_word' id='word_1_765' title='bbox 382 5872 634 5933; x_wconf 82' lang='lat' dir='ltr'><strong>spectans</strong></span> <span class='ocrx_word' id='word_1_766' title='bbox 654 5865 727 5918; x_wconf 88' lang='lat' dir='ltr'><strong>D.</strong></span> <span class='ocrx_word' id='word_1_767' title='bbox 769 5863 1053 5928; x_wconf 78' lang='lat' dir='ltr'><strong>Cbrysost.</strong></span> <span class='ocrx_word' id='word_1_768' title='bbox 1094 5861 1321 5915; x_wconf 85' lang='lat' dir='ltr'><strong>homilia</strong></span> <span class='ocrx_word' id='word_1_769' title='bbox 1348 5863 1415 5917; x_wconf 90' lang='lat' dir='ltr'><strong>de</strong></span> <span class='ocrx_word' id='word_1_770' title='bbox 1441 5861 1731 5931; x_wconf 42' lang='lat' dir='ltr'><strong>Avaritia:</strong></span> <span class='ocrx_word' id='word_1_771' title='bbox 1776 5864 1969 5925; x_wconf 83' lang='lat' dir='ltr'><strong>Rebus,</strong></span> 
     </span>
    </p>
   </div>
   <div class='ocr_carea' id='block_1_106' title="bbox 2099 5155 3709 5227">
    <p class='ocr_par' dir='ltr' id='par_1_106' title="bbox 2099 5155 3709 5227">
     <span class='ocr_line' id='line_1_106' title="bbox 2099 5155 3709 5227; baseline 0 -18"><span class='ocrx_word' id='word_1_772' title='bbox 2099 5155 2295 5227; x_wconf 88' lang='lat' dir='ltr'><strong>inquit,</strong></span> <span class='ocrx_word' id='word_1_773' title='bbox 2324 5157 2595 5226; x_wconf 80' lang='lat' dir='ltr'><strong>prosperis</strong></span> <span class='ocrx_word' id='word_1_774' title='bbox 2613 5162 2877 5227; x_wconf 66' lang='lat' dir='ltr'><strong>exspectes</strong></span> <span class='ocrx_word' id='word_1_775' title='bbox 2904 5157 3179 5212; x_wconf 76' lang='lat' dir='ltr'><strong>adversus.</strong></span> <span class='ocrx_word' id='word_1_776' title='bbox 3206 5158 3269 5212; x_wconf 86' lang='lat' dir='ltr'><strong>In</strong></span> <span class='ocrx_word' id='word_1_777' title='bbox 3298 5157 3709 5226; x_wconf 75' lang='lat' dir='ltr'><strong>tranquillitate</strong></span> 
     </span>
    </p>
   </div>
   <div class='ocr_carea' id='block_1_107' title="bbox 2098 5229 3708 5298">
    <p class='ocr_par' dir='ltr' id='par_1_107' title="bbox 2098 5229 3708 5298">
     <span class='ocr_line' id='line_1_107' title="bbox 2098 5229 3708 5298; baseline 0 -18"><span class='ocrx_word' id='word_1_778' title='bbox 2098 5231 2461 5296; x_wconf 79' lang='lat' dir='ltr'><strong>tempestatem</strong></span> <span class='ocrx_word' id='word_1_779' title='bbox 2472 5234 2739 5298; x_wconf 60' lang='lat' dir='ltr'><strong>eat-specta,</strong></span> <span class='ocrx_word' id='word_1_780' title='bbox 2750 5231 2811 5281; x_wconf 88' lang='lat' dir='ltr'><strong>in</strong></span> <span class='ocrx_word' id='word_1_781' title='bbox 2821 5230 3058 5283; x_wconf 78' lang='lat' dir='ltr'><strong>sanitate</strong></span> <span class='ocrx_word' id='word_1_782' title='bbox 3080 5229 3325 5282; x_wconf 77' lang='lat' dir='ltr'><strong>morbum</strong></span> <span class='ocrx_word' id='word_1_783' title='bbox 3344 5233 3624 5297; x_wconf 67' lang='lat' dir='ltr'><strong>exspecta;</strong></span> <span class='ocrx_word' id='word_1_784' title='bbox 3642 5230 3708 5281; x_wconf 78' lang='lat' dir='ltr'><strong>in</strong></span> 
     </span>
    </p>
   </div>
   <div class='ocr_carea' id='block_1_108' title="bbox 2099 5298 3707 5379">
    <p class='ocr_par' dir='ltr' id='par_1_108' title="bbox 2099 5298 3707 5379">
     <span class='ocr_line' id='line_1_108' title="bbox 2099 5298 3707 5379; baseline 0.001 -28"><span class='ocrx_word' id='word_1_785' title='bbox 2099 5298 2308 5379; x_wconf 75' lang='lat' dir='ltr'><strong>divitiis</strong></span> <span class='ocrx_word' id='word_1_786' title='bbox 2333 5305 2721 5379; x_wconf 61' lang='lat' dir='ltr'><strong>paupertatem</strong></span> <span class='ocrx_word' id='word_1_787' title='bbox 2762 5316 2824 5354; x_wconf 87' lang='lat' dir='ltr'><strong>ac</strong></span> <span class='ocrx_word' id='word_1_788' title='bbox 2851 5300 3253 5379; x_wconf 59' lang='lat' dir='ltr'><strong>mendicitatem</strong></span> <span class='ocrx_word' id='word_1_789' title='bbox 3276 5304 3558 5379; x_wconf 68' lang='lat' dir='ltr'><strong>exspecta.</strong></span> <span class='ocrx_word' id='word_1_790' title='bbox 3594 5301 3707 5379; x_wconf 59' lang='lat' dir='ltr'><strong>die-</strong></span> 
     </span>
    </p>
   </div>
   <div class='ocr_carea' id='block_1_109' title="bbox 2098 5368 3701 5441">
    <p class='ocr_par' dir='ltr' id='par_1_109' title="bbox 2098 5368 3701 5441">
     <span class='ocr_line' id='line_1_109' title="bbox 2098 5368 3701 5441; baseline 0 -18"><span class='ocrx_word' id='word_1_791' title='bbox 2098 5373 2298 5432; x_wconf 84' lang='lat' dir='ltr'><strong>mento,</strong></span> <span class='ocrx_word' id='word_1_792' title='bbox 2330 5368 2509 5439; x_wconf 89' lang='lat' dir='ltr'><strong>inquit</strong></span> <span class='ocrx_word' id='word_1_793' title='bbox 2540 5369 2817 5441; x_wconf 87' lang='lat' dir='ltr'><strong>Scriptura</strong></span> <span class='ocrx_word' id='word_1_794' title='bbox 2845 5370 3059 5440; x_wconf 85' lang='lat' dir='ltr'><strong>(Eccles.</strong></span> <span class='ocrx_word' id='word_1_795' title='bbox 3105 5371 3316 5437; x_wconf 84' lang='lat' dir='ltr'><strong>xvm),</strong></span> <span class='ocrx_word' id='word_1_796' title='bbox 3356 5368 3567 5440; x_wconf 82' lang='lat' dir='ltr'><strong>tempus</strong></span> <span class='ocrx_word' id='word_1_797' title='bbox 3604 5372 3701 5436; x_wconf 83' lang='lat' dir='ltr'><strong>fa-</strong></span> 
     </span>
    </p>
   </div>
   <div class='ocr_carea' id='block_1_110' title="bbox 2098 5441 3703 5509">
    <p class='ocr_par' dir='ltr' id='par_1_110' title="bbox 2098 5441 3703 5509">
     <span class='ocr_line' id='line_1_110' title="bbox 2098 5441 3703 5509; baseline 0.001 -16"><span class='ocrx_word' id='word_1_798' title='bbox 2098 5441 2201 5495; x_wconf 89' lang='lat' dir='ltr'><strong>mis</strong></span> <span class='ocrx_word' id='word_1_799' title='bbox 2224 5441 2283 5493; x_wconf 83' lang='lat' dir='ltr'><strong>in</strong></span> <span class='ocrx_word' id='word_1_800' title='bbox 2296 5445 2527 5509; x_wconf 85' lang='lat' dir='ltr'><strong>tempore</strong></span> <span class='ocrx_word' id='word_1_801' title='bbox 2538 5441 2904 5504; x_wconf 69' lang='lat' dir='ltr'><strong>abundantia,</strong></span> <span class='ocrx_word' id='word_1_802' title='bbox 2929 5442 3390 5497; x_wconf 83' lang='lat' dir='ltr'><strong>mendicitatemet</strong></span> <span class='ocrx_word' id='word_1_803' title='bbox 3412 5446 3703 5509; x_wconf 83' lang='lat' dir='ltr'><strong>egestatem</strong></span> 
     </span>
    </p>
   </div>
   <div class='ocr_carea' id='block_1_111' title="bbox 2088 5511 3702 5580">
    <p class='ocr_par' dir='ltr' id='par_1_111' title="bbox 2088 5511 3702 5580">
     <span class='ocr_line' id='line_1_111' title="bbox 2088 5511 3702 5580; baseline 0 -15"><span class='ocrx_word' id='word_1_804' title='bbox 2088 5515 2147 5566; x_wconf 83' lang='lat' dir='ltr'><strong>in</strong></span> <span class='ocrx_word' id='word_1_805' title='bbox 2164 5511 2349 5565; x_wconf 86' lang='lat' dir='ltr'><strong>diebus</strong></span> <span class='ocrx_word' id='word_1_806' title='bbox 2365 5512 2669 5580; x_wconf 72' lang='lat' dir='ltr'><strong>opulentiae.</strong></span> <span class='ocrx_word' id='word_1_807' title='bbox 2681 5513 2774 5569; x_wconf 79' lang='lat' dir='ltr'><strong>Ad</strong></span> <span class='ocrx_word' id='word_1_808' title='bbox 2785 5514 2923 5567; x_wconf 83' lang='lat' dir='ltr'><strong>hunc</strong></span> <span class='ocrx_word' id='word_1_809' title='bbox 2936 5514 3150 5568; x_wconf 82' lang='lat' dir='ltr'><strong>modum</strong></span> <span class='ocrx_word' id='word_1_810' title='bbox 3169 5515 3220 5567; x_wconf 89' lang='lat' dir='ltr'><strong>si</strong></span> <span class='ocrx_word' id='word_1_811' title='bbox 3235 5514 3413 5579; x_wconf 81' lang='lat' dir='ltr'><strong>fueris</strong></span> <span class='ocrx_word' id='word_1_812' title='bbox 3431 5514 3702 5579; x_wconf 80' lang='lat' dir='ltr'><strong>affectus,</strong></span> 
     </span>
    </p>
   </div>
   <div class='ocr_carea' id='block_1_112' title="bbox 2087 5582 3705 5650">
    <p class='ocr_par' dir='ltr' id='par_1_112' title="bbox 2087 5582 3705 5650">
     <span class='ocr_line' id='line_1_112' title="bbox 2087 5582 3705 5650; baseline 0 -13"><span class='ocrx_word' id='word_1_813' title='bbox 2087 5587 2202 5637; x_wconf 82' lang='lat' dir='ltr'><strong>tum</strong></span> <span class='ocrx_word' id='word_1_814' title='bbox 2217 5588 2267 5637; x_wconf 87' lang='lat' dir='ltr'><strong>et</strong></span> <span class='ocrx_word' id='word_1_815' title='bbox 2281 5583 2504 5638; x_wconf 72' lang='lat' dir='ltr'><strong>diuitias</strong></span> <span class='ocrx_word' id='word_1_816' title='bbox 2528 5585 2698 5639; x_wconf 83' lang='lat' dir='ltr'><strong>multa</strong></span> <span class='ocrx_word' id='word_1_817' title='bbox 2717 5600 2837 5638; x_wconf 88' lang='lat' dir='ltr'><strong>cum</strong></span> <span class='ocrx_word' id='word_1_818' title='bbox 2856 5585 3141 5640; x_wconf 84' lang='lat' dir='ltr'><strong>sobrietate</strong></span> <span class='ocrx_word' id='word_1_819' title='bbox 3168 5582 3581 5637; x_wconf 84' lang='lat' dir='ltr'><strong>administrabis</strong></span> <span class='ocrx_word' id='word_1_820' title='bbox 3590 5605 3613 5650; x_wconf 88' lang='lat'><strong>,-</strong></span> <span class='ocrx_word' id='word_1_821' title='bbox 3644 5588 3705 5637; x_wconf 84' lang='lat' dir='ltr'><strong>et</strong></span> 
     </span>
    </p>
   </div>
   <div class='ocr_carea' id='block_1_113' title="bbox 2084 5654 3702 5726">
    <p class='ocr_par' dir='ltr' id='par_1_113' title="bbox 2084 5654 3702 5726">
     <span class='ocr_line' id='line_1_113' title="bbox 2084 5654 3702 5726; baseline 0 -18"><span class='ocrx_word' id='word_1_822' title='bbox 2084 5658 2385 5722; x_wconf 82' lang='lat' dir='ltr'><strong>egestatem,</strong></span> <span class='ocrx_word' id='word_1_823' title='bbox 2404 5657 2456 5708; x_wconf 85' lang='lat' dir='ltr'><strong>si</strong></span> <span class='ocrx_word' id='word_1_824' title='bbox 2476 5656 2699 5719; x_wconf 77' lang='lat' dir='ltr'><strong>incidat,</strong></span> <span class='ocrx_word' id='word_1_825' title='bbox 2720 5657 3021 5722; x_wconf 81' lang='lat' dir='ltr'><strong>fortissime</strong></span> <span class='ocrx_word' id='word_1_826' title='bbox 3035 5657 3297 5726; x_wconf 68' lang='lat' dir='ltr'><strong>perieres.</strong></span> <span class='ocrx_word' id='word_1_827' title='bbox 3320 5654 3529 5710; x_wconf 83' lang='lat' dir='ltr'><strong>Malum</strong></span> <span class='ocrx_word' id='word_1_828' title='bbox 3551 5656 3702 5709; x_wconf 76' lang='lat' dir='ltr'><strong>enim</strong></span> 
     </span>
    </p>
   </div>
   <div class='ocr_carea' id='block_1_114' title="bbox 2083 5726 3704 5795">
    <p class='ocr_par' dir='ltr' id='par_1_114' title="bbox 2083 5726 3704 5795">
     <span class='ocr_line' id='line_1_114' title="bbox 2083 5726 3704 5795; baseline 0.001 -17"><span class='ocrx_word' id='word_1_829' title='bbox 2083 5727 2507 5795; x_wconf 68' lang='lat' dir='ltr'><strong>inexspectatum</strong></span> <span class='ocrx_word' id='word_1_830' title='bbox 2531 5726 2877 5795; x_wconf 82' lang='lat' dir='ltr'><strong>perturbabit</strong></span> <span class='ocrx_word' id='word_1_831' title='bbox 2905 5730 3166 5789; x_wconf 83' lang='lat' dir='ltr'><strong>animum,</strong></span> <span class='ocrx_word' id='word_1_832' title='bbox 3197 5728 3249 5780; x_wconf 87' lang='lat' dir='ltr'><strong>si</strong></span> <span class='ocrx_word' id='word_1_833' title='bbox 3273 5726 3504 5780; x_wconf 81' lang='lat' dir='ltr'><strong>incidat.</strong></span> <span class='ocrx_word' id='word_1_834' title='bbox 3538 5726 3704 5793; x_wconf 78' lang='lat' dir='ltr'><strong>Quod</strong></span> 
     </span>
    </p>
   </div>
   <div class='ocr_carea' id='block_1_115' title="bbox 2083 5797 3700 5866">
    <p class='ocr_par' dir='ltr' id='par_1_115' title="bbox 2083 5797 3700 5866">
     <span class='ocr_line' id='line_1_115' title="bbox 2083 5797 3700 5866; baseline 0 -17"><span class='ocrx_word' id='word_1_835' title='bbox 2083 5800 2261 5850; x_wconf 81' lang='lat' dir='ltr'><strong>autem</strong></span> <span class='ocrx_word' id='word_1_836' title='bbox 2298 5799 2726 5866; x_wconf 58' lang='lat' dir='ltr'><strong>exspectabatur,</strong></span> <span class='ocrx_word' id='word_1_837' title='bbox 2756 5799 2808 5852; x_wconf 88' lang='lat' dir='ltr'><strong>si</strong></span> <span class='ocrx_word' id='word_1_838' title='bbox 2836 5797 3069 5861; x_wconf 87' lang='lat' dir='ltr'><strong>accidat,</strong></span> <span class='ocrx_word' id='word_1_839' title='bbox 3106 5812 3212 5852; x_wconf 83' lang='lat' dir='ltr'><strong>non</strong></span> <span class='ocrx_word' id='word_1_840' title='bbox 3246 5797 3475 5852; x_wconf 84' lang='lat' dir='ltr'><strong>multum</strong></span> <span class='ocrx_word' id='word_1_841' title='bbox 3508 5799 3700 5865; x_wconf 67' lang='lat' dir='ltr'><strong>affert</strong></span> 
     </span>
    </p>
   </div>
   <div class='ocr_carea' id='block_1_116' title="bbox 2077 5868 2979 5942">
    <p class='ocr_par' dir='ltr' id='par_1_116' title="bbox 2077 5868 2979 5942">
     <span class='ocr_line' id='line_1_116' title="bbox 2077 5868 2979 5942; baseline 0.007 -22"><span class='ocrx_word' id='word_1_842' title='bbox 2077 5868 2523 5935; x_wconf 84' lang='lat' dir='ltr'><strong>perturbationis.</strong></span> <span class='ocrx_word' id='word_1_843' title='bbox 2730 5887 2901 5942; x_wconf 37' lang='grc' dir='ltr'><strong>ενδ-.</strong></span> <span class='ocrx_word' id='word_1_844' title='bbox 2974 5934 2979 5939; x_wconf 47' lang='grc'>,</span> 
     </span>
    </p>
   </div>
  </div>
