4014 6202
240 267 370 324 1143
467 321 476 330 .

827 391 1083 482 CAPUT,
1114 391 1243 448 XV.

233 487 608 558 Interrogatio,
647 501 722 541 an
745 488 826 542 ita
852 489 1076 542 castitas
1112 488 1252 542 sicut
1273 490 1324 542 et
1344 488 1544 541 cratera
1557 485 1830 555 passiones

771 558 961 614 debeat
981 559 1274 630 explorari.

305 657 616 714 Germanus
673 654 866 712 :Sicut
909 663 1240 714 cateromm
1274 652 1594 720 vulnerum,
1625 649 1680 708 id
1723 657 1828 722 est,

231 751 352 819 ira,
381 749 612 807 tristitia
638 748 722 805 vel
749 747 1136 820 impatientia,
1160 761 1256 820 per
1293 745 1668 818 objectionem
1693 759 1832 800 con-

231 845 521 902 trariarum
536 859 725 900 rerum
745 841 955 900 medela
969 848 1273 900 monstrata
1287 848 1392 909 est,
1419 839 1496 898 ita
1518 838 1686 896 etiam
1705 853 1833 895 con-

229 947 316 995 tra
343 938 592 1011 spiritum
618 936 991 995 fornicationis
1029 933 1178 1008 quod
1205 933 1503 992 curationis
1533 948 1704 1006 genus
1727 947 1832 990 nos

233 1039 485 1104 oporteat
527 1030 781 1090 adhibere
816 1029 1072 1088 volumus
1115 1027 1360 1097 edoceri,
1403 1027 1463 1085 id
1491 1035 1576 1084 est
1591 1067 1610 1096 ,
1645 1034 1829 1084 utrum

230 1125 398 1184 etiam
454 1125 909 1198 concupiscentia
961 1124 1104 1198 ignis
1147 1123 1460 1197 propositis,
1515 1122 1659 1180 sicut
1702 1120 1826 1190 illic,

226 1217 530 1290 majoribus
577 1217 898 1275 irritationis
943 1217 1255 1292 augmenti
1300 1216 1472 1290 possit
1530 1213 1826 1288 exstingui,

227 1311 380 1385 quod
439 1311 570 1369 satis
615 1313 845 1370 castitati
887 1313 1162 1370 credimus
1209 1327 1328 1368 esse
1372 1309 1738 1377 contrarium,
1783 1307 1829 1366 si

228 1421 342 1464 non
367 1408 546 1466 solum
568 1415 960 1481 exaggerentur
996 1407 1052 1464 in
1085 1406 1248 1463 nobis
1276 1405 1510 1462 libidinis
1534 1403 1828 1474 incentiva,

223 1500 322 1558 sed
349 1500 431 1557 vel
461 1508 824 1574 pratereunte
851 1500 1051 1558 mentis
1077 1499 1237 1556 oculo
1263 1496 1719 1571 perstringantur.

827 1603 1070 1660 CAPUT
1102 1603 1262 1658 XVI.

367 1698 675 1768 Responsio,
695 1697 893 1768 quibus
909 1697 1239 1754 documentis
1256 1698 1429 1768 possit
1451 1695 1687 1766 agnosci.

929 263 1273 322 COLLATIO
1311 265 1448 322 XIX.
1487 292 1560 307 -
1599 262 1688 320 DE
1733 261 1890 318 FINE
1925 257 2324 318 C(ENOBITE
2361 257 2450 316 ET
2488 254 2837 314 EREMITE.

3401 256 3537 314 1146

1861 395 1917 461 Α
1943 383 2264 458 quastionis
2279 382 2610 441 dilucidatur
2632 379 2956 450 obscuritas,
2981 395 3111 439 cum
3140 380 3539 438 absolutionem

1935 479 2056 552 ejus
2084 476 2388 550 anticipans
2413 475 2695 548 inquisitio
2717 489 2826 547 quo
2859 473 3107 531 ducenda
3142 482 3228 530 est
3245 474 3536 532 antecedit.

1936 574 2125 644 Itaque
2145 569 2403 627 remediis
2438 569 2660 643 quidem
2699 568 2918 626 illorum
2946 583 3072 641 qua
3107 584 3272 641 supra
3297 568 3542 628 diximus

1937 665 2217 733 vitiorum,
2255 679 2368 721 non
2397 663 2583 722 solum
2627 662 2765 720 nihil
2811 661 3087 729 ofﬁciunt,
3132 677 3325 720 verum
3371 663 3540 720 etiam

1935 761 2175 816 multum
2188 757 2480 816 mutarunt
2498 758 2742 816 humana
2763 757 3058 814 consortia.
3079 759 3224 814 Nam
3241 756 3541 830 frequentia

1936 853 2292 927 impatientia
2333 868 2451 911 sua
2491 851 2736 910 crebrius
2785 851 3069 924 patefacta,
3115 859 3320 924 quanto
3364 851 3541 924 magis

1935 947 2219 1006 assiduum
2262 947 2529 1020 superatis
2572 945 2824 1004 dolorem
2861 945 3303 1020 compunctionis
3337 944 3538 1004 intule-

1936 1043 2068 1111 rint,
2113 1051 2264 1099 tanto
2289 1043 2618 1100 velociorem
2651 1040 3024 1100 laborantibus
3059 1039 3352 1098 conferunt
3393 1039 3538 1098 sani-

1934 1145 2124 1196 tatem.
2179 1137 2268 1196 Oh
2307 1137 2455 1210 quod
2507 1137 2672 1194 etiam
2722 1138 2781 1194 in
2826 1136 3117 1194 solitudine
3157 1136 3538 1203 consistentes,

1935 1249 2063 1291 cum
2083 1233 2458 1290 irritationum
2479 1230 2662 1289 fomes
2679 1239 2842 1302 atque
2871 1229 3098 1286 materia
3125 1229 3195 1285 ab
3221 1229 3539 1286 hominibus

1934 1343 2052 1384 non
2117 1327 2294 1400 possit
2335 1341 2626 1399 exsurgere
2645 1366 2662 1394 ,
2723 1333 2916 1381 tamen
2968 1321 3288 1380 earumdem
3353 1322 3540 1378 incita-

1939 1429 2122 1478 menta
2156 1421 2421 1478 debemus
2471 1419 2638 1476 etiam
2677 1419 2748 1474 de
2792 1415 3057 1474 industria
3106 1422 3400 1474 retractare
3415 1456 3432 1483 ,
3478 1423 3540 1472 ut

1935 1513 2196 1571 adversus
2222 1529 2286 1570 ea
2315 1513 2483 1584 [Lips
2514 1514 2575 1566 in
2613 1526 2787 1580 marg.
2819 1513 2982 1578 eam]
3005 1509 3123 1581 jugi
3142 1507 3538 1581 cogitationum

1936 1611 2314 1668 colluctatione
2363 1607 2728 1682 pugnantibus
2768 1605 2928 1663 nobis
2964 1605 3175 1662 medela
3232 1607 3538 1678 promptior

1937 1705 2268 1764 conferatur.
2297 1713 2325 1740 ι
2347 1706 2550 1762 Contra
2590 1699 2964 1759 fornicationis
2989 1715 3122 1755 vero
3153 1699 3404 1772 spiritum
3445 1699 3537 1758 di-

301 1801 539 1856 Joannes
570 1819 588 1855 :
621 1799 990 1869 Quastionem
1016 1814 1142 1871 qua
1177 1797 1348 1854 etiam
1371 1794 1694 1854 tacentibus
1729 1809 1830 1852 vo-
1861 1809 1910 1872 B
1939 1813 2094 1856 versa
2115 1797 2277 1866 ratio,
2300 1797 2560 1870 etdispar
2585 1803 2669 1852 est
2693 1809 2876 1851 causa.
2902 1795 3046 1850 Nam
3074 1791 3539 1865 quemadmodum

230 1889 319 1948 bis
347 1891 713 1948 uenationem
750 1899 999 1948 nostram
1029 1889 1206 1946 fuerat
1235 1884 1512 1954 secutura,
1536 1904 1701 1962 sagax
1737 1887 1830 1944 in-

230 1985 529 2057 terrogatio
565 1992 739 2040 vestra
767 1984 1052 2057 pravenit,
1079 1991 1137 2040 et
1171 1981 1373 2039 idcirco
1398 1979 1687 2038 efﬁcaciter
1709 1996 1830 2038 eam

225 2081 478 2138 sensibus
526 2081 717 2140 vestris
780 2079 1191 2154 concipiendam
1238 2092 1365 2137 esse
1401 2094 1517 2136 non
1575 2077 1796 2151 ambigo
1811 2117 1829 2148 ,

226 2175 671 2248 quandoquidem
715 2175 1116 2232 intitutionem
1160 2183 1411 2232 nostram
1457 2187 1688 2231 acumen
1736 2189 1830 2230 vc-

223 2269 330 2326 stri
372 2269 650 2344 praecessit
687 2269 908 2344 ingenii.
955 2269 1082 2327 Sine
1128 2269 1316 2328 labore
1359 2265 1508 2324 enim
1545 2266 1834 2342 cujuslibet

1935 1893 2152 1966 corpori
2179 1906 2311 1949 usus
2355 1890 2594 1949 libidinis
2623 1888 2910 1961 carnisque
2957 1887 3242 1958 vicinitas“
3266 1886 3342 1943 ita
3371 1887 3538 1944 etiam

1937 1986 2107 2044 menti
2149 1986 2416 2043 memoria
2445 1985 2562 2059 ejus
2591 1993 2676 2041 est
2715 1981 2932 2056 penitus
2967 1980 3360 2039 subtrahenda.
3397 1979 3540 2038 Satis

1939 2081 2085 2138 enim
2112 2079 2488 2153 perniciosum
2527 2085 2611 2136 est
2630 2077 2812 2136 adhuc
2857 2075 3092 2134 inﬁrmis
3143 2075 3416 2148 agrisque
3450 2090 3540 2148 pe-

1939 2173 2184 2233 ctoribus
2205 2175 2290 2230 vel
2318 2171 2703 2230 tenuissimam
2745 2169 3190 2232 recordationem
3228 2167 3395 2242 hujus
3419 2183 3540 2240 pas-

1938 2269 2108 2328 sionis
2131 2269 2441 2336 admittere,
2466 2267 2541 2325 ita
2579 2274 2644 2324 ut
2661 2278 3076 2338 nonnumquam
3098 2264 3179 2321 ei
3196 2263 3374 2336 etiam
3390 2264 3416 2298 ι’
3436 2261 3540 2318 sub

1318 2384 1574 2441 ΑΙ.Αῆῡί
1611 2385 1842 2442 GAZIEI
1865 2385 2442 2443 COMMENTARIUS.

295 2503 322 2529 ι
340 2493 583 2566 Luxuria
603 2493 751 2550 enim
777 2510 892 2551 non
909 2492 1210 2551 resistendo
1225 2535 1240 2561 ,
1262 2491 1366 2566 sed
1391 2490 1643 2566 fugiendo
1661 2492 1832 2549 vinci-

219 2572 335 2620 tur.
369 2564 530 2635 Quod
570 2565 856 2638 insinuans
877 2567 1183 2638 ,Apostolus
1222 2564 1302 2621 ait
1325 2583 1344 2638 :_
1369 2564 1567 2638 Fugite
1577 2566 1835 2638 fornica-

218 2639 426 2709 tionem
448 2639 493 2705 (Ι
529 2638 649 2694 Cor.
681 2637 789 2709 τι).
829 2637 894 2694 Id
925 2635 1051 2694 v'ero
1101 2635 1384 2709 quomodo
1420 2635 1833 2709 intelligendum

215 2707 312 2776 sit,
340 2706 585 2763 declarat
611 2711 683 2764 D.
702 2706 944 2765 Thomas
982 2711 1075 2777 (In
1099 2706 1421 2774 comment.)
1445 2727 1460 2762 :
1493 2706 1829 2770 Notandum,

217 2779 434 2850 inquit,
474 2779 621 2849 quod
646 2784 834 2835 cratera
868 2782 1010 2834 vitia
1035 2781 1324 2833 vincuntur
1353 2777 1670 2850 resistendo,
1699 2779 1832 2846 quia

97 2877 108 2886 ε
215 2848 428 2920 quanto
449 2848 622 2919 magis
651 2851 802 2906 homo
818 2851 1183 2921 particularia
1195 2848 1502 2921 considerat
1528 2851 1580 2902 et
1603 2851 1828 2921 tractat,

214 2918 376 2976 tanto
403 2918 584 2976 minus
603 2922 664 2974 in
691 2923 764 2975 eis
789 2918 991 2977 invenit
1014 2921 1156 2975 unde
1189 2919 1496 2982 delectetur,
1525 2918 1620 2973 sed
1656 2919 1830 2987 magis

215 2995 519 3058 crucietur;
544 2991 636 3045 sed
663 2992 857 3046 vitium
883 2992 1258 3059 fornicationis
1290 3003 1399 3044 non
1435 2990 1670 3043 vincitur
1692 2990 1828 3044 resi-

213 3063 434 3148 stendg,
463 3063 1006 3148 qum‘quanto‘magi‘s
1025 3061 1368 3148 inpenditur‘i
1388 3059 1482 3114 sed
1494 3060 1832 3148 uincitur-fu-

215 3123 445 3204 giendo,
535 3123 643 3195 est,
660 3132 899 3186 totaliter
914 3123 1133 3204 nitendo
1143 3131 1490 3204 cogitationes
1503 3123 1829 3204 immundus,
1861 3123 1870 3174 ἷ

213 3200 270 3279 et
297 3203 572 3279 quaslibet
599 3204 910 3279 occasiones,
936 3200 1227 3279 utdaitur
1275 3200 1500 3279 zachar.
1528 3216 1568 3253 ιι
1593 3219 1606 3254 :
1634 3203 1849 3279 _Fugite.

215 3268 475 3356 ἀθῖετνοε
500 3275 810 3356 aquilonis.
841 3272 978 3356 αςςίι
996 3274 1277 3356 paen
1307 3268 1570 3356 Eaedem
1610 3268 1831 3356 9‘19???

213 3361 356 3401 nam
383 3341 748 3416 pulcherrime
786 3341 1018 3413 explicat
1058 3345 1129 3396 D.
1159 3341 1559 3412 Hieronymus;
1596 3348 1649 3396 et
1676 3341 1832 3412 Vigi-

213 3415 465 3496 lantium
483 3413 833 3496 hareticum',
860 3412 952 3494 qui
971 3411 1273 3496 monachos
1289 3421 1344 3496 et
1362 3409 1830 3496 solitarios,_qupd

217 3454 1344 3565 iiiis-liii};'bﬁgéﬁffugﬁéiﬁiﬁ'ﬁﬁ
1357 3454 1834 3565 Ἐξιῖὲἶῖιὶςεῖἧέ

217 3565 282 3629 et
307 3551 540 3629 ignavos
562 3551 890 3629 shggillabat
911 3554 1043 3629 ,_his
1077 3553 1260 3629 verbis
1283 3551 1564 3629 aptissime
1608 3551 1828 3629 refutat2

217 3623 363 3700 ejus:
378 3623 697 3700 Objection?
714 3625 1046 3697 respondens
1077 3643 1091 3679 :
1131 3626 1260 3700 cur,
1292 3623 1489 3695 inquit,
1524 3627 1708 3700 pergis
1755 3625 1830 3680 ad

213 3696 506 3754 eremum?
531 3699 775 3753 videlicet
791 3696 853 3752 ut
880 3702 931 3752 te
951 3712 1060 3752 non
1097 3697 1346 3764 audiam,
1376 3696 1742 3764 nonvideam;
1768 3700 1830 3752 ut

213 3775 314 3825 tuo
339 3771 536 3838 furore
566 3784 676 3823 non
699 3783 934 3832 movear,
963 3773 1026 3822 ut
1053 3772 1151 3822 tua
1181 3767 1319 3822 bella
1361 3781 1469 3838 non
1498 3769 1719 3838 patiar;
1765 3783 1830 3823 ne

209 3857 301 3896 me
329 3837 519 3910 sapiat
533 3841 713 3895 oculus
732 3841 1056 3905 meretricis;
1081 3854 1148 3893 ne
1159 3839 1340 3910 forma
1361 3837 1734 3908 pulcherrima
1755 3839 1831 3894 ad

208 3909 450 3967 illicitos
481 3911 642 3966 ducat
681 3911 988 3979 amplexus.
1032 3909 1390 3978 Respondebis
1421 3926 1437 3960 :
1465 3911 1576 3963 Hoc
1604 3924 1712 3962 non
1753 3914 1830 3964 est

437 3997 486 4046 e,
519 3981 612 4036 sed
630 3981 851 4050 fugere;
870 3983 958 4034 sta
979 3980 1040 4033 in
1064 3981 1198 4045 acie,
1229 3979 1558 4033 adversariis
1581 3984 1830 4034 armatus

207 4049 456 4120 obsiste;
495 4057 558 4108 ut
579 4049 870 4122 postquam
907 4051 1097 4106 viceris
1133 4050 1412 4122 coroneris.
1449 4049 1642 4122 Fateor
1671 4050 1831 4105 imbe-

204 4127 510 4181 cillitatem
535 4121 756 4178 meum:
773 4122 892 4177 nolo
913 4136 1007 4190 spe
1029 4135 1278 4191 pugnare
1310 4121 1572 4191 victoria,
1609 4135 1677 4174 ne
1694 4136 1830 4190 per-

205 4198 345 4252 dam
359 4194 666 4266 aliquando
681 4194 981 4266 victoriam.
998 4190 1062 4248 Si
1069 4194 1285 4266 fugere,
1301 4190 1550 4266 gladium
1557 4191 1794 4266 devitavi
1807 4210 1828 4261 ,-

202 4272 260 4325 si
285 4261 500 4324 διετετῖο
521 4306 541 4334 ,
569 4261 666 4320 aut
701 4264 1020 4320 uincendum
1045 4264 1183 4318 mihi
1216 4266 1316 4334 est,
1345 4265 1446 4316 aut
1479 4261 1778 4317 cadendum
1805 4279 1827 4318 :

203 4339 356 4410 quid
403 4333 592 4393 autem
634 4351 838 4391 necesse
883 4337 1158 4410 est__certa
1195 4333 1487 4410 dimittere,
1531 4337 1599 4410 et,
1622 4335 1829 4410 incerta

200 4404 420 4467 sectari
433 4412 466 4464 ?
481 4409 597 4464 Aut
605 4412 754 4462 scuto
769 4411 867 4461 aut
870 4406 1102 4477 pedibus
1115 4419 1255 4459 mors
1272 4404 1506 4458 vitanda
1523 4408 1621 4459 est.
1643 4407 1832 4475 Tuqui

191 4497 459 4554 pugnas,
486 4480 799 4554 etsuperari
807 4482 983 4554 potes,
1011 4482 1061 4532 et
1089 4479 1300 4554 vincere
1315 4490 1456 4554 Lego
1475 4491 1594 4531 cum
1610 4478 1829 4554 fugere,

199 4547 318 4608 non
339 4555 509 4608 vinco
523 4552 582 4603 in
609 4547 666 4604 eo
685 4547 829 4619 quod
845 4549 1032 4616 fugio;
1061 4547 1154 4602 sed
1176 4547 1297 4601 ideo
1321 4547 1496 4619 fugio,
1525 4562 1592 4602 ne
1617 4549 1826 4603 vincar.

199 4626 386 4682 Nulla
419 4622 680 4677 securitas
699 4618 706 4619 ⁷
725 4621 804 4674 est
837 4621 1018 4674 vicino
1051 4622 1290 4686 serpente
1319 4618 1554 4673 dormire
1598 4635 1615 4672 :
1656 4624 1833 4688 potest

1891 3154 1898 3163 ’
1936 3131 2098 3186 nibus
2124 3133 2273 3186 vitiis
2289 3130 2674 3202 praedicauerit
2701 3144 2810 3186 esse
2843 3131 3003 3202 resist

1942 2502 2054 2550 tam
2079 2503 2271 2568 natura
2301 2507 2674 2568 quamprona
2696 2491 2988 2568 _voluntate
3026 2508 3044 2568 _:
3071 2487 3216 2568 quod
3247 2487 3538 2568 etiamde-

1942 2574 2032 2621 cet
2067 2559 2360 2622 Cassianus
2401 2559 2654 2629 (Lib.vu
2690 2565 2824 2619 Inst.
2855 2577 2975 2632 cap.
3019 2565 3042 2616 t
3079 2559 3131 2615 et
3151 2559 3228 2632 5).
3271 2561 3538 2618 Omnium

1940 2642 2128 2692 tamen
2149 2635 2402 2692 vitiorum
2430 2633 2746 2704 occasiones
2767 2641 2826 2689 et
2862 2632 3234 2704 incitamenta,
3271 2639 3537 2704 quantum

1942 2705 2000 2761 in
2016 2706 2191 2786 nobis
2217 2713 2332 2773 est,
2377 2704 2547 2786 vitare
2580 2701 3540 2786 debemus_,_quia.objepta'movent

1939 2777 2222 2849 potentias,
2242 2771 2573 2849 praesertim
2601 2775 2812 2846 objecta
2847 2771 3384 2849 libidinis,'ideoque
3419 2789 3538 2829 ma-

1937 2843 2019 2918 gis
2043 2843 2314 2904 evitanda.
2346 2845 2610 2918 Similiter
2653 2843 2994 2918 Augustinus
3028 2845 3088 2918 in
3127 2843 3370 2915 quodam
3419 2860 3538 2918 ser-

1937 2916 2105 2975 inone
2148 2938 2163 2974 :
2218 2918 2384 2986 Quod.
2415 2917 2712 2980 libidinem,
2753 2916 2931 2988 inquit
2962 2919 2983 2983 (
3016 2916 3190 2972 Serm.
3235 2921 3269 2971 2
3321 2917 3542 2972 Domini

1937 2994 1971 3044 2
1991 2993 2116 3060 post
2163 2991 2314 3045 Trin.
2333 2993 2374 3055 ),
2434 2990 2756 3057 fugiendam
2817 2987 2953 3060 esse‘
2971 2987 3340 3060 suggerimus,
3407 3003 3538 3058 apo-

1937 3057 2102 3116 stolus
2173 3061 2378 3116 Paulus
2436 3060 2706 3114 evidenter
2767 3057 3032 3122 ostendit,
3089 3059 3190 3122 qui
3249 3073 3369 3112 cum
3424 3057 3539 3113 em-

3107 3143 3220 3191 um,
3251 3129 3384 3184 dum
3419 3145 3541 3184 con-

1940 3205 2028 3256 tra
2043 3200 2325 3257 libidinem
2345 3203 2669 3272 loqueretur,
2694 3217 2801 3257 non
2829 3201 2981 3254 discit
2998 3217 3012 3254 :
3027 3200 3415 3272 Resistite,sed
3440 3203 3542 3258 Fu-

1939 3274 2050 3340 gite
2088 3271 2522 3339 fornicatioriem.
2563 3274 2651 3329 Sic
2687 3279 2739 3328 et
2766 3272 2906 3326 alibi
2926 3273 2988 3325 in
3018 3272 3316 3340 Scripturis
3343 3271 3542 3328 divinis

1863 3321 1914 3383 C
1940 3321 2169 3411 sint;
2182 3321 2442 3401 Inani;
2674 3321 2904 3410 arani-3'
2922 3321 3376 3407 tamen};
3387 3321 3542 3398 ista:

1938 3413 2142 3468 dalizet
2158 3414 2338 3468 υιιιιω
2381 3412 2496 3481 ejus
2527 3412 2742 3482 (Eccles.
2767 3415 2874 3474 ιι).
2908 3413 2989 3482 Εἰ
3028 3411 3211 3482 beatus
3236 3411 3447 3481 Ioseph,
3477 3417 3541 3468 ut

1935 3483 2267 3554 impudicam
2291 3481 2565 3537 dominam
2588 3486 2766 3553 posset
2791 3481 3043 3554 evadere,
3062 3481 3298 3550 pallium
3321 3498 3426 3552 quo
3451 3498 3484 3553 ᾳ

1929 3555 2226 3638 prehensus
2247 3556 2434 3622 fuerat
2450 3554 2765 3638 reliquit,‘et
2781 3553 3116 3635 fugit-Ergo
3140 3557 3328 3638 gontra
3353 3553 3542 3638 libidi-

2037 3627 2294 3695 impetum
2317 3625 2655 3707 apprehende
2677 3625 2894 3693 fugam,
2915 3625 2968 3677 si
2999 3625 3081 3678 vis
3106 3623 3344 3706 obtinere
3377 3625 3540 3678 victo-

1934 3713 2098 3752 riam.
2111 3696 2347 3775 Nectibi
2371 3695 2730 3775 verecundum
2741 3697 2815 3775 sit
2831 3695 3048 3775 fugere,
3060 3708 3119 3775 ,ει
3138 3695 3537 3775 castitatispal-

1935 3784 2082 3822 mam
2119 3767 2387 3824 desideras
2423 3767 2679 3822 obtinere.
2709 3767 2808 3837 [ta
2842 3765 3200 3836 Augustinus.
3228 3766 3328 3837 Est
3371 3765 3540 3837 igitur

1935 3847 2126 3894 contra
2153 3837 2426 3894 luxuriam
2473 3853 2626 3893 more
2664 3834 2996 3893 Parthorum
3023 3834 3374 3906 pugnandum
3389 3834 3538 3906 {sci-

1935 3909 2063 3987 licet
2115 3907 2398 3987 fugiendo,
2425 3911 2727 3987 _oersisque
2759 3903 3388 3987 sagittis,_‘ut_'Virgilius
3406 3903 3540 3962 dixit

1935 3983 2148 4049 (Georg.
2179 3977 2292 4049 fu),
2319 3990 2375 4036 et
2386 3977 2662 4054 eleganter
2689 3977 2935 4050 Baptista
2960 3977 3327 4032 Mantuanus:

2061 4085 2203 4133 Hanc
2215 4086 2386 4132 contra
2401 4088 2590 4134 certare
2603 4097 2723 4133 cave
2742 4103 2756 4143 ;
2780 4097 2894 4132 nam
2909 4083 3108 4133 vincere
3118 4081 3252 4132 vinci
3273 4086 3354 4133 est
3377 4105 3390 4134 :

2061 4145 2430 4207 Vincere-terga
2447 4145 2587 4204 dare,
2611 4149 2664 4195 et
2680 4148 2818 4194 retro
2843 4144 3052 4205 vestigia
3069 4145 3217 4193 ferre.

2005 4255 2034 4294 δ
2053 4261 2490 4319 HincCassianus
2512 4268 2700 4317 monet
2716 4260 2815 4317 lib.
2841 4276 2908 4317 v1
2933 4259 3111 4316 Instit.
3140 4275 3258 4332 cap.
3285 4265 3541 4325 13,casti-

1934 4334 2135 4391 monia
2148 4334 2382 4406 primam
2393 4348 2511 4389 esse
2518 4332 2912 4406 cnstodiam,ut
2925 4349 3046 4388 cum
3059 4335 3230 4388 menti
3234 4340 3431 4390 nostra
3441 4353 3542 4392 me-

1936 4408 2110 4461 moria
2123 4405 2284 4461 seaus
2291 4407 2517 4474 feminei
2529 4421 2628 4476 per
2641 4405 2890 4460 subtilem
2911 4407 3304 4474 suggestionem
3317 4406 3540 4462 diaboli-

1937 4493 2010 4532 ca
2023 4477 2347 4532 calliditatis
2373 4477 2690 4548 obrepserit,
2709 4477 2950 4547 primum
2971 4479 3212 4532 immissa
3226 4477 3540 4534 recordatio-

1936 4564 2003 4604 ne
2024 4550 2248 4612 matris,
2271 4564 2530 4612 sororum,
2560 4563 2654 4602 seu
2681 4552 2819 4604 certe
2853 4551 3184 4616 feminarum
3207 4553 3536 4613 sanctarum,

1975 4621 2252 4676 uantocius
2271 4635 2388 4676 eam
2416 4620 2482 4675 de
2499 4625 2696 4675 nostra:
2713 4621 2908 4675 mentis
2934 4621 3224 4674 recessibus
3253 4621 3539 4676 extrudere

197 4699 337 4768 ﬁeri
401 4696 598 4768 ut_me
651 4705 756 4746 non
807 4691 1070 4768 mordeat,
1106 4693 1311 4768 tamen
1362 4692 1536 4757 potest
1593 4690 1716 4757 ﬁeri
1769 4695 1832 4768 ut
1859 4697 1910 4760 1)
1936 4688 2275 4768 festinemus,
2301 4699 2406 4768 etc.
2429 4690 2695 4768 Eamdem
2724 4690 2796 4768 ob
2821 4703 3045 4768 causam
3069 4693 3138 4744 D.
3164 4688 3538 4768 Hieronymus

198 4761 528 4836 aliquando
571 4777 654 4817 me
683 4761 951 4836 mordeat.
999 4761 1203 4836 Matres
1238 4773 1509 4836 vocamus,
1539 4773 1742 4836 sorores
1767 4765 1831 4836 _et

197 4830 388 4908 ﬁlias,
420 4837 480 4908 et
506 4847 612 4908 non
648 4831 1192 4908 erubescimuspitiis
1227 4830 1688 4908 nostrisnomina
1710 4832 1827 4908 pie-

200 4899 692 4965 ta-tis'obtendere.
747 4903 891 4968 Quid
915 4904 1051 4968 facit
1085 4899 1371 4956 monachus
1412 4901 1472 4953 in
1508 4899 1715 4954 cellulis
1750 4903 1834 4968 fe-

197 4975 542 5035 minarum?
571 4971 706 5042 quid
724 4973 830 5025 sibi
846 4973 1030 5026 volunt
1074 4973 1189 5026 sola
1215 4975 1266 5026 et
1292 4973 1516 5040 privata
1547 4971 1829 5041 colloquia,

197 5055 257 5108 et
281 5048 543 5105 arbitros
568 5045 834 5112 fugientes
848 5043 1250 5098 oculi?Sanctus
1265 5058 1417 5096 amor
1434 5043 1830 5112 impatientiam

199 5138 320 5177 non
354 5117 551 5174 habet.
585 5117 736 5184 Quod
772 5117 840 5168 de
875 5117 1098 5168 libidine
1128 5117 1390 5180 discimus,
1422 5117 1720 5180 referamus
1757 5117 1827 5170 ad

201 5191 533 5248 avaritiam
547 5193 598 5242 et
626 5185 702 5241 ad
727 5186 909 5240 omnia
931 5185 1067 5238 vitia
1099 5199 1218 5254 qua:
1249 5187 1494 5239 vitantur
1516 5185 1827 5240 solitudine.

197 5268 282 5323 Et
325 5261 542 5316 idcirco
569 5258 784 5313 urbium
809 5257 1152 5328 frequentias
1187 5255 1533 5319 declinamus,
1563 5271 1629 5328 ne
1653 5256 1833 5322 facere

199 5331 611 5404 compellamur
655 5345 777 5404 qua
803 5343 898 5382 nos
903 5343 1052 5404 _non
1078 5331 1191 5382 tam
1230 5331 1443 5404 natura
1476 5327 1617 5404 cogit
1651 5329 1830 5404 facere

197 5397 385 5477 quain
405 5397 681 5477 voluntas:
725 5400 1310 5477 ﬂacﬁieronymus;
1354 5397 1712 5477 ub_i_videtur
1739 5398 1830 5452 in-

197 5467 388 5534 fluere
415 5469 702 5544 quoddam
729 5467 1202 5544 discrimenqin'ter
1247 5468 1359 5544 illa_
1385 5468 1510 5524 vitia
1527 5483 1663 5544 qua
1701 5477 1826 5544 tan-

197 5548 288 5619 git
311 5539 572 5619 Joannes
604 5539 710 5619 illis
740 5539 915 5619 verbis
947 5561 960 5596 :
1012 5542 1174 5619 Gnine
1213 5539 1359 5611 quod
1389 5544 1472 5619 est
1512 5539 1570 5594 in
1604 5540 1823 5619 mundo,

196 5612 307 5676 dut
349 5618 438 5671 est
465 5612 886 5683 concupiscentia
913 5615 1110 5676 carnis,
1127 5619 1226 5668 aut
1248 5612 1675 5683 concupiscentia
1696 5625 1824 5683 ocu-

197 5692 394 5746 lorum
417 5683 501 5750 (id
522 5681 633 5754 est,
647 5681 915 5754 avaritia),
941 5687 1036 5754 aut
1050 5683 1302 5754 superbia
1323 5681 1448 5738 vita:
1470 5681 1516 5754 (Ι
1532 5681 1817 5754 Joan.Iv).

195 5757 504 5830 Siquidem
531 5753 606 5830 ad_
629 5752 1334 5830 concupiscentiam'carnis,
1367 5752 1487 5830 sive
1529 5752 1816 5830 luxuriam,

191 5823 408 5888 natura
460 5823 873 5894 quodammodo
914 5824 1286 5896 impellimur;
1315 5826 1385 5882 ad
1409 5825 1510 5882 alia
1538 5823 1664 5881 vitia
1706 5839 1818 5882 non

585 5115 736 5184 Quod
772 5114 840 5168 de
875 5113 1098 5168 libidine
1128 5114 1390 5180 dia-imus,
1422 5113 1720 5180 referamus
1757 5115 1833 5170 ad

1938 4763 2169 4816 Rustico
2198 4760 2465 4816 monacho
2511 4761 2704 4816 suadet
2727 4763 2926 4829 (Epist.
2948 4765 3023 4825 4),
3051 4775 3118 4812 ne
3139 4759 3223 4813 vel
3263 4759 3430 4814 matri
3449 4777 3537 4815 co-

1939 4832 2144 4886 habitet
2170 4851 2188 4885 :
2217 4847 2303 4893 ne,
2329 4831 2524 4900 inquit,
2558 4835 2658 4884 aut
2681 4831 2992 4899 aﬂ'erentem
3015 4829 3264 4884 delicatos
3291 4831 3433 4886 cibos
3457 4847 3540 4888 re-

1939 4902 2151 4956 nuendo
2177 4904 2491 4967 contristes;
2512 4904 2609 4954 aut
2637 4901 2687 4954 si
2711 4901 2994 4973 acceperis,
3029 4901 3222 4973 oleum
3240 4902 3359 4970 igni
3390 4903 3539 4973 adji-

1939 4975 2051 5029 cias
2067 4977 2138 5052 _et
2155 4973 2302 5052 inter
2325 4973 2710 5052 frequentiam
2719 4971 3038 5052 puellarum
3058 4986 3161 5052 per
3183 4971 3538 5052 dieinpideas

1939 5045 2083 5114 quod
2128 5046 2278 5097 nocte
2324 5045 2538 5115 cogites.
2580 5043 2652 5115 Et
2696 5041 2966 5115 libro_illo
3007 5041 3262 5098 adversus
3303 5044 3538 5115 Vigilan-

1939 5112 2079 5171 tium
2103 5131 2117 5169 :
2137 5113 2448 5180 Monachus,
2475 5112 2674 5184 inquit,
2694 5129 2802 5168 non
2825 5113 3076 5178 doctoris,
3107 5115 3202 5169 sed
3223 5112 3536 5184 plangentis

1940 5186 2098 5240 habet
2119 5186 2347 5253 ofﬁcium
2373 5204 2390 5252 ;
2419 5187 2518 5254 qui
2543 5185 2626 5238 vel
2642 5199 2716 5247 se,
2743 5186 2828 5239 vel
2856 5185 3119 5238 mundum
3145 5186 3345 5254 lugeat,
3363 5192 3414 5240 et
3433 5189 3534 5242 Do-

1937 5259 2079 5310 mini
2084 5255 2320 5326 pavidus
2326 5256 2669 5326 prastoletur
2677 5256 2968 5310 adventum
2977 5277 3000 5323 ,-
3021 5257 3117 5324 qui
3125 5258 3294 5310 sciens
3310 5256 3540 5312 imbecil-

1937 5329 2144 5382 litatem
2166 5343 2343 5390 suam,
2376 5332 2427 5382 et
2451 5341 2544 5381 vas
2571 5327 2773 5395 fragile
2791 5327 2935 5396 quod
2957 5330 3167 5396 portat,
3189 5328 3338 5381 timet
3361 5327 3535 5396 offen-

1935 5398 2079 5460 dere,
2106 5415 2172 5454 ne
2200 5401 2490 5470 impingat,
2519 5402 2736 5470 corruat
2766 5402 2932 5470 atque
2955 5399 3298 5470 frangatur:
3324 5399 3466 5454 unde
3484 5404 3534 5456 et

1935 5470 2246 5534 mulierum,
2272 5467 2611 5538 maximeque
2651 5467 3168 5523 adolescentulan
3205 5469 3347 5524 vitat
3377 5487 3536 5540 aspe-

1935 5543 2116 5605 ctum;
2151 5543 2200 5594 et
2235 5541 2293 5593 in
2323 5545 2532 5594 tantum
2556 5541 2850 5612 castigator
2869 5543 2946 5594 est
2984 5541 3101 5612 sui,
3121 5543 3184 5593 ut
3221 5541 3380 5596 etiam
3411 5558 3532 5612 qua:

1937 5615 2058 5682 tuta
2077 5614 2206 5666 sunt
2225 5612 2587 5680 pertimescat.
2618 5611 2686 5665 Et
2706 5609 2774 5666 de
2799 5611 2856 5665 S.
2874 5608 3176 5682 Augustino
3200 5612 3388 5667 scribit
3408 5608 3534 5668 Pos-

1925 5681 2107 5753 .sidius
2147 5682 2226 5751 (In
2258 5683 2388 5738 Vita
2415 5683 2472 5739 S.
2485 5683 2635 5751 Aug.
2653 5697 2699 5737 c.
2728 5682 2852 5749 26):
2892 5683 3236 5737 Feminarum
3257 5683 3412 5738 intra
3439 5684 3529 5738 do-

1925 5769 2074 5808 mum
2089 5753 2206 5824 ejus
2224 5753 2377 5807 nulla
2396 5769 2653 5824 umquam
2673 5755 2982 5808 conuersata
3001 5757 3098 5816 est,
3129 5753 3282 5806 nulla
3305 5755 3528 5812 mansit.

1925 5842 2018 5880 nec
2041 5825 2256 5896 quidem
2297 5840 2556 5893 germana
2597 5841 2766 5893 soror,
2807 5840 2928 5894 qua:
2959 5824 3126 5878 vidua
3152 5827 3258 5880 Deo
3293 5824 3528 5878 serviens
