4000 6206
149 296 276 349 1149
1065 289 1401 347 COLLATIO
1441 293 1552 348 XX.
1593 321 1665 332 —-
1701 292 1707 347 Ξ

1828 291 2302 350 ΡίΕΝΙΤΕΝΤΙᾸΕ
2340 293 2516 348 FINE.
3312 297 3446 349 1130

142 435 270 476 num
306 417 525 474 nullum
559 417 762 473 mentis
799 430 1099 485 assensum,
1119 416 1326 475 nullam
1360 417 1538 475 carnis
1574 433 1734 474 com—
1759 423 1812 486 Α
1845 417 2014 475 etiam
2043 417 2088 473 si
2113 417 2456 489 corporalem
2486 414 2707 474 femina
2745 423 3016 472 attactum
3055 431 3220 472 causa
3257 416 3448 488 cujus-

141 513 433 568 motionem
471 511 528 567 in
571 526 629 566 se
665 509 1086 582 deprehenderit
1127 510 1370 578 excitari,
1427 513 1737 569 certissima
1847 527 2102 583 cumque,
2115 519 2177 568 ut
2195 511 2355 579 solet,
2371 510 2713 566 necessitatis
2733 510 2991 578 attulerit,
3006 511 3447 581 penitussensum

139 607 380 678 puritatis
420 620 536 662 suae
574 604 753 677 capiet
791 604 1151 675 documenta,
1182 607 1256 663 ita
1294 615 1356 664 ut
1391 607 1462 664 ad
1508 608 1652 664 banc
1681 623 1742 664 se
1847 606 2112 679 passionis
2145 607 2374 679 ignoret.
2405 607 2531 661 Hoc
2571 603 2740 661 abbas
2779 607 3054 672 Joannes;
3080 613 3108 640 α
3139 619 3266 660 cum
3298 603 3448 661 horae

138 700 460 755 ﬁrmitatem
485 698 737 769 puritatis
773 712 1051 768 exercens,
1077 699 1346 756 castitatis
1375 709 1537 772 atque
1558 699 1742 756 incor-
1848 715 2014 758 nona:
2054 699 2407 757 refectionem
2450 699 2751 757 imminere
2787 697 3066 766 sensisset,
3100 696 3444 755 collationem

136 793 411 866 ruptionis
453 791 662 848 bonum
696 806 810 847 non
852 792 1034 849 solum
1075 801 1263 850 mente
1306 793 1600 865 possideat,
1645 794 1740 852 sed
1848 795 1957 851 ﬁne
1983 796 2268 854 conclusit.

1229 920 1484 975 ALARDI
1523 921 1746 976 ΟΑΖᾸΞΙ
1785 919 2348 978 COMMENTARIUS.

201 1034 226 1059 ³
258 1023 563 1080 Monachos
582 1023 715 1080 olim
733 1065 749 1086 ,
773 1033 960 1099 utpote
986 1025 1231 1097 quotidie
1244 1025 1553 1099 jejunantes
1581 1034 1732 1083 extra

132 1100 508 1164 Pentecosten,
553 1111 670 1150 non
715 1095 849 1152 ante
877 1095 1069 1152 horam
1099 1095 1313 1152 nonam
1335 1100 1404 1152 ab
1444 1107 1570 1154 ortu
1605 1099 1734 1155 solis

133 1169 274 1240 (quae
320 1167 481 1240 nobis
517 1175 600 1222 est
645 1167 804 1223 tertia
850 1169 1250 1240 pomeridiana)
1290 1169 1475 1225 cibum
1517 1185 1735 1225 sumere

130 1238 340 1312 solitos,
377 1239 674 1312 nisica‘usa
701 1238 1018 1312 exercendae
1048 1240 1432 1312 hospitalitatis
1462 1241 1731 1312 jejunium

128 1311 420 1380 solverent,
450 1309 581 1365 alibi
620 1310 946 1365 notavimus.
997 1309 1170 1366 Hanc'
1189 1312 1335 1366 enim
1379 1309 1575 1366 horam
1615 1312 1730 1367 sol-

127 1381 287 1454 vendi
313 1380 512 1454 jejunii
555 1380 701 1454 apud
740 1381 1042 1454 cmuobitas
1075 1383 1356 1454 [Egyptios
1383 1383 1729 1454 observatam

126 1452 294 1526 fuisse
311 1452 496 1526 scribit
517 1454 583 1506 D.
607 1453 983 1526 Hieronymus
996 1453 1059 1526 in
1081 1452 1319 1526 Epistola
1334 1459 1423 1526 23,
1437 1453 1507 1526 ad
1532 1457 1728 1509 Eustoo

125 1522 311 1578 chium
330 1563 346 1588 ,
372 1523 630 1593 idemque
654 1522 947 1579 conﬁrmat
976 1522 1267 1581 Cassianus
1303 1524 1596 1581 collatione
1633 1529 1724 1592 21,

125 1609 245 1664 cap.
278 1597 369 1649 23.
403 1593 570 1649 Unde
600 1602 656 1648 et
684 1599 752 1650 D.
788 1594 1113 1651 Benedictus
1146 1611 1195 1650 c.
1235 1601 1300 1650 41
1335 1617 1346 1651 :
1384 1597 1611 1664 Quarta,
1640 1595 1726 1650 in-

124 1666 262 1738 quit,
275 1669 325 1719 et
340 1669 496 1719 sexta.
521 1665 669 1732 feria
686 1666 937 1736 jejunent
960 1681 1127 1737 usque
1156 1667 1230 1722 ad
1251 1683 1480 1722 nonam:
1507 1669 1726 1737 reliquis

1841 1028 2027 1084 diebus
2052 1029 2127 1084 ad
2155 1032 2364 1082 sextam
2382 1027 2712 1098 prenderint.
2736 1026 2928 1098 Exstat
2949 1024 3116 1098 etiam
3136 1023 3278 1098 apud
3303 1025 3443 1079 Pru-

1840 1099 2086 1155 dentium
2129 1101 2309 1170 (Hym.
2365 1095 2448 1170 ι’οΑ
2475 1098 2585 1170 περὶ
2634 1095 3054 1170 orépav._)_hujus
3104 1095 3344 1170 antiqua:
3390 1104 3445 1150 et

1842 1167 2144 1244 priniitivas
2183 1167 2591 1244 observationis
2634 1172 2767 1244 (qua
2815 1167 3149 1244 jejunantes,
3200 1167 3362 1220 etiam
3392 1182 3441 1244 _a

1879 1252 1974 1297 otu
2016 1255 2188 1313 usque
2217 1240 2288 1296 ad
2316 1254 2520 1296 nonam
2543 1237 2906 1307 abstinebant)
2930 1237 3155 1311 insignis
3173 1237 3441 1296 memoria

1879 1328 1946 1369 OC
1980 1329 2141 1368 versu
2166 1330 2180 1367 ε

2026 1491 2283 1554 Quosdam
2300 1490 2572 1554 depopulo
2598 1490 2736 1540 videt
2749 1489 2983 1554 sacerdos

2023 1552 2300 1602 Libandum
2319 1552 2410 1603 sibi
2431 1552 2666 1615 poculum
2688 1552 2985 1602 offerentes:

2022 1615 2337 1676 Jejunamus,
2365 1616 2464 1672 ait;
2487 1627 2664 1664 recuso
2689 1619 2861 1677 potum
2885 1635 2896 1664 :

2021 1678 2252 1727 Nondum
2284 1691 2415 1727 nona
2435 1677 2566 1728 diem
2590 1678 2806 1741 resignat
2825 1678 2962 1726 hora.

917 1951 1699 2056 COLLATIO
1777 1952 2623 2072 VICESIMA,

1320 2141 1478 2214 Quae
1516 2142 1616 2205 est
1656 2138 1923 2206 abbatis
1963 2137 2231 2206 Pinufii.

1069 2278 1150 2330 DE
1189 2278 1629 2332 PfENlTENTUE
1666 2242 1811 2332 smn
1847 2281 1930 2332 ET
1967 2281 2481 2334 SATlSFACTIONE.

613 2523 856 2581 CAPUT
895 2526 1216 2582 PRIMUM.

212 2617 292 2670 De
321 2616 533 2670 abbatis
559 2618 768 2686 Pinuﬁi
789 2616 1097 2672 humilitate
1117 2623 1168 2674 et
1192 2617 1396 2674 latendi
1405 2622 1604 2676 studio.

176 2707 435 2764 Praeclari
465 2723 528 2763 ac
552 2707 839 2780 singularis
865 2709 967 2765 viri
1004 2719 1029 2746 δ
1055 2709 1270 2768 abbatis
1296 2712 1493 2767 Pinuﬁi
1518 2712 1587 2768 de
1610 2713 1715 2770 ﬁne

102 2805 440 2877 poenitentiae
459 2813 724 2878 praecepta
744 2804 1006 2874 dicturus,
1038 2823 1292 2878 magnam
1317 2809 1564 2865 materiae
1590 2826 1712 2880 par-

101 2908 217 2956 tem
250 2898 384 2954 mibi
421 2899 606 2955 videor
648 2907 956 2971 amputare,
1006 2901 1049 2956 si
1089 2900 1409 2959 humilitatis
1445 2903 1559 2976 ejus
1599 2905 1712 2960 lau-

98 2992 256 3060 dem,
286 3006 455 3062 quam
484 2989 539 3044 in
564 2998 760 3061 quarto
787 2993 1204 3050 lnstitutionum
1243 2996 1383 3051 libro
1423 2997 1570 3068 (Cap.
1598 3002 1709 3062 30),

101 3086 193 3158 qui
227 3092 315 3140 est
343 3076 371 3116 ¹⁵
394 3097 556 3155 super
585 3083 932 3140 instituendis
949 3086 1416 3143 Renuntiantibus
1443 3089 1710 3157 titulatus,

98 3181 250 3239 brevi
275 3195 532 3237 sermone
561 3179 878 3251 perstrinxi,
906 3178 1122 3235 lectoris
1153 3179 1374 3236 fastidio
1400 3183 1709 3248 consulens,

98 3277 188 3333 hic
216 3275 437 3332 silentio
469 3272 920 3345 praetermittam;
949 3289 1077 3330 cum
1119 3275 1422 3346 praesertim
1452 3275 1610 3332 multi
1645 3276 1711 3332 il-

98 3373 206 3428 lius
246 3369 498 3443 opusculi
527 3369 787 3426 notitiam
821 3383 936 3424 non
958 3367 1220 3425 habentes
1248 3369 1305 3424 in
1331 3369 1472 3426 hanc
1502 3371 1715 3444 possint

94 3466 381 3522 incurrere
409 3464 716 3532 lectionem,
754 3471 810 3519 et
840 3463 1020 3520 omnis
1056 3463 1335 3520 dictorum
1366 3465 1581 3522 vacillet
1605 3481 1709 3522 au-

94 3563 324 3619 ctoritas
349 3559 398 3617 si
435 3559 662 3616 dicentis
695 3559 954 3615 meritum
985 3558 1357 3616 subtrahatur.
1389 3561 1493 3617 Hic
1532 3561 1708 3634 siqui-

93 3655 223 3712 dem
258 3670 395 3712 cum
432 3653 578 3710 haud
622 3653 782 3726 longe
823 3669 854 3708 a
885 3652 1196 3726 Panephysi
1226 3655 1464 3728 Egypti,
1495 3664 1556 3712 ut
1600 3656 1708 3712 illic

91 3745 308 3803 dictum
352 3753 458 3813 est,
479 3745 715 3814 civitate,
747 3744 915 3801 abbas
952 3753 1008 3800 et
1048 3745 1330 3818 presbyter
1359 3747 1563 3820 ingenti
1592 3763 1704 3803 coe-

89 3841 258 3898 nobio
289 3839 638 3913 praesideret,
669 3848 992 3911 tantumque
1029 3855 1155 3896 eum
1184 3839 1239 3895 in
1264 3840 1415 3898 omni
1441 3841 1530 3899 illa
1569 3857 1705 3915 pro-

1747 2533 1796 2596 B
1829 2528 1966 2583 tima
2009 2543 2136 2584 eum
2173 2528 2290 2600 jam
2332 2535 2491 2584 aetate
2531 2527 2683 2582 velut
2718 2529 2876 2600 panis
2911 2534 3146 2600 egestate
3186 2526 3430 2599 compul-

1826 2636 1983 2690 sum,
2010 2635 2122 2675 non
2150 2621 2361 2676 sincere
2400 2620 2541 2676 illius
2571 2621 2839 2694 propositi
2876 2622 3220 2677 sanctitatem
3263 2637 3432 2693 expe-

1824 2712 1956 2768 tisse
1977 2711 2247 2781 dicebant,
2276 2711 2494 2768 tandem
2523 2721 2590 2767 nt'
2621 2714 3009 2786 susciperetur,
3040 2713 3306 2780 obtinuit,
3337 2713 3429 2769 ubi

1824 2805 2153 2862 adolescenti
2205 2805 2425 2862 cuidam
2477 2803 2629 2862 fratri
2687 2807 2781 2879 qui
2840 2805 3069 2863 hortum
3119 2816 3431 2878 susceperat

1823 2900 2202 2968 excolendum,
2252 2900 2310 2956 in
2353 2899 2751 2958 adminiculum
2795 2901 3106 2973 deputatus,
3131 2903 3272 2972 :cum
3316 2918 3430 2958 non

1822 2997 2004 3052 solum
2037 2996 2228 3052 omnia
2264 3012 2386 3068 quae
2427 2996 2572 3053 idem
2615 2999 2933 3071 praepositus
2964 2999 3312 3071 imperasset,
3345 2999 3427 3053 vel

1823 3105 1946 3160 quae
1965 3089 2190 3162 injuncti
2222 3091 2398 3162 operis
2425 3106 2555 3147 cura
2596 3093 2878 3164 poscebat,
2907 3109 3034 3148 cum
3071 3090 3429 3148 admiratione

1820 3191 1938 3238 tam
1970 3192 2172 3240 sanctae
2199 3183 2530 3240 humilitatis
2555 3185 2825 3258 impleret,
2864 3202 3055 3243 verum
3079 3188 3250 3242 etiam
3273 3201 3426 3258 quae-

1821 3277 1952 3334 dam
1979 3279 2285 3335 necessaria
2314 3295 2503 3350 opera,
2536 3296 2665 3351 quae
2695 3291 2919 3354 propter
2961 3281 3247 3338 horrorem
3287 3281 3368 3338 sui
3395 3298 3425 3337 a

1821 3370 2035 3427 caeteris
2052 3371 2363 3427 vitabantur
2380 3412 2397 3438 ,
2415 3371 2488 3425 ita
2507 3369 2709 3427 furtivo
2727 3387 2822 3442 per
2843 3382 3064 3429 noctem
3086 3374 3273 3429 labore
3297 3389 3427 3445 per-

1817 3467 2032 3534 ﬁceret,
2063 3475 2126 3521 ut
2160 3465 2398 3522 diluculo
2441 3465 2622 3521 omnis
2660 3465 2748 3522 illa
2779 3467 3128 3539 congregatio
3173 3477 3289 3523 tam
3316 3467 3425 3522 uti-

1815 3559 1949 3614 lium
1974 3574 2203 3630 operum
2231 3557 2510 3616 admirans
2537 3557 2814 3631 ignoraret
2843 3568 3142 3618 auctorem.
3174 3563 3422 3634 Cumque

1815 3653 1888 3707 ita
1929 3652 2226 3708 triennium
2268 3651 2445 3709 ferme
2482 3652 2617 3722 illic,
2659 3653 2904 3725 gaudens
2951 3654 3266 3712 desideratis
3307 3663 3421 3712 tam

1815 3747 2092 3820 injuriosae
2141 3748 2493 3821 subjectionis
2541 3749 2819 3806 laboribus
2841 3791 2858 3820 ,
2899 3752 3185 3825 exegisset,
3226 3751 3424 3808 accidit

1814 3849 1874 3897 ut
1900 3841 2122 3914 quidam
2165 3841 2336 3900 frater
2371 3843 2547 3899 eidem
2592 3844 2838 3918 cognitus
2870 3861 2933 3900 ex
2976 3845 3097 3912 illis,
3147 3844 3291 3900 unde
3333 3845 3422 3901 ille

88 3937 272 3993 vincia
306 3935 577 3990 virtutum
602 3949 828 3988 suarum
853 3942 1015 4004 atque
1029 3934 1309 4004 signorum
1339 3935 1509 4005 gloria
1531 3936 1707 3992 subli-
1735 3939 1782 4000 C
1815 3936 2387 4011 discesseratJ/Egypti
2414 3938 2676 4009 partibus,
2707 3937 3006 3995 adveniret.
3036 3937 3142 4008 Qui
3168 3953 3296 3993 cum
3328 3936 3416 3993 iu-

87 4029 330 4102 massetf,
393 4035 458 4083 ut
496 4027 596 4081 sibi
634 4027 752 4098 jam
796 4025 1066 4081 videretur
1111 4025 1466 4081 retributione
1523 4027 1703 4083 laudis

87 4126 358 4182 humana:
409 4120 664 4176 laborum
703 4135 933 4176 suorum
982 4119 1244 4191 recepisse
1272 4119 1604 4190 mercedem,
1646 4123 1705 4178 ti-

84 4235 249 4276 mens
287 4232 363 4273 ne
389 4215 490 4271 sibi
516 4214 822 4286 specialiter
861 4213 1027 4270 invisa
1054 4213 1332 4286 popularis
1362 4214 1564 4272 favoris
1592 4215 1704 4273 ina-

81 4314 254 4380 nitas,
280 4311 529 4367 fructum
552 4308 764 4381 praemii
790 4317 1075 4364 evacuaret
1099 4309 1307 4377 aeterni,
1335 4310 1546 4366 occulte
1575 4326 1698 4367 mo-

79 4405 394 4463 nasterium
426 4417 587 4459 suum
615 4401 844 4474 fugiens,
884 4399 954 4457 ad
989 4401 1180 4457 intima
1209 4401 1698 4472 °.Tabennensium

80 4501 495 4560 monachorum
524 4506 733 4554 secreta
768 4496 1064 4564 contendit,
1091 4496 1182 4552 ubi
1210 4513 1320 4553 non
1368 4498 1536 4554 eremi
1565 4498 1695 4554 soli-

77 4599 339 4655 tudinem
363 4637 380 4663 ,
423 4609 538 4649 non
579 4591 868 4664 singularis
920 4592 1048 4646 vitae
1097 4591 1465 4660 securitatem,
1522 4609 1694 4666 quam

79 4694 250 4749 etiam
282 4686 589 4760 imperfecti
620 4687 846 4759 quique,
877 4684 1120 4740 laborem
1143 4684 1462 4743 obedientiaa
1498 4687 1555 4744 in
1577 4703 1690 4744 coe-

72 4786 260 4842 nobiis
290 4799 409 4839 non
426 4780 684 4849 ferentes,
703 4780 937 4851 superba
965 4795 1076 4836 non
1096 4795 1403 4850 numquam
1429 4796 1690 4852 praesum-

74 4882 272 4952 ptione
307 4882 609 4941 sectantur,
639 4875 734 4930 sed
756 4874 1114 4930 celeberrimo
1137 4874 1409 4948 praeelegit
1433 4875 1689 4931 coenobio

73 4968 391 5045 subjugari.
423 4965 533 5022 Ubi
561 4974 748 5021 tamen
780 4981 851 5022 ne
878 4967 988 5024 ullo
1013 4967 1230 5024 habitus
1257 4968 1342 5024 sui
1374 4967 1691 5039 proderetur

71 5066 304 5132 indicio,
336 5059 565 5117 indutus
585 5067 732 5115 veste
753 5059 1020 5128 saeculari,
1049 5061 1258 5128 multis,
1287 5069 1351 5117 ut
1378 5061 1484 5119 illic
1515 5063 1689 5118 moris

71 5169 176 5231 est,
224 5158 430 5216 diebus
469 5155 776 5229 lacrymans
802 5170 902 5226 pro
932 5154 1138 5212 foribus
1185 5156 1494 5227 excubavit,
1526 5165 1689 5230 atque

73 5254 142 5312 ad
187 5251 451 5310 omnium
476 5266 649 5323 genua
679 5249 1013 5322 provolutus,
1043 5259 1169 5323 post
1198 5267 1390 5307 eorum
1428 5253 1686 5310 diuturna

1813 4029 2206 4086 dumentorum
2232 4033 2351 4102 ejus
2375 4041 2541 4103 atque
2553 4033 2717 4088 ofﬁcii
2746 4032 2969 4100 vilitate,
2989 4031 3419 4104 promptissima:

1809 4121 2134 4193 cognitionis
2177 4120 2490 4178 facilitatem
2519 4122 2610 4177 diu
2658 4123 2913 4178 haesitans
2962 4123 3262 4190 cohiberet,
3293 4133 3418 4195 post

1807 4215 2238 4286 explorationem
2281 4211 2780 4270 manifestissimam
2823 4213 2894 4269 ad
2923 4214 3039 4285 ejus
3069 4229 3243 4286 genua
3283 4231 3417 4286 pro-

1808 4309 2043 4376 volutus,
2063 4306 2303 4380 primum
2340 4315 2625 4380 stuporem
2659 4306 2920 4364 fratribus
2949 4308 3176 4372 cunctis,
3212 4307 3415 4365 dehinc

1807 4401 2020 4475 prodito
2056 4402 2223 4459 etiam
2247 4402 2498 4470 nomine,
2524 4403 2673 4476 quod
2702 4403 2847 4475 apud
2871 4403 2994 4458 illos
3019 4419 3239 4476 quoque
3263 4419 3411 4476 pra:-

1803 4499 1978 4571 cipuae
2025 4498 2325 4554 sanctitatis
2362 4497 2514 4555 fama
2556 4499 2887 4573 vulgaverat,
2940 4499 3111 4554 etiam
3160 4499 3409 4556 dolorem

1801 4592 2238 4666 compunctionis
2263 4593 2510 4660 incussit,
2550 4595 2694 4666 quod
2730 4595 2932 4650 scilicet
2955 4594 3092 4649 tanti
3126 4595 3304 4650 meriti
3347 4610 3412 4650 ac

1800 4688 2082 4744 sacerdotii
2110 4687 2292 4744 virum
2314 4695 2425 4744 tam
2446 4689 2726 4760 injuriosis
2757 4687 3012 4759 operibus
3031 4687 3405 4758 deputassent.

1798 4781 1905 4838 Sed
1949 4792 2238 4854 postquam
2269 4782 2407 4836 ﬂens
2450 4782 2711 4849 ubertim,
2765 4789 2820 4835 et
2869 4779 3155 4836 diabolicae
3187 4779 3403 4835 invidia:

1791 4875 1943 4946 quasi
1991 4889 2211 4947 gravem
2273 4873 2604 4944 proditionis
2679 4887 2797 4928 sum
2867 4871 3146 4942 imputans
3211 4887 3405 4928 casum
3509 4914 3512 4918 -

1799 4971 2080 5038 [causam],
2110 4967 2179 5024 ad
2215 4967 2606 5023 monasterium
2631 4981 2792 5022 suum
2837 4965 3136 5022 honorifica
3173 4966 3401 5023 fratrum

1797 5061 2043 5120 custodia
2064 5061 2338 5119 ambiente
2365 5060 2657 5133 perductus
2675 5069 2779 5129 est,
2805 5062 3001 5133 exiguo
3021 5060 3130 5117 illic
3159 5071 3405 5134 tempore

1795 5156 2142 5223 demoratus,
2169 5171 2362 5212 rursus
2390 5153 2634 5212 offensus
2673 5163 2755 5212 est
2784 5155 2919 5228 ipsis
2957 5154 3184 5212 honoris
3223 5157 3307 5211 sui
3338 5172 3404 5212 ac

1797 5251 2061 5322 primatus
2083 5249 2384 5323 obsequiis;
2412 5265 2478 5305 ac
2505 5247 2699 5306 furtim
2741 5249 3044 5306 ascendens
3083 5264 3304 5319 navem,
3329 5247 3400 5305 ad

73 5347 317 5415 fastidia,
351 5343 449 5416 qui
477 5342 548 5399 ad
573 5343 966 5416 explorandum
1011 5344 1128 5417 ejus
1155 5343 1487 5402 desiderium
1515 5347 1570 5403 in
1595 5348 1683 5404 ul-
1713 5339 1765 5402 D
1797 5348 2140 5406 Palaestinam
2166 5346 2338 5420 Syrize
2356 5345 2696 5419 provinciam
2727 5345 3106 5414 transmeavit,
3136 5344 3227 5401 ubi
3253 5343 3400 5401 velut

1191 5472 1445 5527 ALARDI
1485 5474 1708 5531 GAZ/El
1743 5473 2306 5532 COMMENTARIUS.

139 5592 166 5618 ⁸
191 5577 561 5654 Pynuphium
599 5577 726 5650 legit
773 5579 1074 5650 Ciaconius,
1104 5597 1210 5637 ms.
1248 5581 1528 5638 Pinofium
1563 5599 1578 5636 :
1614 5582 1682 5638 de

139 5669 182 5704 ιο
210 5651 517 5704 Cassianus
537 5647 628 5704 lib.
661 5664 724 5704 1v
754 5651 930 5704 Instit.
954 5667 1072 5704 can.
1098 5661 1167 5704 30
1195 5661 1251 5704 et
1276 5668 1389 5704 sea.

69 5669 182 5725 quo
210 5651 517 5710 Cassianus
537 5651 628 5704 lib.
661 5664 724 5704 ιγ
754 5651 930 5704 Instit.
954 5667 1072 5722 cap.
1098 5661 1167 5709 30
1195 5661 1251 5708 et
1276 5668 1389 5724 seq.

69 5799 104 5803 _
137 5728 164 5761 ³³
195 5725 263 5781 Id
307 5730 415 5803 est,
466 5723 837 5803 llelnstitutis
870 5725 1326 5803 itenuiitiantium
1358 5724 1676 5803 inscriptus.

66 5799 149 5878 De
186 5809 323 5878 qua‘
345 5793 699 5878 inscriptione
711 5793 838 5878 Asive
863 5794 1020 5849 titulo
1049 5793 1170 5850 libri
1196 5797 1371 5865 quarti
1391 5838 1406 5865 ,
1436 5793 1560 5853 vide
1586 5811 1683 5851 no-

66 5876 186 5923 tam
203 5862 432 5923 ibidem
457 5862 526 5920 ad
549 5877 669 5935 cap.
707 5868 756 5919 ι.
1092 5903 1101 5911 .

1861 5592 1884 5618 ο
1931 5580 2342 5647 Tabennenses,
2391 5580 2507 5636 sive
2551 5579 3007 5637 Tabennensiotze
3055 5579 3311 5637 monachi
3365 5597 3394 5635 a

1789 5655 1845 5710 S.
1896 5650 2192 5723 Pachomio
2258 5650 2526 5723 instituti;
2579 5651 2725 5707 unde
2789 5651 2954 5707 etiam
3018 5652 3392 5722 Pachomiani,

1789 5725 1904 5781 sive
1931 5722 2284 5796 Pachumiani
2307 5721 2473 5796 idicti.
2510 5721 2598 5779 De
2641 5723 2844 5796 quibus
2871 5724 3164 5796 cassianus
3197 5724 3289 5780 lib.
3323 5721 3390 5779 1v

1788 5800 2015 5868 cap._'l,
2064 5802 2119 5868 et
2165 5794 2221 5868 δ.
2273 5794 2748 5868 Hieronymus‘in
2799 5794 3118 5866 praefatione
3164 5797 3391 5868 Regulae

1788 5864 2037 5939 ejusdem
2064 5864 2369 5922 Paehomii.
