4014 6202
578 273 707 328 1151

577 391 840 465 incipiens
866 399 1030 464 atque
1072 391 1318 449 novitius
1364 392 1421 449 in
1458 391 1551 449 illo
1579 391 1640 448 in
1661 390 1785 465 'quo
1811 406 1915 447 nos
1945 389 2178 462 degeba-
2202 394 2258 459 Α

577 501 718 553 mus,
767 485 1079 543 monasterii
1106 494 1355 559 receptus
1382 484 1719 557 habitaculo,
1754 485 1810 540 in
1849 493 2036 541 nostra
2064 484 2177 541 cel—

576 579 685 637 lula
713 578 783 635 ab
805 579 1003 636 abbate
1021 588 1321 653 praceptus
1342 589 1426 637 est
1450 595 1818 637 commanere.
1853 578 1959 635 Sed
1976 595 2045 635 ne
2070 579 2178 637 illic

578 671 803 745 quidem
847 673 942 730 diu
981 674 1197 731 virtutis
1247 673 1363 747 ejus
1407 674 1602 730 merita
1644 673 1813 729 latere
1858 676 2174 745 potuerunt.

577 770 725 825 Nam
764 768 925 824 simili
954 768 1261 841 proditione
1288 768 1532 826 detectus
1551 811 1568 837 ,
1609 776 1774 840 atque
1800 766 1871 824 ad
1898 775 2174 824 monaste-

579 860 723 917 rium
749 876 913 918 suum
932 878 1061 919 cum
1085 862 1288 935 ingenti
1310 862 1728 919 honoriﬁcentia
1755 877 1821 919 ac
1847 859 2008 918 laude
2023 876 2179 919 revo-

583 962 757 1023 catus,
787 954 1012 1013 tandem
1037 955 1187 1029 quod
1217 964 1336 1014 erat
1371 971 1491 1013 esse
1517 956 1838 1029 compulsus
1862 963 1965 1012 est.

1197 1093 1441 1149 CAPUT
1478 1093 1549 1149 Π.

761 1214 835 1266 De
856 1211 1093 1266 adventu
1118 1213 1300 1264 nostro
1319 1210 1399 1265 ad
1427 1209 1675 1266 abbatem
1701 1211 1997 1279 Pinuﬁum.

652 1335 795 1390 Cum
820 1333 985 1406 igitur
1011 1342 1139 1406 post
1164 1351 1277 1392 non
1323 1335 1554 1408 longum
1578 1343 1800 1407 tempus
1825 1350 1928 1391 nos
1959 1350 2177 1408 quoque

578 1429 876 1500 Egyptum
923 1437 1105 1500 petere
1153 1436 1358 1486 sancta
1422 1428 1776 1486 institutionis
1839 1428 2177 1486 desiderium

578 1522 952 1594 compulisset,
976 1538 1202 1580 summo
1219 1539 1346 1579 eum
1365 1521 1567 1580 affectu
1587 1539 1652 1579 ac
1670 1520 1944 1580 desiderio
1969 1522 2181 1596 perqui-

577 1623 796 1685 rentes,
849 1625 999 1674 tanta
1044 1617 1162 1690 ejus
1208 1633 1400 1674 sumus
1449 1618 1623 1691 gratia
1671 1625 1837 1690 atque
1880 1616 2183 1673 humilitate

577 1713 848 1785 suscepti,
900 1720 961 1769 ut
1002 1728 1107 1770 nos
1146 1722 1433 1786 tamquam
1468 1723 1496 1749 ι
1535 1712 1797 1789 pristinos
1849 1712 2178 1786 syncellitas,

1659 266 1940 324 JOANNIS
1978 264 2282 322 CASSIANI
2316 262 2807 321 COLLATIONES.

3752 266 3874 322 1152

2896 389 3133 448 CAPUT
3174 392 3275 446 III.

2284 484 2640 554 Interrogatio
2650 485 2716 541 de
2717 488 3052 556 pandentia:
3063 488 3165 556 ﬁne
3175 490 3226 542 et
3247 487 3651 554 satisfactionis

2356 577 2575 647 Quanto
2603 578 3039 652 magniﬁcentior
3059 588 3221 651 atque
3255 579 3553 637 sublimior
3594 581 3871 657 incognita

2280 669 2444 727 nobis
2462 686 2646 727 sermo
2658 669 2922 729 doctrina
2934 680 3046 729 tua
3066 673 3168 729 iter
3189 671 3425 730 arduum
3446 675 3867 745 pracelsissima

2284 763 2693 821 renuntiationis
2731 766 2942 838 aperuit
2960 808 2976 835 ,
3020 774 3076 822 et
3130 766 3283 839 quasi
3333 775 3549 825 remota
3599 770 3870 829 oculorum

2284 864 2601 915 nostrorum
2614 858 2844 931 caligine
2862 857 3141 917 conditum
3160 859 3303 917 calo
3325 860 3547 918 culmen
3570 863 3697 936 ejus
3714 872 3871 922 osten-

2287 950 2388 1018 dit,
2428 960 2580 1009 tanto
2622 953 2829 1027 majore
2870 953 3261 1028 desperationis
3305 956 3451 1013 mole
3494 956 3869 1031 deprimimur.

2287 1045 2720 1104 Immensitatem
2747 1046 3014 1121 siquidem
3049 1048 3169 1121 ejus
3205 1064 3335 1106 cum
3376 1050 3663 1123 exiguitate
3694 1054 3871 1111 virium

2287 1144 2603 1197 nostrarum
2647 1141 2934 1199 metientes
2951 1184 2966 1208 ,
2992 1151 3049 1199 et
3077 1142 3306 1200 nimiam
3339 1143 3709 1216 abjectionem
3736 1147 3872 1220 igna-

2289 1231 2391 1289 via
2419 1241 2624 1290 nostra
2651 1249 2778 1291 cum
2818 1234 3029 1291 inﬁnita
3052 1235 3269 1300 virtutis
3306 1244 3539 1295 ostensa
3567 1238 3872 1298 celsitudine

2286 1325 2646 1397 conferentes,
2667 1328 2991 1401 pravitatem
3014 1336 3265 1386 nostram
3291 1344 3406 1386 non
3430 1330 3621 1387 solum
3643 1332 3713 1389 ad
3738 1334 3869 1391 illam

2284 1435 2397 1476 non
2423 1435 2583 1492 posse
2611 1419 2897 1493 proﬁcere,
2914 1407 3105 1478 rerum
3126 1422 3295 1478 etiam
3316 1422 3386 1479 ab
3410 1439 3477 1480 eo
3505 1425 3657 1497 quod
3687 1434 3768 1483 est
3788 1426 3871 1484 de-

2286 1512 2449 1571 ﬁcere
2478 1530 2638 1588 posse
2659 1517 2948 1573 sentimus.
2980 1519 3120 1573 Nam
3144 1516 3479 1589 ponderibus
3493 1519 3682 1576 nimia
3708 1519 3871 1593 despe

2288 1606 2513 1665 rationis
2538 1610 2803 1682 oppressi,
2844 1609 3256 1682 quodammodo
3286 1610 3354 1668 de
3394 1610 3598 1669 inﬁmis
3643 1613 3716 1670 ad
3744 1614 3870 1672 infe-

2288 1703 2434 1758 riora
2462 1701 2820 1775 prolabimur.
2847 1706 3038 1761 Unum
3076 1705 3303 1777 proinde
3326 1721 3388 1761 ac
3428 1707 3706 1780 singulare
3735 1725 3871 1781 pra-

577 1805 742 1862 etiam
760 1806 969 1864 cellula
998 1822 1132 1875 sua,
1156 1824 1327 1880 quam
1350 1808 1406 1863 in
1434 1815 1674 1863 extrema
1693 1805 1843 1864 horti
1873 1814 2025 1879 parte
2044 1821 2181 1873 ,con-
2212 1792 2262 1856 B
2290 1796 2489 1854 sidiam
2527 1797 2755 1855 medela
2794 1800 3000 1856 nostris
3049 1807 3233 1872 potest
3275 1800 3509 1858 conferri
3544 1803 3869 1873 vulneribus,

574 1907 873 1969 struxerat,
912 1899 1210 1959 bonoraret
1252 1901 1509 1975 hospitio.
1548 1900 1660 1960 Ubi
1680 1916 1807 1957 cum
1843 1901 1977 1957 satis
2013 1899 2183 1957 ardua

575 2003 741 2066 atque
787 1994 1044 2066 pracelsa
1093 1995 1315 2052 cuidam
1363 1995 1518 2053 fratri
1566 1994 1880 2051 monasterii
1910 1994 2183 2067 Regulam

576 2085 831 2143 subeunti
875 2103 1064 2144 coram
1114 2088 1374 2145 omnibus
1418 2089 1476 2144 in
1516 2087 1708 2161 synaxi
1738 2086 1995 2144 fratribus
2037 2102 2179 2160 pra-

576 2188 731 2251 cepta
779 2180 1093 2238 tradidisset
1124 2185 1270 2253 (qua
1317 2181 1373 2238 in
1418 2189 1635 2254 quarto,
1682 2187 1746 2237 ut
1796 2179 2175 2252 pradiximus,

575 2271 981 2328 Institutionum
1022 2273 1159 2329 libro
1187 2274 1340 2345 (Cap.
1369 2274 1454 2346 32)
1494 2281 1697 2346 quanta
1724 2272 1877 2346 potui
1911 2273 2180 2329 brevitate

576 2364 896 2436 complexus
920 2364 1087 2438 sum),
1118 2373 1233 2422 tam
1258 2365 1824 2439 incomprehensibilia
1846 2364 2006 2421 nobis
2034 2374 2180 2421 tam-

575 2473 681 2530 que
702 2458 934 2516 miriﬁca
958 2475 1104 2518 vera
1126 2461 1619 2518 abrenuntiationis
1644 2460 1887 2517 culmina
1912 2459 2179 2517 videban-

576 2561 686 2620 tur,
731 2561 793 2609 ut
833 2553 988 2612 nullo
1015 2555 1183 2613 modo
1221 2555 1347 2613 illuc
1388 2555 1751 2613 humilitatem
1778 2563 2028 2612 nostram
2064 2570 2181 2611 cre-

575 2645 834 2705 deremus
860 2663 1022 2721 posse
1047 2648 1428 2707 conscendere.
1470 2649 1644 2724 Igitur
1680 2648 2055 2721 desperatione
2078 2649 2180 2707 de-

568 2739 726 2812 jecti,
746 2749 803 2798 et
828 2742 945 2815 ipso
969 2743 1139 2801 etiam
1157 2743 1309 2801 vultu
1333 2744 1588 2803 intimam
1606 2744 2002 2818 cogitationum
2024 2760 2179 2800 ama-

572 2834 866 2892 ritudinem
884 2852 999 2894 non
1018 2838 1277 2911 celantes,
1298 2838 1368 2896 ad
1386 2838 1612 2895 beatum
1639 2854 1850 2905 senem,
1878 2839 2008 2895 satis
2021 2839 2176 2895 anxia

574 2937 758 2987 mente
771 2931 1102 2988 recurrimus
1121 2955 1136 2999 ;
1156 2932 1245 2988 cui
1269 2935 1518 3004 protinus
1533 2948 1754 2989 causam
1770 2942 1941 2989 tanta
1961 2936 2173 2990 moesti-

572 3021 774 3078 tudinis
818 3023 1107 3096 inquirenti
1130 3066 1147 3092 ,
1176 3024 1344 3080 abbas
1392 3026 1732 3095 Germanus,
1771 3025 2003 3097 graviter
2031 3027 2176 3100 inge-

575 3113 835 3184 miscens,
860 3114 934 3170 ita
960 3114 1258 3186 respondit.

2289 1897 2352 1945 ut
2394 1888 2464 1945 de
2498 1888 2607 1946 ﬁne
2651 1890 2983 1962 poenitentia
3022 1901 3079 1950 et
3117 1892 3358 1949 maxime
3396 1892 3465 1950 de
3503 1894 3873 1953 satisfactionis

2290 1982 2485 2040 indicio
2512 1983 2694 2056 aliqua
2720 1982 2994 2043 discamus
3010 2027 3026 2055 ,
3054 1995 3117 2043 ut
3144 1987 3280 2043 certi
3307 1986 3379 2045 de
3402 1987 3722 2046 remissione
3744 2007 3868 2063 pra-

2289 2076 2596 2134 cedentium
2632 2077 2983 2149 delictorum,
3026 2081 3299 2154 possimus
3329 2081 3499 2139 etiam
3526 2082 3599 2139 ad
3619 2099 3865 2143 conscen-

2287 2171 2463 2229 denda
2489 2172 2702 2245 fastigia
2738 2173 3012 2245 pradicta
3040 2175 3389 2249 perfectionis
3414 2176 3671 2234 animari.

2892 2271 3136 2328 CAPUT
3174 2274 3268 2328 IV.

2710 2367 2999 2436 Responsio
3016 2366 3228 2422 abbatis
3251 2370 3479 2437 Pinuﬁi.

2357 2455 2635 2514 Pinuﬁus:
2664 2458 2922 2517 Delector
2943 2458 3245 2518 admodum
3269 2461 3497 2533 quidem
3520 2464 3751 2536 copiosis
3772 2464 3865 2521 hu-

2286 2550 2526 2608 militatis
2566 2561 2759 2610 vestra
2786 2552 3052 2611 fructibus
3072 2596 3088 2624 ,
3123 2570 3261 2628 quos
3302 2556 3477 2614 etiam
3517 2558 3724 2617 cellula
3745 2560 3866 2617 illius

2287 2645 2565 2718 quondam
2590 2646 2934 2706 habitatione
2972 2658 3257 2723 susceptus
3296 2667 3412 2708 non
3438 2652 3717 2710 incuriosa
3741 2655 3865 2711 asti-

2285 2741 2528 2796 matione
2551 2741 2819 2814 perspexi,
2848 2742 3112 2815 valdeque
3137 2744 3473 2817 congaudeo,
3506 2747 3637 2817 quia
3662 2747 3722 2804 id
3743 2749 3867 2821 quod

2286 2852 2317 2890 a
2346 2834 2507 2891 nobis
2542 2836 2792 2893 omnium
2820 2837 3260 2895 Christianorum
3285 2836 3478 2895 inﬁmis
3506 2839 3629 2897 sola
3660 2839 3868 2899 forsitan

2284 2929 2583 2988 verborum
2626 2930 2876 2990 libertate
2939 2933 3269 3007 pracipitur,
3316 2943 3468 2993 tanta
3513 2935 3874 2996 admiratione

2283 3028 2618 3100 suscepistis,
2646 3038 2708 3086 ut
2748 3047 2809 3087 ea
2832 3032 2899 3099 (si
2938 3048 3051 3089 non
3079 3031 3255 3104 fallor)
3286 3032 3434 3090 haud
3460 3035 3680 3107 segnius
3718 3051 3876 3108 quam

2281 3137 2314 3178 a
2339 3122 2500 3179 nobis
2523 3122 2667 3180 dicta
2691 3131 2823 3181 sunt
2844 3125 3609 3202 impleatis.bCumque(sicut
3637 3130 3875 3201 memini)

1676 3281 1933 3339 ALARDI
1970 3284 2196 3339 GAZIEI
2231 3281 2788 3341 COMMENTARIUS.

643 3428 670 3492 ﬁ
696 3418 758 3477 Id
785 3429 870 3477 est
896 3420 1141 3492 ejusdem
1165 3423 1317 3480 cella
1337 3423 1762 3491 cohabitatores,
1784 3426 1865 3481 vel
1896 3426 1951 3482 in
1980 3426 2171 3483 eadem

572 3490 706 3563 cella
734 3490 1124 3563 cohabitantes.
1154 3493 1411 3551 Sidonius
1446 3490 1757 3553 concellitas
1789 3496 1948 3563 dicit;
1979 3500 2168 3554 Enno-

571 3560 696 3615 dius
742 3562 1116 3638 concellaneos
1160 3565 1352 3638 eadem
1419 3565 1833 3638 signiﬁcatione.
1901 3560 2168 3626 Pristinos

569 3638 756 3707 autem
770 3631 883 3707 Ahic
920 3643 1097 3700 vocat,
1128 3635 1256 3706 quia
1296 3631 1544 3707 superi'us
1570 3638 1728 3702 dixit,
1756 3638 1860 3695 sub
1882 3639 2046 3696 ﬁnem
2075 3656 2168 3695 ca-

568 3701 714 3774 pitis,
760 3704 1037 3774 Pinuﬁum
1079 3701 1164 3769 in:
1188 3701 1380 3762 eadem
1415 3709 1567 3773 cella,
1619 3713 1933 3766 monasterii
1971 3712 2172 3767 scilicet

569 3773 978 3849 Bethlemitici,
1008 3791 1182 3832 secum
1223 3794 1548 3834 commanere
1565 3780 1809 3849 jussum,
1842 3798 1962 3837 cum
1989 3784 2048 3837 in
2075 3785 2168 3837 illo

570 3845 714 3923 uelut
736 3847 996 3923 incipiens
1025 3852 1077 3902 et
1100 3851 1335 3923 novitius
1355 3845 1597 3923 receptus
1626 3856 1777 3907 esset.
1790 3852 1878 3923 _A_d
1901 3853 2056 3923 cujus
2079 3853 2161 3908 in-

563 3914 930 3995 telligentiam
953 3918 1190 3995 nota_nda_
1210 3920 1372 3995 verba
1397 3914 1802 3995 D.'Hiero_nymi
1825 3921 1883 3995 in
1904 3914 1995 3995 illa
2023 3939 2163 3995 prae

567 3983 775 4066 fatio'ne
804 3988 1035 4066 Regula
1066 3989 1452 4066 Pachomiana
1470 4010 1505 4066 _:
1545 3983 1778 4056 Habent,
1829 3983 2041 4066 inquit:
2064 4011 2163 4065 per

563 4058 783 4133 singula
796 4058 1118 4133 monasteria
1145 4064 1352 4130 Patres,
1371 4068 1422 4118 et
1447 4063 1857 4133 dispensatores,
1886 4058 1937 4120 et
1965 4058 2166 4122 hebdo-

562 4130 861 4207 madarios,
892 4146 955 4185 ac
971 4130 1268 4207 ministros,
1295 4138 1345 4188 et
1366 4130 1708 4203 singularum
1727 4137 2004 4191 domorum
2016 4153 2162 4207 pra-

556 4203 759 4277 positos
772 4220 790 4268 ;
802 4204 894 4277 ita
908 4206 972 4277 ut
1000 4205 1057 4257 in
1077 4220 1189 4258 una
1210 4205 1363 4277 domO
1385 4207 1756 4276 quadraginta
1772 4208 1900 4277 plus
1926 4203 2164 4264 minusve

562 4273 767 4337 fratres
794 4274 1052 4349 habitent,
1072 4273 1794 4349 quirobediantprtepositoi
1806 4281 2036 4349 sintque,
2058 4296 2162 4349 pro

562 4356 781 4396 numero
808 4345 1050 4409 fratrum
1066 4386 1082 4408 ,
1111 4348 1360 4413 triginta,
1386 4345 1869 4417 veliquadraginta
1892 4345 2080 4404 domus
2103 4354 2160 4405 in

564 4426 674 4463 uno
692 4416 1039 4479 monasterio;
1060 4419 1111 4468 et
1132 4420 1295 4470 ternae
1308 4418 1389 4471 vel
1400 4416 1679 4479 quaternae
1705 4416 1893 4474 domus
1916 4423 1975 4474 in
1998 4437 2161 4476 unam

568 4481 769 4558 tribum
776 4482 1128 4558 foederantur,
1156 4491 1219 4540 ut
1242 4488 1325 4540 vel
1350 4481 1424 4541 ad
1443 4504 1609 4558 opera
1634 4492 1798 4544 simul
1820 4492 2045 4558 cadant,
2074 4495 2160 4548 vel

566 4552 625 4603 in
652 4551 1107 4631 hebdomadarum
1133 4559 1440 4631 ministerio
1450 4551 1558 4631 sibi
1575 4560 1861 4631 succedant
1879 4578 1979 4631 per
2002 4551 2157 4618 ordi-

560 4636 698 4698 nem.
732 4624 868 4698 Hac
898 4624 990 4679 ibi.
1018 4627 1209 4698 Itaque
1244 4628 1591 4698 syncellitata
1618 4624 1936 4687 dicebantur
1966 4631 2158 4690 fratres

561 4641 698 4677 nem.
732 4641 868 4679 nae
898 4641 990 4679 ιω.
1018 4641 1099 4681 lla
1142 4641 1209 4681 ue
1244 4641 1591 4698 synceuitata
1618 4641 1936 4687 dicebantur
1966 4641 2155 4690 fratres

561 4692 682 4763 plus
710 4693 959 4774 minusve
995 4641 1348 4769 quadraginta
1388 4698 1443 4753 in
1471 4715 1578 4774 una
1596 4700 1752 4769 cella,
1782 4701 1865 4774 vel
1885 4703 2069 4774 potius
2097 4705 2155 4760 in

2207 3433 2252 3496 ρ
2280 3427 2630 3506 ,Ιιιεῐίηξεμηᾳε
2675 3428 2873 3506 imper.
2931 3430 2986 3486 in
3032 3446 3130 3489 sua
3165 3433 3409 3506 _Novella
3457 3434 3679 3506 (Novell.
3724 3444 3761 3492 5
3816 3439 3880 3494 de

2278 3499 2589 3573 monachis)
2635 3499 2827 3557 statuit
2872 3509 2934 3557 ut
2970 3502 3250 3578 monachis
3278 3521 3387 3560 una
3411 3499 3632 3578 quidem
3659 3507 3733 3563 sit
3777 3508 3881 3565 do-

2277 3583 2425 3647 mus,
2458 3586 2633 3627 unum
2661 3575 3329 3647 commuuecoenaculum
3367 3575 3877 3647 ac'dormitorinm;

2278 3639 2494 3717 diversa
2531 3650 2716 3699 tamen
2754 3643 3005 3717 cubicula
3042 3645 3153 3702 sive
3196 3646 3441 3704 cellula:
3477 3652 3597 3706 Aut
3624 3653 3678 3704 si
3712 3639 3877 3717 forte,

2276 3708 2470 3781 inquit,
2498 3728 2605 3768 non
2625 3717 2831 3784 sufﬁcit
2855 3716 2929 3770 ad
2952 3718 3352 3773 multitudinem
3369 3708 3761 3776 monachorum
3788 3708 3880 3777 de;

2274 3796 2393 3835 mus
2408 3798 2538 3856 una,
2559 3786 2619 3839 in
2636 3786 2774 3841 duas
2792 3791 2891 3841 aut
2900 3787 3085 3856 plures
3104 3788 3545 3856 (distribuantur),
3558 3806 3670 3845 non
3695 3798 3882 3849 tamen

2271 3855 2493 3929 seei-sim
2519 3860 2571 3929 et
2598 3857 2762 3929 apud
2800 3855 3106 3929 senietipsos
3120 3900 3140 3928 ,
3181 3860 3270 3915 sed
3314 3861 3370 3914 in
3404 3855 3678 3925 communi
3724 3869 3882 3919 testes

2273 3923 2535 4005 alterutri
2552 3923 2666 4005 sint
2691 3923 3337 4005 honestatis—et‘castitatis
3356 3934 3503 3998 ,-nisi
3534 3924 3721 4005 tamen
3752 3939 3881 4005 qud-

2270 3993 2400 4074 dam
2425 4011 2608 4052 eorum
2630 4001 2689 4053 in
2720 4002 3160 4074 contemplatione
3196 4007 3250 4057 et
3284 3993 3603 4073 perfectione
3629 3993 3879 4074 degentes

2268 4067 2439 4143 citam
2458 4073 2715 4143 remotam
2736 4067 2967 4126 habeant
2985 4073 3047 4126 in
3061 4067 3434 4143 secessufquos
3450 4090 3634 4131 vocare
3650 4067 3882 4132 anacho-

2271 4140 2425 4215 retas
2443 4143 2494 4192 et
2536 4141 2874 4215 hesychastas
2897 4140 3617 4215 commentum—tamquam
3641 4164 3709 4202 ea:
3732 4164 3877 4203 com-

2269 4210 2520 4289 munione
2541 4212 2616 4289 ad
2637 4213 2858 4267 meliora
2881 4219 3140 4289 exceptos.
3188 4210 3325 4272 Hac
3352 4210 3613 4289 ibifqua
3632 4226 3758 4273 tum
3803 4235 3877 4275 ex

2269 4277 2394 4333 aliis
2427 4281 2697 4350 Patribus,
2727 4289 2841 4357 tum
2867 4298 2934 4357 ex
2958 4277 3165 4357 Regula
3194 4290 3265 4343 D.
3294 4277 3573 4344 Benedicti
3585 4288 3879 4357 desumpta

2267 4357 2401 4403 sunt
2436 4367 2553 4422 cap.
2592 4359 2682 4408 22.
2713 4353 2825 4410 Ubi
2849 4353 3172 4412 Casineiises
3201 4357 3308 4413 hoc
3336 4367 3597 4414 statutum
3635 4353 3879 4415 addide-

2266 4427 2399 4501 runt
2430 4438 2454 4501 εΔ
2469 4423 2773 4501 secundum
2807 4427 3121 4501 medentum
3145 4443 3362 4492 morem,
3373 4435 3599 4501 propter
3621 4432 3880 4486 honesta-

2268 4493 2780 4571 tem,et,ut_l_iberius
2796 4498 3002 4571 fratres
3023 4514 3079 4553 se
3106 4493 3565 4571 exercerepossint
3588 4503 3647 4555 in
3664 4504 3879 4557 oratio-

2266 4560 2425 4639 nibus
2440 4560 2491 4639 et
2499 4565 2624 4639 aliis
2638 4560 2907 4639 eaercitiis
2918 4571 3322 4639 spiritualibus,
3338 4560 3389 4626 et
3408 4577 3467 4626 ut
3481 4575 3681 4626 vitetur
3696 4576 3883 4628 curio-

2264 4632 2422 4713 sitas,
2439 4634 2818 4713 dormitorium
2842 4632 3076 4713 divisum
3104 4647 3183 4696 est
3205 4632 3317 4713 per,
3335 4643 3569 4697 diversas
3604 4643 3803 4712 cellas,
3829 4649 3881 4697 et

2265 4705 2606 4779 assignamus
2634 4711 2919 4779 unicuique
2959 4705 3227 4777 fratrum.
3244 4714 3422 4768 cellam
3456 4728 3619 4765 unam
3636 4755 3654 4775 ι
3686 4705 3796 4768 δίεν
3816 4720 3880 4769 ιιι

557 4764 1549 4869 il?.‘3°:1‘3.°?1“33£"§§£§§xiiii?
1559 4764 2157 4869 .Eiﬁp‘lifiiltthifsii;
2185 4807 2237 4869 n
2262 4764 2552 4869 299315322
2568 4781 2803 4869 finale,
2821 4764 3096 4869 aria:
3119 4764 3294 4839 έέῖῖίέῖ
3303 4764 3547 4869 lirari
3574 4764 3653 4869 δέ
3676 4764 3881 4869 «iis;

555 4835 901 4916 Erant__enim
942 4839 998 4894 in
1024 4856 1132 4916 una
1143 4839 1320 4916 domo
1331 4835 1534 4916 lplures
1556 4835 1725 4911 cella,
1754 4844 1808 4900 in
1841 4845 1969 4916 quib

558 4905 777 4984 singuli,
804 4916 900 4965 aut
926 4920 1073 4984 certe
1094 4911 1240 4984 bini,
1267 4905 1367 4968 vel'
1393 4915 1560 4984 terni,
1598 4905 1819 4972 auctore
1849 4905 1917 4972 Ῑ).
1960 4918 2155 4974 Hiero-

552 4977 1013 5057 nymo_in_epi_st.
1045 4977 1507 5057 ad_Eu_stochium
1541 4977 1743 5057 (Epist.
1769 4992 1880 5054 22),
1906 5003 2151 5044 comma-

554 5045 778 5127 nebant.
821 5045 987 5104 Unde
1013 5051 1339 5127 etejusdem
1384 5045 1629 5127 Regula
1647 5065 1752 5112 art.
1794 5045 2151 5116 7'inanifeste

554 5115 968 5201 distinguuntur
1005 5115 1215 5201 cellae
1245 5115 1502 5201 domibus
1543 5148 1557 5184 :
1588 5130 1769 5197 Mane,
1817 5129 2016 5199 inquit,
2049 5115 2153 5201 per

554 5192 799 5260 singulas
824 5192 1025 5260 domos,
1048 5196 1219 5263 ﬁnitis
1238 5199 1590 5262 orationibus,
1605 5215 1708 5254 non
1720 5192 1909 5254 statim
1930 5192 2010 5254 ad
2022 5192 2151 5258 suas

732 5265 1500 5343 revertentur._sedconferent
1541 5273 1685 5343 inter
1718 5285 1771 5324 se
1795 5286 2152 5343 quapero-

550 5336 682 5389 sitos
729 5335 1006 5409 audierint
1035 5336 1393 5407 disputantes,
1423 5348 1534 5393 etc.
1568 5341 1767 5409 Porro,
1792 5335 1882 5397 illa
1910 5335 2148 5400 duorum

530 5414 650 5477 -aut
692 5406 949 5477 plurium,
978 5405 1211 5462 fratrum
1254 5405 1382 5464 sive»
1414 5405 1813 5466 monachorum
1851 5413 1905 5467 in
1959 5414 2149 5471 eadem

551 5475 818 5553 cella‘seu
866 5476 1118 5553 cubiculo
1144 5479 1472 5536 cohabitatio
1503 5481 1894 5553 posterioribus
1935 5487 2150 5543 saculis

551 5552 606 5600 et
647 5547 891 5626 moribus
1096 5559 1339 5626 estnon
1386 5547 1639 5626 expedire
1683 5570 1784 5612 nec
1826 5556 2146 5626 condecere,

549 5614 696 5684 quod
718 5618 879 5673 etiam
906 5619 1031 5675 alibi
1057 5622 1330 5678 monitum
1358 5614 1608 5682 memini.
1638 5626 1800 5683 Unde
1840 5628 1894 5683 in
1921 5614 2147 5685 concilio

550 5685 820 5766 Iuronesi
847 5689 929 5766 ita
969 5692 1237 5766 sancitum
1281 5693 1512 5766 legitur:
1541 5699 1723 5766 Neque
1762 5700 1917 5752 liceat
1954 5713 2150 5754 mona-

547 5757 661 5840 chis
705 5755 867 5840 cellas
909 5758 1097 5835 habere
1122 5755 1444 5840 communes,
1466 5767 1563 5820 ubi
1598 5755 1696 5840 aut
1723 5768 1839 5822 bini
1875 5776 2143 5840 maneant,

546 5832 644 5882 aut
666 5827 965 5895 singulares
991 5834 1178 5897 reponi
1199 5827 1432 5900 possint,
1449 5843 1555 5890 etc.
1592 5838 1819 5906 (Turon.
1852 5840 1928 5907 ιι,
1954 5854 2000 5895 ο.
2033 5827 2142 5912 ιο)ῖ

1973 4861 2035 4936 gs
2060 4858 2158 4903 aut
2186 4846 2236 4869 υ
2263 4846 2680 4936 rationem’eju
2718 4852 3111 4936 cap..Regula‘,
3145 4869 3254 4925 quo
3280 4846 3532 4936 statuitur
3556 4860 3621 4910 ut
3651 4856 3874 4926 singuli

2255 4930 2360 4990 per
2382 4921 2617 4990 singulos
2645 4921 2801 4978 lectos
2826 4921 3098 4979 dormiant
3120 4921 3385 4981 monachi.

2340 4981 2369 5020 ⁸³
2404 4981 2492 5047 Ita
2515 4998 2862 5049 emendatum
2891 5010 2921 5049 e
2948 4995 3133 5051 codice
3160 4997 3455 5054 Basileensi
3486 5005 3545 5052 et
3589 4997 3871 5053 nonnullis

2260 5062 2639 5152 manuscript”
2684 5080 2834 5152 cum.
2854 5074 3017 5152 aintea
3061 5078 3316 5152 ϐοιίᾘρῑθ
3353 5068 3665 5152 ἕθεετθωτὲ
3693 5070 3871 5152 ,0⁸³⁷⁵³

2259 5151 2381 5205 que,
2407 5135 2544 5188 sicut
2554 5138 2800 5211 memini,
2815 5137 3048 5211 laborem
3057 5135 3241 5208 operis
3252 5135 3436 5211 vestri
3439 5156 3579 5211 pene
3599 5139 3872 5195 dictorum

2258 5211 2562 5281 nostrorum
2578 5209 2892 5281 exsequitur
2901 5208 3189 5281 industria,
3206 5208 3495 5267 Ciaconius
3506 5220 3685 5267 tamen
3698 5210 3837 5281 legit
3854 5228 3869 5262 :

2261 5278 2513 5351 Quinque,
2539 5279 2677 5332 sicut
2718 5281 2960 5343 memini,
2990 5280 3263 5335 industria
3302 5283 3507 5337 laboris
3540 5285 3711 5337 vestri
3732 5278 3875 5351 pene

2258 5348 2527 5421 dictorum
2546 5353 2851 5404 nostrorum
2869 5357 3184 5421 exsequetur
3199 5354 3509 5409 instructio.
3524 5353 3632 5408 Alii
3660 5372 3672 5406 :
3702 5348 3870 5409 (Trul-

2257 5433 2379 5488 que,
2401 5419 2540 5472 sicut
2560 5422 2798 5494 memini,
2839 5419 3021 5477 labore
3042 5425 3214 5492 operis
3240 5426 3410 5479 vestri
3439 5432 3579 5494 pene
3599 5425 3879 5479 dictorum

2255 5496 2559 5563 nostrorum
2584 5493 2825 5563 gravitas
2848 5498 3178 5563 exaequetur.
3204 5496 3409 5551 Sensus
3438 5493 3525 5550 est
3553 5512 3567 5547 :
3597 5495 3750 5550 Cum
3780 5506 3883 5547 vos

2255 5559 2489 5638 antehac
2505 5562 2748 5617 noverim
2781 5577 2841 5617 ea
2866 5559 3011 5638 qua
3035 5564 3251 5638 dicouet
3279 5580 3481 5638 moneo
3516 5566 3718 5638 reipsaq
3740 5579 3883 5638 pene

2254 5630 2325 5714 ad
2351 5630 3015 5714 unguemkprastarefyel
3041 5645 3102 5714 ut
3127 5635 3247 5714 aliis
3279 5636 3462 5714 yerbis
3501 5630 3885 5714 praeerit—anti-

2254 5701 2358 5759 bus
2386 5701 2527 5779 dixit
2541 5723 2553 5779 ς
2583 5701 2714 5760 Cum
2749 5704 2910 5779 ear(si
2933 5721 3040 5779 non
3065 5708 3253 5779 fallor)
3277 5708 3431 5764 haud
3703 5723 3885 5779 quem

2253 5789 2289 5827 a
2312 5775 2462 5829 nobis
2490 5775 2638 5830 dicta
2665 5780 2793 5831 sunt
2813 5775 3098 5848 impleatis.
