  <div class='ocr_page' id='page_1' title='image "/cluster/home/n/w/nwhite01/storage/ocr_20150623/49/hvd.32044096580709/585.png"; bbox 0 0 4000 6206; ppageno 0'>
   <div class='ocr_carea' id='block_1_1' title="bbox 477 203 611 256">
    <p class='ocr_par' dir='ltr' id='par_1_1' title="bbox 477 203 611 256">
     <span class='ocr_line' id='line_1_1' title="bbox 477 203 611 256; baseline 0.015 -2"><span class='ocrx_word' id='word_1_1' title='bbox 477 203 611 256; x_wconf 78' lang='grc'><strong>1155</strong></span> 
     </span>
    </p>
   </div>
   <div class='ocr_carea' id='block_1_2' title="bbox 1557 191 2704 250">
    <p class='ocr_par' dir='ltr' id='par_1_2' title="bbox 1557 191 2704 250">
     <span class='ocr_line' id='line_1_2' title="bbox 1557 191 2704 250; baseline -0.001 -1"><span class='ocrx_word' id='word_1_2' title='bbox 1557 193 1836 250; x_wconf 83' lang='lat' dir='ltr'><strong>JOANNIS</strong></span> <span class='ocrx_word' id='word_1_3' title='bbox 1875 193 2176 250; x_wconf 81' lang='lat' dir='ltr'><strong>CASSIANI</strong></span> <span class='ocrx_word' id='word_1_4' title='bbox 2215 191 2704 250; x_wconf 85' lang='lat' dir='ltr'><strong>COLLATIONES.</strong></span> 
     </span>
    </p>
   </div>
   <div class='ocr_carea' id='block_1_3' title="bbox 3661 186 3795 238">
    <p class='ocr_par' dir='ltr' id='par_1_3' title="bbox 3661 186 3795 238">
     <span class='ocr_line' id='line_1_3' title="bbox 3661 186 3795 238; baseline 0.007 -1"><span class='ocrx_word' id='word_1_5' title='bbox 3661 186 3795 238; x_wconf 70' lang='lat' dir='ltr'><strong>H56</strong></span> 
     </span>
    </p>
   </div>
   <div class='ocr_carea' id='block_1_4' title="bbox 471 314 3797 397">
    <p class='ocr_par' dir='ltr' id='par_1_4' title="bbox 471 314 3797 397">
     <span class='ocr_line' id='line_1_4' title="bbox 471 314 3797 397; baseline -0.005 -16"><span class='ocrx_word' id='word_1_6' title='bbox 471 323 814 397; x_wconf 77' lang='lat' dir='ltr'><strong>cognitionis</strong></span> <span class='ocrx_word' id='word_1_7' title='bbox 843 329 900 378; x_wconf 90' lang='lat' dir='ltr'><strong>et</strong></span> <span class='ocrx_word' id='word_1_8' title='bbox 909 320 1104 393; x_wconf 88' lang='lat' dir='ltr'><strong>judicii</strong></span> <span class='ocrx_word' id='word_1_9' title='bbox 1131 319 1284 376; x_wconf 91' lang='lat' dir='ltr'><strong>diem</strong></span> <span class='ocrx_word' id='word_1_10' title='bbox 1313 318 1495 376; x_wconf 88' lang='lat' dir='ltr'><strong>adhuc</strong></span> <span class='ocrx_word' id='word_1_11' title='bbox 1521 319 1683 376; x_wconf 89' lang='lat' dir='ltr'><strong>nobis</strong></span> <span class='ocrx_word' id='word_1_12' title='bbox 1707 318 1765 376; x_wconf 92' lang='lat' dir='ltr'><strong>in</strong></span> <span class='ocrx_word' id='word_1_13' title='bbox 1789 320 1895 378; x_wconf 89' lang='lat' dir='ltr'><strong>hac</strong></span> <span class='ocrx_word' id='word_1_14' title='bbox 1918 336 2082 377; x_wconf 89' lang='lat' dir='ltr'><strong>carne</strong></span> <span class='ocrx_word' id='word_1_15' title='bbox 2109 325 2162 386; x_wconf 84' lang='grc' dir='ltr'><strong>Α</strong></span> <span class='ocrx_word' id='word_1_16' title='bbox 2187 326 2303 376; x_wconf 88' lang='lat' dir='ltr'><strong>tum</strong></span> <span class='ocrx_word' id='word_1_17' title='bbox 2340 321 2728 390; x_wconf 83' lang='lat' dir='ltr'><strong>meum&#39;rigabo</strong></span> <span class='ocrx_word' id='word_1_18' title='bbox 2755 317 2924 390; x_wconf 92' lang='lat' dir='ltr'><strong>(Psal.</strong></span> <span class='ocrx_word' id='word_1_19' title='bbox 2951 316 3038 386; x_wconf 84' lang='lat' dir='ltr'><strong>v1)</strong></span> <span class='ocrx_word' id='word_1_20' title='bbox 3053 333 3070 385; x_wconf 84' lang='lat'><strong>;</strong></span> <span class='ocrx_word' id='word_1_21' title='bbox 3097 314 3141 369; x_wconf 88' lang='lat' dir='ltr'><strong>si</strong></span> <span class='ocrx_word' id='word_1_22' title='bbox 3180 319 3547 384; x_wconf 85' lang='lat' dir='ltr'><strong>peccatorum</strong></span> <span class='ocrx_word' id='word_1_23' title='bbox 3573 317 3797 366; x_wconf 87' lang='lat' dir='ltr'><strong>nostro-</strong></span> 
     </span>
    </p>
   </div>
   <div class='ocr_carea' id='block_1_5' title="bbox 469 413 2074 486">
    <p class='ocr_par' dir='ltr' id='par_1_5' title="bbox 469 413 2074 486">
     <span class='ocr_line' id='line_1_5' title="bbox 469 413 2074 486; baseline -0.001 -13"><span class='ocrx_word' id='word_1_24' title='bbox 469 417 951 475; x_wconf 89' lang='lat' dir='ltr'><strong>commorantibus</strong></span> <span class='ocrx_word' id='word_1_25' title='bbox 974 414 1180 486; x_wconf 78' lang='lat' dir='ltr'><strong>detegit</strong></span> <span class='ocrx_word' id='word_1_26' title='bbox 1197 423 1256 470; x_wconf 91' lang='lat' dir='ltr'><strong>et</strong></span> <span class='ocrx_word' id='word_1_27' title='bbox 1279 413 1448 470; x_wconf 89' lang='lat' dir='ltr'><strong>ﬁnem</strong></span> <span class='ocrx_word' id='word_1_28' title='bbox 1476 413 1869 471; x_wconf 89' lang='lat' dir='ltr'><strong>satisfactionis</strong></span> <span class='ocrx_word' id='word_1_29' title='bbox 1897 431 1961 472; x_wconf 90' lang='lat' dir='ltr'><strong>ac</strong></span> <span class='ocrx_word' id='word_1_30' title='bbox 1987 431 2074 472; x_wconf 88' lang='lat' dir='ltr'><strong>re-</strong></span> 
     </span>
    </p>
   </div>
   <div class='ocr_carea' id='block_1_6' title="bbox 470 505 2074 583">
    <p class='ocr_par' dir='ltr' id='par_1_6' title="bbox 470 505 2074 583">
     <span class='ocr_line' id='line_1_6' title="bbox 470 505 2074 583; baseline -0.001 -17"><span class='ocrx_word' id='word_1_31' title='bbox 470 511 748 568; x_wconf 82' lang='lat' dir='ltr'><strong>missionis</strong></span> <span class='ocrx_word' id='word_1_32' title='bbox 786 509 1025 583; x_wconf 76' lang='lat' dir='ltr'><strong>gratiam</strong></span> <span class='ocrx_word' id='word_1_33' title='bbox 1077 505 1287 579; x_wconf 85' lang='lat' dir='ltr'><strong>pandit.</strong></span> <span class='ocrx_word' id='word_1_34' title='bbox 1323 509 1396 562; x_wconf 88' lang='lat' dir='ltr'><strong>Et</strong></span> <span class='ocrx_word' id='word_1_35' title='bbox 1439 512 1500 563; x_wconf 94' lang='lat' dir='ltr'><strong>ut</strong></span> <span class='ocrx_word' id='word_1_36' title='bbox 1544 506 1664 563; x_wconf 64' lang='lat' dir='ltr'><strong>haec</strong></span> <span class='ocrx_word' id='word_1_37' title='bbox 1710 506 1902 564; x_wconf 90' lang='lat' dir='ltr'><strong>eadem</strong></span> <span class='ocrx_word' id='word_1_38' title='bbox 1952 523 2074 579; x_wconf 63' lang='lat' dir='ltr'><strong>quae</strong></span> 
     </span>
    </p>
   </div>
   <div class='ocr_carea' id='block_1_7' title="bbox 469 601 2074 675">
    <p class='ocr_par' dir='ltr' id='par_1_7' title="bbox 469 601 2074 675">
     <span class='ocr_line' id='line_1_7' title="bbox 469 601 2074 675; baseline -0.002 -14"><span class='ocrx_word' id='word_1_39' title='bbox 469 604 616 661; x_wconf 91' lang='lat' dir='ltr'><strong>dicta</strong></span> <span class='ocrx_word' id='word_1_40' title='bbox 645 613 792 673; x_wconf 91' lang='lat' dir='ltr'><strong>sunt,</strong></span> <span class='ocrx_word' id='word_1_41' title='bbox 817 602 1211 675; x_wconf 91' lang='lat' dir='ltr'><strong>signiﬁcantius</strong></span> <span class='ocrx_word' id='word_1_42' title='bbox 1231 601 1635 673; x_wconf 81' lang='lat' dir='ltr'><strong>exprimantur,</strong></span> <span class='ocrx_word' id='word_1_43' title='bbox 1651 604 1677 633; x_wconf 77' lang='grc'>³</span> <span class='ocrx_word' id='word_1_44' title='bbox 1697 609 1820 658; x_wconf 91' lang='lat' dir='ltr'><strong>tum</strong></span> <span class='ocrx_word' id='word_1_45' title='bbox 1841 601 2074 658; x_wconf 90' lang='lat' dir='ltr'><strong>demum</strong></span> 
     </span>
    </p>
   </div>
   <div class='ocr_carea' id='block_1_8' title="bbox 469 695 2072 771">
    <p class='ocr_par' dir='ltr' id='par_1_8' title="bbox 469 695 2072 771">
     <span class='ocr_line' id='line_1_8' title="bbox 469 695 2072 771; baseline 0 -17"><span class='ocrx_word' id='word_1_46' title='bbox 469 698 746 771; x_wconf 71' lang='lat' dir='ltr'><strong>praeterita</strong></span> <span class='ocrx_word' id='word_1_47' title='bbox 769 697 934 754; x_wconf 90' lang='lat' dir='ltr'><strong>nobis</strong></span> <span class='ocrx_word' id='word_1_48' title='bbox 958 695 1221 753; x_wconf 89' lang='lat' dir='ltr'><strong>vitiorum</strong></span> <span class='ocrx_word' id='word_1_49' title='bbox 1251 696 1506 769; x_wconf 90' lang='lat' dir='ltr'><strong>contagia</strong></span> <span class='ocrx_word' id='word_1_50' title='bbox 1535 697 1768 753; x_wconf 89' lang='lat' dir='ltr'><strong>remissa</strong></span> <span class='ocrx_word' id='word_1_51' title='bbox 1800 712 1922 754; x_wconf 90' lang='lat' dir='ltr'><strong>esse</strong></span> <span class='ocrx_word' id='word_1_52' title='bbox 1950 713 2072 754; x_wconf 90' lang='lat' dir='ltr'><strong>cre-</strong></span> 
     </span>
    </p>
   </div>
   <div class='ocr_carea' id='block_1_9' title="bbox 467 790 2076 864">
    <p class='ocr_par' dir='ltr' id='par_1_9' title="bbox 467 790 2076 864">
     <span class='ocr_line' id='line_1_9' title="bbox 467 790 2076 864; baseline 0 -16"><span class='ocrx_word' id='word_1_53' title='bbox 467 791 655 849; x_wconf 89' lang='lat' dir='ltr'><strong>denda</strong></span> <span class='ocrx_word' id='word_1_54' title='bbox 695 801 843 860; x_wconf 88' lang='lat' dir='ltr'><strong>sunt,</strong></span> <span class='ocrx_word' id='word_1_55' title='bbox 883 808 1014 848; x_wconf 92' lang='lat' dir='ltr'><strong>cum</strong></span> <span class='ocrx_word' id='word_1_56' title='bbox 1045 790 1252 848; x_wconf 87' lang='lat' dir='ltr'><strong>fuerint</strong></span> <span class='ocrx_word' id='word_1_57' title='bbox 1287 790 1356 848; x_wconf 92' lang='lat' dir='ltr'><strong>de</strong></span> <span class='ocrx_word' id='word_1_58' title='bbox 1383 791 1551 849; x_wconf 92' lang='lat' dir='ltr'><strong>corde</strong></span> <span class='ocrx_word' id='word_1_59' title='bbox 1589 800 1781 848; x_wconf 88' lang='lat' dir='ltr'><strong>nostro</strong></span> <span class='ocrx_word' id='word_1_60' title='bbox 1829 807 2076 864; x_wconf 74' lang='lat' dir='ltr'><strong>praesen-</strong></span> 
     </span>
    </p>
   </div>
   <div class='ocr_carea' id='block_1_10' title="bbox 466 885 2073 959">
    <p class='ocr_par' dir='ltr' id='par_1_10' title="bbox 466 885 2073 959">
     <span class='ocr_line' id='line_1_10' title="bbox 466 885 2073 959; baseline 0.001 -17"><span class='ocrx_word' id='word_1_61' title='bbox 466 885 610 942; x_wconf 88' lang='lat' dir='ltr'><strong>tium</strong></span> <span class='ocrx_word' id='word_1_62' title='bbox 679 887 1028 959; x_wconf 85' lang='lat' dir='ltr'><strong>voluptatum</strong></span> <span class='ocrx_word' id='word_1_63' title='bbox 1090 885 1362 942; x_wconf 89' lang='lat' dir='ltr'><strong>desideria</strong></span> <span class='ocrx_word' id='word_1_64' title='bbox 1421 885 1632 958; x_wconf 88' lang='lat' dir='ltr'><strong>pariter</strong></span> <span class='ocrx_word' id='word_1_65' title='bbox 1680 886 2073 959; x_wconf 87' lang='lat' dir='ltr'><strong>passionesque</strong></span> 
     </span>
    </p>
   </div>
   <div class='ocr_carea' id='block_1_11' title="bbox 464 979 734 1053">
    <p class='ocr_par' dir='ltr' id='par_1_11' title="bbox 464 979 734 1053">
     <span class='ocr_line' id='line_1_11' title="bbox 464 979 734 1053; baseline 0 -17"><span class='ocrx_word' id='word_1_66' title='bbox 464 979 734 1053; x_wconf 79' lang='lat' dir='ltr'><strong>depulsae.</strong></span> 
     </span>
    </p>
   </div>
   <div class='ocr_carea' id='block_1_12' title="bbox 1073 1078 1459 1135">
    <p class='ocr_par' dir='ltr' id='par_1_12' title="bbox 1073 1078 1459 1135">
     <span class='ocr_line' id='line_1_12' title="bbox 1073 1078 1459 1135; baseline 0.005 -5"><span class='ocrx_word' id='word_1_67' title='bbox 1073 1078 1318 1135; x_wconf 83' lang='lat' dir='ltr'><strong>CAPUT</strong></span> <span class='ocrx_word' id='word_1_68' title='bbox 1361 1079 1459 1132; x_wconf 88' lang='lat' dir='ltr'><strong>Vl.</strong></span> 
     </span>
    </p>
   </div>
   <div class='ocr_carea' id='block_1_13' title="bbox 571 1181 1960 1251">
    <p class='ocr_par' dir='ltr' id='par_1_13' title="bbox 571 1181 1960 1251">
     <span class='ocr_line' id='line_1_13' title="bbox 571 1181 1960 1251; baseline 0 -15"><span class='ocrx_word' id='word_1_69' title='bbox 571 1183 922 1249; x_wconf 70' lang='lat' dir='ltr'><strong>Interrogatio</strong></span> <span class='ocrx_word' id='word_1_70' title='bbox 944 1223 960 1244; x_wconf 90' lang='lat'><strong>,</strong></span> <span class='ocrx_word' id='word_1_71' title='bbox 988 1197 1060 1235; x_wconf 89' lang='lat' dir='ltr'><strong>an</strong></span> <span class='ocrx_word' id='word_1_72' title='bbox 1098 1181 1489 1235; x_wconf 78' lang='lat' dir='ltr'><strong>reminiscendo</strong></span> <span class='ocrx_word' id='word_1_73' title='bbox 1513 1182 1623 1237; x_wconf 90' lang='lat' dir='ltr'><strong>sint</strong></span> <span class='ocrx_word' id='word_1_74' title='bbox 1654 1197 1760 1251; x_wconf 87' lang='lat' dir='ltr'><strong>pro</strong></span> <span class='ocrx_word' id='word_1_75' title='bbox 1783 1182 1960 1236; x_wconf 86' lang='lat' dir='ltr'><strong>cordis</strong></span> 
     </span>
    </p>
   </div>
   <div class='ocr_carea' id='block_1_14' title="bbox 927 1255 1608 1323">
    <p class='ocr_par' dir='ltr' id='par_1_14' title="bbox 927 1255 1608 1323">
     <span class='ocr_line' id='line_1_14' title="bbox 927 1255 1608 1323; baseline -0.001 -15"><span class='ocrx_word' id='word_1_76' title='bbox 927 1255 1324 1322; x_wconf 88' lang='lat' dir='ltr'><strong>compunctione</strong></span> <span class='ocrx_word' id='word_1_77' title='bbox 1351 1255 1608 1323; x_wconf 81' lang='lat' dir='ltr'><strong>peccata?</strong></span> 
     </span>
    </p>
   </div>
   <div class='ocr_carea' id='block_1_15' title="bbox 539 1347 2074 1428">
    <p class='ocr_par' dir='ltr' id='par_1_15' title="bbox 539 1347 2074 1428">
     <span class='ocr_line' id='line_1_15' title="bbox 539 1347 2074 1428; baseline 0 -18"><span class='ocrx_word' id='word_1_78' title='bbox 539 1354 858 1410; x_wconf 90' lang='lat' dir='ltr'><strong>Germanus</strong></span> <span class='ocrx_word' id='word_1_79' title='bbox 887 1372 900 1410; x_wconf 89' lang='lat'><strong>:</strong></span> <span class='ocrx_word' id='word_1_80' title='bbox 934 1347 961 1384; x_wconf 69' lang='grc' dir='ltr'>δ</span> <span class='ocrx_word' id='word_1_81' title='bbox 988 1356 1065 1409; x_wconf 91' lang='lat' dir='ltr'><strong>Et</strong></span> <span class='ocrx_word' id='word_1_82' title='bbox 1087 1353 1239 1411; x_wconf 91' lang='lat' dir='ltr'><strong>unde</strong></span> <span class='ocrx_word' id='word_1_83' title='bbox 1273 1354 1437 1410; x_wconf 89' lang='lat' dir='ltr'><strong>nobis</strong></span> <span class='ocrx_word' id='word_1_84' title='bbox 1459 1355 1612 1428; x_wconf 89' lang='lat' dir='ltr'><strong>gigni</strong></span> <span class='ocrx_word' id='word_1_85' title='bbox 1652 1357 1856 1428; x_wconf 88' lang='lat' dir='ltr'><strong>poterit</strong></span> <span class='ocrx_word' id='word_1_86' title='bbox 1876 1354 2074 1412; x_wconf 88' lang='lat' dir='ltr'><strong>humi-</strong></span> 
     </span>
    </p>
   </div>
   <div class='ocr_carea' id='block_1_16' title="bbox 470 1447 2073 1524">
    <p class='ocr_par' dir='ltr' id='par_1_16' title="bbox 470 1447 2073 1524">
     <span class='ocr_line' id='line_1_16' title="bbox 470 1447 2073 1524; baseline 0.004 -21"><span class='ocrx_word' id='word_1_87' title='bbox 470 1447 714 1506; x_wconf 88' lang='lat' dir='ltr'><strong>liationis</strong></span> <span class='ocrx_word' id='word_1_88' title='bbox 759 1448 851 1505; x_wconf 90' lang='lat' dir='ltr'><strong>illa</strong></span> <span class='ocrx_word' id='word_1_89' title='bbox 879 1459 1069 1505; x_wconf 89' lang='lat' dir='ltr'><strong>sancta</strong></span> <span class='ocrx_word' id='word_1_90' title='bbox 1116 1451 1483 1523; x_wconf 87' lang='lat' dir='ltr'><strong>salutarisque</strong></span> <span class='ocrx_word' id='word_1_91' title='bbox 1525 1451 1906 1523; x_wconf 88' lang='lat' dir='ltr'><strong>compunctio,</strong></span> <span class='ocrx_word' id='word_1_92' title='bbox 1945 1468 2073 1524; x_wconf 64' lang='lat' dir='ltr'><strong>quae</strong></span> 
     </span>
    </p>
   </div>
   <div class='ocr_carea' id='block_1_17' title="bbox 471 1544 2064 1616">
    <p class='ocr_par' dir='ltr' id='par_1_17' title="bbox 471 1544 2064 1616">
     <span class='ocr_line' id='line_1_17' title="bbox 471 1544 2064 1616; baseline 0.004 -18"><span class='ocrx_word' id='word_1_93' title='bbox 471 1558 540 1598; x_wconf 82' lang='lat' dir='ltr'><strong>ex</strong></span> <span class='ocrx_word' id='word_1_94' title='bbox 579 1558 814 1614; x_wconf 88' lang='lat' dir='ltr'><strong>persona</strong></span> <span class='ocrx_word' id='word_1_95' title='bbox 865 1544 1186 1616; x_wconf 68' lang='lat' dir='ltr'><strong>paenitentis</strong></span> <span class='ocrx_word' id='word_1_96' title='bbox 1239 1545 1316 1601; x_wconf 89' lang='lat' dir='ltr'><strong>ita</strong></span> <span class='ocrx_word' id='word_1_97' title='bbox 1365 1545 1695 1602; x_wconf 83' lang='lat' dir='ltr'><strong>describitur</strong></span> <span class='ocrx_word' id='word_1_98' title='bbox 1737 1549 2064 1605; x_wconf 87' lang='lat' dir='ltr'><strong>:Peccatum</strong></span> 
     </span>
    </p>
   </div>
   <div class='ocr_carea' id='block_1_18' title="bbox 467 1639 2068 1710">
    <p class='ocr_par' dir='ltr' id='par_1_18' title="bbox 467 1639 2068 1710">
     <span class='ocr_line' id='line_1_18' title="bbox 467 1639 2068 1710; baseline 0.003 -18"><span class='ocrx_word' id='word_1_99' title='bbox 467 1653 642 1692; x_wconf 88' lang='lat' dir='ltr'><strong>meum</strong></span> <span class='ocrx_word' id='word_1_100' title='bbox 687 1640 954 1706; x_wconf 84' lang='lat' dir='ltr'><strong>cognitum</strong></span> <span class='ocrx_word' id='word_1_101' title='bbox 996 1639 1100 1693; x_wconf 91' lang='lat' dir='ltr'><strong>tibi</strong></span> <span class='ocrx_word' id='word_1_102' title='bbox 1147 1641 1276 1707; x_wconf 82' lang='lat' dir='ltr'><strong>feci,</strong></span> <span class='ocrx_word' id='word_1_103' title='bbox 1316 1645 1366 1696; x_wconf 90' lang='lat' dir='ltr'><strong>et</strong></span> <span class='ocrx_word' id='word_1_104' title='bbox 1403 1639 1737 1710; x_wconf 88' lang='lat' dir='ltr'><strong>injustitiam</strong></span> <span class='ocrx_word' id='word_1_105' title='bbox 1765 1657 1935 1696; x_wconf 88' lang='lat' dir='ltr'><strong>meam</strong></span> <span class='ocrx_word' id='word_1_106' title='bbox 1961 1657 2068 1697; x_wconf 87' lang='lat' dir='ltr'><strong>non</strong></span> 
     </span>
    </p>
   </div>
   <div class='ocr_carea' id='block_1_19' title="bbox 467 1731 2561 1807">
    <p class='ocr_par' dir='ltr' id='par_1_19' title="bbox 467 1731 2561 1807">
     <span class='ocr_line' id='line_1_19' title="bbox 467 1731 2561 1807; baseline -0.001 -20"><span class='ocrx_word' id='word_1_107' title='bbox 467 1735 675 1803; x_wconf 83' lang='lat' dir='ltr'><strong>operui;</strong></span> <span class='ocrx_word' id='word_1_108' title='bbox 720 1733 864 1796; x_wconf 67' lang='lat' dir='ltr'><strong>dixi,</strong></span> <span class='ocrx_word' id='word_1_109' title='bbox 894 1736 1260 1790; x_wconf 82' lang='lat' dir='ltr'><strong>Pronuntiabo</strong></span> <span class='ocrx_word' id='word_1_110' title='bbox 1301 1735 1586 1792; x_wconf 85' lang='lat' dir='ltr'><strong>adversum</strong></span> <span class='ocrx_word' id='word_1_111' title='bbox 1629 1753 1712 1792; x_wconf 89' lang='lat' dir='ltr'><strong>me</strong></span> <span class='ocrx_word' id='word_1_112' title='bbox 1738 1737 2066 1807; x_wconf 85' lang='lat' dir='ltr'><strong>injustitiam</strong></span> <span class='ocrx_word' id='word_1_113' title='bbox 2099 1744 2146 1806; x_wconf 83' lang='grc' dir='ltr'>Β</span> <span class='ocrx_word' id='word_1_114' title='bbox 2246 1731 2493 1789; x_wconf 89' lang='lat' dir='ltr'><strong>Pinuﬁus</strong></span> <span class='ocrx_word' id='word_1_115' title='bbox 2549 1749 2561 1784; x_wconf 94' lang='lat'><strong>:</strong></span> 
     </span>
    </p>
   </div>
   <div class='ocr_carea' id='block_1_20' title="bbox 467 1825 2070 1902">
    <p class='ocr_par' dir='ltr' id='par_1_20' title="bbox 467 1825 2070 1902">
     <span class='ocr_line' id='line_1_20' title="bbox 467 1825 2070 1902; baseline 0.004 -22"><span class='ocrx_word' id='word_1_116' title='bbox 467 1842 638 1881; x_wconf 86' lang='lat' dir='ltr'><strong>meam</strong></span> <span class='ocrx_word' id='word_1_117' title='bbox 664 1829 886 1881; x_wconf 87' lang='lat' dir='ltr'><strong>Domino</strong></span> <span class='ocrx_word' id='word_1_118' title='bbox 930 1825 1106 1897; x_wconf 89' lang='lat' dir='ltr'><strong>(Psal.</strong></span> <span class='ocrx_word' id='word_1_119' title='bbox 1159 1826 1376 1901; x_wconf 75' lang='lat' dir='ltr'><strong>XXXI);</strong></span> <span class='ocrx_word' id='word_1_120' title='bbox 1407 1837 1470 1884; x_wconf 94' lang='lat' dir='ltr'><strong>ut</strong></span> <span class='ocrx_word' id='word_1_121' title='bbox 1496 1828 1635 1886; x_wconf 89' lang='lat' dir='ltr'><strong>illud</strong></span> <span class='ocrx_word' id='word_1_122' title='bbox 1670 1845 1890 1901; x_wconf 89' lang='lat' dir='ltr'><strong>quoque</strong></span> <span class='ocrx_word' id='word_1_123' title='bbox 1918 1830 2070 1902; x_wconf 91' lang='lat' dir='ltr'><strong>quod</strong></span> 
     </span>
    </p>
   </div>
   <div class='ocr_carea' id='block_1_21' title="bbox 465 1919 2070 1993">
    <p class='ocr_par' dir='ltr' id='par_1_21' title="bbox 465 1919 2070 1993">
     <span class='ocr_line' id='line_1_21' title="bbox 465 1919 2070 1993; baseline 0.002 -18"><span class='ocrx_word' id='word_1_124' title='bbox 465 1921 712 1993; x_wconf 89' lang='lat' dir='ltr'><strong>sequitur</strong></span> <span class='ocrx_word' id='word_1_125' title='bbox 740 1919 1041 1977; x_wconf 85' lang='lat' dir='ltr'><strong>efﬁcaciter</strong></span> <span class='ocrx_word' id='word_1_126' title='bbox 1066 1920 1250 1978; x_wconf 87' lang='lat' dir='ltr'><strong>dicere</strong></span> <span class='ocrx_word' id='word_1_127' title='bbox 1279 1938 1598 1980; x_wconf 89' lang='lat' dir='ltr'><strong>mereamur</strong></span> <span class='ocrx_word' id='word_1_128' title='bbox 1628 1942 1642 1978; x_wconf 90' lang='lat'>:</span> <span class='ocrx_word' id='word_1_129' title='bbox 1672 1927 1743 1980; x_wconf 89' lang='lat' dir='ltr'><strong>Et</strong></span> <span class='ocrx_word' id='word_1_130' title='bbox 1771 1929 1832 1978; x_wconf 89' lang='lat' dir='ltr'><strong>tu</strong></span> <span class='ocrx_word' id='word_1_131' title='bbox 1857 1928 2070 1980; x_wconf 85' lang='lat' dir='ltr'><strong>remisi-</strong></span> 
     </span>
    </p>
   </div>
   <div class='ocr_carea' id='block_1_22' title="bbox 465 2012 2067 2088">
    <p class='ocr_par' dir='ltr' id='par_1_22' title="bbox 465 2012 2067 2088">
     <span class='ocr_line' id='line_1_22' title="bbox 465 2012 2067 2088; baseline 0.003 -21"><span class='ocrx_word' id='word_1_132' title='bbox 465 2016 541 2068; x_wconf 87' lang='lat' dir='ltr'><strong>sti</strong></span> <span class='ocrx_word' id='word_1_133' title='bbox 557 2015 885 2084; x_wconf 67' lang='lat' dir='ltr'><strong>impietatem</strong></span> <span class='ocrx_word' id='word_1_134' title='bbox 909 2014 1086 2070; x_wconf 80' lang='lat' dir='ltr'><strong>cordis</strong></span> <span class='ocrx_word' id='word_1_135' title='bbox 1104 2016 1213 2069; x_wconf 89' lang='lat' dir='ltr'><strong>mei</strong></span> <span class='ocrx_word' id='word_1_136' title='bbox 1230 2015 1456 2086; x_wconf 71' lang='lat' dir='ltr'><strong>(Ibid)?</strong></span> <span class='ocrx_word' id='word_1_137' title='bbox 1484 2015 1566 2071; x_wconf 87' lang='lat' dir='ltr'><strong>vel</strong></span> <span class='ocrx_word' id='word_1_138' title='bbox 1582 2012 2067 2088; x_wconf 89' lang='lat' dir='ltr'><strong>quemadmodum</strong></span> 
     </span>
    </p>
   </div>
   <div class='ocr_carea' id='block_1_23' title="bbox 467 2107 2069 2181">
    <p class='ocr_par' dir='ltr' id='par_1_23' title="bbox 467 2107 2069 2181">
     <span class='ocr_line' id='line_1_23' title="bbox 467 2107 2069 2181; baseline 0.001 -16"><span class='ocrx_word' id='word_1_139' title='bbox 467 2110 526 2165; x_wconf 92' lang='lat' dir='ltr'><strong>in</strong></span> <span class='ocrx_word' id='word_1_140' title='bbox 572 2107 822 2164; x_wconf 89' lang='lat' dir='ltr'><strong>oratione</strong></span> <span class='ocrx_word' id='word_1_141' title='bbox 872 2109 1133 2181; x_wconf 88' lang='lat' dir='ltr'><strong>prostrati</strong></span> <span class='ocrx_word' id='word_1_142' title='bbox 1180 2109 1556 2181; x_wconf 89' lang='lat' dir='ltr'><strong>nosmetipsos</strong></span> <span class='ocrx_word' id='word_1_143' title='bbox 1596 2108 1672 2166; x_wconf 86' lang='lat' dir='ltr'><strong>ad</strong></span> <span class='ocrx_word' id='word_1_144' title='bbox 1707 2110 2069 2168; x_wconf 85' lang='lat' dir='ltr'><strong>confessionis</strong></span> 
     </span>
    </p>
   </div>
   <div class='ocr_carea' id='block_1_24' title="bbox 465 2201 2067 2275">
    <p class='ocr_par' dir='ltr' id='par_1_24' title="bbox 465 2201 2067 2275">
     <span class='ocr_line' id='line_1_24' title="bbox 465 2201 2067 2275; baseline 0.001 -16"><span class='ocrx_word' id='word_1_145' title='bbox 465 2204 737 2275; x_wconf 89' lang='lat' dir='ltr'><strong>lacrymas</strong></span> <span class='ocrx_word' id='word_1_146' title='bbox 765 2201 1075 2258; x_wconf 87' lang='lat' dir='ltr'><strong>valebimus</strong></span> <span class='ocrx_word' id='word_1_147' title='bbox 1102 2201 1367 2269; x_wconf 88' lang='lat' dir='ltr'><strong>excitare,</strong></span> <span class='ocrx_word' id='word_1_148' title='bbox 1419 2217 1517 2272; x_wconf 88' lang='lat' dir='ltr'><strong>per</strong></span> <span class='ocrx_word' id='word_1_149' title='bbox 1553 2218 1693 2275; x_wconf 86' lang='lat' dir='ltr'><strong>quas</strong></span> <span class='ocrx_word' id='word_1_150' title='bbox 1728 2201 2067 2260; x_wconf 86' lang='lat' dir='ltr'><strong>delictorum</strong></span> 
     </span>
    </p>
   </div>
   <div class='ocr_carea' id='block_1_25' title="bbox 463 2295 2064 2378">
    <p class='ocr_par' dir='ltr' id='par_1_25' title="bbox 463 2295 2064 2378">
     <span class='ocr_line' id='line_1_25' title="bbox 463 2295 2064 2378; baseline 0 -25"><span class='ocrx_word' id='word_1_151' title='bbox 463 2297 678 2354; x_wconf 87' lang='lat' dir='ltr'><strong>veniam</strong></span> <span class='ocrx_word' id='word_1_152' title='bbox 699 2296 961 2368; x_wconf 90' lang='lat' dir='ltr'><strong>consequi</strong></span> <span class='ocrx_word' id='word_1_153' title='bbox 973 2310 1309 2363; x_wconf 89' lang='lat' dir='ltr'><strong>mereamur,</strong></span> <span class='ocrx_word' id='word_1_154' title='bbox 1323 2295 1634 2378; x_wconf 76' lang='lat' dir='ltr'><strong>secundum</strong></span> <span class='ocrx_word' id='word_1_155' title='bbox 1659 2296 1822 2354; x_wconf 90' lang='lat' dir='ltr'><strong>illud:</strong></span> <span class='ocrx_word' id='word_1_156' title='bbox 1849 2299 2064 2354; x_wconf 77' lang='lat' dir='ltr'><strong>Lavabo</strong></span> 
     </span>
    </p>
   </div>
   <div class='ocr_carea' id='block_1_26' title="bbox 459 2390 2064 2462">
    <p class='ocr_par' dir='ltr' id='par_1_26' title="bbox 459 2390 2064 2462">
     <span class='ocr_line' id='line_1_26' title="bbox 459 2390 2064 2462; baseline -0.001 -15"><span class='ocrx_word' id='word_1_157' title='bbox 459 2407 562 2462; x_wconf 89' lang='lat' dir='ltr'><strong>per</strong></span> <span class='ocrx_word' id='word_1_158' title='bbox 587 2392 826 2460; x_wconf 86' lang='lat' dir='ltr'><strong>singulas</strong></span> <span class='ocrx_word' id='word_1_159' title='bbox 853 2393 1026 2444; x_wconf 87' lang='lat' dir='ltr'><strong>noctes</strong></span> <span class='ocrx_word' id='word_1_160' title='bbox 1042 2390 1234 2444; x_wconf 89' lang='lat' dir='ltr'><strong>lectum</strong></span> <span class='ocrx_word' id='word_1_161' title='bbox 1254 2405 1448 2459; x_wconf 88' lang='lat' dir='ltr'><strong>meum,</strong></span> <span class='ocrx_word' id='word_1_162' title='bbox 1484 2390 1738 2460; x_wconf 80' lang='lat' dir='ltr'><strong>lacrymis</strong></span> <span class='ocrx_word' id='word_1_163' title='bbox 1756 2393 1888 2447; x_wconf 88' lang='lat' dir='ltr'><strong>meis</strong></span> <span class='ocrx_word' id='word_1_164' title='bbox 1915 2397 2064 2448; x_wconf 87' lang='lat' dir='ltr'><strong>stra-</strong></span> 
     </span>
    </p>
   </div>
   <div class='ocr_carea' id='block_1_27' title="bbox 2183 403 3792 471">
    <p class='ocr_par' dir='ltr' id='par_1_27' title="bbox 2183 403 3792 471">
     <span class='ocr_line' id='line_1_27' title="bbox 2183 403 3792 471; baseline -0.005 -1"><span class='ocrx_word' id='word_1_165' title='bbox 2183 430 2312 470; x_wconf 88' lang='lat' dir='ltr'><strong>rum</strong></span> <span class='ocrx_word' id='word_1_166' title='bbox 2356 413 2688 471; x_wconf 88' lang='lat' dir='ltr'><strong>memoriam</strong></span> <span class='ocrx_word' id='word_1_167' title='bbox 2741 412 2810 470; x_wconf 92' lang='lat' dir='ltr'><strong>de</strong></span> <span class='ocrx_word' id='word_1_168' title='bbox 2848 409 3050 467; x_wconf 86' lang='lat' dir='ltr'><strong>nostris</strong></span> <span class='ocrx_word' id='word_1_169' title='bbox 3090 406 3348 464; x_wconf 89' lang='lat' dir='ltr'><strong>cordibus</strong></span> <span class='ocrx_word' id='word_1_170' title='bbox 3401 403 3792 464; x_wconf 79' lang='lat' dir='ltr'><strong>extrudamus.</strong></span> 
     </span>
    </p>
   </div>
   <div class='ocr_carea' id='block_1_28' title="bbox 2186 497 3792 580">
    <p class='ocr_par' dir='ltr' id='par_1_28' title="bbox 2186 497 3792 580">
     <span class='ocr_line' id='line_1_28' title="bbox 2186 497 3792 580; baseline -0.006 -17"><span class='ocrx_word' id='word_1_171' title='bbox 2186 523 2356 580; x_wconf 89' lang='lat' dir='ltr'><strong>quam</strong></span> <span class='ocrx_word' id='word_1_172' title='bbox 2399 508 2661 580; x_wconf 88' lang='lat' dir='ltr'><strong>jubemur</strong></span> <span class='ocrx_word' id='word_1_173' title='bbox 2708 504 3014 563; x_wconf 88' lang='lat' dir='ltr'><strong>econtrario</strong></span> <span class='ocrx_word' id='word_1_174' title='bbox 3060 501 3316 558; x_wconf 90' lang='lat' dir='ltr'><strong>tenaciter</strong></span> <span class='ocrx_word' id='word_1_175' title='bbox 3353 497 3687 566; x_wconf 87' lang='lat' dir='ltr'><strong>custodire,</strong></span> <span class='ocrx_word' id='word_1_176' title='bbox 3712 499 3792 554; x_wconf 84' lang='lat' dir='ltr'><strong>di-</strong></span> 
     </span>
    </p>
   </div>
   <div class='ocr_carea' id='block_1_29' title="bbox 2183 595 3790 670">
    <p class='ocr_par' dir='ltr' id='par_1_29' title="bbox 2183 595 3790 670">
     <span class='ocr_line' id='line_1_29' title="bbox 2183 595 3790 670; baseline -0.007 -12"><span class='ocrx_word' id='word_1_177' title='bbox 2183 611 2344 658; x_wconf 86' lang='lat' dir='ltr'><strong>cente</strong></span> <span class='ocrx_word' id='word_1_178' title='bbox 2370 603 2645 659; x_wconf 89' lang='lat' dir='ltr'><strong>Domino:</strong></span> <span class='ocrx_word' id='word_1_179' title='bbox 2674 605 2744 659; x_wconf 89' lang='lat' dir='ltr'><strong>Et</strong></span> <span class='ocrx_word' id='word_1_180' title='bbox 2769 601 3126 670; x_wconf 85' lang='lat' dir='ltr'><strong>iniquitatum</strong></span> <span class='ocrx_word' id='word_1_181' title='bbox 3145 601 3370 650; x_wconf 84' lang='lat' dir='ltr'><strong>tuarum</strong></span> <span class='ocrx_word' id='word_1_182' title='bbox 3396 610 3510 649; x_wconf 87' lang='lat' dir='ltr'><strong>non</strong></span> <span class='ocrx_word' id='word_1_183' title='bbox 3541 595 3790 648; x_wconf 78' lang='lat' dir='ltr'><strong>recorda-</strong></span> 
     </span>
    </p>
   </div>
   <div class='ocr_carea' id='block_1_30' title="bbox 2186 687 3793 766">
    <p class='ocr_par' dir='ltr' id='par_1_30' title="bbox 2186 687 3793 766">
     <span class='ocr_line' id='line_1_30' title="bbox 2186 687 3793 766; baseline -0.004 -16"><span class='ocrx_word' id='word_1_184' title='bbox 2186 697 2308 763; x_wconf 86' lang='lat' dir='ltr'><strong>bor;</strong></span> <span class='ocrx_word' id='word_1_185' title='bbox 2329 700 2390 751; x_wconf 90' lang='lat' dir='ltr'><strong>tu</strong></span> <span class='ocrx_word' id='word_1_186' title='bbox 2408 712 2530 752; x_wconf 70' lang='lat' dir='ltr'><strong>vero</strong></span> <span class='ocrx_word' id='word_1_187' title='bbox 2549 700 2801 752; x_wconf 87' lang='lat' dir='ltr'><strong>memento</strong></span> <span class='ocrx_word' id='word_1_188' title='bbox 2817 694 2972 766; x_wconf 81' lang='lat' dir='ltr'><strong>(Esa.</strong></span> <span class='ocrx_word' id='word_1_189' title='bbox 2998 704 3157 747; x_wconf 73' lang='lat' dir='ltr'><strong>nm</strong></span> <span class='ocrx_word' id='word_1_190' title='bbox 3175 705 3276 744; x_wconf 90' lang='lat' dir='ltr'><strong>sec.</strong></span> <span class='ocrx_word' id='word_1_191' title='bbox 3298 689 3458 759; x_wconf 82' lang='lat' dir='ltr'><strong>LXX)</strong></span> <span class='ocrx_word' id='word_1_192' title='bbox 3476 689 3501 741; x_wconf 77' lang='grc' dir='ltr'><strong>ξ’</strong></span> <span class='ocrx_word' id='word_1_193' title='bbox 3521 687 3614 744; x_wconf 91' lang='lat' dir='ltr'><strong>0b</strong></span> <span class='ocrx_word' id='word_1_194' title='bbox 3627 703 3793 760; x_wconf 82' lang='lat' dir='ltr'><strong>quam</strong></span> 
     </span>
    </p>
   </div>
   <div class='ocr_carea' id='block_1_31' title="bbox 2183 781 3792 861">
    <p class='ocr_par' dir='ltr' id='par_1_31' title="bbox 2183 781 3792 861">
     <span class='ocr_line' id='line_1_31' title="bbox 2183 781 3792 861; baseline -0.004 -17"><span class='ocrx_word' id='word_1_195' title='bbox 2183 804 2299 846; x_wconf 87' lang='lat' dir='ltr'><strong>rem</strong></span> <span class='ocrx_word' id='word_1_196' title='bbox 2326 805 2437 846; x_wconf 92' lang='lat' dir='ltr'><strong>non</strong></span> <span class='ocrx_word' id='word_1_197' title='bbox 2461 790 2643 847; x_wconf 89' lang='lat' dir='ltr'><strong>solum</strong></span> <span class='ocrx_word' id='word_1_198' title='bbox 2666 803 2918 861; x_wconf 90' lang='lat' dir='ltr'><strong>operans,</strong></span> <span class='ocrx_word' id='word_1_199' title='bbox 2953 801 3148 842; x_wconf 89' lang='lat' dir='ltr'><strong>verum</strong></span> <span class='ocrx_word' id='word_1_200' title='bbox 3178 783 3350 839; x_wconf 90' lang='lat' dir='ltr'><strong>etiam</strong></span> <span class='ocrx_word' id='word_1_201' title='bbox 3373 797 3549 838; x_wconf 86' lang='lat' dir='ltr'><strong>orans</strong></span> <span class='ocrx_word' id='word_1_202' title='bbox 3576 781 3650 838; x_wconf 84' lang='lat' dir='ltr'><strong>ad</strong></span> <span class='ocrx_word' id='word_1_203' title='bbox 3679 799 3792 854; x_wconf 83' lang='lat' dir='ltr'><strong>pec-</strong></span> 
     </span>
    </p>
   </div>
   <div class='ocr_carea' id='block_1_32' title="bbox 2181 875 3794 940">
    <p class='ocr_par' dir='ltr' id='par_1_32' title="bbox 2181 875 3794 940">
     <span class='ocr_line' id='line_1_32' title="bbox 2181 875 3794 940; baseline -0.006 -1"><span class='ocrx_word' id='word_1_204' title='bbox 2181 891 2430 940; x_wconf 88' lang='lat' dir='ltr'><strong>catorum</strong></span> <span class='ocrx_word' id='word_1_205' title='bbox 2443 899 2700 940; x_wconf 89' lang='lat' dir='ltr'><strong>meorum</strong></span> <span class='ocrx_word' id='word_1_206' title='bbox 2709 881 3145 939; x_wconf 87' lang='lat' dir='ltr'><strong>recordationem</strong></span> <span class='ocrx_word' id='word_1_207' title='bbox 3157 885 3408 934; x_wconf 89' lang='lat' dir='ltr'><strong>mentem</strong></span> <span class='ocrx_word' id='word_1_208' title='bbox 3418 893 3614 932; x_wconf 84' lang='lat' dir='ltr'><strong>meam</strong></span> <span class='ocrx_word' id='word_1_209' title='bbox 3630 875 3794 932; x_wconf 78' lang='lat' dir='ltr'><strong>etiam</strong></span> 
     </span>
    </p>
   </div>
   <div class='ocr_carea' id='block_1_33' title="bbox 2179 970 3796 1040">
    <p class='ocr_par' dir='ltr' id='par_1_33' title="bbox 2179 970 3796 1040">
     <span class='ocr_line' id='line_1_33' title="bbox 2179 970 3796 1040; baseline -0.004 -7"><span class='ocrx_word' id='word_1_210' title='bbox 2179 976 2248 1033; x_wconf 90' lang='lat' dir='ltr'><strong>de</strong></span> <span class='ocrx_word' id='word_1_211' title='bbox 2276 976 2545 1033; x_wconf 88' lang='lat' dir='ltr'><strong>industria</strong></span> <span class='ocrx_word' id='word_1_212' title='bbox 2586 991 2839 1033; x_wconf 88' lang='lat' dir='ltr'><strong>revocare</strong></span> <span class='ocrx_word' id='word_1_213' title='bbox 2875 972 3186 1040; x_wconf 86' lang='lat' dir='ltr'><strong>contendo‘,</strong></span> <span class='ocrx_word' id='word_1_214' title='bbox 3219 978 3282 1028; x_wconf 89' lang='lat' dir='ltr'><strong>ut</strong></span> <span class='ocrx_word' id='word_1_215' title='bbox 3306 970 3373 1028; x_wconf 89' lang='lat' dir='ltr'><strong>ad</strong></span> <span class='ocrx_word' id='word_1_216' title='bbox 3399 971 3796 1027; x_wconf 80' lang='lat' dir='ltr'><strong>humilitatem</strong></span> 
     </span>
    </p>
   </div>
   <div class='ocr_carea' id='block_1_34' title="bbox 2181 1065 3798 1134">
    <p class='ocr_par' dir='ltr' id='par_1_34' title="bbox 2181 1065 3798 1134">
     <span class='ocr_line' id='line_1_34' title="bbox 2181 1065 3798 1134; baseline -0.003 -8"><span class='ocrx_word' id='word_1_217' title='bbox 2181 1086 2371 1127; x_wconf 88' lang='lat' dir='ltr'><strong>veram</strong></span> <span class='ocrx_word' id='word_1_218' title='bbox 2401 1079 2458 1126; x_wconf 91' lang='lat' dir='ltr'><strong>et</strong></span> <span class='ocrx_word' id='word_1_219' title='bbox 2485 1071 2878 1127; x_wconf 87' lang='lat' dir='ltr'><strong>coutritionem</strong></span> <span class='ocrx_word' id='word_1_220' title='bbox 2927 1066 3114 1124; x_wconf 90' lang='lat' dir='ltr'><strong>cordis</strong></span> <span class='ocrx_word' id='word_1_221' title='bbox 3157 1065 3436 1123; x_wconf 87' lang='lat' dir='ltr'><strong>efﬁcacius</strong></span> <span class='ocrx_word' id='word_1_222' title='bbox 3463 1067 3798 1134; x_wconf 77' lang='lat' dir='ltr'><strong>inclinatus,</strong></span> 
     </span>
    </p>
   </div>
   <div class='ocr_carea' id='block_1_35' title="bbox 2179 1160 3798 1234">
    <p class='ocr_par' dir='ltr' id='par_1_35' title="bbox 2179 1160 3798 1234">
     <span class='ocr_line' id='line_1_35' title="bbox 2179 1160 3798 1234; baseline -0.002 -15"><span class='ocrx_word' id='word_1_223' title='bbox 2179 1164 2419 1220; x_wconf 84' lang='lat' dir='ltr'><strong>audeam</strong></span> <span class='ocrx_word' id='word_1_224' title='bbox 2466 1164 2645 1221; x_wconf 90' lang='lat' dir='ltr'><strong>dicere</strong></span> <span class='ocrx_word' id='word_1_225' title='bbox 2694 1179 2821 1221; x_wconf 90' lang='lat' dir='ltr'><strong>cum</strong></span> <span class='ocrx_word' id='word_1_226' title='bbox 2864 1161 3138 1234; x_wconf 84' lang='lat' dir='ltr'><strong>Propheta</strong></span> <span class='ocrx_word' id='word_1_227' title='bbox 3189 1181 3202 1216; x_wconf 91' lang='lat'>:</span> <span class='ocrx_word' id='word_1_228' title='bbox 3243 1160 3382 1218; x_wconf 81' lang='lat' dir='ltr'><strong>Vide</strong></span> <span class='ocrx_word' id='word_1_229' title='bbox 3426 1161 3798 1216; x_wconf 72' lang='lat' dir='ltr'><strong>humilitatem</strong></span> 
     </span>
    </p>
   </div>
   <div class='ocr_carea' id='block_1_36' title="bbox 2177 1257 3797 1326">
    <p class='ocr_par' dir='ltr' id='par_1_36' title="bbox 2177 1257 3797 1326">
     <span class='ocr_line' id='line_1_36' title="bbox 2177 1257 3797 1326; baseline -0.002 -12"><span class='ocrx_word' id='word_1_230' title='bbox 2177 1275 2351 1314; x_wconf 89' lang='lat' dir='ltr'><strong>meam</strong></span> <span class='ocrx_word' id='word_1_231' title='bbox 2377 1264 2429 1314; x_wconf 90' lang='lat' dir='ltr'><strong>et</strong></span> <span class='ocrx_word' id='word_1_232' title='bbox 2452 1260 2684 1314; x_wconf 76' lang='lat' dir='ltr'><strong>laborem</strong></span> <span class='ocrx_word' id='word_1_233' title='bbox 2702 1275 2896 1322; x_wconf 90' lang='lat' dir='ltr'><strong>meum,</strong></span> <span class='ocrx_word' id='word_1_234' title='bbox 2918 1262 2970 1311; x_wconf 89' lang='lat' dir='ltr'><strong>et</strong></span> <span class='ocrx_word' id='word_1_235' title='bbox 2989 1257 3202 1313; x_wconf 83' lang='lat' dir='ltr'><strong>dimitte</strong></span> <span class='ocrx_word' id='word_1_236' title='bbox 3218 1259 3407 1312; x_wconf 82' lang='lat' dir='ltr'><strong>omnia</strong></span> <span class='ocrx_word' id='word_1_237' title='bbox 3428 1262 3663 1326; x_wconf 83' lang='lat' dir='ltr'><strong>peccata</strong></span> <span class='ocrx_word' id='word_1_238' title='bbox 3687 1273 3797 1311; x_wconf 80' lang='lat' dir='ltr'><strong>mea</strong></span> 
     </span>
    </p>
   </div>
   <div class='ocr_carea' id='block_1_37' title="bbox 2179 1353 2570 1426">
    <p class='ocr_par' dir='ltr' id='par_1_37' title="bbox 2179 1353 2570 1426">
     <span class='ocr_line' id='line_1_37' title="bbox 2179 1353 2570 1426; baseline -0.015 -16"><span class='ocrx_word' id='word_1_239' title='bbox 2179 1353 2344 1426; x_wconf 84' lang='lat' dir='ltr'><strong>(Psal.</strong></span> <span class='ocrx_word' id='word_1_240' title='bbox 2368 1354 2570 1424; x_wconf 77' lang='lat' dir='ltr'><strong>xxrv).</strong></span> 
     </span>
    </p>
   </div>
   <div class='ocr_carea' id='block_1_38' title="bbox 2776 1451 3167 1509">
    <p class='ocr_par' dir='ltr' id='par_1_38' title="bbox 2776 1451 3167 1509">
     <span class='ocr_line' id='line_1_38' title="bbox 2776 1451 3167 1509; baseline -0.008 0"><span class='ocrx_word' id='word_1_241' title='bbox 2776 1453 3018 1509; x_wconf 79' lang='lat' dir='ltr'><strong>CAPUT</strong></span> <span class='ocrx_word' id='word_1_242' title='bbox 3046 1451 3167 1507; x_wconf 83' lang='lat' dir='ltr'><strong>VII.</strong></span> 
     </span>
    </p>
   </div>
   <div class='ocr_carea' id='block_1_39' title="bbox 2235 1555 3753 1682">
    <p class='ocr_par' dir='ltr' id='par_1_39' title="bbox 2235 1555 3753 1682">
     <span class='ocr_line' id='line_1_39' title="bbox 2235 1555 3753 1682; baseline -0.003 -69"><span class='ocrx_word' id='word_1_243' title='bbox 2235 1559 2520 1628; x_wconf 80' lang='lat' dir='ltr'><strong>Responsio</strong></span> <span class='ocrx_word' id='word_1_244' title='bbox 2544 1555 3169 1682; x_wconf 50' lang='lat' dir='ltr'><strong>quousqueguiteziorduam</strong></span> <span class='ocrx_word' id='word_1_245' title='bbox 3191 1559 3406 1608; x_wconf 81' lang='lat' dir='ltr'><strong>actuum</strong></span> <span class='ocrx_word' id='word_1_246' title='bbox 3429 1555 3753 1611; x_wconf 74' lang='lat' dir='ltr'><strong>recordatio</strong></span> 
     </span>
     <span class='ocr_line' id='line_1_40' title="bbox 2779 1643 3154 1682; baseline -0.013 0"><span class='ocrx_word' id='word_1_247' title='bbox 2779 1644 2829 1682; x_wconf 75' lang='lat' dir='ltr'><strong>si</strong></span> <span class='ocrx_word' id='word_1_248' title='bbox 2923 1644 2956 1681; x_wconf 91' lang='lat' dir='ltr'><strong>a</strong></span> <span class='ocrx_word' id='word_1_249' title='bbox 2993 1643 3056 1682; x_wconf 87' lang='lat' dir='ltr'><strong>en</strong></span> <span class='ocrx_word' id='word_1_250' title='bbox 3140 1666 3154 1677; x_wconf 95' lang='lat'><strong>.</strong></span> 
     </span>
    </p>
   </div>
   <div class='ocr_carea' id='block_1_40' title="bbox 2779 1643 3154 1683">
    <p class='ocr_par' dir='ltr' id='par_1_40' title="bbox 2779 1643 3154 1683">
     <span class='ocr_line' id='line_1_41' title="bbox 2779 1643 3154 1683; baseline -0.013 -1"><span class='ocrx_word' id='word_1_251' title='bbox 2779 1643 2854 1683; x_wconf 73' lang='grc' dir='ltr'><strong>επ</strong></span> <span class='ocrx_word' id='word_1_252' title='bbox 2885 1643 3154 1682; x_wconf 73' lang='grc' dir='ltr'><strong>ηαοθηαα.</strong></span> 
     </span>
    </p>
   </div>
   <div class='ocr_carea' id='block_1_41' title="bbox 2623 1728 3792 1801">
    <p class='ocr_par' dir='ltr' id='par_1_41' title="bbox 2623 1728 3792 1801">
     <span class='ocr_line' id='line_1_42' title="bbox 2623 1728 3792 1801; baseline -0.001 -16"><span class='ocrx_word' id='word_1_253' title='bbox 2623 1729 2988 1801; x_wconf 88' lang='lat' dir='ltr'><strong>Interrogatio</strong></span> <span class='ocrx_word' id='word_1_254' title='bbox 3038 1737 3256 1796; x_wconf 87' lang='lat' dir='ltr'><strong>vestra,</strong></span> <span class='ocrx_word' id='word_1_255' title='bbox 3318 1735 3382 1782; x_wconf 91' lang='lat' dir='ltr'><strong>ut</strong></span> <span class='ocrx_word' id='word_1_256' title='bbox 3439 1728 3563 1798; x_wconf 81' lang='lat' dir='ltr'><strong>jam</strong></span> <span class='ocrx_word' id='word_1_257' title='bbox 3621 1742 3792 1799; x_wconf 86' lang='lat' dir='ltr'><strong>supra</strong></span> 
     </span>
    </p>
   </div>
   <div class='ocr_carea' id='block_1_42' title="bbox 2176 1821 3791 1896">
    <p class='ocr_par' dir='ltr' id='par_1_42' title="bbox 2176 1821 3791 1896">
     <span class='ocr_line' id='line_1_43' title="bbox 2176 1821 3791 1896; baseline -0.002 -14"><span class='ocrx_word' id='word_1_258' title='bbox 2176 1825 2385 1882; x_wconf 90' lang='lat' dir='ltr'><strong>dictum</strong></span> <span class='ocrx_word' id='word_1_259' title='bbox 2453 1834 2574 1895; x_wconf 90' lang='lat' dir='ltr'><strong>est,</strong></span> <span class='ocrx_word' id='word_1_260' title='bbox 2623 1841 2740 1881; x_wconf 91' lang='lat' dir='ltr'><strong>non</strong></span> <span class='ocrx_word' id='word_1_261' title='bbox 2803 1824 2872 1880; x_wconf 92' lang='lat' dir='ltr'><strong>de</strong></span> <span class='ocrx_word' id='word_1_262' title='bbox 2935 1823 3274 1896; x_wconf 70' lang='lat' dir='ltr'><strong>pmnitentia:</strong></span> <span class='ocrx_word' id='word_1_263' title='bbox 3335 1822 3629 1893; x_wconf 85' lang='lat' dir='ltr'><strong>qualitate,</strong></span> <span class='ocrx_word' id='word_1_264' title='bbox 3689 1821 3791 1878; x_wconf 83' lang='lat' dir='ltr'><strong>sed</strong></span> 
     </span>
    </p>
   </div>
   <div class='ocr_carea' id='block_1_43' title="bbox 2175 1915 3787 1992">
    <p class='ocr_par' dir='ltr' id='par_1_43' title="bbox 2175 1915 3787 1992">
     <span class='ocr_line' id='line_1_44' title="bbox 2175 1915 3787 1992; baseline -0.004 -15"><span class='ocrx_word' id='word_1_265' title='bbox 2175 1920 2242 1977; x_wconf 89' lang='lat' dir='ltr'><strong>de</strong></span> <span class='ocrx_word' id='word_1_266' title='bbox 2265 1920 2383 1992; x_wconf 83' lang='lat' dir='ltr'><strong>ejus</strong></span> <span class='ocrx_word' id='word_1_267' title='bbox 2409 1919 2519 1976; x_wconf 87' lang='lat' dir='ltr'><strong>ﬁne</strong></span> <span class='ocrx_word' id='word_1_268' title='bbox 2550 1919 2828 1992; x_wconf 85' lang='lat' dir='ltr'><strong>proposita</strong></span> <span class='ocrx_word' id='word_1_269' title='bbox 2862 1927 2966 1987; x_wconf 87' lang='lat' dir='ltr'><strong>est,</strong></span> <span class='ocrx_word' id='word_1_270' title='bbox 3005 1926 3063 1974; x_wconf 90' lang='lat' dir='ltr'><strong>et</strong></span> <span class='ocrx_word' id='word_1_271' title='bbox 3102 1917 3170 1974; x_wconf 91' lang='lat' dir='ltr'><strong>de</strong></span> <span class='ocrx_word' id='word_1_272' title='bbox 3202 1915 3603 1973; x_wconf 84' lang='lat' dir='ltr'><strong>satisfactionis</strong></span> <span class='ocrx_word' id='word_1_273' title='bbox 3639 1915 3787 1971; x_wconf 83' lang='lat' dir='ltr'><strong>indi-</strong></span> 
     </span>
    </p>
   </div>
   <div class='ocr_carea' id='block_1_44' title="bbox 2174 2011 3778 2086">
    <p class='ocr_par' dir='ltr' id='par_1_44' title="bbox 2174 2011 3778 2086">
     <span class='ocr_line' id='line_1_45' title="bbox 2174 2011 3778 2086; baseline -0.004 -15"><span class='ocrx_word' id='word_1_274' title='bbox 2174 2016 2280 2082; x_wconf 90' lang='lat' dir='ltr'><strong>cio,</strong></span> <span class='ocrx_word' id='word_1_275' title='bbox 2312 2015 2384 2071; x_wconf 91' lang='lat' dir='ltr'><strong>ad</strong></span> <span class='ocrx_word' id='word_1_276' title='bbox 2413 2029 2579 2086; x_wconf 90' lang='lat' dir='ltr'><strong>quam</strong></span> <span class='ocrx_word' id='word_1_277' title='bbox 2607 2028 2850 2086; x_wconf 90' lang='lat' dir='ltr'><strong>congrue</strong></span> <span class='ocrx_word' id='word_1_278' title='bbox 2879 2013 2962 2086; x_wconf 92' lang='lat' dir='ltr'><strong>(ut</strong></span> <span class='ocrx_word' id='word_1_279' title='bbox 2983 2011 3241 2078; x_wconf 89' lang='lat' dir='ltr'><strong>arbitror)</strong></span> <span class='ocrx_word' id='word_1_280' title='bbox 3276 2019 3778 2082; x_wconf 77' lang='lat' dir='ltr'><strong>consequenterun</strong></span> 
     </span>
    </p>
   </div>
   <div class='ocr_carea' id='block_1_45' title="bbox 2175 2106 3781 2183">
    <p class='ocr_par' dir='ltr' id='par_1_45' title="bbox 2175 2106 3781 2183">
     <span class='ocr_line' id='line_1_46' title="bbox 2175 2106 3781 2183; baseline -0.002 -17"><span class='ocrx_word' id='word_1_281' title='bbox 2175 2125 2500 2183; x_wconf 88' lang='lat' dir='ltr'><strong>responsum</strong></span> <span class='ocrx_word' id='word_1_282' title='bbox 2529 2118 2630 2166; x_wconf 90' lang='lat' dir='ltr'><strong>est.</strong></span> <span class='ocrx_word' id='word_1_283' title='bbox 2671 2113 2944 2167; x_wconf 66' lang='lat' dir='ltr'><strong>Caeterum</strong></span> <span class='ocrx_word' id='word_1_284' title='bbox 2971 2107 3078 2164; x_wconf 90' lang='lat' dir='ltr'><strong>hoc</strong></span> <span class='ocrx_word' id='word_1_285' title='bbox 3099 2110 3124 2139; x_wconf 74' lang='grc' dir='ltr'>α</span> <span class='ocrx_word' id='word_1_286' title='bbox 3153 2106 3307 2180; x_wconf 91' lang='lat' dir='ltr'><strong>quod</strong></span> <span class='ocrx_word' id='word_1_287' title='bbox 3336 2106 3412 2163; x_wconf 89' lang='lat' dir='ltr'><strong>de</strong></span> <span class='ocrx_word' id='word_1_288' title='bbox 3436 2115 3781 2178; x_wconf 83' lang='lat' dir='ltr'><strong>peccatorum</strong></span> 
     </span>
    </p>
   </div>
   <div class='ocr_carea' id='block_1_46' title="bbox 2175 2202 3782 2267">
    <p class='ocr_par' dir='ltr' id='par_1_46' title="bbox 2175 2202 3782 2267">
     <span class='ocr_line' id='line_1_47' title="bbox 2175 2202 3782 2267; baseline -0.002 -6"><span class='ocrx_word' id='word_1_289' title='bbox 2175 2205 2553 2262; x_wconf 85' lang='lat' dir='ltr'><strong>recordatione</strong></span> <span class='ocrx_word' id='word_1_290' title='bbox 2591 2203 2810 2260; x_wconf 87' lang='lat' dir='ltr'><strong>dixistis</strong></span> <span class='ocrx_word' id='word_1_291' title='bbox 2839 2203 2973 2260; x_wconf 83' lang='lat' dir='ltr'><strong>utile</strong></span> <span class='ocrx_word' id='word_1_292' title='bbox 3001 2203 3134 2260; x_wconf 88' lang='lat' dir='ltr'><strong>satis</strong></span> <span class='ocrx_word' id='word_1_293' title='bbox 3178 2218 3244 2259; x_wconf 89' lang='lat' dir='ltr'><strong>ac</strong></span> <span class='ocrx_word' id='word_1_294' title='bbox 3275 2202 3665 2258; x_wconf 75' lang='lat' dir='ltr'><strong>necessarium</strong></span> <span class='ocrx_word' id='word_1_295' title='bbox 3690 2211 3782 2267; x_wconf 64' lang='lat' dir='ltr'><strong>at,</strong></span> 
     </span>
    </p>
   </div>
   <div class='ocr_carea' id='block_1_47' title="bbox 2171 2297 3784 2371">
    <p class='ocr_par' dir='ltr' id='par_1_47' title="bbox 2171 2297 3784 2371">
     <span class='ocr_line' id='line_1_48' title="bbox 2171 2297 3784 2371; baseline -0.004 -15"><span class='ocrx_word' id='word_1_296' title='bbox 2171 2297 2270 2356; x_wconf 90' lang='lat' dir='ltr'><strong>sed</strong></span> <span class='ocrx_word' id='word_1_297' title='bbox 2299 2298 2476 2356; x_wconf 89' lang='lat' dir='ltr'><strong>adhuc</strong></span> <span class='ocrx_word' id='word_1_298' title='bbox 2501 2298 2788 2371; x_wconf 87' lang='lat' dir='ltr'><strong>agentibus</strong></span> <span class='ocrx_word' id='word_1_299' title='bbox 2835 2297 3227 2371; x_wconf 79' lang='lat' dir='ltr'><strong>pcenitentiam,</strong></span> <span class='ocrx_word' id='word_1_300' title='bbox 3255 2305 3322 2352; x_wconf 87' lang='lat' dir='ltr'><strong>ut</strong></span> <span class='ocrx_word' id='word_1_301' title='bbox 3361 2313 3506 2352; x_wconf 86' lang='lat' dir='ltr'><strong>cum</strong></span> <span class='ocrx_word' id='word_1_302' title='bbox 3542 2297 3664 2369; x_wconf 85' lang='lat' dir='ltr'><strong>jugi</strong></span> <span class='ocrx_word' id='word_1_303' title='bbox 3694 2314 3784 2370; x_wconf 84' lang='lat' dir='ltr'><strong>pe-</strong></span> 
     </span>
    </p>
   </div>
   <div class='ocr_carea' id='block_1_48' title="bbox 2169 2391 3786 2465">
    <p class='ocr_par' dir='ltr' id='par_1_48' title="bbox 2169 2391 3786 2465">
     <span class='ocr_line' id='line_1_49' title="bbox 2169 2391 3786 2465; baseline -0.001 -16"><span class='ocrx_word' id='word_1_304' title='bbox 2169 2391 2334 2449; x_wconf 89' lang='lat' dir='ltr'><strong>ctoris</strong></span> <span class='ocrx_word' id='word_1_305' title='bbox 2363 2392 2449 2448; x_wconf 92' lang='lat' dir='ltr'><strong>sui</strong></span> <span class='ocrx_word' id='word_1_306' title='bbox 2473 2393 2798 2450; x_wconf 88' lang='lat' dir='ltr'><strong>contusione</strong></span> <span class='ocrx_word' id='word_1_307' title='bbox 2826 2391 3193 2465; x_wconf 85' lang='lat' dir='ltr'><strong>proclament,</strong></span> <span class='ocrx_word' id='word_1_308' title='bbox 3223 2393 3496 2459; x_wconf 65' lang='lat' dir='ltr'><strong>Quonam</strong></span> 
     </span>
    </p>
   </div>
   <div class='ocr_carea' id='block_1_49' title="bbox 1565 2571 2678 2629">
    <p class='ocr_par' dir='ltr' id='par_1_49' title="bbox 1565 2571 2678 2629">
     <span class='ocr_line' id='line_1_50' title="bbox 1565 2571 2678 2629; baseline 0.003 -6"><span class='ocrx_word' id='word_1_309' title='bbox 1565 2571 1823 2626; x_wconf 81' lang='lat' dir='ltr'><strong>ALARDI</strong></span> <span class='ocrx_word' id='word_1_310' title='bbox 1858 2571 2086 2627; x_wconf 68' lang='lat' dir='ltr'><strong>GAZAZI</strong></span> <span class='ocrx_word' id='word_1_311' title='bbox 2123 2571 2678 2629; x_wconf 82' lang='lat' dir='ltr'><strong>COMMENTARIUS.</strong></span> 
     </span>
    </p>
   </div>
   <div class='ocr_carea' id='block_1_50' title="bbox 534 2725 2057 2802">
    <p class='ocr_par' dir='ltr' id='par_1_50' title="bbox 534 2725 2057 2802">
     <span class='ocr_line' id='line_1_51' title="bbox 534 2725 2057 2802; baseline -0.003 -14"><span class='ocrx_word' id='word_1_312' title='bbox 534 2739 559 2768; x_wconf 73' lang='grc' dir='ltr'>ιι</span> <span class='ocrx_word' id='word_1_313' title='bbox 587 2730 878 2802; x_wconf 87' lang='lat' dir='ltr'><strong>Quomodo</strong></span> <span class='ocrx_word' id='word_1_314' title='bbox 919 2725 1384 2802; x_wconf 72' lang='lat' dir='ltr'><strong>credenda,cum</strong></span> <span class='ocrx_word' id='word_1_315' title='bbox 1411 2725 1562 2783; x_wconf 91' lang='lat' dir='ltr'><strong>dicat</strong></span> <span class='ocrx_word' id='word_1_316' title='bbox 1598 2727 2016 2802; x_wconf 84' lang='lat' dir='ltr'><strong>Ecclesiasticus</strong></span> <span class='ocrx_word' id='word_1_317' title='bbox 2045 2749 2057 2784; x_wconf 88' lang='lat'><strong>:</strong></span> 
     </span>
    </p>
   </div>
   <div class='ocr_carea' id='block_1_51' title="bbox 461 2800 2056 2874">
    <p class='ocr_par' dir='ltr' id='par_1_51' title="bbox 461 2800 2056 2874">
     <span class='ocr_line' id='line_1_52' title="bbox 461 2800 2056 2874; baseline -0.004 -14"><span class='ocrx_word' id='word_1_318' title='bbox 461 2809 538 2861; x_wconf 89' lang='lat' dir='ltr'><strong>De</strong></span> <span class='ocrx_word' id='word_1_319' title='bbox 558 2800 855 2874; x_wconf 77' lang='lat' dir='ltr'><strong>propitiato</strong></span> <span class='ocrx_word' id='word_1_320' title='bbox 884 2806 1096 2874; x_wconf 83' lang='lat' dir='ltr'><strong>peccato</strong></span> <span class='ocrx_word' id='word_1_321' title='bbox 1132 2800 1245 2854; x_wconf 90' lang='lat' dir='ltr'><strong>noli</strong></span> <span class='ocrx_word' id='word_1_322' title='bbox 1273 2814 1381 2854; x_wconf 90' lang='lat' dir='ltr'><strong>esse</strong></span> <span class='ocrx_word' id='word_1_323' title='bbox 1408 2802 1524 2854; x_wconf 85' lang='lat' dir='ltr'><strong>sine</strong></span> <span class='ocrx_word' id='word_1_324' title='bbox 1550 2805 1696 2854; x_wconf 89' lang='lat' dir='ltr'><strong>metu</strong></span> <span class='ocrx_word' id='word_1_325' title='bbox 1722 2801 1937 2874; x_wconf 10' lang='lat' dir='ltr'><strong>(Ecclesg.</strong></span> <span class='ocrx_word' id='word_1_326' title='bbox 1973 2801 2056 2866; x_wconf 86' lang='lat' dir='ltr'><strong>v).</strong></span> 
     </span>
    </p>
   </div>
   <div class='ocr_carea' id='block_1_52' title="bbox 465 2822 2060 2937">
    <p class='ocr_par' dir='ltr' id='par_1_52' title="bbox 465 2822 2060 2937">
     <span class='ocr_line' id='line_1_53' title="bbox 465 2822 2056 2874; baseline -0.004 -14"><span class='ocrx_word' id='word_1_327' title='bbox 465 2822 538 2861; x_wconf 72' lang='lat' dir='ltr'><strong>Ue</strong></span> <span class='ocrx_word' id='word_1_328' title='bbox 600 2822 855 2874; x_wconf 75' lang='lat' dir='ltr'><strong>rapinam</strong></span> <span class='ocrx_word' id='word_1_329' title='bbox 884 2822 1096 2871; x_wconf 73' lang='lat' dir='ltr'><strong>peccato</strong></span> <span class='ocrx_word' id='word_1_330' title='bbox 1132 2822 1245 2854; x_wconf 79' lang='lat' dir='ltr'><strong>nou</strong></span> <span class='ocrx_word' id='word_1_331' title='bbox 1273 2822 1381 2854; x_wconf 69' lang='lat'><strong><em>8556</em></strong></span> <span class='ocrx_word' id='word_1_332' title='bbox 1408 2822 1524 2854; x_wconf 71' lang='lat' dir='ltr'><strong>sine</strong></span> <span class='ocrx_word' id='word_1_333' title='bbox 1550 2822 1696 2854; x_wconf 74' lang='lat' dir='ltr'><strong>metu</strong></span> <span class='ocrx_word' id='word_1_334' title='bbox 1722 2822 1937 2865; x_wconf 66' lang='lat' dir='ltr'><strong>\LCCL-CS.</strong></span> <span class='ocrx_word' id='word_1_335' title='bbox 1979 2822 2056 2866; x_wconf 81' lang='grc' dir='ltr'><strong>γ).</strong></span> 
     </span>
     <span class='ocr_line' id='line_1_54' title="bbox 465 2822 2060 2937; baseline -0.004 -6"><span class='ocrx_word' id='word_1_336' title='bbox 465 2879 534 2931; x_wconf 86' lang='lat' dir='ltr'><strong>Et</strong></span> <span class='ocrx_word' id='word_1_337' title='bbox 547 2822 809 2932; x_wconf 51' lang='lat' dir='ltr'><strong>Ealomon</strong></span> <span class='ocrx_word' id='word_1_338' title='bbox 827 2890 840 2927; x_wconf 90' lang='lat'><strong>:</strong></span> <span class='ocrx_word' id='word_1_339' title='bbox 858 2875 1038 2929; x_wconf 83' lang='lat' dir='ltr'><strong>Nescit</strong></span> <span class='ocrx_word' id='word_1_340' title='bbox 1064 2872 1213 2925; x_wconf 88' lang='lat' dir='ltr'><strong>homo</strong></span> <span class='ocrx_word' id='word_1_341' title='bbox 1228 2875 1414 2924; x_wconf 87' lang='lat' dir='ltr'><strong>utrum</strong></span> <span class='ocrx_word' id='word_1_342' title='bbox 1432 2887 1609 2926; x_wconf 85' lang='lat' dir='ltr'><strong>amore</strong></span> <span class='ocrx_word' id='word_1_343' title='bbox 1623 2887 1696 2924; x_wconf 90' lang='lat' dir='ltr'><strong>an</strong></span> <span class='ocrx_word' id='word_1_344' title='bbox 1714 2871 1836 2924; x_wconf 88' lang='lat' dir='ltr'><strong>odio</strong></span> <span class='ocrx_word' id='word_1_345' title='bbox 1862 2869 2060 2937; x_wconf 88' lang='lat' dir='ltr'><strong>dignus</strong></span> 
     </span>
    </p>
   </div>
   <div class='ocr_carea' id='block_1_53' title="bbox 459 2939 2058 3013">
    <p class='ocr_par' dir='ltr' id='par_1_53' title="bbox 459 2939 2058 3013">
     <span class='ocr_line' id='line_1_55' title="bbox 459 2939 2058 3013; baseline -0.004 -10"><span class='ocrx_word' id='word_1_346' title='bbox 459 2950 532 3003; x_wconf 86' lang='lat' dir='ltr'><strong>sit</strong></span> <span class='ocrx_word' id='word_1_347' title='bbox 575 2947 790 3013; x_wconf 88' lang='lat' dir='ltr'><strong>(Eccles.</strong></span> <span class='ocrx_word' id='word_1_348' title='bbox 842 2944 966 3013; x_wconf 77' lang='lat' dir='ltr'><strong>1x)?</strong></span> <span class='ocrx_word' id='word_1_349' title='bbox 1010 2940 1325 3013; x_wconf 84' lang='lat' dir='ltr'><strong>Dicendum</strong></span> <span class='ocrx_word' id='word_1_350' title='bbox 1363 2950 1466 3009; x_wconf 90' lang='lat' dir='ltr'><strong>est,</strong></span> <span class='ocrx_word' id='word_1_351' title='bbox 1507 2940 1734 3013; x_wconf 83' lang='lat' dir='ltr'><strong>credere</strong></span> <span class='ocrx_word' id='word_1_352' title='bbox 1775 2939 1920 3013; x_wconf 88' lang='lat' dir='ltr'><strong>sumi</strong></span> <span class='ocrx_word' id='word_1_353' title='bbox 1957 2956 2058 3012; x_wconf 91' lang='lat' dir='ltr'><strong>pro</strong></span> 
     </span>
    </p>
   </div>
   <div class='ocr_carea' id='block_1_54' title="bbox 461 3010 2057 3084">
    <p class='ocr_par' dir='ltr' id='par_1_54' title="bbox 461 3010 2057 3084">
     <span class='ocr_line' id='line_1_56' title="bbox 461 3010 2057 3084; baseline -0.004 -11"><span class='ocrx_word' id='word_1_354' title='bbox 461 3010 755 3084; x_wconf 83' lang='lat' dir='ltr'><strong>conﬁdere,</strong></span> <span class='ocrx_word' id='word_1_355' title='bbox 779 3024 834 3070; x_wconf 88' lang='lat' dir='ltr'><strong>et</strong></span> <span class='ocrx_word' id='word_1_356' title='bbox 854 3010 1030 3069; x_wconf 51' lang='lat' dir='ltr'><strong>in&#39;hac</strong></span> <span class='ocrx_word' id='word_1_357' title='bbox 1043 3014 1129 3084; x_wconf 92' lang='lat' dir='ltr'><strong>pia</strong></span> <span class='ocrx_word' id='word_1_358' title='bbox 1146 3011 1354 3084; x_wconf 83' lang='lat' dir='ltr'><strong>ﬁducia</strong></span> <span class='ocrx_word' id='word_1_359' title='bbox 1375 3011 1662 3084; x_wconf 83' lang='lat' dir='ltr'><strong>tranquille</strong></span> <span class='ocrx_word' id='word_1_360' title='bbox 1677 3010 2022 3084; x_wconf 73' lang='lat' dir='ltr'><strong>acquiescere</strong></span> <span class='ocrx_word' id='word_1_361' title='bbox 2043 3030 2057 3067; x_wconf 91' lang='lat'>:</span> 
     </span>
    </p>
   </div>
   <div class='ocr_carea' id='block_1_55' title="bbox 459 3082 2059 3159">
    <p class='ocr_par' dir='ltr' id='par_1_55' title="bbox 459 3082 2059 3159">
     <span class='ocr_line' id='line_1_57' title="bbox 459 3082 2059 3159; baseline -0.002 -17"><span class='ocrx_word' id='word_1_362' title='bbox 459 3082 744 3159; x_wconf 88' lang='lat' dir='ltr'><strong>quomodo</strong></span> <span class='ocrx_word' id='word_1_363' title='bbox 766 3084 905 3141; x_wconf 89' lang='lat' dir='ltr'><strong>ﬁdes</strong></span> <span class='ocrx_word' id='word_1_364' title='bbox 920 3082 1106 3159; x_wconf 78' lang='lat' dir='ltr'><strong>etiam</strong></span> <span class='ocrx_word' id='word_1_365' title='bbox 1128 3098 1226 3154; x_wconf 89' lang='lat' dir='ltr'><strong>pro</strong></span> <span class='ocrx_word' id='word_1_366' title='bbox 1266 3083 1468 3159; x_wconf 85' lang='lat' dir='ltr'><strong>ﬁducia</strong></span> <span class='ocrx_word' id='word_1_367' title='bbox 1492 3082 1788 3154; x_wconf 76' lang='lat' dir='ltr'><strong>accipitur,</strong></span> <span class='ocrx_word' id='word_1_368' title='bbox 1810 3082 2059 3159; x_wconf 72' lang='lat' dir='ltr'><strong>Matthaei</strong></span> 
     </span>
    </p>
   </div>
   <div class='ocr_carea' id='block_1_56' title="bbox 460 3157 2055 3226">
    <p class='ocr_par' dir='ltr' id='par_1_56' title="bbox 460 3157 2055 3226">
     <span class='ocr_line' id='line_1_58' title="bbox 460 3157 2055 3226; baseline -0.003 -13"><span class='ocrx_word' id='word_1_369' title='bbox 460 3157 528 3213; x_wconf 66' lang='lat' dir='ltr'><strong>vr</strong></span> <span class='ocrx_word' id='word_1_370' title='bbox 558 3176 571 3208; x_wconf 87' lang='lat'><strong><em>:</em></strong></span> <span class='ocrx_word' id='word_1_371' title='bbox 603 3159 664 3214; x_wconf 91' lang='lat' dir='ltr'><strong>Si</strong></span> <span class='ocrx_word' id='word_1_372' title='bbox 700 3160 887 3224; x_wconf 86' lang='lat' dir='ltr'><strong>fenum</strong></span> <span class='ocrx_word' id='word_1_373' title='bbox 910 3158 1036 3226; x_wconf 85' lang='lat' dir='ltr'><strong>agri</strong></span> <span class='ocrx_word' id='word_1_374' title='bbox 1056 3157 1132 3226; x_wconf 83' lang='lat' dir='ltr'><strong>sic</strong></span> <span class='ocrx_word' id='word_1_375' title='bbox 1152 3157 1312 3210; x_wconf 77' lang='lat' dir='ltr'><strong>vestit</strong></span> <span class='ocrx_word' id='word_1_376' title='bbox 1339 3159 1497 3217; x_wconf 87' lang='lat' dir='ltr'><strong>Deus,</strong></span> <span class='ocrx_word' id='word_1_377' title='bbox 1521 3160 1723 3225; x_wconf 90' lang='lat' dir='ltr'><strong>quanto</strong></span> <span class='ocrx_word' id='word_1_378' title='bbox 1750 3157 1922 3223; x_wconf 88' lang='lat' dir='ltr'><strong>magis</strong></span> <span class='ocrx_word' id='word_1_379' title='bbox 1942 3171 2055 3223; x_wconf 84' lang='lat' dir='ltr'><strong>vos,</strong></span> 
     </span>
    </p>
   </div>
   <div class='ocr_carea' id='block_1_57' title="bbox 455 3225 2060 3299">
    <p class='ocr_par' dir='ltr' id='par_1_57' title="bbox 455 3225 2060 3299">
     <span class='ocr_line' id='line_1_59' title="bbox 455 3225 2060 3299; baseline -0.001 -16"><span class='ocrx_word' id='word_1_380' title='bbox 455 3229 676 3283; x_wconf 71' lang='lat' dir='ltr'><strong>modica:</strong></span> <span class='ocrx_word' id='word_1_381' title='bbox 688 3228 817 3299; x_wconf 75' lang='lat' dir='ltr'><strong>ﬁdei</strong></span> <span class='ocrx_word' id='word_1_382' title='bbox 827 3230 846 3282; x_wconf 89' lang='lat'><strong>.&#39;</strong></span> <span class='ocrx_word' id='word_1_383' title='bbox 869 3229 934 3282; x_wconf 85' lang='lat' dir='ltr'><strong>Et</strong></span> <span class='ocrx_word' id='word_1_384' title='bbox 949 3225 1147 3282; x_wconf 89' lang='lat' dir='ltr'><strong>Matth.</strong></span> <span class='ocrx_word' id='word_1_385' title='bbox 1167 3241 1277 3282; x_wconf 84' lang='lat' dir='ltr'><strong>xvr</strong></span> <span class='ocrx_word' id='word_1_386' title='bbox 1305 3245 1318 3280; x_wconf 90' lang='lat'><strong>:</strong></span> <span class='ocrx_word' id='word_1_387' title='bbox 1335 3228 1398 3282; x_wconf 91' lang='lat' dir='ltr'><strong>Si</strong></span> <span class='ocrx_word' id='word_1_388' title='bbox 1414 3227 1707 3281; x_wconf 80' lang='lat' dir='ltr'><strong>habueritis</strong></span> <span class='ocrx_word' id='word_1_389' title='bbox 1721 3227 1904 3299; x_wconf 82' lang='lat' dir='ltr'><strong>ﬁdem,</strong></span> <span class='ocrx_word' id='word_1_390' title='bbox 1919 3229 2060 3281; x_wconf 83' lang='lat' dir='ltr'><strong>sicut</strong></span> 
     </span>
    </p>
   </div>
   <div class='ocr_carea' id='block_1_58' title="bbox 459 3298 2060 3371">
    <p class='ocr_par' dir='ltr' id='par_1_58' title="bbox 459 3298 2060 3371">
     <span class='ocr_line' id='line_1_60' title="bbox 459 3298 2060 3371; baseline -0.002 -15"><span class='ocrx_word' id='word_1_391' title='bbox 459 3298 694 3371; x_wconf 82' lang='lat' dir='ltr'><strong>granum</strong></span> <span class='ocrx_word' id='word_1_392' title='bbox 714 3301 942 3371; x_wconf 82' lang='lat' dir='ltr'><strong>sinapis,</strong></span> <span class='ocrx_word' id='word_1_393' title='bbox 971 3307 1075 3354; x_wconf 88' lang='lat' dir='ltr'><strong>etc.</strong></span> <span class='ocrx_word' id='word_1_394' title='bbox 1102 3299 1175 3354; x_wconf 88' lang='lat' dir='ltr'><strong>Et</strong></span> <span class='ocrx_word' id='word_1_395' title='bbox 1197 3301 1319 3354; x_wconf 82' lang='lat' dir='ltr'><strong>Jac.</strong></span> <span class='ocrx_word' id='word_1_396' title='bbox 1348 3317 1370 3350; x_wconf 76' lang='grc' dir='ltr'><strong>ι</strong></span> <span class='ocrx_word' id='word_1_397' title='bbox 1394 3316 1406 3350; x_wconf 91' lang='lat'>:</span> <span class='ocrx_word' id='word_1_398' title='bbox 1435 3299 1667 3371; x_wconf 72' lang='lat' dir='ltr'><strong>Postulet</strong></span> <span class='ocrx_word' id='word_1_399' title='bbox 1687 3299 1747 3352; x_wconf 89' lang='lat' dir='ltr'><strong>in</strong></span> <span class='ocrx_word' id='word_1_400' title='bbox 1769 3298 1891 3368; x_wconf 82' lang='lat' dir='ltr'><strong>ﬁde,</strong></span> <span class='ocrx_word' id='word_1_401' title='bbox 1915 3300 2060 3352; x_wconf 88' lang='lat' dir='ltr'><strong>nihil</strong></span> 
     </span>
    </p>
   </div>
   <div class='ocr_carea' id='block_1_59' title="bbox 457 3369 2058 3440">
    <p class='ocr_par' dir='ltr' id='par_1_59' title="bbox 457 3369 2058 3440">
     <span class='ocr_line' id='line_1_61' title="bbox 457 3369 2058 3440; baseline -0.002 -12"><span class='ocrx_word' id='word_1_402' title='bbox 457 3369 732 3428; x_wconf 72' lang='lat' dir='ltr'><strong>hwsitans.</strong></span> <span class='ocrx_word' id='word_1_403' title='bbox 761 3369 925 3440; x_wconf 79' lang='lat' dir='ltr'><strong>Quod</strong></span> <span class='ocrx_word' id='word_1_404' title='bbox 939 3380 1123 3427; x_wconf 86' lang='lat' dir='ltr'><strong>autem</strong></span> <span class='ocrx_word' id='word_1_405' title='bbox 1145 3370 1282 3426; x_wconf 88' lang='lat' dir='ltr'><strong>citra</strong></span> <span class='ocrx_word' id='word_1_406' title='bbox 1307 3369 1706 3425; x_wconf 82' lang='lat' dir='ltr'><strong>revelationem</strong></span> <span class='ocrx_word' id='word_1_407' title='bbox 1729 3384 1895 3424; x_wconf 92' lang='lat' dir='ltr'><strong>nemo</strong></span> <span class='ocrx_word' id='word_1_408' title='bbox 1913 3376 2058 3440; x_wconf 78' lang='lat' dir='ltr'><strong>certa</strong></span> 
     </span>
    </p>
   </div>
   <div class='ocr_carea' id='block_1_60' title="bbox 459 3438 2059 3512">
    <p class='ocr_par' dir='ltr' id='par_1_60' title="bbox 459 3438 2059 3512">
     <span class='ocr_line' id='line_1_62' title="bbox 459 3438 2059 3512; baseline -0.003 -13"><span class='ocrx_word' id='word_1_409' title='bbox 459 3445 564 3500; x_wconf 90' lang='lat' dir='ltr'><strong>ﬁde</strong></span> <span class='ocrx_word' id='word_1_410' title='bbox 610 3453 707 3499; x_wconf 88' lang='lat' dir='ltr'><strong>aut</strong></span> <span class='ocrx_word' id='word_1_411' title='bbox 740 3438 1065 3512; x_wconf 76' lang='lat' dir='ltr'><strong>credulitate</strong></span> <span class='ocrx_word' id='word_1_412' title='bbox 1101 3455 1434 3510; x_wconf 73' lang='lat' dir='ltr'><strong>praesumere</strong></span> <span class='ocrx_word' id='word_1_413' title='bbox 1463 3450 1560 3496; x_wconf 90' lang='lat' dir='ltr'><strong>aut</strong></span> <span class='ocrx_word' id='word_1_414' title='bbox 1589 3440 1695 3496; x_wconf 90' lang='lat' dir='ltr'><strong>sibi</strong></span> <span class='ocrx_word' id='word_1_415' title='bbox 1726 3438 2059 3512; x_wconf 88' lang='lat' dir='ltr'><strong>persuadere</strong></span> 
     </span>
    </p>
   </div>
   <div class='ocr_carea' id='block_1_61' title="bbox 456 3511 2058 3582">
    <p class='ocr_par' dir='ltr' id='par_1_61' title="bbox 456 3511 2058 3582">
     <span class='ocr_line' id='line_1_63' title="bbox 456 3511 2058 3582; baseline -0.002 -14"><span class='ocrx_word' id='word_1_416' title='bbox 456 3516 656 3569; x_wconf 88' lang='lat' dir='ltr'><strong>debeat</strong></span> <span class='ocrx_word' id='word_1_417' title='bbox 682 3513 787 3567; x_wconf 88' lang='lat' dir='ltr'><strong>sibi</strong></span> <span class='ocrx_word' id='word_1_418' title='bbox 818 3511 1045 3582; x_wconf 80' lang='lat' dir='ltr'><strong>remissa</strong></span> <span class='ocrx_word' id='word_1_419' title='bbox 1074 3525 1207 3582; x_wconf 83' lang='lat' dir='ltr'><strong>_esse</strong></span> <span class='ocrx_word' id='word_1_420' title='bbox 1248 3518 1499 3582; x_wconf 79' lang='lat' dir='ltr'><strong>peccata,</strong></span> <span class='ocrx_word' id='word_1_421' title='bbox 1529 3511 1742 3582; x_wconf 61' lang='lat' dir='ltr'><strong>prater</strong></span> <span class='ocrx_word' id='word_1_422' title='bbox 1754 3511 1874 3582; x_wconf 85' lang='lat' dir='ltr'><strong>illas</strong></span> <span class='ocrx_word' id='word_1_423' title='bbox 1899 3527 2058 3582; x_wconf 87' lang='lat' dir='ltr'><strong>aper-</strong></span> 
     </span>
    </p>
   </div>
   <div class='ocr_carea' id='block_1_62' title="bbox 457 3578 2057 3638">
    <p class='ocr_par' dir='ltr' id='par_1_62' title="bbox 457 3578 2057 3638">
     <span class='ocr_line' id='line_1_64' title="bbox 457 3578 2057 3638; baseline -0.001 0"><span class='ocrx_word' id='word_1_424' title='bbox 457 3583 698 3638; x_wconf 88' lang='lat' dir='ltr'><strong>tissimas</strong></span> <span class='ocrx_word' id='word_1_425' title='bbox 725 3580 1022 3638; x_wconf 62' lang='lat' dir='ltr'><strong>Scriptura;</strong></span> <span class='ocrx_word' id='word_1_426' title='bbox 1059 3578 1266 3634; x_wconf 65' lang='lat' dir='ltr'><strong>divinai</strong></span> <span class='ocrx_word' id='word_1_427' title='bbox 1285 3578 1644 3634; x_wconf 85' lang='lat' dir='ltr'><strong>auctoritates</strong></span> <span class='ocrx_word' id='word_1_428' title='bbox 1671 3579 1836 3635; x_wconf 90' lang='lat' dir='ltr'><strong>docet</strong></span> <span class='ocrx_word' id='word_1_429' title='bbox 1862 3578 2057 3637; x_wconf 82' lang='lat' dir='ltr'><strong>itidem</strong></span> 
     </span>
    </p>
   </div>
   <div class='ocr_carea' id='block_1_63' title="bbox 457 3649 2057 3785">
    <p class='ocr_par' dir='ltr' id='par_1_63' title="bbox 457 3649 2057 3785">
     <span class='ocr_line' id='line_1_65' title="bbox 457 3649 2057 3731; baseline -0.001 -23"><span class='ocrx_word' id='word_1_430' title='bbox 457 3651 697 3725; x_wconf 80' lang='lat' dir='ltr'><strong>synodus</strong></span> <span class='ocrx_word' id='word_1_431' title='bbox 730 3649 1043 3731; x_wconf 76' lang='lat' dir='ltr'><strong>Tridentina</strong></span> <span class='ocrx_word' id='word_1_432' title='bbox 1084 3649 1241 3731; x_wconf 75' lang='lat' dir='ltr'><strong>(Sess.</strong></span> <span class='ocrx_word' id='word_1_433' title='bbox 1287 3653 1321 3702; x_wconf 88' lang='lat'><strong>6</strong></span> <span class='ocrx_word' id='word_1_434' title='bbox 1367 3663 1484 3729; x_wconf 82' lang='lat' dir='ltr'><strong>cap.</strong></span> <span class='ocrx_word' id='word_1_435' title='bbox 1516 3652 1570 3713; x_wconf 89' lang='lat'><strong>9)</strong></span> <span class='ocrx_word' id='word_1_436' title='bbox 1599 3657 1790 3705; x_wconf 88' lang='lat' dir='ltr'><strong>contra</strong></span> <span class='ocrx_word' id='word_1_437' title='bbox 1838 3651 2057 3706; x_wconf 90' lang='lat' dir='ltr'><strong>inanem</strong></span> 
     </span>
     <span class='ocr_line' id='line_1_66' title="bbox 461 3718 2057 3785; baseline -0.003 -5"><span class='ocrx_word' id='word_1_438' title='bbox 461 3723 846 3780; x_wconf 69' lang='lat' dir='ltr'><strong>haereticorum</strong></span> <span class='ocrx_word' id='word_1_439' title='bbox 866 3720 1147 3782; x_wconf 79' lang='lat' dir='ltr'><strong>ﬁduciam,</strong></span> <span class='ocrx_word' id='word_1_440' title='bbox 1174 3719 1261 3774; x_wconf 76' lang='lat' dir='ltr'><strong>his</strong></span> <span class='ocrx_word' id='word_1_441' title='bbox 1282 3718 1462 3774; x_wconf 77' lang='lat' dir='ltr'><strong>verbis</strong></span> <span class='ocrx_word' id='word_1_442' title='bbox 1483 3739 1500 3773; x_wconf 93' lang='lat'><strong><em>:</em></strong></span> <span class='ocrx_word' id='word_1_443' title='bbox 1535 3723 1792 3785; x_wconf 77' lang='lat' dir='ltr'><strong>Quamvis</strong></span> <span class='ocrx_word' id='word_1_444' title='bbox 1815 3737 2057 3776; x_wconf 85' lang='lat' dir='ltr'><strong>necessa-</strong></span> 
     </span>
    </p>
   </div>
   <div class='ocr_carea' id='block_1_64' title="bbox 459 3791 2054 3862">
    <p class='ocr_par' dir='ltr' id='par_1_64' title="bbox 459 3791 2054 3862">
     <span class='ocr_line' id='line_1_67' title="bbox 459 3791 2054 3862; baseline -0.004 -10"><span class='ocrx_word' id='word_1_445' title='bbox 459 3798 608 3852; x_wconf 85' lang='lat' dir='ltr'><strong>rium</strong></span> <span class='ocrx_word' id='word_1_446' title='bbox 635 3798 707 3850; x_wconf 86' lang='lat' dir='ltr'><strong>sit</strong></span> <span class='ocrx_word' id='word_1_447' title='bbox 733 3794 943 3850; x_wconf 79' lang='lat' dir='ltr'><strong>credere</strong></span> <span class='ocrx_word' id='word_1_448' title='bbox 965 3807 1136 3862; x_wconf 84' lang='lat' dir='ltr'><strong>neque</strong></span> <span class='ocrx_word' id='word_1_449' title='bbox 1149 3791 1359 3845; x_wconf 77' lang='lat' dir='ltr'><strong>remitti</strong></span> <span class='ocrx_word' id='word_1_450' title='bbox 1375 3805 1544 3859; x_wconf 88' lang='lat' dir='ltr'><strong>neque</strong></span> <span class='ocrx_word' id='word_1_451' title='bbox 1561 3792 1783 3862; x_wconf 83' lang='lat' dir='ltr'><strong>remissa</strong></span> <span class='ocrx_word' id='word_1_452' title='bbox 1798 3807 2054 3859; x_wconf 88' lang='lat' dir='ltr'><strong>umquam</strong></span> 
     </span>
    </p>
   </div>
   <div class='ocr_carea' id='block_1_65' title="bbox 454 3861 2054 3938">
    <p class='ocr_par' dir='ltr' id='par_1_65' title="bbox 454 3861 2054 3938">
     <span class='ocr_line' id='line_1_68' title="bbox 454 3861 2054 3938; baseline -0.006 -13"><span class='ocrx_word' id='word_1_453' title='bbox 454 3871 622 3937; x_wconf 85' lang='lat' dir='ltr'><strong>fuisse</strong></span> <span class='ocrx_word' id='word_1_454' title='bbox 641 3871 876 3938; x_wconf 87' lang='lat' dir='ltr'><strong>peccata,</strong></span> <span class='ocrx_word' id='word_1_455' title='bbox 910 3867 1018 3938; x_wconf 82' lang='lat' dir='ltr'><strong>nisi</strong></span> <span class='ocrx_word' id='word_1_456' title='bbox 1035 3861 1208 3934; x_wconf 83' lang='lat' dir='ltr'><strong>gratis</strong></span> <span class='ocrx_word' id='word_1_457' title='bbox 1234 3862 1424 3938; x_wconf 75' lang='lat' dir='ltr'><strong>divina</strong></span> <span class='ocrx_word' id='word_1_458' title='bbox 1440 3861 2054 3938; x_wconf 72' lang='lat' dir='ltr'><strong>misericordiapmpter</strong></span> 
     </span>
    </p>
   </div>
   <div class='ocr_carea' id='block_1_66' title="bbox 449 3932 2050 4005">
    <p class='ocr_par' dir='ltr' id='par_1_66' title="bbox 449 3932 2050 4005">
     <span class='ocr_line' id='line_1_69' title="bbox 449 3932 2050 4005; baseline -0.005 -8"><span class='ocrx_word' id='word_1_459' title='bbox 449 3932 756 4005; x_wconf 74' lang='lat' dir='ltr'><strong>Christum;</strong></span> <span class='ocrx_word' id='word_1_460' title='bbox 784 3937 991 3991; x_wconf 86' lang='lat' dir='ltr'><strong>nemini</strong></span> <span class='ocrx_word' id='word_1_461' title='bbox 1016 3932 1195 3989; x_wconf 86' lang='lat' dir='ltr'><strong>tamen</strong></span> <span class='ocrx_word' id='word_1_462' title='bbox 1215 3933 1471 4005; x_wconf 82' lang='lat' dir='ltr'><strong>ﬁduciam</strong></span> <span class='ocrx_word' id='word_1_463' title='bbox 1494 3937 1545 3986; x_wconf 89' lang='lat' dir='ltr'><strong>et</strong></span> <span class='ocrx_word' id='word_1_464' title='bbox 1567 3932 1942 3987; x_wconf 86' lang='lat' dir='ltr'><strong>certitudinem</strong></span> <span class='ocrx_word' id='word_1_465' title='bbox 1963 3944 2050 3990; x_wconf 86' lang='lat' dir='ltr'><strong>re-</strong></span> 
     </span>
    </p>
   </div>
   <div class='ocr_carea' id='block_1_67' title="bbox 444 4002 2053 4079">
    <p class='ocr_par' dir='ltr' id='par_1_67' title="bbox 444 4002 2053 4079">
     <span class='ocr_line' id='line_1_70' title="bbox 444 4002 2053 4079; baseline -0.004 -11"><span class='ocrx_word' id='word_1_466' title='bbox 444 4013 716 4068; x_wconf 77' lang='lat' dir='ltr'><strong>missionis</strong></span> <span class='ocrx_word' id='word_1_467' title='bbox 732 4002 1066 4079; x_wconf 69' lang='lat' dir='ltr'><strong>peccatorum</strong></span> <span class='ocrx_word' id='word_1_468' title='bbox 1081 4019 1302 4079; x_wconf 80' lang='lat' dir='ltr'><strong>suorum</strong></span> <span class='ocrx_word' id='word_1_469' title='bbox 1307 4002 1621 4079; x_wconf 85' lang='lat' dir='ltr'><strong>jactanti,_et</strong></span> <span class='ocrx_word' id='word_1_470' title='bbox 1633 4006 1690 4079; x_wconf 79' lang='lat' dir='ltr'><strong>in</strong></span> <span class='ocrx_word' id='word_1_471' title='bbox 1705 4019 1768 4058; x_wconf 90' lang='lat' dir='ltr'><strong>ea</strong></span> <span class='ocrx_word' id='word_1_472' title='bbox 1781 4005 1896 4059; x_wconf 91' lang='lat' dir='ltr'><strong>sola</strong></span> <span class='ocrx_word' id='word_1_473' title='bbox 1910 4009 2053 4075; x_wconf 89' lang='lat' dir='ltr'><strong>quie-</strong></span> 
     </span>
    </p>
   </div>
   <div class='ocr_carea' id='block_1_68' title="bbox 443 4075 2049 4152">
    <p class='ocr_par' dir='ltr' id='par_1_68' title="bbox 443 4075 2049 4152">
     <span class='ocr_line' id='line_1_71' title="bbox 443 4075 2049 4152; baseline -0.004 -13"><span class='ocrx_word' id='word_1_474' title='bbox 443 4085 627 4145; x_wconf 89' lang='lat' dir='ltr'><strong>scenti,</strong></span> <span class='ocrx_word' id='word_1_475' title='bbox 646 4075 863 4152; x_wconf 75' lang='lat' dir='ltr'><strong>peccata</strong></span> <span class='ocrx_word' id='word_1_476' title='bbox 889 4079 1095 4152; x_wconf 82' lang='lat' dir='ltr'><strong>dimitti</strong></span> <span class='ocrx_word' id='word_1_477' title='bbox 1113 4077 1198 4132; x_wconf 80' lang='lat' dir='ltr'><strong>vel</strong></span> <span class='ocrx_word' id='word_1_478' title='bbox 1217 4077 1444 4152; x_wconf 85' lang='lat' dir='ltr'><strong>dimissa</strong></span> <span class='ocrx_word' id='word_1_479' title='bbox 1458 4075 1779 4152; x_wconf 82' lang='lat' dir='ltr'><strong>credendum</strong></span> <span class='ocrx_word' id='word_1_480' title='bbox 1799 4081 1906 4144; x_wconf 90' lang='lat' dir='ltr'><strong>est;</strong></span> <span class='ocrx_word' id='word_1_481' title='bbox 1929 4094 2049 4142; x_wconf 84' lang='lat' dir='ltr'><strong>cum</strong></span> 
     </span>
    </p>
   </div>
   <div class='ocr_carea' id='block_1_69' title="bbox 444 4149 2048 4226">
    <p class='ocr_par' dir='ltr' id='par_1_69' title="bbox 444 4149 2048 4226">
     <span class='ocr_line' id='line_1_72' title="bbox 444 4149 2048 4226; baseline -0.004 -16"><span class='ocrx_word' id='word_1_482' title='bbox 444 4156 594 4226; x_wconf 86' lang='lat' dir='ltr'><strong>apud</strong></span> <span class='ocrx_word' id='word_1_483' title='bbox 612 4149 883 4226; x_wconf 57' lang='lat' dir='ltr'><strong>hiereticos</strong></span> <span class='ocrx_word' id='word_1_484' title='bbox 907 4154 958 4205; x_wconf 88' lang='lat' dir='ltr'><strong>et</strong></span> <span class='ocrx_word' id='word_1_485' title='bbox 969 4150 1330 4226; x_wconf 85' lang='lat' dir='ltr'><strong>schismaticos</strong></span> <span class='ocrx_word' id='word_1_486' title='bbox 1346 4149 1663 4226; x_wconf 85' lang='lat' dir='ltr'><strong>pos_sit_ess_e,</strong></span> <span class='ocrx_word' id='word_1_487' title='bbox 1685 4149 1844 4226; x_wconf 78' lang='lat' dir='ltr'><strong>immo</strong></span> <span class='ocrx_word' id='word_1_488' title='bbox 1863 4155 2048 4226; x_wconf 72' lang='lat' dir='ltr'><strong>nostra</strong></span> 
     </span>
    </p>
   </div>
   <div class='ocr_carea' id='block_1_70' title="bbox 445 4220 2046 4296">
    <p class='ocr_par' dir='ltr' id='par_1_70' title="bbox 445 4220 2046 4296">
     <span class='ocr_line' id='line_1_73' title="bbox 445 4220 2046 4296; baseline -0.001 -18"><span class='ocrx_word' id='word_1_489' title='bbox 445 4220 754 4296; x_wconf 73' lang='lat' dir='ltr'><strong>tempestate</strong></span> <span class='ocrx_word' id='word_1_490' title='bbox 780 4225 874 4284; x_wconf 87' lang='lat' dir='ltr'><strong>sit,</strong></span> <span class='ocrx_word' id='word_1_491' title='bbox 905 4227 968 4296; x_wconf 89' lang='lat' dir='ltr'><strong>et_</strong></span> <span class='ocrx_word' id='word_1_492' title='bbox 982 4237 1179 4296; x_wconf 84' lang='lat' dir='ltr'><strong>magna</strong></span> <span class='ocrx_word' id='word_1_493' title='bbox 1207 4223 1392 4296; x_wconf 73' lang='lat' dir='ltr'><strong>contra</strong></span> <span class='ocrx_word' id='word_1_494' title='bbox 1419 4220 1710 4296; x_wconf 74' lang='lat' dir='ltr'><strong>Ecclesium</strong></span> <span class='ocrx_word' id='word_1_495' title='bbox 1730 4220 2046 4296; x_wconf 79' lang='lat' dir='ltr'><strong>catholicam</strong></span> 
     </span>
    </p>
   </div>
   <div class='ocr_carea' id='block_1_71' title="bbox 442 4291 2050 4360">
    <p class='ocr_par' dir='ltr' id='par_1_71' title="bbox 442 4291 2050 4360">
     <span class='ocr_line' id='line_1_74' title="bbox 442 4291 2050 4360; baseline -0.001 -11"><span class='ocrx_word' id='word_1_496' title='bbox 442 4291 774 4349; x_wconf 73' lang='lat' dir='ltr'><strong>contentione</strong></span> <span class='ocrx_word' id='word_1_497' title='bbox 812 4293 1141 4360; x_wconf 65' lang='lat' dir='ltr'><strong>praedicetur</strong></span> <span class='ocrx_word' id='word_1_498' title='bbox 1166 4306 1310 4343; x_wconf 79' lang='lat' dir='ltr'><strong>vana</strong></span> <span class='ocrx_word' id='word_1_499' title='bbox 1338 4291 1451 4344; x_wconf 70' lang='lat' dir='ltr'><strong>haec</strong></span> <span class='ocrx_word' id='word_1_500' title='bbox 1477 4295 1527 4344; x_wconf 86' lang='lat' dir='ltr'><strong>et</strong></span> <span class='ocrx_word' id='word_1_501' title='bbox 1568 4291 1638 4344; x_wconf 90' lang='lat' dir='ltr'><strong>ab</strong></span> <span class='ocrx_word' id='word_1_502' title='bbox 1667 4293 1817 4344; x_wconf 86' lang='lat' dir='ltr'><strong>omni</strong></span> <span class='ocrx_word' id='word_1_503' title='bbox 1843 4293 2050 4360; x_wconf 84' lang='lat' dir='ltr'><strong>pietate</strong></span> 
     </span>
    </p>
   </div>
   <div class='ocr_carea' id='block_1_72' title="bbox 442 4360 2045 4432">
    <p class='ocr_par' dir='ltr' id='par_1_72' title="bbox 442 4360 2045 4432">
     <span class='ocr_line' id='line_1_75' title="bbox 442 4360 2045 4432; baseline -0.001 -14"><span class='ocrx_word' id='word_1_504' title='bbox 442 4369 649 4418; x_wconf 86' lang='lat' dir='ltr'><strong>remota</strong></span> <span class='ocrx_word' id='word_1_505' title='bbox 673 4363 896 4430; x_wconf 79' lang='lat' dir='ltr'><strong>ﬁducia.</strong></span> <span class='ocrx_word' id='word_1_506' title='bbox 921 4361 1026 4432; x_wconf 85' lang='lat' dir='ltr'><strong>Sed</strong></span> <span class='ocrx_word' id='word_1_507' title='bbox 1049 4376 1216 4428; x_wconf 89' lang='lat' dir='ltr'><strong>neque</strong></span> <span class='ocrx_word' id='word_1_508' title='bbox 1237 4360 1378 4413; x_wconf 86' lang='lat' dir='ltr'><strong>illud</strong></span> <span class='ocrx_word' id='word_1_509' title='bbox 1395 4362 1742 4415; x_wconf 87' lang='lat' dir='ltr'><strong>asserendum</strong></span> <span class='ocrx_word' id='word_1_510' title='bbox 1769 4367 1866 4425; x_wconf 87' lang='lat' dir='ltr'><strong>est,</strong></span> <span class='ocrx_word' id='word_1_511' title='bbox 1889 4379 2045 4432; x_wconf 88' lang='lat' dir='ltr'><strong>opor-</strong></span> 
     </span>
    </p>
   </div>
   <div class='ocr_carea' id='block_1_73' title="bbox 443 4430 2044 4500">
    <p class='ocr_par' dir='ltr' id='par_1_73' title="bbox 443 4430 2044 4500">
     <span class='ocr_line' id='line_1_76' title="bbox 443 4430 2044 4500; baseline 0 -13"><span class='ocrx_word' id='word_1_512' title='bbox 443 4439 554 4488; x_wconf 87' lang='lat' dir='ltr'><strong>tere</strong></span> <span class='ocrx_word' id='word_1_513' title='bbox 577 4448 660 4486; x_wconf 91' lang='lat' dir='ltr'><strong>eos</strong></span> <span class='ocrx_word' id='word_1_514' title='bbox 704 4433 802 4499; x_wconf 86' lang='lat' dir='ltr'><strong>qui</strong></span> <span class='ocrx_word' id='word_1_515' title='bbox 828 4432 948 4500; x_wconf 83' lang='lat' dir='ltr'><strong>fere</strong></span> <span class='ocrx_word' id='word_1_516' title='bbox 971 4430 1264 4497; x_wconf 79' lang='lat' dir='ltr'><strong>justiﬁcati</strong></span> <span class='ocrx_word' id='word_1_517' title='bbox 1298 4435 1424 4483; x_wconf 88' lang='lat' dir='ltr'><strong>sunt</strong></span> <span class='ocrx_word' id='word_1_518' title='bbox 1452 4432 1652 4500; x_wconf 87' lang='lat' dir='ltr'><strong>absque</strong></span> <span class='ocrx_word' id='word_1_519' title='bbox 1681 4433 1800 4485; x_wconf 87' lang='lat' dir='ltr'><strong>ulla</strong></span> <span class='ocrx_word' id='word_1_520' title='bbox 1833 4430 2044 4488; x_wconf 75' lang='lat' dir='ltr'><strong>omnino</strong></span> 
     </span>
    </p>
   </div>
   <div class='ocr_carea' id='block_1_74' title="bbox 441 4499 2044 4573">
    <p class='ocr_par' dir='ltr' id='par_1_74' title="bbox 441 4499 2044 4573">
     <span class='ocr_line' id='line_1_77' title="bbox 441 4499 2044 4573; baseline -0.009 -14"><span class='ocrx_word' id='word_1_521' title='bbox 441 4504 780 4559; x_wconf 87' lang='lat' dir='ltr'><strong>dubitatione</strong></span> <span class='ocrx_word' id='word_1_522' title='bbox 805 4499 955 4569; x_wconf 83' lang='lat' dir='ltr'><strong>apud</strong></span> <span class='ocrx_word' id='word_1_523' title='bbox 977 4501 1279 4573; x_wconf 80' lang='lat' dir='ltr'><strong>semetipsos</strong></span> <span class='ocrx_word' id='word_1_524' title='bbox 1301 4503 1534 4573; x_wconf 77' lang='lat' dir='ltr'><strong>statuere</strong></span> <span class='ocrx_word' id='word_1_525' title='bbox 1557 4499 1611 4555; x_wconf 76' lang='lat' dir='ltr'><strong>Se</strong></span> <span class='ocrx_word' id='word_1_526' title='bbox 1639 4517 1748 4556; x_wconf 83' lang='lat' dir='ltr'><strong>esse</strong></span> <span class='ocrx_word' id='word_1_527' title='bbox 1767 4502 2044 4573; x_wconf 77' lang='lat' dir='ltr'><strong>justiﬁca-</strong></span> 
     </span>
    </p>
   </div>
   <div class='ocr_carea' id='block_1_75' title="bbox 443 4569 2048 4640">
    <p class='ocr_par' dir='ltr' id='par_1_75' title="bbox 443 4569 2048 4640">
     <span class='ocr_line' id='line_1_78' title="bbox 443 4569 2048 4640; baseline -0.001 -10"><span class='ocrx_word' id='word_1_528' title='bbox 443 4581 541 4639; x_wconf 87' lang='lat' dir='ltr'><strong>tos,</strong></span> <span class='ocrx_word' id='word_1_529' title='bbox 568 4575 936 4640; x_wconf 78' lang='lat' dir='ltr'><strong>neminemque</strong></span> <span class='ocrx_word' id='word_1_530' title='bbox 961 4585 996 4623; x_wconf 91' lang='lat' dir='ltr'><strong>a</strong></span> <span class='ocrx_word' id='word_1_531' title='bbox 1025 4570 1258 4639; x_wconf 82' lang='lat' dir='ltr'><strong>peccatis</strong></span> <span class='ocrx_word' id='word_1_532' title='bbox 1283 4569 1490 4622; x_wconf 83' lang='lat' dir='ltr'><strong>absolvi</strong></span> <span class='ocrx_word' id='word_1_533' title='bbox 1509 4586 1570 4624; x_wconf 88' lang='lat' dir='ltr'><strong>ac</strong></span> <span class='ocrx_word' id='word_1_534' title='bbox 1587 4569 2048 4640; x_wconf 60' lang='lat' dir='ltr'><strong>justiﬁcari,&#39;nisi</strong></span> 
     </span>
    </p>
   </div>
   <div class='ocr_carea' id='block_1_76' title="bbox 442 4641 2040 4717">
    <p class='ocr_par' dir='ltr' id='par_1_76' title="bbox 442 4641 2040 4717">
     <span class='ocr_line' id='line_1_79' title="bbox 442 4641 2040 4717; baseline -0.003 -14"><span class='ocrx_word' id='word_1_535' title='bbox 442 4664 560 4703; x_wconf 88' lang='lat' dir='ltr'><strong>eum</strong></span> <span class='ocrx_word' id='word_1_536' title='bbox 581 4649 679 4717; x_wconf 85' lang='lat' dir='ltr'><strong>qui</strong></span> <span class='ocrx_word' id='word_1_537' title='bbox 693 4648 833 4700; x_wconf 87' lang='lat' dir='ltr'><strong>certo</strong></span> <span class='ocrx_word' id='word_1_538' title='bbox 853 4641 1050 4717; x_wconf 77' lang='lat' dir='ltr'><strong>credat</strong></span> <span class='ocrx_word' id='word_1_539' title='bbox 1065 4641 1441 4717; x_wconf 82' lang='lat' dir='ltr'><strong>se_absolutum</strong></span> <span class='ocrx_word' id='word_1_540' title='bbox 1456 4645 1506 4717; x_wconf 79' lang='lat' dir='ltr'><strong>et</strong></span> <span class='ocrx_word' id='word_1_541' title='bbox 1522 4641 1882 4717; x_wconf 78' lang='lat' dir='ltr'><strong>justiﬁcatum</strong></span> <span class='ocrx_word' id='word_1_542' title='bbox 1901 4660 2040 4713; x_wconf 88' lang='lat' dir='ltr'><strong>esse;</strong></span> 
     </span>
    </p>
   </div>
   <div class='ocr_carea' id='block_1_77' title="bbox 440 4712 2045 4789">
    <p class='ocr_par' dir='ltr' id='par_1_77' title="bbox 440 4712 2045 4789">
     <span class='ocr_line' id='line_1_80' title="bbox 440 4712 2045 4789; baseline -0.003 -15"><span class='ocrx_word' id='word_1_543' title='bbox 440 4712 607 4789; x_wconf 79' lang='lat' dir='ltr'><strong>atque</strong></span> <span class='ocrx_word' id='word_1_544' title='bbox 626 4719 724 4772; x_wconf 87' lang='lat' dir='ltr'><strong>hac</strong></span> <span class='ocrx_word' id='word_1_545' title='bbox 742 4717 856 4772; x_wconf 85' lang='lat' dir='ltr'><strong>sola</strong></span> <span class='ocrx_word' id='word_1_546' title='bbox 876 4714 982 4789; x_wconf 77' lang='lat' dir='ltr'><strong>fide</strong></span> <span class='ocrx_word' id='word_1_547' title='bbox 994 4712 1905 4789; x_wconf 58' lang='lat' dir='ltr'><strong>absolutionemetjustiﬁcatipnem</strong></span> <span class='ocrx_word' id='word_1_548' title='bbox 1917 4712 2045 4787; x_wconf 82' lang='lat' dir='ltr'><strong>per-</strong></span> 
     </span>
    </p>
   </div>
   <div class='ocr_carea' id='block_1_78' title="bbox 439 4783 2042 4859">
    <p class='ocr_par' dir='ltr' id='par_1_78' title="bbox 439 4783 2042 4859">
     <span class='ocr_line' id='line_1_81' title="bbox 439 4783 2042 4859; baseline 0 -15"><span class='ocrx_word' id='word_1_549' title='bbox 439 4783 564 4859; x_wconf 80' lang='lat' dir='ltr'><strong>ﬁci:</strong></span> <span class='ocrx_word' id='word_1_550' title='bbox 595 4790 756 4858; x_wconf 88' lang='lat' dir='ltr'><strong>quasi</strong></span> <span class='ocrx_word' id='word_1_551' title='bbox 789 4789 887 4856; x_wconf 88' lang='lat' dir='ltr'><strong>qui</strong></span> <span class='ocrx_word' id='word_1_552' title='bbox 913 4787 1005 4840; x_wconf 87' lang='lat' dir='ltr'><strong>hoc</strong></span> <span class='ocrx_word' id='word_1_553' title='bbox 1031 4800 1137 4839; x_wconf 89' lang='lat' dir='ltr'><strong>non</strong></span> <span class='ocrx_word' id='word_1_554' title='bbox 1168 4785 1338 4859; x_wconf 74' lang='lat' dir='ltr'><strong>credit</strong></span> <span class='ocrx_word' id='word_1_555' title='bbox 1352 4783 1436 4859; x_wconf 80' lang='lat' dir='ltr'><strong>de</strong></span> <span class='ocrx_word' id='word_1_556' title='bbox 1448 4786 1547 4859; x_wconf 76' lang='lat' dir='ltr'><strong>Dei</strong></span> <span class='ocrx_word' id='word_1_557' title='bbox 1571 4787 1848 4859; x_wconf 73' lang='lat' dir='ltr'><strong>promissis</strong></span> <span class='ocrx_word' id='word_1_558' title='bbox 1870 4783 2042 4857; x_wconf 74' lang='lat' dir='ltr'><strong>deque</strong></span> 
     </span>
    </p>
   </div>
   <div class='ocr_carea' id='block_1_79' title="bbox 439 4856 2041 4924">
    <p class='ocr_par' dir='ltr' id='par_1_79' title="bbox 439 4856 2041 4924">
     <span class='ocr_line' id='line_1_82' title="bbox 439 4856 2041 4924; baseline -0.002 -10"><span class='ocrx_word' id='word_1_559' title='bbox 439 4856 626 4914; x_wconf 74' lang='lat' dir='ltr'><strong>mortis</strong></span> <span class='ocrx_word' id='word_1_560' title='bbox 653 4865 703 4914; x_wconf 92' lang='lat' dir='ltr'><strong>et</strong></span> <span class='ocrx_word' id='word_1_561' title='bbox 731 4859 1134 4912; x_wconf 82' lang='lat' dir='ltr'><strong>resurrectionis</strong></span> <span class='ocrx_word' id='word_1_562' title='bbox 1160 4856 1361 4912; x_wconf 83' lang='lat' dir='ltr'><strong>Christi</strong></span> <span class='ocrx_word' id='word_1_563' title='bbox 1377 4856 1619 4924; x_wconf 82' lang='lat' dir='ltr'><strong>efﬁcacia</strong></span> <span class='ocrx_word' id='word_1_564' title='bbox 1642 4857 1871 4912; x_wconf 88' lang='lat' dir='ltr'><strong>dubitet.</strong></span> <span class='ocrx_word' id='word_1_565' title='bbox 1899 4856 2041 4916; x_wconf 79' lang='lat' dir='ltr'><strong>Nam</strong></span> 
     </span>
    </p>
   </div>
   <div class='ocr_carea' id='block_1_80' title="bbox 2171 2715 3782 2801">
    <p class='ocr_par' dir='ltr' id='par_1_80' title="bbox 2171 2715 3782 2801">
     <span class='ocr_line' id='line_1_83' title="bbox 2171 2715 3782 2801; baseline 0.001 -17"><span class='ocrx_word' id='word_1_566' title='bbox 2171 2729 2255 2784; x_wconf 92' lang='lat' dir='ltr'><strong>cui</strong></span> <span class='ocrx_word' id='word_1_567' title='bbox 2285 2737 2337 2784; x_wconf 88' lang='lat' dir='ltr'><strong>et</strong></span> <span class='ocrx_word' id='word_1_568' title='bbox 2359 2729 2716 2801; x_wconf 89' lang='lat' dir='ltr'><strong>consequenti</strong></span> <span class='ocrx_word' id='word_1_569' title='bbox 2743 2744 2864 2800; x_wconf 86' lang='lat' dir='ltr'><strong>cap.</strong></span> <span class='ocrx_word' id='word_1_570' title='bbox 2901 2745 2931 2784; x_wconf 87' lang='lat' dir='ltr'><strong>a</strong></span> <span class='ocrx_word' id='word_1_571' title='bbox 2961 2729 3176 2785; x_wconf 90' lang='lat' dir='ltr'><strong>Pinuﬁo</strong></span> <span class='ocrx_word' id='word_1_572' title='bbox 3205 2715 3578 2801; x_wconf 75' lang='lat' dir='ltr'><strong>respondetur.</strong></span> <span class='ocrx_word' id='word_1_573' title='bbox 3610 2731 3782 2786; x_wconf 84' lang='lat' dir='ltr'><strong>Hanc</strong></span> 
     </span>
    </p>
   </div>
   <div class='ocr_carea' id='block_1_81' title="bbox 2167 2800 3780 2871">
    <p class='ocr_par' dir='ltr' id='par_1_81' title="bbox 2167 2800 3780 2871">
     <span class='ocr_line' id='line_1_84' title="bbox 2167 2800 3780 2871; baseline 0.002 -17"><span class='ocrx_word' id='word_1_574' title='bbox 2167 2801 2317 2854; x_wconf 91' lang='lat' dir='ltr'><strong>enim</strong></span> <span class='ocrx_word' id='word_1_575' title='bbox 2364 2800 2853 2870; x_wconf 90' lang='lat' dir='ltr'><strong>interrogationem</strong></span> <span class='ocrx_word' id='word_1_576' title='bbox 2894 2801 3154 2871; x_wconf 91' lang='lat' dir='ltr'><strong>supponit</strong></span> <span class='ocrx_word' id='word_1_577' title='bbox 3202 2800 3320 2856; x_wconf 64' lang='lat' dir='ltr'><strong>hinc</strong></span> <span class='ocrx_word' id='word_1_578' title='bbox 3353 2801 3646 2871; x_wconf 85' lang='lat' dir='ltr'><strong>responsio</strong></span> <span class='ocrx_word' id='word_1_579' title='bbox 3669 2843 3687 2870; x_wconf 88' lang='lat'><strong>,</strong></span> <span class='ocrx_word' id='word_1_580' title='bbox 3718 2812 3780 2857; x_wconf 86' lang='lat' dir='ltr'><strong>ut</strong></span> 
     </span>
    </p>
   </div>
   <div class='ocr_carea' id='block_1_82' title="bbox 2168 2871 3777 2941">
    <p class='ocr_par' dir='ltr' id='par_1_82' title="bbox 2168 2871 3777 2941">
     <span class='ocr_line' id='line_1_85' title="bbox 2168 2871 3777 2941; baseline 0.002 -17"><span class='ocrx_word' id='word_1_581' title='bbox 2168 2885 2266 2941; x_wconf 88' lang='lat' dir='ltr'><strong>per</strong></span> <span class='ocrx_word' id='word_1_582' title='bbox 2288 2885 2347 2926; x_wconf 90' lang='lat' dir='ltr'><strong>se</strong></span> <span class='ocrx_word' id='word_1_583' title='bbox 2374 2878 2543 2941; x_wconf 90' lang='lat' dir='ltr'><strong>patet.</strong></span> <span class='ocrx_word' id='word_1_584' title='bbox 2575 2871 2806 2927; x_wconf 88' lang='lat' dir='ltr'><strong>Perinde</strong></span> <span class='ocrx_word' id='word_1_585' title='bbox 2825 2887 2950 2927; x_wconf 90' lang='lat' dir='ltr'><strong>eam</strong></span> <span class='ocrx_word' id='word_1_586' title='bbox 2981 2887 3083 2941; x_wconf 78' lang='lat' dir='ltr'><strong>suo</strong></span> <span class='ocrx_word' id='word_1_587' title='bbox 3108 2871 3232 2928; x_wconf 89' lang='lat' dir='ltr'><strong>loco</strong></span> <span class='ocrx_word' id='word_1_588' title='bbox 3259 2872 3546 2927; x_wconf 86' lang='lat' dir='ltr'><strong>restituere</strong></span> <span class='ocrx_word' id='word_1_589' title='bbox 3575 2888 3777 2928; x_wconf 87' lang='lat' dir='ltr'><strong>neces-</strong></span> 
     </span>
    </p>
   </div>
   <div class='ocr_carea' id='block_1_83' title="bbox 2167 2933 3778 3068">
    <p class='ocr_par' dir='ltr' id='par_1_83' title="bbox 2167 2933 3778 3068">
     <span class='ocr_line' id='line_1_86' title="bbox 2167 2933 3778 3068; baseline 0.002 -72"><span class='ocrx_word' id='word_1_590' title='bbox 2167 2933 2678 3068; x_wconf 53' lang='lat' dir='ltr'><strong>sarigm&#39;duximus,</strong></span> <span class='ocrx_word' id='word_1_591' title='bbox 2699 2944 2787 2999; x_wconf 93' lang='lat' dir='ltr'><strong>cui</strong></span> <span class='ocrx_word' id='word_1_592' title='bbox 2820 2951 2875 3000; x_wconf 88' lang='lat' dir='ltr'><strong>et</strong></span> <span class='ocrx_word' id='word_1_593' title='bbox 2902 2933 3243 3016; x_wconf 61' lang='lat' dir='ltr'><strong>paraphrasis</strong></span> <span class='ocrx_word' id='word_1_594' title='bbox 3269 2943 3616 3015; x_wconf 80' lang='lat' dir='ltr'><strong>Dionysiana</strong></span> <span class='ocrx_word' id='word_1_595' title='bbox 3642 2961 3778 3000; x_wconf 85' lang='lat' dir='ltr'><strong>con-</strong></span> 
     </span>
     <span class='ocr_line' id='line_1_87' title="bbox 2168 3023 2378 3068; baseline 0 0"><span class='ocrx_word' id='word_1_596' title='bbox 2168 3028 2264 3068; x_wconf 91' lang='lat' dir='ltr'><strong>cor</strong></span> <span class='ocrx_word' id='word_1_597' title='bbox 2304 3023 2378 3068; x_wconf 89' lang='lat' dir='ltr'><strong>at.</strong></span> 
     </span>
    </p>
   </div>
   <div class='ocr_carea' id='block_1_84' title="bbox 2168 3023 2378 3068">
    <p class='ocr_par' dir='ltr' id='par_1_84' title="bbox 2168 3023 2378 3068">
     <span class='ocr_line' id='line_1_88' title="bbox 2168 3023 2378 3068; baseline 0 0"><span class='ocrx_word' id='word_1_598' title='bbox 2168 3023 2378 3068; x_wconf 87' lang='lat' dir='ltr'><strong>cordat.</strong></span> 
     </span>
    </p>
   </div>
   <div class='ocr_carea' id='block_1_85' title="bbox 2239 3084 3777 3158">
    <p class='ocr_par' dir='ltr' id='par_1_85' title="bbox 2239 3084 3777 3158">
     <span class='ocr_line' id='line_1_89' title="bbox 2239 3084 3777 3158; baseline 0 -18"><span class='ocrx_word' id='word_1_599' title='bbox 2239 3095 2260 3120; x_wconf 80' lang='lat'><strong>&#39;=</strong></span> <span class='ocrx_word' id='word_1_600' title='bbox 2304 3085 2729 3158; x_wconf 85' lang='lat' dir='ltr'><strong>Chrysostomus</strong></span> <span class='ocrx_word' id='word_1_601' title='bbox 2777 3084 2872 3140; x_wconf 91' lang='lat' dir='ltr'><strong>lib.</strong></span> <span class='ocrx_word' id='word_1_602' title='bbox 2918 3101 2939 3141; x_wconf 86' lang='grc' dir='ltr'><strong>ι</strong></span> <span class='ocrx_word' id='word_1_603' title='bbox 2968 3084 3049 3158; x_wconf 85' lang='lat' dir='ltr'><strong>de</strong></span> <span class='ocrx_word' id='word_1_604' title='bbox 3076 3085 3523 3156; x_wconf 87' lang='lat' dir='ltr'><strong>Compunctione</strong></span> <span class='ocrx_word' id='word_1_605' title='bbox 3553 3087 3777 3143; x_wconf 89' lang='lat' dir='ltr'><strong>cordis:</strong></span> 
     </span>
    </p>
   </div>
   <div class='ocr_carea' id='block_1_86' title="bbox 2167 3157 3776 3228">
    <p class='ocr_par' dir='ltr' id='par_1_86' title="bbox 2167 3157 3776 3228">
     <span class='ocr_line' id='line_1_90' title="bbox 2167 3157 3776 3228; baseline 0.002 -17"><span class='ocrx_word' id='word_1_606' title='bbox 2167 3158 2277 3211; x_wconf 88' lang='lat' dir='ltr'><strong>Hoc</strong></span> <span class='ocrx_word' id='word_1_607' title='bbox 2317 3157 2487 3224; x_wconf 82' lang='lat' dir='ltr'><strong>solum</strong></span> <span class='ocrx_word' id='word_1_608' title='bbox 2527 3162 2624 3220; x_wconf 89' lang='lat' dir='ltr'><strong>est,</strong></span> <span class='ocrx_word' id='word_1_609' title='bbox 2665 3157 2860 3228; x_wconf 88' lang='lat' dir='ltr'><strong>inquit,</strong></span> <span class='ocrx_word' id='word_1_610' title='bbox 2909 3157 3053 3226; x_wconf 87' lang='lat' dir='ltr'><strong>quod</strong></span> <span class='ocrx_word' id='word_1_611' title='bbox 3095 3159 3408 3227; x_wconf 77' lang='lat' dir='ltr'><strong>eaposcitur</strong></span> <span class='ocrx_word' id='word_1_612' title='bbox 3436 3175 3474 3211; x_wconf 87' lang='lat' dir='ltr'><strong>a</strong></span> <span class='ocrx_word' id='word_1_613' title='bbox 3500 3159 3688 3223; x_wconf 75' lang='lat' dir='ltr'><strong>nobis,</strong></span> <span class='ocrx_word' id='word_1_614' title='bbox 3720 3165 3776 3213; x_wconf 83' lang='lat' dir='ltr'><strong>ut</strong></span> 
     </span>
    </p>
   </div>
   <div class='ocr_carea' id='block_1_87' title="bbox 2165 3228 3777 3297">
    <p class='ocr_par' dir='ltr' id='par_1_87' title="bbox 2165 3228 3777 3297">
     <span class='ocr_line' id='line_1_91' title="bbox 2165 3228 3777 3297; baseline 0.001 -15"><span class='ocrx_word' id='word_1_615' title='bbox 2165 3243 2371 3297; x_wconf 87' lang='lat' dir='ltr'><strong>semper</strong></span> <span class='ocrx_word' id='word_1_616' title='bbox 2420 3228 2495 3282; x_wconf 88' lang='lat' dir='ltr'><strong>ad</strong></span> <span class='ocrx_word' id='word_1_617' title='bbox 2525 3231 2760 3283; x_wconf 88' lang='lat' dir='ltr'><strong>animum</strong></span> <span class='ocrx_word' id='word_1_618' title='bbox 2790 3244 3085 3282; x_wconf 77' lang='lat' dir='ltr'><strong>revocemus</strong></span> <span class='ocrx_word' id='word_1_619' title='bbox 3121 3230 3265 3282; x_wconf 86' lang='lat' dir='ltr'><strong>mala</strong></span> <span class='ocrx_word' id='word_1_620' title='bbox 3303 3235 3515 3291; x_wconf 82' lang='lat' dir='ltr'><strong>nostra,</strong></span> <span class='ocrx_word' id='word_1_621' title='bbox 3565 3238 3619 3284; x_wconf 85' lang='lat' dir='ltr'><strong>et</strong></span> <span class='ocrx_word' id='word_1_622' title='bbox 3656 3247 3777 3284; x_wconf 80' lang='lat' dir='ltr'><strong>con-</strong></span> 
     </span>
    </p>
   </div>
   <div class='ocr_carea' id='block_1_88' title="bbox 2163 3300 3775 3368">
    <p class='ocr_par' dir='ltr' id='par_1_88' title="bbox 2163 3300 3775 3368">
     <span class='ocr_line' id='line_1_92' title="bbox 2163 3300 3775 3368; baseline 0.002 -15"><span class='ocrx_word' id='word_1_623' title='bbox 2163 3302 2442 3354; x_wconf 83' lang='lat' dir='ltr'><strong>scientiam</strong></span> <span class='ocrx_word' id='word_1_624' title='bbox 2453 3305 2717 3368; x_wconf 86' lang='lat' dir='ltr'><strong>gestorum</strong></span> <span class='ocrx_word' id='word_1_625' title='bbox 2736 3306 3039 3354; x_wconf 81' lang='lat' dir='ltr'><strong>nostrorum</strong></span> <span class='ocrx_word' id='word_1_626' title='bbox 3056 3300 3345 3354; x_wconf 81' lang='lat' dir='ltr'><strong>habeamus</strong></span> <span class='ocrx_word' id='word_1_627' title='bbox 3363 3307 3494 3356; x_wconf 83' lang='lat' dir='ltr'><strong>ante</strong></span> <span class='ocrx_word' id='word_1_628' title='bbox 3513 3303 3775 3368; x_wconf 84' lang='lat' dir='ltr'><strong>oculos,ut</strong></span> 
     </span>
    </p>
   </div>
   <div class='ocr_carea' id='block_1_89' title="bbox 2160 3372 3773 3442">
    <p class='ocr_par' dir='ltr' id='par_1_89' title="bbox 2160 3372 3773 3442">
     <span class='ocr_line' id='line_1_93' title="bbox 2160 3372 3773 3442; baseline 0.002 -18"><span class='ocrx_word' id='word_1_629' title='bbox 2160 3385 2263 3440; x_wconf 88' lang='lat' dir='ltr'><strong>pro</strong></span> <span class='ocrx_word' id='word_1_630' title='bbox 2295 3372 2384 3426; x_wconf 84' lang='lat' dir='ltr'><strong>his</strong></span> <span class='ocrx_word' id='word_1_631' title='bbox 2430 3372 2784 3440; x_wconf 87' lang='lat' dir='ltr'><strong>supplicemus</strong></span> <span class='ocrx_word' id='word_1_632' title='bbox 2808 3375 2942 3437; x_wconf 87' lang='lat' dir='ltr'><strong>Deo,</strong></span> <span class='ocrx_word' id='word_1_633' title='bbox 2992 3375 3041 3424; x_wconf 88' lang='lat' dir='ltr'><strong>et</strong></span> <span class='ocrx_word' id='word_1_634' title='bbox 3083 3372 3381 3439; x_wconf 78' lang='lat' dir='ltr'><strong>gehennam</strong></span> <span class='ocrx_word' id='word_1_635' title='bbox 3420 3389 3694 3442; x_wconf 80' lang='lat' dir='ltr'><strong>ponamus</strong></span> <span class='ocrx_word' id='word_1_636' title='bbox 3723 3378 3773 3426; x_wconf 78' lang='lat' dir='ltr'><strong>in</strong></span> 
     </span>
    </p>
   </div>
   <div class='ocr_carea' id='block_1_90' title="bbox 2166 3443 3775 3512">
    <p class='ocr_par' dir='ltr' id='par_1_90' title="bbox 2166 3443 3775 3512">
     <span class='ocr_line' id='line_1_94' title="bbox 2166 3443 3775 3512; baseline 0.002 -17"><span class='ocrx_word' id='word_1_637' title='bbox 2166 3444 2526 3512; x_wconf 87' lang='lat' dir='ltr'><strong>conspectibus</strong></span> <span class='ocrx_word' id='word_1_638' title='bbox 2550 3445 2771 3506; x_wconf 85' lang='lat' dir='ltr'><strong>nostris,</strong></span> <span class='ocrx_word' id='word_1_639' title='bbox 2803 3447 2853 3496; x_wconf 84' lang='lat' dir='ltr'><strong>et</strong></span> <span class='ocrx_word' id='word_1_640' title='bbox 2881 3443 3094 3510; x_wconf 84' lang='lat' dir='ltr'><strong>angelos</strong></span> <span class='ocrx_word' id='word_1_641' title='bbox 3120 3445 3219 3511; x_wconf 88' lang='lat' dir='ltr'><strong>qui</strong></span> <span class='ocrx_word' id='word_1_642' title='bbox 3246 3445 3304 3496; x_wconf 87' lang='lat' dir='ltr'><strong>in</strong></span> <span class='ocrx_word' id='word_1_643' title='bbox 3328 3443 3420 3496; x_wconf 87' lang='lat' dir='ltr'><strong>die</strong></span> <span class='ocrx_word' id='word_1_644' title='bbox 3439 3445 3657 3512; x_wconf 82' lang='lat' dir='ltr'><strong>judicii</strong></span> <span class='ocrx_word' id='word_1_645' title='bbox 3673 3447 3775 3498; x_wconf 82' lang='lat' dir='ltr'><strong>ubi-</strong></span> 
     </span>
    </p>
   </div>
   <div class='ocr_carea' id='block_1_91' title="bbox 2093 3513 3774 3606">
    <p class='ocr_par' dir='ltr' id='par_1_91' title="bbox 2093 3513 3774 3606">
     <span class='ocr_line' id='line_1_95' title="bbox 2093 3513 3774 3606; baseline 0 0"><span class='ocrx_word' id='word_1_646' title='bbox 2093 3543 2137 3606; x_wconf 89' lang='lat' dir='ltr'><strong>C</strong></span> <span class='ocrx_word' id='word_1_647' title='bbox 2166 3515 2858 3606; x_wconf 49' lang='lat' dir='ltr'><strong>Z‘fe_‘§fs_fi‘;&quot;ﬂ‘:.ffcn_ﬁf</strong></span> <span class='ocrx_word' id='word_1_648' title='bbox 2873 3513 3102 3606; x_wconf 43' lang='lat'><strong>3’11?</strong></span> <span class='ocrx_word' id='word_1_649' title='bbox 3139 3517 3380 3606; x_wconf 50' lang='lat' dir='ltr'><strong>T‘Ti&#39;f‘ﬂ&quot;.</strong></span> <span class='ocrx_word' id='word_1_650' title='bbox 3406 3515 3537 3597; x_wconf 49' lang='lat' dir='ltr'><strong>bim&quot;</strong></span> <span class='ocrx_word' id='word_1_651' title='bbox 3558 3520 3774 3606; x_wconf 51' lang='grc' dir='ltr'><strong>λοοτέίέη</strong></span> 
     </span>
    </p>
   </div>
   <div class='ocr_carea' id='block_1_92' title="bbox 2165 3585 3773 3654">
    <p class='ocr_par' dir='ltr' id='par_1_92' title="bbox 2165 3585 3773 3654">
     <span class='ocr_line' id='line_1_96' title="bbox 2165 3585 3773 3654; baseline 0.003 -18"><span class='ocrx_word' id='word_1_652' title='bbox 2165 3585 2464 3639; x_wconf 88' lang='lat' dir='ltr'><strong>meminisse</strong></span> <span class='ocrx_word' id='word_1_653' title='bbox 2490 3587 2800 3653; x_wconf 86' lang='lat' dir='ltr'><strong>frequenter</strong></span> <span class='ocrx_word' id='word_1_654' title='bbox 2831 3586 3092 3639; x_wconf 86' lang='lat' dir='ltr'><strong>hominem</strong></span> <span class='ocrx_word' id='word_1_655' title='bbox 3118 3587 3334 3654; x_wconf 83' lang='lat' dir='ltr'><strong>peccati</strong></span> <span class='ocrx_word' id='word_1_656' title='bbox 3357 3589 3465 3648; x_wconf 86' lang='lat' dir='ltr'><strong>sui,</strong></span> <span class='ocrx_word' id='word_1_657' title='bbox 3510 3593 3579 3641; x_wconf 89' lang='lat' dir='ltr'><strong>ut</strong></span> <span class='ocrx_word' id='word_1_658' title='bbox 3609 3591 3773 3641; x_wconf 69' lang='lat' dir='ltr'><strong>etiam</strong></span> 
     </span>
    </p>
   </div>
   <div class='ocr_carea' id='block_1_93' title="bbox 2165 3655 3774 3725">
    <p class='ocr_par' dir='ltr' id='par_1_93' title="bbox 2165 3655 3774 3725">
     <span class='ocr_line' id='line_1_97' title="bbox 2165 3655 3774 3725; baseline 0.002 -17"><span class='ocrx_word' id='word_1_659' title='bbox 2165 3655 2394 3708; x_wconf 88' lang='lat' dir='ltr'><strong>Paulum</strong></span> <span class='ocrx_word' id='word_1_660' title='bbox 2425 3657 2731 3725; x_wconf 84' lang='lat' dir='ltr'><strong>apostolum</strong></span> <span class='ocrx_word' id='word_1_661' title='bbox 2750 3656 3026 3710; x_wconf 84' lang='lat' dir='ltr'><strong>videamus</strong></span> <span class='ocrx_word' id='word_1_662' title='bbox 3046 3671 3108 3710; x_wconf 89' lang='lat' dir='ltr'><strong>ea</strong></span> <span class='ocrx_word' id='word_1_663' title='bbox 3127 3672 3251 3725; x_wconf 69' lang='lat' dir='ltr'><strong>quae</strong></span> <span class='ocrx_word' id='word_1_664' title='bbox 3278 3657 3484 3710; x_wconf 76' lang='lat' dir='ltr'><strong>abolita</strong></span> <span class='ocrx_word' id='word_1_665' title='bbox 3496 3659 3629 3725; x_wconf 83' lang='lat' dir='ltr'><strong>jam</strong></span> <span class='ocrx_word' id='word_1_666' title='bbox 3647 3661 3774 3725; x_wconf 78' lang='lat' dir='ltr'><strong>fue-</strong></span> 
     </span>
    </p>
   </div>
   <div class='ocr_carea' id='block_1_94' title="bbox 2165 3724 3777 3789">
    <p class='ocr_par' dir='ltr' id='par_1_94' title="bbox 2165 3724 3777 3789">
     <span class='ocr_line' id='line_1_98' title="bbox 2165 3724 3777 3789; baseline 0.004 -12"><span class='ocrx_word' id='word_1_667' title='bbox 2165 3729 2295 3777; x_wconf 88' lang='lat' dir='ltr'><strong>rant</strong></span> <span class='ocrx_word' id='word_1_668' title='bbox 2321 3731 2372 3778; x_wconf 89' lang='lat' dir='ltr'><strong>et</strong></span> <span class='ocrx_word' id='word_1_669' title='bbox 2396 3724 2569 3778; x_wconf 88' lang='lat' dir='ltr'><strong>deleta</strong></span> <span class='ocrx_word' id='word_1_670' title='bbox 2592 3726 2856 3781; x_wconf 87' lang='lat' dir='ltr'><strong>adducere</strong></span> <span class='ocrx_word' id='word_1_671' title='bbox 2880 3731 3054 3782; x_wconf 88' lang='lat' dir='ltr'><strong>tamen</strong></span> <span class='ocrx_word' id='word_1_672' title='bbox 3078 3724 3138 3780; x_wconf 88' lang='lat' dir='ltr'><strong>in</strong></span> <span class='ocrx_word' id='word_1_673' title='bbox 3148 3727 3419 3789; x_wconf 81' lang='lat' dir='ltr'><strong>medium,-</strong></span> <span class='ocrx_word' id='word_1_674' title='bbox 3443 3724 3646 3782; x_wconf 77' lang='lat' dir='ltr'><strong>etcum</strong></span> <span class='ocrx_word' id='word_1_675' title='bbox 3668 3732 3777 3783; x_wconf 84' lang='lat' dir='ltr'><strong>cul-</strong></span> 
     </span>
    </p>
   </div>
   <div class='ocr_carea' id='block_1_95' title="bbox 2159 3795 3774 3868">
    <p class='ocr_par' dir='ltr' id='par_1_95' title="bbox 2159 3795 3774 3868">
     <span class='ocr_line' id='line_1_99' title="bbox 2159 3795 3774 3868; baseline 0.004 -21"><span class='ocrx_word' id='word_1_676' title='bbox 2159 3810 2290 3868; x_wconf 80' lang='lat' dir='ltr'><strong>pam</strong></span> <span class='ocrx_word' id='word_1_677' title='bbox 2323 3795 2390 3848; x_wconf 91' lang='lat' dir='ltr'><strong>de</strong></span> <span class='ocrx_word' id='word_1_678' title='bbox 2411 3797 2765 3865; x_wconf 73' lang='lat' dir='ltr'><strong>prwsmtibus</strong></span> <span class='ocrx_word' id='word_1_679' title='bbox 2787 3814 2894 3852; x_wconf 88' lang='lat' dir='ltr'><strong>non</strong></span> <span class='ocrx_word' id='word_1_680' title='bbox 2926 3797 3163 3861; x_wconf 87' lang='lat' dir='ltr'><strong>haberet,</strong></span> <span class='ocrx_word' id='word_1_681' title='bbox 3197 3802 3658 3868; x_wconf 71' lang='lat' dir='ltr'><strong>tammiquoniam</strong></span> <span class='ocrx_word' id='word_1_682' title='bbox 3683 3817 3774 3855; x_wconf 82' lang='lat' dir='ltr'><strong>re-</strong></span> 
     </span>
    </p>
   </div>
   <div class='ocr_carea' id='block_1_96' title="bbox 2157 3866 3774 3940">
    <p class='ocr_par' dir='ltr' id='par_1_96' title="bbox 2157 3866 3774 3940">
     <span class='ocr_line' id='line_1_100' title="bbox 2157 3866 3774 3940; baseline 0.004 -20"><span class='ocrx_word' id='word_1_683' title='bbox 2157 3866 2516 3940; x_wconf 85' lang='lat' dir='ltr'><strong>cordationem</strong></span> <span class='ocrx_word' id='word_1_684' title='bbox 2534 3874 2942 3940; x_wconf 14' lang='lat' dir='ltr'><strong>peccatorumget</strong></span> <span class='ocrx_word' id='word_1_685' title='bbox 2964 3870 3164 3924; x_wconf 90' lang='lat' dir='ltr'><strong>luctum</strong></span> <span class='ocrx_word' id='word_1_686' title='bbox 3184 3866 3550 3940; x_wconf 70' lang='lat' dir='ltr'><strong>gemitumque</strong></span> <span class='ocrx_word' id='word_1_687' title='bbox 3572 3873 3774 3927; x_wconf 70' lang='lat' dir='ltr'><strong>sciebat</strong></span> 
     </span>
    </p>
   </div>
   <div class='ocr_carea' id='block_1_97' title="bbox 2157 3939 3767 4012">
    <p class='ocr_par' dir='ltr' id='par_1_97' title="bbox 2157 3939 3767 4012">
     <span class='ocr_line' id='line_1_101' title="bbox 2157 3939 3767 4012; baseline 0.004 -21"><span class='ocrx_word' id='word_1_688' title='bbox 2157 3939 2350 3992; x_wconf 67' lang='lat' dir='ltr'><strong>animae</strong></span> <span class='ocrx_word' id='word_1_689' title='bbox 2359 3939 2628 4009; x_wconf 86' lang='lat' dir='ltr'><strong>prodesse,</strong></span> <span class='ocrx_word' id='word_1_690' title='bbox 2656 3943 2818 3994; x_wconf 87' lang='lat' dir='ltr'><strong>etiam</strong></span> <span class='ocrx_word' id='word_1_691' title='bbox 2846 3939 2943 3995; x_wconf 83' lang='lat' dir='ltr'><strong>illa</strong></span> <span class='ocrx_word' id='word_1_692' title='bbox 2965 3946 3337 3996; x_wconf 86' lang='lat' dir='ltr'><strong>commemorat</strong></span> <span class='ocrx_word' id='word_1_693' title='bbox 3353 3939 3593 4012; x_wconf 75' lang='lat' dir='ltr'><strong>quceper</strong></span> <span class='ocrx_word' id='word_1_694' title='bbox 3617 3946 3767 4012; x_wconf 82' lang='lat' dir='ltr'><strong>igno-</strong></span> 
     </span>
    </p>
   </div>
   <div class='ocr_carea' id='block_1_98' title="bbox 2158 4012 3768 4084">
    <p class='ocr_par' dir='ltr' id='par_1_98' title="bbox 2158 4012 3768 4084">
     <span class='ocr_line' id='line_1_102' title="bbox 2158 4012 3768 4084; baseline 0.004 -22"><span class='ocrx_word' id='word_1_695' title='bbox 2158 4012 2401 4084; x_wconf 80' lang='lat' dir='ltr'><strong>rantiam</strong></span> <span class='ocrx_word' id='word_1_696' title='bbox 2429 4013 2926 4084; x_wconf 30' lang='lat' dir='ltr'><strong>commissaAgratia</strong></span> <span class='ocrx_word' id='word_1_697' title='bbox 2966 4013 3220 4083; x_wconf 85' lang='lat' dir='ltr'><strong>baptismi</strong></span> <span class='ocrx_word' id='word_1_698' title='bbox 3254 4017 3304 4066; x_wconf 89' lang='lat' dir='ltr'><strong>et</strong></span> <span class='ocrx_word' id='word_1_699' title='bbox 3341 4017 3614 4081; x_wconf 83' lang='lat' dir='ltr'><strong>confessio</strong></span> <span class='ocrx_word' id='word_1_700' title='bbox 3640 4016 3768 4084; x_wconf 73' lang='lat' dir='ltr'><strong>ﬁdei</strong></span> 
     </span>
    </p>
   </div>
   <div class='ocr_carea' id='block_1_99' title="bbox 2156 4081 3771 4152">
    <p class='ocr_par' dir='ltr' id='par_1_99' title="bbox 2156 4081 3771 4152">
     <span class='ocr_line' id='line_1_103' title="bbox 2156 4081 3771 4152; baseline 0.004 -18"><span class='ocrx_word' id='word_1_701' title='bbox 2156 4081 2478 4136; x_wconf 86' lang='lat' dir='ltr'><strong>aboleverat.</strong></span> <span class='ocrx_word' id='word_1_702' title='bbox 2536 4084 2601 4137; x_wconf 83' lang='lat' dir='ltr'><strong>Et</strong></span> <span class='ocrx_word' id='word_1_703' title='bbox 2650 4081 2789 4137; x_wconf 89' lang='lat' dir='ltr'><strong>infra</strong></span> <span class='ocrx_word' id='word_1_704' title='bbox 2846 4100 2859 4136; x_wconf 88' lang='lat'><strong>:</strong></span> <span class='ocrx_word' id='word_1_705' title='bbox 2914 4081 3133 4152; x_wconf 75' lang='lat' dir='ltr'><strong>Oportet</strong></span> <span class='ocrx_word' id='word_1_706' title='bbox 3171 4100 3294 4152; x_wconf 88' lang='lat' dir='ltr'><strong>ergo</strong></span> <span class='ocrx_word' id='word_1_707' title='bbox 3341 4101 3442 4139; x_wconf 86' lang='lat' dir='ltr'><strong>nos</strong></span> <span class='ocrx_word' id='word_1_708' title='bbox 3489 4081 3771 4140; x_wconf 71' lang='lat' dir='ltr'><strong>recordari</strong></span> 
     </span>
    </p>
   </div>
   <div class='ocr_carea' id='block_1_100' title="bbox 2150 4153 3773 4224">
    <p class='ocr_par' dir='ltr' id='par_1_100' title="bbox 2150 4153 3773 4224">
     <span class='ocr_line' id='line_1_104' title="bbox 2150 4153 3773 4224; baseline 0.002 -16"><span class='ocrx_word' id='word_1_709' title='bbox 2150 4155 2340 4221; x_wconf 85' lang='lat' dir='ltr'><strong>priora</strong></span> <span class='ocrx_word' id='word_1_710' title='bbox 2364 4153 2583 4215; x_wconf 86' lang='lat' dir='ltr'><strong>delicta,</strong></span> <span class='ocrx_word' id='word_1_711' title='bbox 2616 4155 2777 4207; x_wconf 71' lang='lat' dir='ltr'><strong>etiam</strong></span> <span class='ocrx_word' id='word_1_712' title='bbox 2803 4169 2865 4207; x_wconf 88' lang='lat' dir='ltr'><strong>ea</strong></span> <span class='ocrx_word' id='word_1_713' title='bbox 2901 4170 3002 4224; x_wconf 88' lang='lat' dir='ltr'><strong>pro</strong></span> <span class='ocrx_word' id='word_1_714' title='bbox 3030 4155 3227 4224; x_wconf 84' lang='lat' dir='ltr'><strong>quibus</strong></span> <span class='ocrx_word' id='word_1_715' title='bbox 3254 4159 3471 4211; x_wconf 80' lang='lat' dir='ltr'><strong>veniam</strong></span> <span class='ocrx_word' id='word_1_716' title='bbox 3503 4160 3773 4212; x_wconf 58' lang='lat' dir='ltr'><strong>consecuti</strong></span> 
     </span>
    </p>
   </div>
   <div class='ocr_carea' id='block_1_101' title="bbox 2154 4227 3772 4294">
    <p class='ocr_par' dir='ltr' id='par_1_101' title="bbox 2154 4227 3772 4294">
     <span class='ocr_line' id='line_1_105' title="bbox 2154 4227 3772 4294; baseline 0.003 -16"><span class='ocrx_word' id='word_1_717' title='bbox 2154 4237 2355 4287; x_wconf 88' lang='lat' dir='ltr'><strong>sumus,</strong></span> <span class='ocrx_word' id='word_1_718' title='bbox 2385 4230 2448 4279; x_wconf 93' lang='lat' dir='ltr'><strong>ut</strong></span> <span class='ocrx_word' id='word_1_719' title='bbox 2465 4227 2729 4279; x_wconf 88' lang='lat' dir='ltr'><strong>intuentes</strong></span> <span class='ocrx_word' id='word_1_720' title='bbox 2752 4240 2917 4294; x_wconf 84' lang='lat' dir='ltr'><strong>quam</strong></span> <span class='ocrx_word' id='word_1_721' title='bbox 2947 4227 3211 4294; x_wconf 84' lang='lat' dir='ltr'><strong>ingentem</strong></span> <span class='ocrx_word' id='word_1_722' title='bbox 3238 4228 3440 4281; x_wconf 87' lang='lat' dir='ltr'><strong>nodum</strong></span> <span class='ocrx_word' id='word_1_723' title='bbox 3475 4229 3657 4282; x_wconf 77' lang='lat' dir='ltr'><strong>debiti</strong></span> <span class='ocrx_word' id='word_1_724' title='bbox 3678 4246 3772 4284; x_wconf 78' lang='lat' dir='ltr'><strong>re-</strong></span> 
     </span>
    </p>
   </div>
   <div class='ocr_carea' id='block_1_102' title="bbox 2154 4297 3767 4369">
    <p class='ocr_par' dir='ltr' id='par_1_102' title="bbox 2154 4297 3767 4369">
     <span class='ocr_line' id='line_1_106' title="bbox 2154 4297 3767 4369; baseline 0.004 -21"><span class='ocrx_word' id='word_1_725' title='bbox 2154 4297 2303 4350; x_wconf 86' lang='lat' dir='ltr'><strong>misit</strong></span> <span class='ocrx_word' id='word_1_726' title='bbox 2325 4297 2476 4369; x_wconf 86' lang='lat' dir='ltr'><strong>nobis</strong></span> <span class='ocrx_word' id='word_1_727' title='bbox 2491 4299 2662 4369; x_wconf 90' lang='lat' dir='ltr'><strong>Deus,_</strong></span> <span class='ocrx_word' id='word_1_728' title='bbox 2673 4301 2724 4350; x_wconf 90' lang='lat' dir='ltr'><strong>et</strong></span> <span class='ocrx_word' id='word_1_729' title='bbox 2745 4297 2979 4365; x_wconf 86' lang='lat' dir='ltr'><strong>amplius</strong></span> <span class='ocrx_word' id='word_1_730' title='bbox 3005 4313 3124 4351; x_wconf 86' lang='lat' dir='ltr'><strong>eum</strong></span> <span class='ocrx_word' id='word_1_731' title='bbox 3149 4298 3379 4366; x_wconf 83' lang='lat' dir='ltr'><strong>diligere</strong></span> <span class='ocrx_word' id='word_1_732' title='bbox 3390 4303 3685 4369; x_wconf 80' lang='lat' dir='ltr'><strong>possimus,</strong></span> <span class='ocrx_word' id='word_1_733' title='bbox 3713 4307 3767 4356; x_wconf 83' lang='lat' dir='ltr'><strong>et</strong></span> 
     </span>
    </p>
   </div>
   <div class='ocr_carea' id='block_1_103' title="bbox 2153 4366 3768 4438">
    <p class='ocr_par' dir='ltr' id='par_1_103' title="bbox 2153 4366 3768 4438">
     <span class='ocr_line' id='line_1_107' title="bbox 2153 4366 3768 4438; baseline 0.004 -19"><span class='ocrx_word' id='word_1_734' title='bbox 2153 4368 2527 4422; x_wconf 78' lang='lat' dir='ltr'><strong>verecundiam</strong></span> <span class='ocrx_word' id='word_1_735' title='bbox 2538 4366 2903 4438; x_wconf 83' lang='lat' dir='ltr'><strong>pudoremque</strong></span> <span class='ocrx_word' id='word_1_736' title='bbox 2917 4371 3204 4438; x_wconf 84' lang='lat' dir='ltr'><strong>concipere,</strong></span> <span class='ocrx_word' id='word_1_737' title='bbox 3221 4366 3473 4438; x_wconf 49' lang='lat' dir='ltr'><strong>atque&#39;etc</strong></span> <span class='ocrx_word' id='word_1_738' title='bbox 3497 4371 3582 4425; x_wconf 79' lang='lat' dir='ltr'><strong>his</strong></span> <span class='ocrx_word' id='word_1_739' title='bbox 3607 4372 3768 4426; x_wconf 66' lang='lat' dir='ltr'><strong>corde</strong></span> 
     </span>
    </p>
   </div>
   <div class='ocr_carea' id='block_1_104' title="bbox 2151 4437 3767 4511">
    <p class='ocr_par' dir='ltr' id='par_1_104' title="bbox 2151 4437 3767 4511">
     <span class='ocr_line' id='line_1_108' title="bbox 2151 4437 3767 4511; baseline 0.005 -21"><span class='ocrx_word' id='word_1_740' title='bbox 2151 4440 2454 4508; x_wconf 83' lang='lat' dir='ltr'><strong>compungi,</strong></span> <span class='ocrx_word' id='word_1_741' title='bbox 2480 4437 2866 4493; x_wconf 84' lang='lat' dir='ltr'><strong>considerantes</strong></span> <span class='ocrx_word' id='word_1_742' title='bbox 2885 4440 3028 4508; x_wconf 87' lang='lat' dir='ltr'><strong>quod</strong></span> <span class='ocrx_word' id='word_1_743' title='bbox 3046 4437 3158 4495; x_wconf 80' lang='lat' dir='ltr'><strong>nisi</strong></span> <span class='ocrx_word' id='word_1_744' title='bbox 3181 4437 3462 4496; x_wconf 77' lang='lat' dir='ltr'><strong>miseratio</strong></span> <span class='ocrx_word' id='word_1_745' title='bbox 3489 4443 3605 4511; x_wconf 85' lang='lat' dir='ltr'><strong>ejus</strong></span> <span class='ocrx_word' id='word_1_746' title='bbox 3633 4445 3767 4498; x_wconf 82' lang='lat' dir='ltr'><strong>sub-</strong></span> 
     </span>
    </p>
   </div>
   <div class='ocr_carea' id='block_1_105' title="bbox 2149 4511 3764 4581">
    <p class='ocr_par' dir='ltr' id='par_1_105' title="bbox 2149 4511 3764 4581">
     <span class='ocr_line' id='line_1_109' title="bbox 2149 4511 3764 4581; baseline 0.004 -21"><span class='ocrx_word' id='word_1_747' title='bbox 2149 4511 2402 4576; x_wconf 78' lang='lat' dir='ltr'><strong>venisset,</strong></span> <span class='ocrx_word' id='word_1_748' title='bbox 2429 4514 2639 4564; x_wconf 89' lang='lat' dir='ltr'><strong>tantum</strong></span> <span class='ocrx_word' id='word_1_749' title='bbox 2661 4511 2800 4564; x_wconf 88' lang='lat' dir='ltr'><strong>illud</strong></span> <span class='ocrx_word' id='word_1_750' title='bbox 2837 4515 3172 4580; x_wconf 87' lang='lat' dir='ltr'><strong>peccatorum</strong></span> <span class='ocrx_word' id='word_1_751' title='bbox 3203 4514 3416 4581; x_wconf 84' lang='lat' dir='ltr'><strong>pondus</strong></span> <span class='ocrx_word' id='word_1_752' title='bbox 3451 4517 3572 4568; x_wconf 84' lang='lat' dir='ltr'><strong>sine</strong></span> <span class='ocrx_word' id='word_1_753' title='bbox 3601 4515 3764 4569; x_wconf 81' lang='lat' dir='ltr'><strong>dubio</strong></span> 
     </span>
    </p>
   </div>
   <div class='ocr_carea' id='block_1_106' title="bbox 2149 4582 3758 4654">
    <p class='ocr_par' dir='ltr' id='par_1_106' title="bbox 2149 4582 3758 4654">
     <span class='ocr_line' id='line_1_110' title="bbox 2149 4582 3758 4654; baseline 0.004 -21"><span class='ocrx_word' id='word_1_754' title='bbox 2149 4594 2260 4654; x_wconf 77' lang='lat' dir='ltr'><strong>nos</strong></span> <span class='ocrx_word' id='word_1_755' title='bbox 2297 4582 2356 4633; x_wconf 87' lang='lat' dir='ltr'><strong>in</strong></span> <span class='ocrx_word' id='word_1_756' title='bbox 2400 4582 2525 4636; x_wconf 89' lang='lat' dir='ltr'><strong>imis</strong></span> <span class='ocrx_word' id='word_1_757' title='bbox 2562 4582 2765 4648; x_wconf 81' lang='lat' dir='ltr'><strong>inferni</strong></span> <span class='ocrx_word' id='word_1_758' title='bbox 2786 4584 2980 4651; x_wconf 61' lang='lat' dir='ltr'><strong>plenis,</strong></span> <span class='ocrx_word' id='word_1_759' title='bbox 3019 4583 3406 4654; x_wconf 82' lang='lat' dir='ltr'><strong>suppliciisque</strong></span> <span class='ocrx_word' id='word_1_760' title='bbox 3451 4590 3758 4654; x_wconf 75' lang='lat' dir='ltr'><strong>pressisset.</strong></span> 
     </span>
    </p>
   </div>
   <div class='ocr_carea' id='block_1_107' title="bbox 2149 4649 3760 4721">
    <p class='ocr_par' dir='ltr' id='par_1_107' title="bbox 2149 4649 3760 4721">
     <span class='ocr_line' id='line_1_111' title="bbox 2149 4649 3760 4721; baseline 0.006 -18"><span class='ocrx_word' id='word_1_761' title='bbox 2149 4649 2354 4705; x_wconf 86' lang='lat' dir='ltr'><strong>Eadem</strong></span> <span class='ocrx_word' id='word_1_762' title='bbox 2380 4657 2734 4721; x_wconf 90' lang='lat' dir='ltr'><strong>peccatorum</strong></span> <span class='ocrx_word' id='word_1_763' title='bbox 2754 4649 2982 4708; x_wconf 78' lang='lat' dir='ltr'><strong>suorum</strong></span> <span class='ocrx_word' id='word_1_764' title='bbox 3011 4649 3391 4711; x_wconf 74' lang='lat' dir='ltr'><strong>recordatione</strong></span> <span class='ocrx_word' id='word_1_765' title='bbox 3422 4649 3479 4711; x_wconf 70' lang='lat' dir='ltr'><strong>et</strong></span> <span class='ocrx_word' id='word_1_766' title='bbox 3504 4672 3760 4712; x_wconf 85' lang='lat' dir='ltr'><strong>comme-</strong></span> 
     </span>
    </p>
   </div>
   <div class='ocr_carea' id='block_1_108' title="bbox 2152 4721 3764 4793">
    <p class='ocr_par' dir='ltr' id='par_1_108' title="bbox 2152 4721 3764 4793">
     <span class='ocr_line' id='line_1_112' title="bbox 2152 4721 3764 4793; baseline 0.006 -19"><span class='ocrx_word' id='word_1_767' title='bbox 2152 4721 2458 4793; x_wconf 87' lang='lat' dir='ltr'><strong>moratione</strong></span> <span class='ocrx_word' id='word_1_768' title='bbox 2489 4722 2558 4778; x_wconf 90' lang='lat' dir='ltr'><strong>ad</strong></span> <span class='ocrx_word' id='word_1_769' title='bbox 2601 4723 3087 4793; x_wconf 86' lang='lat' dir='ltr'><strong>compunctionem</strong></span> <span class='ocrx_word' id='word_1_770' title='bbox 3126 4734 3184 4782; x_wconf 84' lang='lat' dir='ltr'><strong>et</strong></span> <span class='ocrx_word' id='word_1_771' title='bbox 3215 4727 3572 4783; x_wconf 87' lang='lat' dir='ltr'><strong>devotionem</strong></span> <span class='ocrx_word' id='word_1_772' title='bbox 3619 4729 3675 4783; x_wconf 90' lang='lat' dir='ltr'><strong>in</strong></span> <span class='ocrx_word' id='word_1_773' title='bbox 3701 4743 3764 4783; x_wconf 80' lang='lat' dir='ltr'><strong>se</strong></span> 
     </span>
    </p>
   </div>
   <div class='ocr_carea' id='block_1_109' title="bbox 2149 4792 3764 4870">
    <p class='ocr_par' dir='ltr' id='par_1_109' title="bbox 2149 4792 3764 4870">
     <span class='ocr_line' id='line_1_113' title="bbox 2149 4792 3764 4870; baseline 0.007 -25"><span class='ocrx_word' id='word_1_774' title='bbox 2149 4792 2662 4870; x_wconf 63' lang='lat' dir='ltr'><strong>excitandamnsus</strong></span> <span class='ocrx_word' id='word_1_775' title='bbox 2692 4792 2775 4851; x_wconf 86' lang='lat' dir='ltr'><strong>est</strong></span> <span class='ocrx_word' id='word_1_776' title='bbox 2809 4797 2863 4853; x_wconf 88' lang='lat' dir='ltr'><strong>S.</strong></span> <span class='ocrx_word' id='word_1_777' title='bbox 2897 4799 3256 4867; x_wconf 79' lang='lat' dir='ltr'><strong>Augustinus,</strong></span> <span class='ocrx_word' id='word_1_778' title='bbox 3285 4799 3378 4870; x_wconf 89' lang='lat' dir='ltr'><strong>qui</strong></span> <span class='ocrx_word' id='word_1_779' title='bbox 3405 4798 3583 4855; x_wconf 87' lang='lat' dir='ltr'><strong>libros</strong></span> <span class='ocrx_word' id='word_1_780' title='bbox 3613 4802 3764 4856; x_wconf 87' lang='lat' dir='ltr'><strong>Con-</strong></span> 
     </span>
    </p>
   </div>
   <div class='ocr_carea' id='block_1_110' title="bbox 2151 4861 3760 4942">
    <p class='ocr_par' dir='ltr' id='par_1_110' title="bbox 2151 4861 3760 4942">
     <span class='ocr_line' id='line_1_114' title="bbox 2151 4861 3760 4942; baseline 0.006 -26"><span class='ocrx_word' id='word_1_781' title='bbox 2151 4861 2449 4942; x_wconf 83' lang='lat' dir='ltr'><strong>fessionum</strong></span> <span class='ocrx_word' id='word_1_782' title='bbox 2488 4865 2556 4942; x_wconf 89' lang='lat' dir='ltr'><strong>d_e</strong></span> <span class='ocrx_word' id='word_1_783' title='bbox 2594 4865 2698 4922; x_wconf 86' lang='lat' dir='ltr'><strong>hoc</strong></span> <span class='ocrx_word' id='word_1_784' title='bbox 2723 4861 3052 4941; x_wconf 67' lang='lat' dir='ltr'><strong>argumento</strong></span> <span class='ocrx_word' id='word_1_785' title='bbox 3080 4861 3432 4942; x_wconf 77' lang='lat' dir='ltr'><strong>conscripsit,</strong></span> <span class='ocrx_word' id='word_1_786' title='bbox 3463 4871 3520 4925; x_wconf 92' lang='lat' dir='ltr'><strong>in</strong></span> <span class='ocrx_word' id='word_1_787' title='bbox 3558 4873 3760 4942; x_wconf 79' lang='lat' dir='ltr'><strong>quibus</strong></span> 
     </span>
    </p>
   </div>
   <div class='ocr_carea' id='block_1_111' title="bbox 439 4927 3758 5012">
    <p class='ocr_par' dir='ltr' id='par_1_111' title="bbox 439 4927 3758 5012">
     <span class='ocr_line' id='line_1_115' title="bbox 439 4927 3758 5012; baseline 0.003 -26"><span class='ocrx_word' id='word_1_788' title='bbox 439 4933 581 5012; x_wconf 72' lang='lat' dir='ltr'><strong>sicut</strong></span> <span class='ocrx_word' id='word_1_789' title='bbox 598 4945 749 5012; x_wconf 65' lang='lat' dir='ltr'><strong>nemo</strong></span> <span class='ocrx_word' id='word_1_790' title='bbox 763 4932 894 4996; x_wconf 83' lang='lat' dir='ltr'><strong>pius</strong></span> <span class='ocrx_word' id='word_1_791' title='bbox 999 4929 1096 4982; x_wconf 85' lang='lat' dir='ltr'><strong>Dei</strong></span> <span class='ocrx_word' id='word_1_792' title='bbox 1527 4927 1592 4983; x_wconf 88' lang='lat' dir='ltr'><strong>de</strong></span> <span class='ocrx_word' id='word_1_793' title='bbox 1611 4929 2036 5012; x_wconf 60' lang='lat' dir='ltr'><strong>Christimeritp,</strong></span> <span class='ocrx_word' id='word_1_794' title='bbox 2069 4940 2118 5001; x_wconf 89' lang='lat' dir='ltr'><strong>D</strong></span> <span class='ocrx_word' id='word_1_795' title='bbox 2150 4936 2438 5012; x_wconf 56' lang='lat' dir='ltr'><strong>praeterita),</strong></span> <span class='ocrx_word' id='word_1_796' title='bbox 2479 4938 2605 5012; x_wconf 74' lang='lat' dir='ltr'><strong>vitae</strong></span> <span class='ocrx_word' id='word_1_797' title='bbox 2631 4927 2826 5012; x_wconf 65' lang='lat' dir='ltr'><strong>annos,</strong></span> <span class='ocrx_word' id='word_1_798' title='bbox 2866 4955 3057 5010; x_wconf 85' lang='lat' dir='ltr'><strong>resque</strong></span> <span class='ocrx_word' id='word_1_799' title='bbox 3100 4940 3264 5012; x_wconf 85' lang='lat' dir='ltr'><strong>etiam</strong></span> <span class='ocrx_word' id='word_1_800' title='bbox 3291 4927 3322 4996; x_wconf 74' lang='grc' dir='ltr'>ἐ</span> <span class='ocrx_word' id='word_1_801' title='bbox 3363 4927 3537 5012; x_wconf 82' lang='lat' dir='ltr'><strong>puero</strong></span> <span class='ocrx_word' id='word_1_802' title='bbox 3575 4927 3758 5012; x_wconf 56' lang='lat' dir='ltr'><strong>Egestas</strong></span> 
     </span>
    </p>
   </div>
   <div class='ocr_carea' id='block_1_112' title="bbox 439 4999 2042 5071">
    <p class='ocr_par' dir='ltr' id='par_1_112' title="bbox 439 4999 2042 5071">
     <span class='ocr_line' id='line_1_116' title="bbox 439 4999 2042 5071; baseline -0.001 -14"><span class='ocrx_word' id='word_1_803' title='bbox 439 5003 608 5071; x_wconf 85' lang='lat' dir='ltr'><strong>deque</strong></span> <span class='ocrx_word' id='word_1_804' title='bbox 636 5001 1102 5071; x_wconf 79' lang='lat' dir='ltr'><strong>Sacramentorum</strong></span> <span class='ocrx_word' id='word_1_805' title='bbox 1124 5000 1328 5071; x_wconf 73' lang='lat' dir='ltr'><strong>uirtute</strong></span> <span class='ocrx_word' id='word_1_806' title='bbox 1355 5002 1406 5052; x_wconf 89' lang='lat' dir='ltr'><strong>et</strong></span> <span class='ocrx_word' id='word_1_807' title='bbox 1425 4999 1668 5066; x_wconf 82' lang='lat' dir='ltr'><strong>efﬁcacia</strong></span> <span class='ocrx_word' id='word_1_808' title='bbox 1696 5000 1947 5056; x_wconf 85' lang='lat' dir='ltr'><strong>dubitare</strong></span> <span class='ocrx_word' id='word_1_809' title='bbox 1959 5003 2042 5056; x_wconf 88' lang='lat' dir='ltr'><strong>de-</strong></span> 
     </span>
    </p>
   </div>
   <div class='ocr_carea' id='block_1_113' title="bbox 443 5067 2046 5140">
    <p class='ocr_par' dir='ltr' id='par_1_113' title="bbox 443 5067 2046 5140">
     <span class='ocr_line' id='line_1_117' title="bbox 443 5067 2046 5140; baseline -0.002 -11"><span class='ocrx_word' id='word_1_810' title='bbox 443 5067 554 5136; x_wconf 77' lang='lat' dir='ltr'><strong>bet;</strong></span> <span class='ocrx_word' id='word_1_811' title='bbox 584 5073 658 5126; x_wconf 86' lang='lat' dir='ltr'><strong>sic</strong></span> <span class='ocrx_word' id='word_1_812' title='bbox 673 5068 902 5140; x_wconf 87' lang='lat' dir='ltr'><strong>quilibet</strong></span> <span class='ocrx_word' id='word_1_813' title='bbox 925 5067 1307 5140; x_wconf 7' lang='lat' dir='ltr'><strong>dumiseipsum</strong></span> <span class='ocrx_word' id='word_1_814' title='bbox 1324 5083 1580 5137; x_wconf 88' lang='lat' dir='ltr'><strong>suamque</strong></span> <span class='ocrx_word' id='word_1_815' title='bbox 1605 5072 1978 5138; x_wconf 77' lang='lat' dir='ltr'><strong>inﬁrmitatem</strong></span> <span class='ocrx_word' id='word_1_816' title='bbox 1994 5078 2046 5126; x_wconf 92' lang='lat' dir='ltr'><strong>et</strong></span> 
     </span>
    </p>
   </div>
   <div class='ocr_carea' id='block_1_114' title="bbox 438 5137 2042 5215">
    <p class='ocr_par' dir='ltr' id='par_1_114' title="bbox 438 5137 2042 5215">
     <span class='ocr_line' id='line_1_118' title="bbox 438 5137 2042 5215; baseline -0.001 -15"><span class='ocrx_word' id='word_1_817' title='bbox 438 5137 902 5215; x_wconf 74' lang='lat' dir='ltr'><strong>indispositionem</strong></span> <span class='ocrx_word' id='word_1_818' title='bbox 920 5139 1160 5215; x_wconf 73' lang='lat' dir='ltr'><strong>respicit,</strong></span> <span class='ocrx_word' id='word_1_819' title='bbox 1183 5137 1249 5215; x_wconf 82' lang='lat' dir='ltr'><strong>de</strong></span> <span class='ocrx_word' id='word_1_820' title='bbox 1265 5154 1374 5215; x_wconf 77' lang='lat' dir='ltr'><strong>sua</strong></span> <span class='ocrx_word' id='word_1_821' title='bbox 1385 5142 1568 5208; x_wconf 87' lang='lat' dir='ltr'><strong>gratia</strong></span> <span class='ocrx_word' id='word_1_822' title='bbox 1584 5137 1889 5215; x_wconf 61' lang='lat' dir='ltr'><strong>foratidare</strong></span> <span class='ocrx_word' id='word_1_823' title='bbox 1903 5149 1952 5198; x_wconf 88' lang='lat' dir='ltr'><strong>et</strong></span> <span class='ocrx_word' id='word_1_824' title='bbox 1971 5147 2042 5197; x_wconf 87' lang='lat' dir='ltr'><strong>ti-</strong></span> 
     </span>
    </p>
   </div>
   <div class='ocr_carea' id='block_1_115' title="bbox 437 5211 2044 5285">
    <p class='ocr_par' dir='ltr' id='par_1_115' title="bbox 437 5211 2044 5285">
     <span class='ocr_line' id='line_1_119' title="bbox 437 5211 2044 5285; baseline -0.002 -14"><span class='ocrx_word' id='word_1_825' title='bbox 437 5211 793 5285; x_wconf 40' lang='lat' dir='ltr'><strong>mere—potest,</strong></span> <span class='ocrx_word' id='word_1_826' title='bbox 809 5227 929 5267; x_wconf 87' lang='lat' dir='ltr'><strong>cum</strong></span> <span class='ocrx_word' id='word_1_827' title='bbox 940 5211 1123 5285; x_wconf 79' lang='lat' dir='ltr'><strong>nullus</strong></span> <span class='ocrx_word' id='word_1_828' title='bbox 1134 5211 1266 5264; x_wconf 83' lang='lat' dir='ltr'><strong>scire</strong></span> <span class='ocrx_word' id='word_1_829' title='bbox 1284 5211 1465 5285; x_wconf 84' lang='lat' dir='ltr'><strong>valeat</strong></span> <span class='ocrx_word' id='word_1_830' title='bbox 1478 5212 1794 5266; x_wconf 85' lang='lat' dir='ltr'><strong>certitudine</strong></span> <span class='ocrx_word' id='word_1_831' title='bbox 1815 5213 1946 5281; x_wconf 79' lang='lat' dir='ltr'><strong>ﬁdei</strong></span> <span class='ocrx_word' id='word_1_832' title='bbox 1954 5217 2044 5267; x_wconf 86' lang='lat' dir='ltr'><strong>cui</strong></span> 
     </span>
    </p>
   </div>
   <div class='ocr_carea' id='block_1_116' title="bbox 437 5282 2040 5356">
    <p class='ocr_par' dir='ltr' id='par_1_116' title="bbox 437 5282 2040 5356">
     <span class='ocr_line' id='line_1_120' title="bbox 437 5282 2040 5356; baseline -0.002 -14"><span class='ocrx_word' id='word_1_833' title='bbox 437 5305 544 5341; x_wconf 84' lang='lat' dir='ltr'><strong>non</strong></span> <span class='ocrx_word' id='word_1_834' title='bbox 563 5282 738 5356; x_wconf 70' lang='lat' dir='ltr'><strong>potest</strong></span> <span class='ocrx_word' id='word_1_835' title='bbox 759 5285 965 5356; x_wconf 88' lang='lat' dir='ltr'><strong>subesse</strong></span> <span class='ocrx_word' id='word_1_836' title='bbox 989 5282 1193 5356; x_wconf 81' lang='lat' dir='ltr'><strong>falsum</strong></span> <span class='ocrx_word' id='word_1_837' title='bbox 1213 5297 1268 5337; x_wconf 90' lang='lat' dir='ltr'><strong>se</strong></span> <span class='ocrx_word' id='word_1_838' title='bbox 1293 5284 1533 5349; x_wconf 87' lang='lat' dir='ltr'><strong>gratiam</strong></span> <span class='ocrx_word' id='word_1_839' title='bbox 1554 5285 1648 5337; x_wconf 88' lang='lat' dir='ltr'><strong>Dei</strong></span> <span class='ocrx_word' id='word_1_840' title='bbox 1671 5297 1779 5337; x_wconf 88' lang='lat' dir='ltr'><strong>esse</strong></span> <span class='ocrx_word' id='word_1_841' title='bbox 1797 5299 2040 5356; x_wconf 83' lang='lat' dir='ltr'><strong>consecu-</strong></span> 
     </span>
    </p>
   </div>
   <div class='ocr_carea' id='block_1_117' title="bbox 440 5353 2037 5426">
    <p class='ocr_par' dir='ltr' id='par_1_117' title="bbox 440 5353 2037 5426">
     <span class='ocr_line' id='line_1_121' title="bbox 440 5353 2037 5426; baseline 0.001 -16"><span class='ocrx_word' id='word_1_842' title='bbox 440 5353 584 5411; x_wconf 54' lang='lat' dir='ltr'><strong>tum.—</strong></span> <span class='ocrx_word' id='word_1_843' title='bbox 605 5359 739 5412; x_wconf 69' lang='lat' dir='ltr'><strong>Haec</strong></span> <span class='ocrx_word' id='word_1_844' title='bbox 768 5355 864 5424; x_wconf 90' lang='lat' dir='ltr'><strong>ibi,</strong></span> <span class='ocrx_word' id='word_1_845' title='bbox 884 5368 1019 5426; x_wconf 78' lang='lat' dir='ltr'><strong>quae</strong></span> <span class='ocrx_word' id='word_1_846' title='bbox 1048 5353 1216 5426; x_wconf 78' lang='lat' dir='ltr'><strong>etiam</strong></span> <span class='ocrx_word' id='word_1_847' title='bbox 1244 5367 1458 5426; x_wconf 76' lang='lat' dir='ltr'><strong>canone</strong></span> <span class='ocrx_word' id='word_1_848' title='bbox 1501 5358 1560 5406; x_wconf 78' lang='grc'><strong>12</strong></span> <span class='ocrx_word' id='word_1_849' title='bbox 1586 5361 1646 5426; x_wconf 75' lang='lat' dir='ltr'><strong>et</strong></span> <span class='ocrx_word' id='word_1_850' title='bbox 1681 5359 1742 5409; x_wconf 85' lang='lat' dir='ltr'><strong>l3</strong></span> <span class='ocrx_word' id='word_1_851' title='bbox 1788 5354 2037 5426; x_wconf 87' lang='lat' dir='ltr'><strong>ejusdem</strong></span> 
     </span>
    </p>
   </div>
   <div class='ocr_carea' id='block_1_118' title="bbox 437 5421 2038 5483">
    <p class='ocr_par' dir='ltr' id='par_1_118' title="bbox 437 5421 2038 5483">
     <span class='ocr_line' id='line_1_122' title="bbox 437 5421 2038 5483; baseline 0.001 -2"><span class='ocrx_word' id='word_1_852' title='bbox 437 5428 696 5482; x_wconf 88' lang='lat' dir='ltr'><strong>sessionis</strong></span> <span class='ocrx_word' id='word_1_853' title='bbox 709 5427 811 5482; x_wconf 91' lang='lat' dir='ltr'><strong>sub</strong></span> <span class='ocrx_word' id='word_1_854' title='bbox 825 5421 1175 5482; x_wconf 74' lang='lat' dir='ltr'><strong>anathemate</strong></span> <span class='ocrx_word' id='word_1_855' title='bbox 1185 5421 1544 5479; x_wconf 90' lang='lat' dir='ltr'><strong>deﬁniuntur.</strong></span> <span class='ocrx_word' id='word_1_856' title='bbox 1570 5421 1846 5481; x_wconf 69' lang='lat' dir='ltr'><strong>Caeterum</strong></span> <span class='ocrx_word' id='word_1_857' title='bbox 1869 5425 2038 5483; x_wconf 88' lang='lat' dir='ltr'><strong>aliam</strong></span> 
     </span>
    </p>
   </div>
   <div class='ocr_carea' id='block_1_119' title="bbox 438 5493 2032 5572">
    <p class='ocr_par' dir='ltr' id='par_1_119' title="bbox 438 5493 2032 5572">
     <span class='ocr_line' id='line_1_123' title="bbox 438 5493 2032 5572; baseline 0.003 -20"><span class='ocrx_word' id='word_1_858' title='bbox 438 5497 852 5572; x_wconf 80' lang='lat' dir='ltr'><strong>responsionem</strong></span> <span class='ocrx_word' id='word_1_859' title='bbox 898 5496 1063 5553; x_wconf 86' lang='lat' dir='ltr'><strong>habes</strong></span> <span class='ocrx_word' id='word_1_860' title='bbox 1106 5493 1250 5552; x_wconf 85' lang='lat' dir='ltr'><strong>infra</strong></span> <span class='ocrx_word' id='word_1_861' title='bbox 1299 5494 1354 5549; x_wconf 90' lang='lat' dir='ltr'><strong>in</strong></span> <span class='ocrx_word' id='word_1_862' title='bbox 1387 5495 1750 5567; x_wconf 89' lang='lat' dir='ltr'><strong>responsione</strong></span> <span class='ocrx_word' id='word_1_863' title='bbox 1792 5497 1864 5554; x_wconf 88' lang='lat' dir='ltr'><strong>ad</strong></span> <span class='ocrx_word' id='word_1_864' title='bbox 1918 5515 2032 5572; x_wconf 88' lang='lat' dir='ltr'><strong>seq.</strong></span> 
     </span>
    </p>
   </div>
   <div class='ocr_carea' id='block_1_120' title="bbox 439 5567 952 5635">
    <p class='ocr_par' dir='ltr' id='par_1_120' title="bbox 439 5567 952 5635">
     <span class='ocr_line' id='line_1_124' title="bbox 439 5567 952 5635; baseline 0 -12"><span class='ocrx_word' id='word_1_865' title='bbox 439 5567 952 5635; x_wconf 77' lang='lat' dir='ltr'><strong>interrogationem.</strong></span> 
     </span>
    </p>
   </div>
   <div class='ocr_carea' id='block_1_121' title="bbox 509 5631 2037 5707">
    <p class='ocr_par' dir='ltr' id='par_1_121' title="bbox 509 5631 2037 5707">
     <span class='ocr_line' id='line_1_125' title="bbox 509 5631 2037 5707; baseline 0.003 -15"><span class='ocrx_word' id='word_1_866' title='bbox 509 5631 537 5670; x_wconf 71' lang='grc'><strong>⁸³</strong></span> <span class='ocrx_word' id='word_1_867' title='bbox 570 5631 767 5692; x_wconf 74' lang='lat' dir='ltr'><strong>Nescio</strong></span> <span class='ocrx_word' id='word_1_868' title='bbox 795 5652 904 5707; x_wconf 93' lang='lat' dir='ltr'><strong>quo</strong></span> <span class='ocrx_word' id='word_1_869' title='bbox 942 5655 1124 5693; x_wconf 85' lang='lat' dir='ltr'><strong>errore</strong></span> <span class='ocrx_word' id='word_1_870' title='bbox 1152 5637 1243 5693; x_wconf 83' lang='lat' dir='ltr'><strong>vel</strong></span> <span class='ocrx_word' id='word_1_871' title='bbox 1277 5637 1489 5694; x_wconf 89' lang='lat' dir='ltr'><strong>incuria</strong></span> <span class='ocrx_word' id='word_1_872' title='bbox 1515 5637 1721 5696; x_wconf 85' lang='lat' dir='ltr'><strong>factum</strong></span> <span class='ocrx_word' id='word_1_873' title='bbox 1746 5642 1818 5698; x_wconf 90' lang='lat' dir='ltr'><strong>sit</strong></span> <span class='ocrx_word' id='word_1_874' title='bbox 1849 5650 1908 5697; x_wconf 93' lang='lat' dir='ltr'><strong>ut</strong></span> <span class='ocrx_word' id='word_1_875' title='bbox 1930 5642 2037 5697; x_wconf 88' lang='lat' dir='ltr'><strong>hoc</strong></span> 
     </span>
    </p>
   </div>
   <div class='ocr_carea' id='block_1_122' title="bbox 439 5707 2034 5782">
    <p class='ocr_par' dir='ltr' id='par_1_122' title="bbox 439 5707 2034 5782">
     <span class='ocr_line' id='line_1_126' title="bbox 439 5707 2034 5782; baseline 0.002 -17"><span class='ocrx_word' id='word_1_876' title='bbox 439 5718 622 5782; x_wconf 88' lang='lat' dir='ltr'><strong>totum</strong></span> <span class='ocrx_word' id='word_1_877' title='bbox 665 5715 827 5782; x_wconf 83' lang='lat' dir='ltr'><strong>caput</strong></span> <span class='ocrx_word' id='word_1_878' title='bbox 865 5707 1292 5782; x_wconf 32' lang='lat' dir='ltr'><strong>in‘praacedenti</strong></span> <span class='ocrx_word' id='word_1_879' title='bbox 1328 5709 1566 5782; x_wconf 70' lang='lat' dir='ltr'><strong>editione</strong></span> <span class='ocrx_word' id='word_1_880' title='bbox 1597 5713 2034 5782; x_wconf 79' lang='lat' dir='ltr'><strong>praetermissum</strong></span> 
     </span>
    </p>
   </div>
   <div class='ocr_carea' id='block_1_123' title="bbox 439 5777 2030 5853">
    <p class='ocr_par' dir='ltr' id='par_1_123' title="bbox 439 5777 2030 5853">
     <span class='ocr_line' id='line_1_127' title="bbox 439 5777 2030 5853; baseline 0.002 -17"><span class='ocrx_word' id='word_1_881' title='bbox 439 5781 620 5848; x_wconf 89' lang='lat' dir='ltr'><strong>fuerit,</strong></span> <span class='ocrx_word' id='word_1_882' title='bbox 651 5777 760 5851; x_wconf 85' lang='lat' dir='ltr'><strong>quo</strong></span> <span class='ocrx_word' id='word_1_883' title='bbox 789 5777 905 5835; x_wconf 67' lang='lat' dir='ltr'><strong>haec</strong></span> <span class='ocrx_word' id='word_1_884' title='bbox 932 5777 1290 5846; x_wconf 81' lang='lat' dir='ltr'><strong>interrogatio</strong></span> <span class='ocrx_word' id='word_1_885' title='bbox 1322 5794 1356 5832; x_wconf 87' lang='lat' dir='ltr'><strong>a</strong></span> <span class='ocrx_word' id='word_1_886' title='bbox 1380 5777 1664 5837; x_wconf 78' lang='lat' dir='ltr'><strong>Germano</strong></span> <span class='ocrx_word' id='word_1_887' title='bbox 1687 5783 2030 5853; x_wconf 88' lang='lat' dir='ltr'><strong>proponitur,</strong></span> 
     </span>
    </p>
   </div>
   <div class='ocr_carea' id='block_1_124' title="bbox 2153 5005 3752 5083">
    <p class='ocr_par' dir='ltr' id='par_1_124' title="bbox 2153 5005 3752 5083">
     <span class='ocr_line' id='line_1_128' title="bbox 2153 5005 3752 5083; baseline 0.006 -25"><span class='ocrx_word' id='word_1_888' title='bbox 2153 5005 2207 5083; x_wconf 85' lang='lat' dir='ltr'><strong>in</strong></span> <span class='ocrx_word' id='word_1_889' title='bbox 2237 5008 2602 5083; x_wconf 82' lang='lat' dir='ltr'><strong>amaritudine</strong></span> <span class='ocrx_word' id='word_1_890' title='bbox 2634 5005 2986 5083; x_wconf 51' lang='lat' dir='ltr'><strong>animarsuae&#39;</strong></span> <span class='ocrx_word' id='word_1_891' title='bbox 3010 5011 3328 5083; x_wconf 82' lang='lat' dir='ltr'><strong>recogitavit</strong></span> <span class='ocrx_word' id='word_1_892' title='bbox 3363 5005 3427 5067; x_wconf 63' lang='lat' dir='ltr'><strong>&#39;et</strong></span> <span class='ocrx_word' id='word_1_893' title='bbox 3459 5005 3752 5068; x_wconf 72' lang='lat' dir='ltr'><strong>recensuit.</strong></span> 
     </span>
    </p>
   </div>
   <div class='ocr_carea' id='block_1_125' title="bbox 2155 5077 3758 5155">
    <p class='ocr_par' dir='ltr' id='par_1_125' title="bbox 2155 5077 3758 5155">
     <span class='ocr_line' id='line_1_129' title="bbox 2155 5077 3758 5155; baseline 0.006 -25"><span class='ocrx_word' id='word_1_894' title='bbox 2155 5081 2339 5148; x_wconf 87' lang='lat' dir='ltr'><strong>Atque</strong></span> <span class='ocrx_word' id='word_1_895' title='bbox 2376 5077 2476 5135; x_wconf 90' lang='lat' dir='ltr'><strong>hac</strong></span> <span class='ocrx_word' id='word_1_896' title='bbox 2500 5079 2711 5155; x_wconf 81' lang='lat' dir='ltr'><strong>ratione</strong></span> <span class='ocrx_word' id='word_1_897' title='bbox 2730 5079 2847 5155; x_wconf 82' lang='lat' dir='ltr'><strong>ﬁeri</strong></span> <span class='ocrx_word' id='word_1_898' title='bbox 2874 5088 3055 5150; x_wconf 89' lang='lat' dir='ltr'><strong>potest</strong></span> <span class='ocrx_word' id='word_1_899' title='bbox 3080 5077 3328 5155; x_wconf 55' lang='lat' dir='ltr'><strong>utetiam</strong></span> <span class='ocrx_word' id='word_1_900' title='bbox 3356 5083 3516 5154; x_wconf 88' lang='lat' dir='ltr'><strong>probi</strong></span> <span class='ocrx_word' id='word_1_901' title='bbox 3542 5093 3598 5139; x_wconf 85' lang='lat' dir='ltr'><strong>et</strong></span> <span class='ocrx_word' id='word_1_902' title='bbox 3615 5085 3758 5155; x_wconf 85' lang='lat' dir='ltr'><strong>justi</strong></span> 
     </span>
    </p>
   </div>
   <div class='ocr_carea' id='block_1_126' title="bbox 2146 5150 3758 5272">
    <p class='ocr_par' dir='ltr' id='par_1_126' title="bbox 2146 5150 3758 5272">
     <span class='ocr_line' id='line_1_130' title="bbox 2146 5150 3758 5272; baseline 0.007 -71"><span class='ocrx_word' id='word_1_903' title='bbox 2146 5157 2468 5272; x_wconf 56' lang='lat' dir='ltr'><strong>perpetuam</strong></span> <span class='ocrx_word' id='word_1_904' title='bbox 2511 5150 2886 5220; x_wconf 85' lang='lat' dir='ltr'><strong>paenitentiam</strong></span> <span class='ocrx_word' id='word_1_905' title='bbox 2923 5166 3100 5222; x_wconf 91' lang='lat' dir='ltr'><strong>usque</strong></span> <span class='ocrx_word' id='word_1_906' title='bbox 3139 5152 3213 5209; x_wconf 86' lang='lat' dir='ltr'><strong>ad</strong></span> <span class='ocrx_word' id='word_1_907' title='bbox 3263 5150 3394 5211; x_wconf 57' lang='lat' dir='ltr'><strong>vitae</strong></span> <span class='ocrx_word' id='word_1_908' title='bbox 3433 5150 3646 5212; x_wconf 75' lang='lat' dir='ltr'><strong>exitum</strong></span> <span class='ocrx_word' id='word_1_909' title='bbox 3687 5157 3758 5212; x_wconf 87' lang='lat' dir='ltr'><strong>de</strong></span> 
     </span>
     <span class='ocr_line' id='line_1_131' title="bbox 2167 5218 3746 5272; baseline 0 0"><span class='ocrx_word' id='word_1_910' title='bbox 2167 5218 2438 5272; x_wconf 88' lang='lat' dir='ltr'><strong>ethalibus</strong></span> <span class='ocrx_word' id='word_1_911' title='bbox 2463 5220 2694 5272; x_wconf 87' lang='lat' dir='ltr'><strong>neccatis</strong></span> <span class='ocrx_word' id='word_1_912' title='bbox 2730 5236 2890 5272; x_wconf 67' lang='lat' dir='ltr'><strong>agere</strong></span> <span class='ocrx_word' id='word_1_913' title='bbox 2914 5233 3134 5272; x_wconf 67' lang='lat' dir='ltr'><strong>auream-</strong></span> <span class='ocrx_word' id='word_1_914' title='bbox 3165 5235 3331 5272; x_wconf 68' lang='lat' dir='ltr'><strong>atoue</strong></span> <span class='ocrx_word' id='word_1_915' title='bbox 3353 5228 3490 5272; x_wconf 86' lang='lat' dir='ltr'><strong>nlim</strong></span> <span class='ocrx_word' id='word_1_916' title='bbox 3517 5228 3746 5272; x_wconf 65' lang='grc' dir='ltr'><strong>ρρρι-ἰιπ,</strong></span> 
     </span>
    </p>
   </div>
   <div class='ocr_carea' id='block_1_127' title="bbox 2167 5218 3749 5301">
    <p class='ocr_par' dir='ltr' id='par_1_127' title="bbox 2167 5218 3749 5301">
     <span class='ocr_line' id='line_1_132' title="bbox 2167 5218 3749 5301; baseline 0.006 -28"><span class='ocrx_word' id='word_1_917' title='bbox 2167 5218 2438 5301; x_wconf 71' lang='lat' dir='ltr'><strong>ethalibus</strong></span> <span class='ocrx_word' id='word_1_918' title='bbox 2463 5218 2694 5290; x_wconf 77' lang='lat' dir='ltr'><strong>peccatis</strong></span> <span class='ocrx_word' id='word_1_919' title='bbox 2730 5236 2890 5301; x_wconf 74' lang='lat' dir='ltr'><strong>agere</strong></span> <span class='ocrx_word' id='word_1_920' title='bbox 2914 5218 3134 5301; x_wconf 71' lang='lat' dir='ltr'><strong>queant,</strong></span> <span class='ocrx_word' id='word_1_921' title='bbox 3165 5235 3331 5301; x_wconf 79' lang='lat' dir='ltr'><strong>atque</strong></span> <span class='ocrx_word' id='word_1_922' title='bbox 3353 5228 3492 5282; x_wconf 91' lang='lat' dir='ltr'><strong>olim</strong></span> <span class='ocrx_word' id='word_1_923' title='bbox 3517 5228 3749 5301; x_wconf 81' lang='lat' dir='ltr'><strong>egerint,</strong></span> 
     </span>
    </p>
   </div>
   <div class='ocr_carea' id='block_1_128' title="bbox 2145 5289 3754 5366">
    <p class='ocr_par' dir='ltr' id='par_1_128' title="bbox 2145 5289 3754 5366">
     <span class='ocr_line' id='line_1_133' title="bbox 2145 5289 3754 5366; baseline 0.007 -24"><span class='ocrx_word' id='word_1_924' title='bbox 2145 5290 2238 5360; x_wconf 91' lang='lat' dir='ltr'><strong>qui</strong></span> <span class='ocrx_word' id='word_1_925' title='bbox 2283 5289 2485 5366; x_wconf 77' lang='lat' dir='ltr'><strong>idcirco</strong></span> <span class='ocrx_word' id='word_1_926' title='bbox 2520 5289 2949 5366; x_wconf 29' lang='lat' dir='ltr'><strong>se‘carceribus,</strong></span> <span class='ocrx_word' id='word_1_927' title='bbox 2979 5289 3253 5366; x_wconf 71' lang='lat' dir='ltr'><strong>sepulcris</strong></span> <span class='ocrx_word' id='word_1_928' title='bbox 3286 5307 3342 5352; x_wconf 88' lang='lat' dir='ltr'><strong>et</strong></span> <span class='ocrx_word' id='word_1_929' title='bbox 3381 5289 3754 5364; x_wconf 64' lang='lat' dir='ltr'><strong>monasteriis,</strong></span> 
     </span>
    </p>
   </div>
   <div class='ocr_carea' id='block_1_129' title="bbox 2146 5360 3754 5442">
    <p class='ocr_par' dir='ltr' id='par_1_129' title="bbox 2146 5360 3754 5442">
     <span class='ocr_line' id='line_1_134' title="bbox 2146 5360 3754 5442; baseline 0.006 -29"><span class='ocrx_word' id='word_1_930' title='bbox 2146 5366 2207 5414; x_wconf 87' lang='lat' dir='ltr'><strong>ut</strong></span> <span class='ocrx_word' id='word_1_931' title='bbox 2232 5367 2315 5442; x_wconf 75' lang='lat' dir='ltr'><strong>est</strong></span> <span class='ocrx_word' id='word_1_932' title='bbox 2341 5360 2487 5442; x_wconf 74' lang='lat' dir='ltr'><strong>apud</strong></span> <span class='ocrx_word' id='word_1_933' title='bbox 2513 5361 2816 5442; x_wconf 74' lang='lat' dir='ltr'><strong>Climacum</strong></span> <span class='ocrx_word' id='word_1_934' title='bbox 2841 5360 3059 5432; x_wconf 75' lang='lat' dir='ltr'><strong>(Gradu</strong></span> <span class='ocrx_word' id='word_1_935' title='bbox 3079 5371 3136 5434; x_wconf 86' lang='lat'><strong>5,</strong></span> <span class='ocrx_word' id='word_1_936' title='bbox 3157 5370 3256 5442; x_wconf 76' lang='lat' dir='ltr'><strong>qui</strong></span> <span class='ocrx_word' id='word_1_937' title='bbox 3281 5374 3362 5442; x_wconf 80' lang='lat' dir='ltr'><strong>est</strong></span> <span class='ocrx_word' id='word_1_938' title='bbox 3392 5370 3459 5424; x_wconf 85' lang='lat' dir='ltr'><strong>de</strong></span> <span class='ocrx_word' id='word_1_939' title='bbox 3489 5360 3754 5442; x_wconf 69' lang='lat' dir='ltr'><strong>cit-curata</strong></span> 
     </span>
    </p>
   </div>
   <div class='ocr_carea' id='block_1_130' title="bbox 2138 5433 3754 5509">
    <p class='ocr_par' dir='ltr' id='par_1_130' title="bbox 2138 5433 3754 5509">
     <span class='ocr_line' id='line_1_135' title="bbox 2138 5433 3754 5509; baseline 0.007 -26"><span class='ocrx_word' id='word_1_940' title='bbox 2138 5433 2639 5509; x_wconf 72' lang='lat' dir='ltr'><strong>pwnitentia)_et_in</strong></span> <span class='ocrx_word' id='word_1_941' title='bbox 2662 5434 2806 5509; x_wconf 89' lang='lat' dir='ltr'><strong>_Vitis</strong></span> <span class='ocrx_word' id='word_1_942' title='bbox 2840 5433 3192 5506; x_wconf 60' lang='lat' dir='ltr'><strong>sanctorum,</strong></span> <span class='ocrx_word' id='word_1_943' title='bbox 3222 5438 3596 5505; x_wconf 88' lang='lat' dir='ltr'><strong>incluserunt;</strong></span> <span class='ocrx_word' id='word_1_944' title='bbox 3639 5441 3754 5509; x_wconf 79' lang='lat' dir='ltr'><strong>alii,</strong></span> 
     </span>
    </p>
   </div>
   <div class='ocr_carea' id='block_1_131' title="bbox 2145 5501 3755 5581">
    <p class='ocr_par' dir='ltr' id='par_1_131' title="bbox 2145 5501 3755 5581">
     <span class='ocr_line' id='line_1_136' title="bbox 2145 5501 3755 5581; baseline 0.007 -25"><span class='ocrx_word' id='word_1_945' title='bbox 2145 5511 2206 5557; x_wconf 88' lang='lat' dir='ltr'><strong>ut</strong></span> <span class='ocrx_word' id='word_1_946' title='bbox 2249 5510 2331 5581; x_wconf 73' lang='lat' dir='ltr'><strong>est</strong></span> <span class='ocrx_word' id='word_1_947' title='bbox 2358 5501 2500 5574; x_wconf 87' lang='lat' dir='ltr'><strong>apud</strong></span> <span class='ocrx_word' id='word_1_948' title='bbox 2545 5504 2786 5581; x_wconf 71' lang='lat' dir='ltr'><strong>Paulum</strong></span> <span class='ocrx_word' id='word_1_949' title='bbox 2814 5509 3153 5581; x_wconf 85' lang='lat' dir='ltr'><strong>apostolum,</strong></span> <span class='ocrx_word' id='word_1_950' title='bbox 3181 5501 3350 5564; x_wconf 82' lang='lat' dir='ltr'><strong>etiam</strong></span> <span class='ocrx_word' id='word_1_951' title='bbox 3397 5501 3755 5581; x_wconf 31' lang='lat' dir='ltr'><strong>pauit-entia}</strong></span> 
     </span>
    </p>
   </div>
   <div class='ocr_carea' id='block_1_132' title="bbox 2144 5574 3756 5653">
    <p class='ocr_par' dir='ltr' id='par_1_132' title="bbox 2144 5574 3756 5653">
     <span class='ocr_line' id='line_1_137' title="bbox 2144 5574 3756 5653; baseline 0.007 -26"><span class='ocrx_word' id='word_1_952' title='bbox 2144 5574 2388 5653; x_wconf 4' lang='lat' dir='ltr'><strong>agendae,</strong></span> <span class='ocrx_word' id='word_1_953' title='bbox 2415 5590 2598 5653; x_wconf 83' lang='lat' dir='ltr'><strong>causa,</strong></span> <span class='ocrx_word' id='word_1_954' title='bbox 2629 5577 2722 5653; x_wconf 84' lang='lat' dir='ltr'><strong>_ad</strong></span> <span class='ocrx_word' id='word_1_955' title='bbox 2755 5574 2965 5653; x_wconf 81' lang='lat' dir='ltr'><strong>deserta</strong></span> <span class='ocrx_word' id='word_1_956' title='bbox 2989 5580 3142 5653; x_wconf 29' lang='lat' dir='ltr'><strong>“loca</strong></span> <span class='ocrx_word' id='word_1_957' title='bbox 3187 5574 3597 5653; x_wconf 79' lang='lat' dir='ltr'><strong>confugientes,</strong></span> <span class='ocrx_word' id='word_1_958' title='bbox 3641 5587 3756 5637; x_wconf 81' lang='lat' dir='ltr'><strong>eir-</strong></span> 
     </span>
    </p>
   </div>
   <div class='ocr_carea' id='block_1_133' title="bbox 2143 5647 3754 5723">
    <p class='ocr_par' dir='ltr' id='par_1_133' title="bbox 2143 5647 3754 5723">
     <span class='ocr_line' id='line_1_138' title="bbox 2143 5647 3754 5723; baseline 0.007 -25"><span class='ocrx_word' id='word_1_959' title='bbox 2143 5647 2392 5723; x_wconf 82' lang='lat' dir='ltr'><strong>cuierunt</strong></span> <span class='ocrx_word' id='word_1_960' title='bbox 2409 5721 2414 5723; x_wconf 16' lang='grc' dir='ltr'><strong><em>Α</em></strong></span> <span class='ocrx_word' id='word_1_961' title='bbox 2433 5649 2497 5723; x_wconf 78' lang='lat' dir='ltr'><strong>in</strong></span> <span class='ocrx_word' id='word_1_962' title='bbox 2539 5648 2764 5723; x_wconf 61' lang='lat' dir='ltr'><strong>mellitis,</strong></span> <span class='ocrx_word' id='word_1_963' title='bbox 2805 5650 2866 5702; x_wconf 86' lang='lat' dir='ltr'><strong>in</strong></span> <span class='ocrx_word' id='word_1_964' title='bbox 2885 5721 2896 5723; x_wconf 94' lang='lat'>_</span> <span class='ocrx_word' id='word_1_965' title='bbox 2913 5651 3144 5723; x_wconf 82' lang='lat' dir='ltr'><strong>pellibus</strong></span> <span class='ocrx_word' id='word_1_966' title='bbox 3195 5647 3456 5722; x_wconf 72' lang='lat' dir='ltr'><strong>caprinis,</strong></span> <span class='ocrx_word' id='word_1_967' title='bbox 3511 5662 3754 5723; x_wconf 76' lang='lat' dir='ltr'><strong>egentes,</strong></span> 
     </span>
    </p>
   </div>
   <div class='ocr_carea' id='block_1_134' title="bbox 2142 5719 3756 5790">
    <p class='ocr_par' dir='ltr' id='par_1_134' title="bbox 2142 5719 3756 5790">
     <span class='ocr_line' id='line_1_139' title="bbox 2142 5719 3756 5790; baseline 0.009 -21"><span class='ocrx_word' id='word_1_968' title='bbox 2142 5719 2459 5790; x_wconf 76' lang='lat' dir='ltr'><strong>angustiati,</strong></span> <span class='ocrx_word' id='word_1_969' title='bbox 2488 5720 2696 5786; x_wconf 76' lang='lat' dir='ltr'><strong>afﬂicti,</strong></span> <span class='ocrx_word' id='word_1_970' title='bbox 2727 5721 2785 5772; x_wconf 87' lang='lat' dir='ltr'><strong>in</strong></span> <span class='ocrx_word' id='word_1_971' title='bbox 2821 5721 3201 5776; x_wconf 85' lang='lat' dir='ltr'><strong>solitudinibus</strong></span> <span class='ocrx_word' id='word_1_972' title='bbox 3223 5719 3486 5790; x_wconf 68' lang='lat' dir='ltr'><strong>errantes,</strong></span> <span class='ocrx_word' id='word_1_973' title='bbox 3517 5719 3578 5780; x_wconf 76' lang='lat' dir='ltr'><strong>in</strong></span> <span class='ocrx_word' id='word_1_974' title='bbox 3599 5744 3756 5782; x_wconf 63' lang='lat' dir='ltr'><strong>nicu-</strong></span> 
     </span>
    </p>
   </div>
   <div class='ocr_carea' id='block_1_135' title="bbox 2142 5787 3312 5859">
    <p class='ocr_par' dir='ltr' id='par_1_135' title="bbox 2142 5787 3312 5859">
     <span class='ocr_line' id='line_1_140' title="bbox 2142 5787 3312 5859; baseline 0.008 -19"><span class='ocrx_word' id='word_1_975' title='bbox 2142 5787 2306 5851; x_wconf 87' lang='lat' dir='ltr'><strong>tibus,</strong></span> <span class='ocrx_word' id='word_1_976' title='bbox 2333 5794 2383 5843; x_wconf 89' lang='lat' dir='ltr'><strong>et</strong></span> <span class='ocrx_word' id='word_1_977' title='bbox 2406 5790 2685 5859; x_wconf 82' lang='lat' dir='ltr'><strong>speluncis,</strong></span> <span class='ocrx_word' id='word_1_978' title='bbox 2717 5795 2769 5846; x_wconf 91' lang='lat' dir='ltr'><strong>et</strong></span> <span class='ocrx_word' id='word_1_979' title='bbox 2788 5793 2845 5846; x_wconf 87' lang='lat' dir='ltr'><strong>in</strong></span> <span class='ocrx_word' id='word_1_980' title='bbox 2871 5797 3112 5848; x_wconf 81' lang='lat' dir='ltr'><strong>cavernis</strong></span> <span class='ocrx_word' id='word_1_981' title='bbox 3137 5798 3312 5849; x_wconf 63' lang='lat' dir='ltr'><strong>terra.</strong></span> 
     </span>
    </p>
   </div>
  </div>
