4014 6202
238 254 368 310 1157

1152 252 1497 317 COLLATIO
1528 254 1650 309 XX.
1688 282 1763 296 —
1800 254 1888 313 DE
1926 254 2397 314 ΡΕΕΝΙΤΕΝΤΙᾸΞ
2434 252 2613 313 FINE.

3404 263 3539 318 “58

233 385 332 434 tem
356 392 531 434 meam
559 393 652 448 ego
681 392 929 447 agnosco,
961 384 1013 434 et
1033 355 1314 450 peccatum
1335 395 1511 436 meum
1535 386 1718 437 contra
1750 397 1833 438 me
1858 388 1912 448 Α
1945 382 2013 438 rit
2053 383 2355 455 consepita,
2380 390 2438 438 et
2473 381 2823 440 conscientia
2846 382 3002 455 spina
3043 382 3115 440 de
3140 382 3396 442 medullis
3421 385 3546 441 ani-

233 480 311 531 est
348 488 555 544 semper
585 473 923 544 (Psalm.L);
961 472 1093 530 illud
1115 473 1317 544 etiam,
1350 478 1423 532 Et
1459 476 1702 545 cogitabo
1732 491 1837 546 pro

226 572 437 638 peccato
464 583 577 623 meo
597 568 828 633 (Psalm.
855 568 1146 640 xxxvm).
1174 570 1326 625 Dum
1342 583 1475 642 ergo
1502 569 1840 642 agimuspoe—

231 661 540 729 nitentiam,
568 668 626 717 et
651 659 830 718 adhuc
859 660 1183 718 vitiosorum
1211 670 1435 719 actuum
1463 662 1838 720 recordatione

232 754 569 823 mordemur,
618 754 984 812 necessarium
1041 762 1125 811 est
1170 763 1234 812 ut
1275 756 1460 830 ignem
1492 756 1837 813 conscientia

230 857 434 906 nostra
476 849 705 907 obortus
743 865 813 907 ex
857 849 1200 908 confessione
1250 851 1424 923 culpa
1471 851 1839 924 lacrymarum

230 942 407 1000 imber
432 944 782 1018 exstinguat;
813 961 941 1001 cum
966 959 1097 1002 vero
1121 944 1378 1017 cuiquam
1404 944 1468 1001 in
1493 944 1596 1002 hac
1620 944 1837 1002 humili-

232 1044 344 1092 tate
366 1035 549 1093 cordis
591 1043 647 1092 et
681 1035 909 1109 spiritus
952 1036 1284 1095 contritione
1322 1035 1527 1104 deﬁxo,
1582 1044 1747 1109 atque
1775 1036 1835 1092 in

228 1129 415 1188 labore
438 1140 494 1188 et
514 1131 725 1205 gemitu
759 1130 1096 1204 perduranti,
1128 1132 1331 1190 horum
1374 1130 1676 1189 recordatio
1708 1129 1834 1187 fue-

1945 491 2055 533 ma
2099 475 2270 549 gratia
2307 474 2410 531 Dei
2445 475 2752 532 miserentis
2777 475 2980 541 evulsa,
3004 485 3031 512 ι
3067 484 3282 534 certum
3305 485 3389 534 est
3415 493 3544 535 eum

1944 568 2016 627 ad
2039 569 2421 627 satisfactionis
2450 569 2619 626 ﬁnem
2646 577 2810 642 atque
2836 568 3187 643 indulgentia
3205 571 3399 641 merita
3424 587 3545 644 per-

1945 662 2174 734 venisse,
2214 671 2271 720 et
2311 663 2381 720 ab
2410 662 2789 721 universorum
2843 662 3139 721 criminum
3188 664 3309 722 labe
3343 681 3545 739 purga-

1942 765 2083 814 tum.
2112 756 2204 814 Ad
2240 773 2410 831 quam
2463 767 2645 814 tamen
2682 756 3021 814 oblivionem
3049 773 3164 815 non
3190 758 3320 815 alias
3350 775 3545 831 perve-

1940 850 2113 917 nitur,
2153 849 2259 906 nisi
2302 866 2400 924 per
2428 849 2890 907 oblitterationem
2933 849 3194 907 vitiorum
3219 858 3382 922 atque
3406 849 3542 907 affe-

1943 952 2134 1001 ctuum
2179 943 2539 1016 pristinorum
2575 950 2631 1000 et
2673 941 2970 1016 perfectam
3001 944 3188 1001 cordis
3211 953 3372 1017 atque
3400 944 3544 1002 inte—

1939 1052 2098 1108 gram
2129 1037 2459 1107 puritatem;
2480 1052 2648 1110 quam
2670 1036 2788 1093 sine
2826 1036 2997 1094 dubio
3022 1036 3203 1094 nullus
3229 1052 3425 1094 eorum
3448 1036 3545 1110 qui

1940 1145 2035 1203 per
2079 1129 2350 1202 ignaviam
2384 1129 2501 1186 sive
2551 1137 2929 1203 contemptum
2991 1130 3122 1187 vitia
3156 1145 3254 1187 sua
3315 1145 3546 1203 purgare

1326 1292 1583 1348 ALARDI
1624 1291 1850 1347 ΟΑΖᾸΞΙ
1889 1289 2448 1346 COMMENTARIUS.

302 1447 329 1473 ⁸
350 1437 505 1494 Idem
531 1437 654 1495 aliis
680 1436 857 1494 verbis
877 1452 997 1509 cap.
1027 1436 1222 1508 quinto
1258 1439 1517 1509 :r’l‘uncse
1540 1438 1588 1509 is
1614 1437 1715 1506 qui
1730 1451 1834 1506 pro

228 1511 605 1577 satisfactione
639 1508 961 1580 pervigilat,
988 1524 1023 1563 a
1049 1508 1362 1563 criminibus
1404 1508 1733 1569 absolutum,
1773 1523 1838 1562 uc

229 1582 298 1636 de
301 1583 596 1651 prater-itis
621 1581 873 1635 admissis
884 1582 1100 1634 veniam
1105 1580 1399 1651 percepisse
1410 1584 1707 1651 cog-noscat,
1727 1586 1832 1651 etc.

229 1647 368 1721 Qua
396 1649 612 1721 quidem
643 1650 873 1706 assertio
914 1651 1090 1721 prima
1105 1647 1311 1721 "fronte
1336 1647 1505 1705 videri
1548 1657 1732 1720 posset
1756 1648 1838 1704 in-

229 1720 315 1777 ter
362 1720 577 1778 errores
602 1721 866 1788 Cassiani,
914 1720 1025 1776 sive
1048 1720 1408 1788 Collatorum,
1435 1723 1631 1776 merito
1657 1735 1836 1776 annu-

229 1791 524 1858 meranda;
569 1807 699 1848 cum
731 1799 945 1848 constet
977 1790 1259 1849 neminem
1288 1791 1347 1848 in
1393 1792 1496 1847 hac
1536 1790 1646 1847 vita
1692 1791 1830 1848 citra

231 1860 618 1935 revelationem
653 1862 890 1918 divinam
927 1861 995 1918 de
1045 1870 1193 1919 statu
1240 1863 1437 1919 anima
1474 1877 1589 1918 sua
1623 1870 1682 1918 et
1706 1878 1827 1935 per-

229 1939 389 2004 cepta
442 1932 598 2004 venia
654 1942 1001 2003 peccatorum
1056 1941 1269 1988 certum
1309 1948 1375 1989 ac
1418 1948 1673 1990 securum
1706 1932 1836 1990 esse

229 2002 397 2075 posse
445 2002 717 2075 (Trident.
743 2020 883 2059 conc.
913 2018 985 2058 ss.
1011 2009 1047 2058 6
1072 2019 1118 2075 c.
1154 2009 1217 2075 ,9,
1242 2008 1296 2059 et
1321 2005 1451 2075 716),
1480 2013 1546 2060 ut
1585 2019 1650 2060 ex
1677 2005 1834 2060 tertia

225 2082 363 2130 nota
386 2074 635 2147 ejusdem
681 2090 801 2147 cap.
843 2083 1013 2147 patet,
1058 2074 1167 2129 nisi
1208 2074 1443 2147 benigna
1479 2075 1837 2147 explicatione

226 2144 429 2228 (quani
448 2153 659 2228 auctor,
684 2144 809 2228 licet
819 2144 1166 2228 subobscure
1186 2144 1502 2228 ,_suggerit)
1526 2144 1710 2228 posset
1725 2162 1834 2228 _ex-

226 2161 424 2228 (quam
448 2161 659 2215 auctor,
684 2161 809 2201 ncet
831 2161 1166 2228 suuonscure
1186 2186 1203 2214 ,
1231 2161 1502 2273 suggerit)
1526 2161 1710 2228 posset
1739 2162 1834 2202 ex-

224 2232 451 2290 cusar1._
488 2216 649 2290 Quod
714 2225 785 2290 et
813 2216 1117 2290 cuychium
1172 2224 1228 2290 et
1320 2231 1593 2290 Iacomum
1646 2216 1837 2290 itidem

224 2287 682 2344 animadvertisse
705 2287 967 2344 existimo
986 2326 1003 2353 ,
1040 2301 1171 2344 cum
1202 2287 1259 2343 in
1285 2288 1399 2344 suis
1446 2288 1835 2344 observationi-

221 2357 334 2432 bus
362 2374 431 2432 ac
458 2359 704 2432 censuris
738 2358 878 2432 hanc
904 2359 1228 2432 sententiam
1256 2358 1487 2415 minime
1513 2359 1794 2432 attigerint
1819 2401 1837 2429 ,

220 2429 321 2503 qui
351 2430 489 2486 alias
520 2429 831 2503 hujusmodi
860 2438 1002 2503 tam,
1024 2430 1308 2503 diligenter
1350 2429 1737 2503 excusserunt.
1771 2433 1837 2487 In

220 2499 330 2557 hac
352 2516 525 2573 porro
559 2499 915 2573 eitplicatione
934 2500 1041 2558 tria
1066 2499 1305 2559 notanda
1320 2510 1469 2557 sunt.
1493 2501 1837 2573 1°Lgoquitur

216 2571 447 2628 Auctor
482 2587 601 2627 non
624 2571 706 2629 ’de
762 2573 1090 2629 certitudine
1135 2573 1382 2629 absoluta
1428 2584 1485 2628 et
1534 2571 1834 2641 infallibili,

214 2643 406 2715 qualis
436 2642 581 2716 apud
601 2642 953 2716 philosophos
999 2644 1266 2716 certitudo
1308 2643 1833 2716 demonstrationis,

215 2730 347 2841 alia
376 2715 531 2787 parit
568 2714 885 2797 scientiam,
916 2723 972 2772 et
997 2715 1143 2771 inter
1189 2714 1531 2771 Christianos
1567 2714 1835 2772 certitudo

253 2786 345 2841 dei
375 2784 686 2841 catholica.
714 2801 802 2841 cui
849 2801 959 2841 non
997 2792 1178 2841 potest
1224 2785 1446 2841 subesse
1480 2784 1710 2841 falsum:
1739 2783 1835 2841 sed

253 2786 345 2843 dei
375 2783 686 2854 catholica,
714 2784 802 2841 cui
849 2783 959 2841 non
997 2792 1178 2854 potest
1224 2785 1446 2842 subesse
1480 2784 1710 2851 falsum;
1739 2783 1836 2841 sed

213 2858 287 2914 de
316 2855 655 2914 certitudine
681 2855 874 2912 morali
899 2864 954 2912 et
978 2854 1206 2914 ﬁduciali
1226 2896 1241 2920 ,
1272 2871 1395 2926 qua
1422 2871 1483 2911 ex
1504 2855 1837 2926 quibusdam

210 2929 399 3001 signis
429 2936 485 3001 et
510 2926 724 3001 indiciis
766 2942 910 2983 vera
945 2925 1759 3001 conversionis,satisfactionis
1781 2935 1837 2982 et

214 2996 577 3056 re'missionis
623 3006 970 3069 peccatorum
1000 2996 1273 3069 colligitur
1302 2997 1395 3069 (de
1429 2997 1628 3069 quibus
1652 2996 1832 3064 infra)

213 3080 275 3127 et
296 3087 331 3127 a
363 3073 491 3125 Deo
519 3066 829 3140 inspiratur.
879 3066 1155 3133 Secundo;
1201 3082 1332 3122 cum
1350 3066 1419 3122 ab
1444 3066 1837 3140 ’horum_vere

216 3142 531 3214 paenitente
571 3136 627 3214 et
645 3136 942 3214 justiﬁcato
971 3144 1231 3214 _removet
1254 3136 1838 3214 omnem_recorda_tio-

216 3207 361 3269 item
407 3207 807 3283 prateritbrum
829 3208 1122 3283 criminum
1138 3248 1152 3275 ,
1179 3223 1293 3263 non
1328 3207 1575 3283 intelligit
1599 3207 1672 3264 de
1696 3207 1834 3264 sim-

259 3284 355 3339 lici
378 3278 479 3339 seu
513 3281 658 3337 nuda
685 3278 1095 3350 recordatione,
1137 3278 1620 3350 rememoratione,
1645 3293 1842 3350 appre-

260 3300 355 3339 IICI
378 3300 479 3339 seu
513 3300 658 3337 nuaa
685 3300 1095 3346 I'GOOI'OHEIODU,
1137 3300 1620 3345 rememorauone,
1645 3300 1839 3350 appre-

211 3300 502 3432 gensione
528 3350 883 3432 eorumdgm:
918 3348 1049 3432 quia
1063 3357 1241 3432 potest
1267 3349 1391 3420 quis
1409 3365 1442 3405 a
1469 3349 1705 3432 peccatis
1718 3364 1839 3431 esse

216 3425 553 3490 absolutus,
595 3429 651 3477 et
682 3418 951 3477 infestari
975 3418 1331 3490 nihilominus
1379 3436 1410 3476 a
1462 3418 1841 3477 recordatione

215 3489 683 3579 Ηϊεεεὲΐίίὲτυωὸ.
698 3491 794 3548 sed
819 3491 895 3579 ile
919 3489 1301 3579 Ρὲθοίῗάθεὶίῖθίῖ
1322 3507 1427 3579 se“.
1448 3490 1840 3579 ⁵ἯῆΨέἔὲΨέ

215 3561 582 3631 illecebrosa,
635 3571 690 3618 et
728 3577 859 3619 cum
908 3562 1088 3634 aliquo
1142 3561 1343 3634 aftectu
1381 3572 1436 3618 et
1475 3561 1840 3634 oblectatione

212 3635 556 3707 conjuncta,
603 3648 727 3706 qua
767 3634 824 3689 in
853 3632 1086 3707 peccatis
1126 3632 1309 3707 carnis
1345 3632 1631 3707 pracipue
1650 3634 1835 3707 locum

211 3703 422 3769 habet,
445 3703 747 3777 diciturque
794 3703 1159 3778 communiter
1184 3720 1216 3760 a
1251 3703 1528 3778 theologis
1547 3704 1835 3778 delectatio

207 3792 459 3859 morosa
487 3790 642 3859 :_qua
656 3774 999 3859 quamdiuin
1027 3774 1210 3832 animo
1229 3774 1537 3859 residetJet
1566 3777 1832 3859 rationem

207 3850 285 3908 ad
314 3864 382 3905 se
412 3846 605 3921 trahit,
620 3846 833 3921 certum
860 3854 944 3903 est
962 3862 1074 3921 non
1109 3862 1228 3921 esse
1252 3847 1306 3902 in
1330 3847 1552 3921 homine
1577 3856 1635 3921 et
1670 3846 1835 3921 perfe-

204 3932 373 3979 ctam
405 3918 906 3999 poenitentiatnnet
928 3918 1303 3999 omnimodam
1330 3918 1838 3999 conscientiaipuri-

204 3987 426 4058 tatem,
455 4003 581 4060 qua
625 3997 710 4044 est
753 3987 879 4060 linis
902 3988 1272 4060 panitentia,
1318 3988 1387 4060 de
1433 4004 1543 4060 quo
1587 3987 1834 4060 instituta

202 4064 336 4122 hac
391 4058 623 4131 collatio
656 4067 713 4114 et
739 4058 1051 4131 disputatio.
1095 4058 1301 4131 Tertio,
1334 4058 1712 4131 loquituruhic
1732 4060 1836 4116 ab-

200 4136 313 4193 bas
337 4147 462 4190 non
486 4130 575 4202 de
600 4130 715 4201 ipsa
743 4128 1083 4202 paenitentia
1118 4129 1345 4202 veritate
1380 4128 1436 4185 et
1463 4128 1740 4201 qualitate,
1770 4139 1836 4187 ut

202 4206 330 4279 ipse
358 4201 533 4283 ini‘tio
557 4199 718 4283 hujus
864 4199 1332 4283 _inculcat,_sed'de
1705 4205 1831 4271 ﬁne,

203 4270 268 4335 n't
299 4272 544 4350 praefert
570 4270 950 4350 timlusﬁujus
988 4271 1323 4350 οοιιξιίςιιιίεν
1348 4270 1404 4328 id
1431 4280 1534 4350 (δι’
1564 4271 1636 4350 ᾁθ
1664 4270 1834 4350 {capo

198 4358 262 4406 et
299 4343 677 4420 perfectione,
705 4343 777 4401 ad
794 4343 960 4415 quam
986 4343 1162 4399 tendit
1177 4343 1288 4416 ipsa
1311 4343 1650 4420 poenitentia.
1680 4343 1834 4420 Tunc

198 4414 363 4477 enim
399 4415 651 4489 perfecta
679 4423 735 4471 et
781 4414 1161 4489 censummata
1198 4414 1457 4489 censenti:
1487 4414 1828 4489 paenitentia,

195 4506 337 4550 cum
369 4485 513 4562 q'uis
537 4501 635 4562 per
664 4500 827 4558 opera
855 4485 1191 4557 pauitantia
1215 4494 1270 4562 et
1297 4485 1684 4562 satisfactionis
1713 4487 1832 4559 ple-

194 4556 434 4620 nariaril
464 4556 720 4629 omnium
747 4556 1096 4629 peceatorum
1112 4556 1325 4629 veniam
1353 4565 1409 4614 et
1426 4556 1827 4626 remissionem,

195 4644 331 4691 tum
362 4627 575 4704 quoad
617 4627 857 4704 culpam,
883 4634 1004 4683 tum
1031 4627 1213 4700 quoad
1241 4644 1463 4704 pennam
1503 4638 1830 4704 consecutus

194 4716 314 4775 est,
350 4697 495 4775 c'urn
522 4699 611 4775 hic
628 4697 842 4775 sittinis
858 4706 912 4775 et_
930 4697 1514 4775 scopuspoenitentia,
1543 4709 1604 4757 ut
1619 4700 1827 4757 dictum

192 4769 310 4836 est.
345 4778 430 4831 At
460 4772 533 4828 de
561 4770 666 4826 hoc
690 4769 870 4826 nullus
896 4769 953 4825 in
975 4769 1075 4826 hac
1102 4769 1209 4825 vita
1237 4770 1459 4825 omnino
1498 4780 1680 4827 certus
1710 4786 1829 4828 esse

236 4840 662 4922 otest,‘nisi.ex
696 4840 912 4922 speciali
932 4840 1257 4922 revelatione
1272 4840 1484 4922 divina,
1512 4850 1584 4922 ut_
1600 4842 1677 4897 illi
1703 4842 1829 4922 qui-

237 4934 312 4975 us
337 4932 372 4972 a
411 4909 667 4967 Domino
686 4909 893 4966 dictum
916 4920 1001 4967 est
1041 4930 1054 4967 :
1085 4914 1477 4979 Remittuntur,
1500 4914 1584 4968 vel
1606 4909 1829 4970 renussa"

189 4994 342 5049 sunt
374 4984 498 5043 tibi
502 4984 723 5056 peccata
744 4985 839 5035 tua
860 4984 1074 5056 (Matth.
1100 4999 1163 5056 rx
1180 5003 1209 5056 ςγ
1226 4987 1352 5040 Luc.
1381 4999 1421 5039 ν
1447 4988 1503 5039 et
1525 4984 1658 5055 vn).
1683 4984 1828 5056 Quin

189 5062 387 5120 etiam
417 5055 590 5126 culpa
612 5067 727 5106 non
745 5060 908 5126 vacat
926 5053 992 5126 _id
1019 5055 1280 5110 curiosius
1309 5070 1475 5126 quam
1512 5053 1830 5126 par'est‘in-

190 5134 498 5198 vestigare
510 5122 541 5198 ,ί
559 5122 1070 5198 _quentadmodum‘
1100 5122 1378 5198 respondit
1414 5128 1483 5180 D.
1512 5122 1832 5198 fGregorius

189 5192 388 5261 nobili
442 5192 672 5253 cuidam
716 5192 936 5251 femina
965 5211 1028 5250 ex
1055 5192 1405 5266 imperatoris
1441 5197 1559 5251 aula
1580 5237 1597 5263 ,
1625 5192 1749 5266 q'ua
1773 5197 1832 5255 id

190 5276 272 5334 ab
295 5290 374 5331 eo
414 5267 637 5325 obnixe
658 5266 947 5339 quasierat
978 5285 991 5321 :
1026 5270 1174 5333 Rem,
1205 5267 1382 5336 inquit
1411 5268 1546 5339 (Lib.
1576 5282 1640 5323 vr
1669 5270 1828 5339 epist.

196 5353 362 5414 186),
399 5339 664 5420 inutilem
684 5339 991 5420 postulasti,
1018 5340 1154 5420 quia
1170 5353 1357 5420 secura
1377 5338 1446 5420 de
1464 5338 1700 5420 peccatis
1712 5341 1833 5420 tuis

186 5408 327 5492 ﬁeri
346 5408 495 5469 'non
519 5408 693 5492 debes,
719 5412 833 5465 nisi
855 5426 977 5492 cum
1157 5411 1219 5464 in
1243 5408 1484 5492 dievitai
1507 5412 1831 5492 tuteultimo

182 5480 489 5563 plangere
515 5480 701 5563 eadem
710 5487 927 5549 peccata
943 5480 1163 5563 minime
1174 5480 1412 5563 valebis;
1435 5498 1555 5563 quo;
1572 5482 1833 5563 dies‘quo-

188 5553 384 5631 itsque
396 5553 617 5631 veniat,
635 5566 839 5631 semper
856 5560 1120 5622 suspecta,
1129 5568 1349 5631 semper
1370 5553 1586 5631 trepida
1598 5559 1830 5631 metuere

188 5624 411 5703 culpas
455 5624 641 5703 debes,
681 5627 844 5703 atque
873 5638 959 5702 eas
985 5626 1322 5703 quotidianis
1368 5624 1577 5703 ﬂetibus
1628 5625 1827 5679 lavare.

189 5693 362 5762 Certe
381 5694 603 5755 Paulus
633 5693 902 5763 apostolus
919 5694 1040 5762 jam
1063 5695 1138 5749 ad
1173 5698 1391 5751 tertium
1418 5696 1604 5751 calum
1636 5711 1831 5751 ascen-

184 5777 390 5835 derat,
409 5772 481 5823 in
489 5765 814 5834 paradisum
828 5780 1035 5834 quoque
1042 5766 1234 5821 ductus
1246 5767 1659 5834 fuerat,arcana
1667 5768 1831 5822 verba

187 5842 506 5903 audierat,
538 5852 658 5907 quae
684 5835 887 5891 homini
914 5835 1062 5905 loqui
1093 5851 1200 5892 non
1228 5839 1406 5894 liceret
1441 5836 1513 5909 (ll
1544 5839 1661 5896 Cor.
1692 5836 1829 5910 χιι),

1894 3180 1897 3183 ι
1943 3140 2069 3208 Reg.
2092 3142 2250 3195 Brev.
2279 3141 2441 3194 inter.
2475 3141 2606 3207 269)
2637 3154 2654 3193 :
2682 3141 2796 3195 Hac
2822 3140 3032 3194 ratione

1867 3229 1914 3293 c
1942 3212 2140 3293 arma
2161 3211 2400 3293 enim
2416 3210 2619 3293 αυράει
2629 3213 2863 3293 recoctis
2885 3210 3547 3293 ιίδεξναξίεετξπιξιεθτραεα»

1943 1440 1996 1491 et
2036 1440 2217 1490 tamen
2244 1426 2422 1489 adlato
2470 1434 2754 1508 trepidans
2790 1432 3002 1508 dicebat
3047 1451 3065 1488 :
3114 1435 3331 1508 Castigo
3354 1450 3547 1508 corpus

1942 1522 2151 1590 meum,
2173 1511 2226 1562 ετ
2244 1504 2761 1590 mmmam»
2790 1520 2873 1590 ηε.
2896 1507 3043 1590 frte
3076 1506 3202 1590 aliis
3216 1504 3544 1590 mdium,

1942 1580 2056 1649 ipse
2081 1577 2340 1648 reprobus
2356 1577 2566 1659 .e/ﬁciar
2577 1578 2632 1657 _(l
2648 1577 2899 1660 Capax).
2912 1576 3109 1631 Adhuc
3129 1579 3300 1661 timet,
3324 1582 3424 1649 qui
3422 1580 3547 1665 jam

1942 1650 2017 1704 ad
2036 1650 2223 1703 calum
2238 1649 2476 1712 ducitur,
2492 1653 2547 1702 et
2555 1663 2679 1717 1am
2695 1651 2878 1702 timere
2898 1662 3005 1701 non
3030 1648 3147 1702 vult
3166 1664 3262 1718 qui
3289 1650 3466 1705 adhuc
3488 1668 3550 1705 in

1944 1724 2093 1775 terra
2505 1690 2800 1789 Perpende,
2828 1719 2963 1788 ﬁlia,
3003 1721 3138 1789 quia
3161 1690 3336 1775 mater
3376 1722 3549 1791 negli-

1940 1794 2135 1860 gentia
2172 1792 2304 1847 solet
2342 1806 2449 1847 esse
2474 1793 2749 1846 securitas.
2786 1790 2994 1847 Habere
3026 1806 3165 1860 ergo
3208 1793 3269 1845 in
3307 1792 3409 1847 hac
3432 1795 3551 1849 vita

1865 1848 1914 1911 Β
1940 1848 2048 1918 non
2074 1863 2228 1918 debes
2257 1865 2623 1925 securitatem,
2646 1877 2750 1932 per
2776 1876 2942 1932 quam
2968 1848 3241 1931 negligens
3274 1848 3546 1920 reddaris.

1945 1934 2219 2004 Scriptum
2246 1939 2327 1989 est
2352 1935 2533 1988 enim:
2555 1936 2750 1989 Beatus
2776 1935 3188 2003 virquisemper
3216 1937 3292 1988 est
3310 1935 3548 2004 pavidus

1946 2005 2120 2075 (Prov.
2134 2008 2364 2070 xxvm)
2379 2009 2462 2072 ;et
2478 2018 2671 2060 rursus
2690 2006 2953 2075 scriptum
2981 2009 3060 2059 est
3081 2006 3315 2061 :Servite
3326 2009 3551 2062 Domino

1941 2078 2004 2130 in
2051 2078 2262 2143 timore,
2296 2081 2358 2148 et
2373 2077 2651 2148 gemsultate
2666 2078 2720 2131 ei
2761 2091 2881 2130 cum
2913 2080 3138 2130 tremore
3181 2076 3346 2146 (Psal.
3367 2076 3448 2148 ιι).
3479 2080 3546 2133 In

1937 2163 2111 2217 pauco
2139 2163 2264 2216 ergo
2284 2146 2447 2215 hujus
2464 2149 2592 2201 vita
2621 2152 2854 2217 tempore
2862 2151 3090 2201 mentem
3106 2153 3339 2202 vestram
3350 2146 3553 2204 necesse

1944 2223 2022 2273 est
2043 2223 2105 2272 ut
2128 2223 2325 2273 tremor
2344 2222 2540 2284 teneat,
2561 2222 2828 2287 quatenus
2841 2232 2940 2288 per
2958 2219 3261 2273 securitatis
3288 2220 3549 2287 gaudium

1942 2292 2058 2344 sine
2086 2292 2191 2360 ﬁne
2228 2288 2571 2360 postmodum
2605 2290 2855 2360 exsultet.
2881 2289 3020 2343 Hac
3051 2288 3365 2359 Gregorius.
3415 2291 3551 2357 Qua

1944 2359 2192 2431 quamvis
2226 2359 2302 2416 ita
2326 2375 2386 2416 se
2418 2359 2684 2427 habeant,
2720 2359 2899 2415 solent
2922 2367 3115 2415 tamen
3140 2361 3327 2416 Patres
3352 2364 3542 2429 (Bern.

1942 2432 2248 2511 Rossignol:
2277 2431 2344 2511 de
2380 2431 2652 2502 disciplin.
2669 2449 2699 2511 ξΔ
2718 2431 2917 2511 Christ.
2955 2431 3180 2500 perfect.
3212 2431 3549 2511 1.1cap_.u_)

1941 2501 2013 2558 ad
2063 2501 2514 2558 consolationem
2539 2501 2953 2572 panitentium,
2992 2515 3144 2572 vera
3182 2501 3554 2572 conversionis

1942 2583 1999 2628 et
2024 2572 2364 2644 remissionis
2409 2569 2760 2644 peccatorum
2801 2570 2956 2644 signa
2987 2569 3244 2644 quadam,
3278 2571 3547 2641 indicare,

1944 2651 2008 2716 ut
2033 2659 2097 2699 ex
2126 2643 2192 2699 iis
2241 2641 2472 2714 quisque
2516 2641 2773 2716 conjiciat
2804 2641 2879 2697 in'
2890 2641 3177 2716 quoistatu
3202 2643 3293 2710 sit,
3334 2652 3391 2700 et
3411 2660 3549 2716 qua-

1942 2711 2359 2786 damtenus'se,
2382 2711 2448 2768 ut
2477 2711 2685 2786 potest,
2733 2711 3101 2786 deprehendat
3153 2733 3166 2769 :
3217 2729 3341 2786 qua
3368 2711 3550 2786 etiam

1943 2780 2077 2841 illud
2107 2780 2548 2856 emolumentum
2578 2780 2836 2856 afferunt,
2867 2791 2930 2838 ut
2969 2782 3212 2838 animam
3235 2780 3551 2856 paenitentis

1942 2855 2244 2928 accendant
2282 2855 2352 2928 ad
2389 2854 2445 2910 id
2478 2853 2781 2928 optandum
2808 2861 2863 2928 et
2889 2853 3364 2928 consequendum,
3398 2858 3549 2928 quod

1943 2924 2175 2998 fortasse
2191 2925 2438 2998 nondum
2470 2924 2812 2998 adeptus_est
2837 2925 2897 2981 in
2925 2924 3030 2998 hac
3064 2924 3332 2998 cumpca
3360 2924 3549 2985 recon-

1940 2995 2233 3068 ciliatione.
2268 2997 2406 3053 Hac
2444 2995 2631 3053 autem
2670 2995 2823 3068 signa
2855 3011 2885 3051 a
3078 2997 3277 3068 Basilio
3323 3006 3380 3053 et
3418 2999 3552 3055 Ber-

1940 3067 2115 3123 nardo
2144 3067 2350 3124 discere
2390 3067 2804 3139 possumusCS.
2844 3067 3076 3123 Basilius
3111 3067 3196 3123 sic
3246 3067 3412 3124 habet
3457 3073 3550 3138 (In

2924 3140 3032 3212 Eone
3040 3139 3361 3209 persuaderi
3373 3146 3550 3212 potest

1944 3282 1998 3335 si
2018 3283 2139 3349 quis
2155 3283 2218 3335 in
2239 3283 2411 3351 seipse
2425 3281 2756 3349 aﬂ'ectionem
2768 3282 2923 3336 illam
2942 3283 3175 3337 similem
3192 3281 3371 3338 David
3382 3281 3552 3342 inesse

1946 3351 2418 3419 animadverterit,
2429 3352 2580 3419 apud
2598 3367 2753 3420 quem
2771 3356 2874 3406 est:
2886 3354 3233 3420 Iniquitatem
3246 3354 3368 3408 odio
3381 3355 3555 3410 habui

2398 3391 2418 3419 θ
2430 3391 2579 3419 “rw
2599 3391 2627 3419 ει
2637 3391 2753 3405 νύη*
2771 3391 2846 3406 νυ*
2858 3391 2873 3405 ·

1946 3425 1999 3475 et
2018 3422 2359 3476 abominatus
2379 3436 2500 3476 sum
2515 3422 2681 3485 (Psal.
2707 3421 2942 3491 cxvm).
2968 3421 3206 3477 Secundo
3228 3427 3327 3477 aut
3351 3438 3550 3480 assecw

1947 3497 2065 3547 tum
2094 3506 2150 3547 se
2171 3495 2501 3567 praeceptum
2522 3492 2663 3546 illud
2690 3493 2954 3562 Apostoli,
2980 3493 3079 3562 qui
3105 3493 3255 3548 dia-it
3284 3511 3301 3547 :
3331 3497 3548 3567 Mortiﬁ-

1947 3568 2062 3618 cate
2086 3564 2322 3618 membra
2358 3566 2559 3630 vestra,
2584 3579 2705 3632 qua:
2727 3567 2857 3618 sunt
2876 3578 3036 3634 super
3066 3567 3288 3632 terram,
3311 3564 3550 3633 fornica-

1947 3636 2163 3702 tionem,
2185 3634 2607 3702 immunditiam,
2630 3635 2927 3702 libidinem,
2948 3637 3416 3702 concupiscentiam
3440 3654 3551 3695 ma-

1946 3706 2057 3761 lam
2089 3712 2143 3761 et
2163 3708 2457 3779 avaritiam
2485 3705 2699 3777 (Coloss.
2743 3706 2834 3776 ιιι)
2847 3724 2864 3776 ;
2896 3710 2959 3779 ut
2982 3722 3104 3779 cere
3129 3708 3306 3763 dicere
3327 3714 3503 3779 possit
3528 3730 3547 3766 :

1944 3779 2061 3835 Non
2074 3777 2310 3834 adhasit
2326 3777 2467 3832 mihi
2492 3793 2580 3832 cor
2590 3792 2848 3848 pravum,
2874 3777 3230 3833 declinantem
3255 3794 3290 3833 a
3311 3777 3395 3835 me
3420 3796 3546 3836 ma-

1943 3849 2151 3918 lignum
2175 3865 2280 3905 non
2295 3849 2661 3921 cognoscebam
2681 3848 2851 3921 (Psal.
2874 3848 2991 3918 cx).
3020 3851 3215 3911 Tertio,
3238 3865 3399 3918 porro
3421 3857 3546 3921 quis

1942 3922 2206 3991 intelligit
2225 3935 2281 3977 se
2296 3922 2354 3976 in
2363 3919 2679 3990 hujusmodi
2694 3919 2994 3990 affectione
3013 3922 3270 3991 positum,
3301 3922 3352 3976 si
3376 3919 3545 3978 etiam

1942 3990 2200 4047 adversus
2233 3998 2533 4062 peccatores
2575 3991 2957 4047 admirabilem
2985 3996 3059 4063 et,
3081 3990 3303 4047 horrore
3327 3993 3545 4063 plenam

1941 4067 2247 4133 sanctorum
2264 4064 2527 4133 gvirorum
2552 4064 2983 4117 misericordiam
3001 4062 3155 4116 illam
3172 4062 3417 4119 imitatus
3449 4067 3544 4133 sit,

1940 4132 2086 4187 velut
2108 4131 2302 4198 David,
2318 4132 2468 4201 apud
2479 4147 2638 4200 quem
2654 4136 2734 4186 est
2759 4151 2776 4185 :
2808 4133 2939 4187 Vidi
2949 4135 3383 4201 praearicantes,
3403 4141 3456 4189 et
3473 4131 3549 4191 ta-

1943 4202 2212 4258 bescebam
2233 4200 2395 4272 (Psal.
2423 4200 2648 4272 cxvm)
2670 4220 2687 4268 ς
2714 4200 2962 4272 Apostoli
2982 4217 3124 4269 vero,
3146 4200 3386 4272 quiuit:
3414 4208 3546 4272 Quis

1940 4274 2273 4344 inﬁrmatur,
2303 4277 2355 4328 et
2380 4287 2471 4342 ego
2494 4288 2601 4344 non
2618 4273 2898 4344 inﬁrmcr?
2911 4274 3032 4344 quis
3044 4273 3466 4344 scandalizatur,
3497 4284 3546 4333 et

1981 4489 2185 4543 iacimus
2204 4489 2385 4542 animo
2400 4487 2653 4557 affectum
2671 4501 2727 4542 se
2745 4488 3210 4553 animadverterit,
3235 4493 3350 4544 tum
3364 4487 3547 4549 credat

1939 4573 1994 4613 se
2019 4559 2245 4614 liberum
2271 4574 2307 4612 a
2340 4563 2583 4629 peccato.
2620 4559 2678 4614 S.
2708 4558 3021 4614 Bernartius
3061 4575 3191 4615 vero
3229 4560 3311 4616 sic
3337 4563 3538 4626 (Serm.

1857 4615 1910 4679 D
1939 4629 2006 4685 de
2021 4635 2056 4685 4
2072 4631 2244 4686 modis
2267 4615 2494 4702 ordndi)
2521 4650 2534 4688 :
2562 4631 2640 4686 At
2656 4632 2888 4702 fortasse
2905 4645 3121 4701 quaras
3138 4615 3401 4702 undeaut

1936 4702 2091 4757 modo
2114 4717 2266 4757 nosse
2283 4700 2484 4772 poteris
2498 4706 2684 4757 uti-mn
2707 4700 2844 4755 hanc
2858 4707 3161 4756 consecutus
3182 4701 3256 4756 sis
3272 4700 3544 4771 indulgen-

1937 4775 2095 4828 tiam.
2110 4774 2200 4829 Sic
2221 4771 2484 4827 nimirum
2506 4771 2878 4827 conservanda-
2902 4772 3231 4825 humilitatis
3255 4775 3438 4841 gratia
3459 4775 3543 4829 di-

1936 4845 2067 4897 cina
2087 4844 2217 4927 solet
2223 4845 2404 4913 pietas
2428 4843 2704 4927 ordinare,
2719 4846 2782 4924 ut
2801 4846 3005 4927 quanto
3030 4843 3151 4927 quis
3164 4842 3292 4913 plus
3300 4847 3537 4927 proﬁcit,

1937 4929 1996 4969 eo
2019 4916 2196 4969 minus
2220 4928 2276 4967 se
2311 4918 2520 4983 reputet
2560 4914 2867 4983 profecisse.
2900 4914 2974 4968 Et
3008 4920 3131 4983 post
3154 4928 3319 4983 pauca
3348 4935 3364 4974 :
3398 4918 3543 4973 Tunc

1937 4988 2019 5040 ait
2033 4985 2638 5065 _Dominus__paralgtico
2661 5002 2685 5065 :_
2713 4986 2905 5053 Surge,
2932 4984 3057 5065 tolle
3078 4984 3269 5065 lectum
3293 4991 3466 5065 tuum,
3489 4994 3541 5065 et

1937 5056 2154 5111 ambula
2176 5056 2393 5125 (Matth.
2421 5058 2534 5119 rx).
2562 5057 2635 5109 Et
2663 5059 2725 5110 tu
2742 5071 2886 5124 ergo,
2923 5059 2977 5111 1°
2999 5057 3050 5111 si
3061 5056 3185 5126 jam
3208 5061 3386 5126 surgis
3409 5061 3542 5115 desi-

1937 5127 2086 5183 derio
2108 5141 2460 5197 supernorum
2479 5144 2498 5193 ;
2520 5130 2580 5181 2°
2593 5128 2646 5181 si
2655 5127 2940 5196 grabatum
2959 5126 3122 5193 tollis,
3138 5142 3329 5198 corpus
3343 5131 3541 5184 scilicet

1938 5215 1974 5253 a
2001 5201 2224 5253 terrenis
2259 5199 2467 5253 elevans
2506 5198 2870 5267 voluptatibus
2890 5240 2907 5261 ,
2939 5203 3002 5252 ut
3033 5199 3158 5267 jam
3184 5213 3291 5252 non
3320 5202 3541 5265 feratur

1937 5272 2123 5324 anima
2144 5269 2577 5341 concupiscentiis
2604 5268 2737 5337 ejus,
2757 5269 2851 5323 sed
2876 5271 3052 5338 magis
3077 5270 3220 5339 ipsa,
3236 5273 3300 5324 ut
3310 5270 3538 5339 dignum

1938 5345 2036 5408 est,
2081 5346 2237 5411 regat
2258 5340 2398 5396 illud
2419 5347 2472 5396 et
2508 5341 2656 5407 ferat
2690 5355 2794 5409 quo
2820 5355 2928 5394 non
2966 5340 3113 5407 vult;
3164 5345 3222 5394 3°
3251 5344 3304 5395 si
3325 5341 3539 5397 demum

1937 5413 2202 5475 ambulas,
2227 5427 2348 5482 qua
2374 5417 2518 5467 retro
2536 5416 2665 5466 sunt
2690 5411 3019 5473 Oblivisceris,
3043 5416 3097 5464 et
3115 5411 3261 5465 adea
3281 5426 3400 5481 qua:
3414 5418 3540 5468 ante

1937 5488 2061 5537 sunt
2082 5483 2367 5538 eatendens
2394 5482 2659 5538 desiderio
2688 5486 2741 5536 et
2759 5483 3031 5553 proposito
3056 5484 3376 5551 proﬁciendi
3386 5485 3538 5553 (Phi-

1939 5554 2035 5623 lip.
2087 5555 2210 5623 ur);
2245 5558 2492 5608 curatum
2520 5558 2570 5607 te
2617 5568 2725 5608 esse
2774 5568 2882 5607 non
2905 5552 3116 5607 dubites
3157 5571 3173 5611 :
3208 5568 3377 5624 neque
3400 5559 3539 5612 enim

1937 5639 2152 5694 surgere
2166 5628 2400 5694 poteras,
2420 5627 2474 5679 si
2496 5639 2603 5679 non
2622 5626 2970 5694 aliquatenus
2997 5638 3132 5678 onus
3147 5631 3282 5681 esset
3307 5628 3540 5683 allevia-

1941 5700 2088 5762 tum‘;
2115 5700 2167 5750 et
2190 5694 2590 5764 necgrabatum
2618 5694 2820 5764 tollere,
2853 5696 2964 5750 nisi
2990 5704 3314 5753 exoneratus
3338 5703 3533 5768 magis,

1939 5770 2073 5838 quia
2089 5782 2181 5822 nec
2206 5768 2488 5823 ambulare
2512 5769 2571 5822 in
2598 5769 2811 5835 fervore
2842 5770 3253 5823 conversationis
3271 5785 3389 5824 cum
3406 5785 3537 5839 pec-

1937 5844 2185 5894 catorum
2209 5840 2368 5908 graui
2402 5840 2540 5895 mole
2574 5839 2829 5909 possibile
2854 5844 2953 5896 est;
2982 5840 3062 5895 Ita
3106 5841 3171 5895 D.
3200 5841 3533 5896 Bernardus.
