4000 6206
286 375 421 431 1165

1217 364 1555 425 COLLATIO
1595 367 1705 423 XX.
1745 394 1817 408 -—
1854 366 1943 420 DE
1982 362 2448 421 ΡίΕΝΙΤΕΝΤΙᾹΞ
2486 360 2664 421 FlNE.

3450 362 3587 417 1166

282 497 381 566 qui
400 493 655 565 prohibet
678 508 837 548 suum
863 493 1108 562 gladium
1134 507 1169 547 a
1189 494 1449 561 sanguine
1475 494 1605 560 (Jer.
1637 492 1878 561 xum).
1910 494 1961 556 Α
1991 488 2268 560 puritatis,
2285 487 2406 560 ejus
2433 487 2710 559 praecipue
2741 485 2837 559 qui
2863 486 2922 542 in
2946 484 3254 541 solitudine
3271 500 3588 542 commora-

284 587 389 645 Hic
415 602 653 659 namque
681 596 764 643 est
800 586 1013 660 gladius
1044 585 1137 658 qui
1165 586 1321 643 illum
1352 586 1618 655 noxium,
1655 585 1880 657 sangui-

283 698 430 750 nem,
473 699 579 755 qua
608 682 884 738 animatur
921 682 1144 738 materia
1187 690 1559 754 peccatorum,
1592 680 1881 738 salubriter

285 773 539 843 fundens,
589 774 849 849 quidquid
928 774 1190 847 repererit
1240 774 1295 829 in
1357 774 1622 830 membris
1680 773 1881 829 nostris

282 868 498 924 carnale
526 877 874 925 terrenumve
899 877 1238 937 concretum,
1263 876 1473 923 resecat
1504 875 1560 924 et
1591 865 1880 935 abscindit,

284 976 348 1017 ac
376 960 735 1016 mortificatos
760 959 906 1017 vitiis
947 960 1129 1017 vivere
1158 962 1279 1017 Deo
1308 967 1363 1016 et
1385 959 1715 1032 spiritalibus
1748 959 1886 1016 facit

286 1053 465 1126 vigere
497 1053 826 1124 virtutibus;
864 1062 918 1110 et
940 1054 1013 1110 ita
1044 1054 1163 1126 jam
1185 1068 1300 1109 non
1323 1053 1705 1120 recordatione
1732 1060 1884 1109 vete-

283 1146 359 1203 ris
382 1146 627 1214 admissi,
658 1146 755 1204 sed
784 1162 879 1222 spe
908 1148 1221 1204 futurorum
1262 1147 1589 1221 gaudiorum
1624 1146 1757 1202 ﬂere
1793 1145 1879 1201 in-

285 1240 474 1312 cipiet;
507 1256 607 1296 nec
633 1247 748 1297 tam
775 1241 843 1298 de
877 1240 1164 1314 praeteritis
1201 1241 1359 1298 malis
1386 1256 1554 1314 quam
1581 1240 1648 1297 de
1687 1246 1885 1295 ventu-

284 1336 359 1392 ris
397 1336 643 1411 cogitans
675 1336 860 1403 bonis,
887 1353 999 1392 non
1045 1352 1110 1393 ex
1157 1345 1502 1408 peccatorum
1543 1348 1778 1390 mmrore
1807 1334 1885 1388 la-

285 1446 541 1503 crymas,
593 1430 691 1488 sed
768 1446 832 1487 ex
880 1440 1106 1488 aeterna:
1161 1429 1302 1486 illius
1352 1428 1553 1486 laetitia
1610 1427 1889 1484 alacritate

288 1524 605 1598 profundat,
635 1534 799 1598 atque
833 1525 1150 1582 obliviscens
1173 1540 1235 1581 ea
1264 1539 1387 1598 qua:
1413 1521 1717 1596 posteriora
1741 1531 1886 1590 sunt,

284 1616 341 1674 id
369 1626 468 1688 est,
496 1618 732 1675 carnalia
774 1618 924 1688 vitia,
966 1610 1048 1675 ad
1069 1632 1131 1673 ea
1160 1632 1283 1689 quae
1310 1616 1368 1671 in
1390 1624 1520 1672 ante
1542 1622 1671 1671 sunt
1695 1622 1889 1671 exten-

284 1711 465 1781 detur,
492 1711 598 1770 hoc
627 1720 729 1781 est,
759 1712 1020 1785 spiritalia
1049 1711 1194 1768 dona
1221 1720 1385 1784 atque
1410 1710 1653 1767 virtutes.

900 1815 1141 1871 CAPUT
1176 1812 1279 1869 1X.

1987 590 2101 650 tur,
2135 582 2427 654 implicans
2456 596 2581 638 eam
2603 579 2861 636 sordibus
2884 578 3081 636 mundi
3105 579 3288 652 hujus,
3313 588 3370 636 et
3396 578 3591 653 praefo-

1988 693 2119 734 cans
2154 676 2328 735 fetore
2357 677 2645 733 vitiorum.
2672 678 2827 737 Dum
2856 675 3008 731 enim
3032 675 3231 731 recolis
3250 690 3315 731 ea
3344 690 3468 747 qua:
3495 690 3590 732 se-

1987 770 2237 828 cundum
2267 773 2579 843 principem
2600 768 2789 826 saeculi
2820 768 2935 824 sive
2962 783 3061 841 per
3080 768 3448 840 ignorantiam
3476 767 3591 824 sive

1991 879 2088 935 per
2119 865 2403 922 lasciviam
2429 864 2781 930 commisisti,
2808 870 2872 918 ut
2897 859 3206 918 concedam
3228 861 3327 917 tibi
3355 861 3506 935 quod
3531 862 3591 918 in

1992 956 2095 1014 hac
2114 958 2446 1030 cogitatione
2471 958 2653 1030 posito
2669 955 2969 1013 oblectatio
2980 955 3132 1011 nulla
3147 954 3425 1028 subrepat,
3441 964 3592 1012 certe

1991 1052 2237 1123 antiquae
2267 1051 2573 1124 putredinis
2602 1050 2687 1106 vel
2726 1050 2842 1106 sola
2871 1050 3124 1121 contagio
3153 1064 3379 1105 necesse
3411 1058 3498 1106 est
3533 1060 3598 1106 ut

1989 1153 2133 1201 tetro
2165 1155 2421 1202 mentem
2446 1143 2624 1202 fetore
2652 1150 2997 1217 corrumpat,
3015 1153 3071 1199 et
3093 1144 3400 1216 spiritalem
3427 1145 3597 1202 virtu-

1992 1247 2113 1294 tum
2142 1236 2526 1311 fragrantiam,
2559 1236 2618 1292 id
2647 1245 2754 1303 est,
2783 1236 3116 1292 suavitatem
3141 1236 3268 1292 boni
3286 1237 3476 1293 odoris
3502 1254 3594 1294 ex-

1994 1328 2204 1387 cludat.
2243 1331 2384 1387 Cum
2413 1346 2546 1403 ergo
2577 1329 2993 1402 praeteritorum
3029 1329 3301 1386 memoria
3335 1330 3597 1387 vitiorum

1996 1424 2299 1498 pulsaverit
2338 1440 2588 1491 sensum,
2614 1423 2691 1479 ita
2721 1423 2791 1478 ab
2819 1438 2883 1478 ea
2929 1421 3292 1478 resiliendum
3321 1432 3425 1492 est,
3455 1424 3600 1480 sicut

1996 1517 2206 1591 refugit
2227 1517 2311 1572 vir
2334 1517 2601 1574 honestus
2630 1525 2687 1573 et
2715 1516 2920 1589 gravis,
2943 1516 2987 1571 si
3011 1515 3306 1587 impudicae
3323 1533 3386 1572 ac
3412 1532 3602 1589 proca-

1994 1612 2076 1668 cis
2101 1611 2327 1669 feminai
2358 1613 2417 1668 in
2447 1612 2668 1685 publico
2693 1620 2790 1667 aut
2816 1610 3108 1683 colloquiis
3133 1618 3231 1666 aut
3256 1611 3599 1683 amplexibus

1991 1714 2303 1777 appetatur.
2325 1705 2433 1775 Qui
2456 1706 2649 1778 utique
2666 1704 2771 1761 nisi
2802 1720 2862 1761 se
2882 1720 2913 1760 a
2934 1712 3195 1760 contactu
3219 1704 3336 1777 ejus
3366 1704 3600 1764 festinus

1989 1785 2342 1869 abstraxerit,
2391 1802 2450 1857 et
2487 1801 2572 1857 vel
2615 1800 3004 1857 brevissimam
3040 1815 3260 1857 moram
3306 1800 3600 1860 inhoneste

380 1910 530 1979 Quod
554 1911 707 1966 utilis
726 1913 799 1966 sit
1316 1862 1548 1980 peccati,
1575 1916 1628 1965 et
1649 1911 1793 1981 quod
1907 1895 1956 1959 B
1983 1862 2449 1951 confabulationis
2471 1893 2783 1962 admiserit,
2815 1895 3038 1951 etiamsi
3059 1911 3398 1952 consensum
3419 1896 3600 1969 impu-

584 1984 914 2051 flagitiomm
937 1982 1233 2039 recordatio
1252 1984 1325 2037 sit
1349 1982 1598 2037 vitanda.

362 2085 636 2141 Caeterum
669 2082 816 2154 quod
844 2083 1007 2154 paulo
1034 2090 1163 2139 ante
1195 2080 1403 2151 dixisti,
1431 2090 1488 2139 te
1514 2083 1682 2139 etiam
1710 2081 1782 2138 de
1803 2080 1893 2137 in-

289 2176 496 2234 dustria
538 2176 940 2249 praeteritorum
975 2184 1325 2249 peccatorum
1354 2176 1682 2232 memoriam
1716 2184 1891 2232 retra—

289 2280 460 2341 ctare,
488 2280 516 2307 ι
565 2271 672 2328 hoc
716 2270 830 2327 ﬁeri
881 2270 1097 2343 penitus
1141 2286 1256 2328 non
1295 2279 1532 2343 oportet,
1581 2270 1889 2342 quinimmo

289 2363 506 2422 etiamsi
556 2364 818 2421 violenter
873 2363 1153 2437 irrepserit
1169 2407 1183 2432 ,
1235 2365 1484 2437 protinus
1548 2363 1888 2421 extrudatur.

290 2458 531 2516 Multum
568 2473 809 2531 namque
836 2457 1067 2516 retrahit
1092 2466 1339 2516 mentem
1367 2474 1400 2516 a
1426 2458 1891 2530 contemplatione

1999 1987 2199 2045 dendaa
2226 1997 2453 2062 respuat
2481 1988 2805 2061 voluptatis,
2831 1987 3078 2045 infamiae
3104 1996 3299 2045 tamen
3324 2004 3387 2045 ac
3416 2006 3601 2062 repre-

2001 2081 2282 2138 hensionis
2310 2091 2505 2139 notam
2541 2092 2876 2139 cunctorum
2908 2083 3365 2155 praetereuntium
3386 2084 3599 2157 judicio

1998 2190 2115 2233 non
2140 2175 2354 2233 evadet.
2385 2179 2467 2233 lta
2496 2177 2670 2250 igitur
2701 2177 2873 2234 etiam
2900 2192 3006 2233 nos
3031 2184 3255 2249 Oportet
3280 2193 3412 2234 cum
3433 2177 3600 2236 fueri-

1999 2284 2128 2326 mus
2149 2270 2208 2326 in
2228 2269 2550 2343 hujusmodi
2565 2270 2930 2344 cogitationes
2950 2269 3206 2342 pestifera
3216 2270 3602 2329 recordatione

1997 2361 2246 2431 deducti,
2273 2364 2481 2436 raptim
2500 2364 2572 2420 ab
2588 2379 2779 2420 earum
2802 2362 3272 2436 contemplatione
3290 2362 3600 2431 discedere,

1995 2465 2057 2514 et
2080 2458 2315 2531 implere
2342 2458 2483 2516 illud
2517 2458 2670 2531 quod
2707 2475 2737 2515 a
2767 2458 3066 2516 Salomone
3101 2459 3460 2531 praecipitur:
3497 2461 3603 2518 Sed

1387 2608 1643 2665 ALARDI
1682 2606 1907 2663 GAZzEI
1946 2606 2505 2664 COMMENTARIUS.

290 2729 566 2814 corrigere
604 2740 660 2790 et
675 2733 960 2814 .castigare
987 2733 1315 2814 negligcntL
1326 2733 1511 2814 eisque
1536 2731 1772 2814 segniter
1813 2730 1894 2814 in-

290 2804 514 2879 dulgent
536 2817 633 2861 aut
659 2804 1026 2879 dissimulant.
1060 2804 1247 2879 itafD.
1274 2804 1572 2879 Gregorius
1612 2804 1671 2879 in
1703 2804 1893 2879 Pasto-

287 2875 563 2947 rali'(Cap.
590 2876 681 2948 26)
713 2897 726 2932 :
758 2878 821 2933 Si
842 2876 1175 2931 medicinalis
1194 2878 1330 2931 artis
1357 2875 1577 2929 minime
1602 2875 1791 2943 ignari
1815 2884 1887 2928 se-

291 2948 524 3002 candum
551 2949 741 3002 vulnus
768 2952 1061 3014 cemerent,
1089 2952 1141 3003 et
1170 2951 1348 3002 tamen
1356 2961 1541 3002 sectire
1566 2948 1893 3007 recusarent,

287 3019 532 3085 profecto
541 3022 817 3085 peccatum
833 3019 1097 3082 fraternis
1111 3020 1297 3072 mortis
1311 3018 1495 3073 exsolo
1509 3019 1741 3085 tempore
1760 3030 1889 3069 com-

293 3088 589 3141 mitterent.
611 3087 825 3152 Quanta
836 3102 955 3154 ergo
964 3088 1121 3156 culpa
1136 3088 1496 3149 involvantur,
1508 3087 1896 3155 aspiciant,qui

294 3156 425 3211 dum
446 3158 758 3225 cognoscunt
776 3156 999 3210 vulnera
1020 3158 1299 3219 mentium,
1327 3172 1515 3210 curare
1530 3157 1807 3225 negligant
1833 3171 1896 3209 ea

293 3230 521 3283 sectione
533 3228 811 3282 verborum
822 3228 851 3280 Ρ
868 3226 1014 3281 Unde
1027 3232 1077 3281 et
1089 3228 1214 3281 bene
1218 3242 1318 3296 per
1325 3227 1642 3297 prophetam
1659 3226 1862 3280 dicitur
1873 3243 1889 3279 :

292 3299 609 3355 Maledictus
633 3300 730 3368 qui
757 3298 1004 3368 prohibet
1018 3298 1265 3366 gladium
1288 3312 1444 3352 suum
1468 3314 1504 3353 a
1525 3297 1896 3368 sanguineae-

292 3312 609 3355 Maleatctus
633 3314 728 3368 qui
748 3312 1004 3423 lpronwet
1018 3312 1265 3366 gladium
1288 3312 1444 3352 suum
1468 3314 1504 3353 a
1525 3312 1895 3365 sanguineus-

291 3371 685 3449 rem._1_tl.vtu)_.
699 3372 745 3427 G
767 3368 957 3449 adium
970 3371 1176 3449 quippe
1189 3385 1226 3449 _a
1242 3367 1895 3449 sanguineproliibere,es_t

292 3442 697 3511 pradicationis
708 3440 928 3511 verbum
940 3436 1224 3511 arar-nalis
1243 3436 1370 3495 vitta
1382 3436 1750 3511 interfectione
1763 3438 1893 3492 reti-

294 3506 540 3588 nere._De
567 3528 670 3588 quo
696 3506 913 3588 rursum
936 3510 1118 3588 gladio
1146 3511 1348 3588 dicitur
1355 3529 1396 3588 _:
1415 3513 1486 3588 Iit
1508 3509 1723 3588 gladius
1746 3523 1892 3588 meus

291 3578 648 3638 manducabit
660 3596 839 3637 carnes
852 3578 1087 3654 (Deuter.
1106 3582 1336 3654 xxx“).
1355 3583 1424 3654 Et
1439 3578 1622 3636 Petrus
1638 3578 1890 3654 Damiani

291 3654 436 3721 (Lib.
468 3668 537 3709 ιν
575 3656 729 3724 epist.
776 3656 827 3717 3)
857 3673 869 3707 :
897 3654 1011 3716 Ille,
1049 3652 1254 3724 inquit,
1283 3652 1529 3722 gladium
1563 3652 1834 3724 compescit
1858 3666 1893 3703 a

290 3728 582 3853 flanguine,
598 3722 615 3724 ⁷
632 3726 727 3794 qui
768 3728 983 3794 peccata
1033 3723 1459 3794 delinquentium
1498 3723 1725 3792 negligit
1770 3722 1894 3775 vin-

340 3812 509 3851 icore.

340 3812 484 3851 tcare
496 3837 509 3850 ο

367 3876 393 3902 ι
412 3868 622 3938 Nempe
649 3864 1078 3938 praeteritorum,
1098 3872 1161 3938 ut
1194 3872 1324 3938 ante
1346 3863 1516 3938 dixit,
1542 3873 1893 3938 peccatorum

288 3933 623 3994 memoriam
646 3933 960 4004 retractare.
994 3934 1160 4004 Quod
1200 3933 1272 3988 de
1301 3933 1554 4004 peccatis
1581 3935 1897 4004 carnalibus

289 4017 354 4065 et
366 4006 610 4063 venereis
638 4002 1052 4076 intelligendum
1082 4012 1188 4076 est,
1210 4011 1275 4057 ut
1296 4002 1496 4059 indicat
1518 4003 1679 4076 etiam
1707 4004 1898 4076 titulus

290 4078 390 4150 huj
400 4092 632 4157 us_cap.,
658 4074 749 4157 qui
775 4071 959 4157 tdm‘en
980 4071 1128 4154 apud
1144 4081 1391 4157 apotores
1419 4073 1670 4157 nonniliil
1694 4074 1894 4157 variat;

286 4142 428 4206 nam
455 4142 757 4212 Dionysius
786 4154 841 4199 et
858 4142 1155 4201 Ciaconius
1179 4142 1390 4199 habent
1416 4161 1429 4199 :
1465 4144 1618 4212 Quod
1652 4146 1806 4200 utilis
1825 4148 1900 4201 sit

280 4219 547 4292 perfectis
565 4214 757 4292 cblipio
766 4216 996 4292 peccati,
1013 4220 1065 4269 et
1080 4214 1223 4285 quod
1244 4216 1576 4292 ﬂagitiorum
1603 4217 1898 4292 recordatio

290 4284 374 4346 sit
388 4284 636 4346 uitanda.
651 4284 931 4359 Cuychius
942 4284 1732 4359 vero,secundumrcditionem
1748 4287 1900 4343 Plan-

290 4360 573 4418 tinianam
602 4366 658 4414 et
702 4356 1078 4414 Basileensem
1106 4374 1119 4412 :
1155 4357 1307 4424 Quod
1339 4357 1492 4412 utilis
1526 4358 1601 4412 sit
1628 4359 1899 4427 profectus

287 4432 778 4502 obliuiopeccati,et
789 4429 933 4499 quod
940 4430 1270 4502 ﬂagitiorum
1279 4429 1897 4502 recordatiosiivitanda.

288 4502 393 4562 ubi
417 4498 551 4558 sane
572 4498 847 4571 profectus
869 4498 1183 4571 redundare
1209 4498 1446 4566 videtur,
1460 4514 1590 4555 cum
1606 4499 1818 4571 absque
1832 4516 1900 4556 eo

287 4573 519 4650 planior
535 4570 593 4629 et
629 4571 790 4644 plena
809 4570 1227 4650 sit‘sententia:
1255 4571 1407 4650 Quod
1433 4572 1586 4650 utilis
1609 4575 1682 4627 sit
1706 4570 1900 4650 oblurio

362 4646 519 4709 ccati,
547 4640 680 4709 etei,
700 4641 856 4716 quasi
881 4640 1090 4716 diceret
1117 4641 1522 4716 non_cujus_vis_
1538 4643 1772 4716 peccati,
1798 4642 1899 4699 sed

332 4716 665 4794 agiticrum,
687 4711 751 4770 1ft
764 4712 955 4769 statim
972 4712 1217 4794 esponit:
1227 4711 1464 4794 flagitia
1476 4711 1758 4794 siquidem
1775 4728 1900 4785 pro-

282 4780 420 4863 pri'e
438 4787 729 4863 dicuntur,
748 4799 864 4863 non
888 4780 1155 4863 quaelibet
1168 4782 1321 4863 vitia,
1335 4780 1450 4863 ised
1471 4780 1751 4863 praecipue
1774 4780 1901 4863 ῂςο.

281 4853 422 4916 cata
448 4857 636 4927 carnis
653 4853 1029 4927 animm—riae,
1051 4854 1184 4927 quia
1215 4853 1419 4927 turpia,
1444 4853 1689 4927 servilia,
1717 4853 1905 4911 et‘ﬂa—

281 4929 415 5003 gris
430 4926 615 5003 digna.
633 4928 682 4981 U
692 4925 1001 5003 ndeCicero
1013 4924 1290 5003 intatonc
1304 4925 1538 5003 Stupro,
1546 4924 1732 5003 ait,-et_
1743 4927 1900 5003 adul-

281 4995 462 5060 teria,
483 4995 533 5052 et
553 5012 706 5051 omne
725 4997 830 5050 tale
842 4998 1135 5065 flagitium,
1161 4998 1327 5052 nullis
1347 4995 1475 5052 aliis
1494 4995 1755 5052 illecebris
1767 5000 1899 5052 exci-

281 5072 431 5136 tari,
456 5070 565 5123 nisi
587 5068 899 5139 uoluptatis,
928 5069 996 5122 Et
1021 5067 1167 5139 inn
1192 5069 1262 5124 de
1304 5067 1559 5135 Finibus,
1596 5066 1900 5139 flagitiosae

280 5134 463 5200 vocat
490 5134 769 5210 libidines.
796 5134 1124 5210 lilijusmodj
1156 5154 1320 5210 porro
1353 5134 1594 5210 peccata,
1622 5134 1733 5196 adn
1757 5140 1898 5196 resi~

275 5210 514 5274 stendo,
542 5219 604 5267 ut
630 5208 740 5265 alia
775 5206 929 5276 vitia,
971 5208 1073 5264 sed
1097 5206 1387 5279 fugiendo.
1419 5209 1525 5265 hoc
1564 5219 1670 5276 est,
1699 5226 1897 5267 eorum

276 5281 745 5343 recordationem
773 5289 831 5352 et
854 5279 1253 5352 cogitationem
1292 5279 1513 5352 penitus
1550 5281 1897 5340 excludendo

278 5356 622 5418 vincuntur,
646 5361 709 5407 ut
736 5349 867 5408 alias
898 5349 1044 5424 smpe
1075 5349 1401 5424 dictum'est
1425 5352 1639 5424 (Collat.
1681 5358 1745 5409 19
1774 5368 1891 5424 cap.

284 5426 497 5498 16),_ct
526 5432 677 5493 patet
702 5438 769 5477 ex
796 5430 913 5498 toto
942 5422 1410 5498 centextuhujus
1442 5423 1658 5498 capitis.
1690 5422 1898 5495 Hujus-

279 5492 456 5555 modi
489 5492 623 5564 ergo
651 5494 1058 5566 praeteritorum
1080 5508 1179 5550 seu
1199 5494 1297 5549 diu
1317 5492 1755 5552 commissorum
1776 5492 1899 5566 pec-

276 5576 552 5627 catorum
567 5563 572 5564 “
588 5563 917 5619 memoriam
942 5574 1239 5622 retractare
1258 5581 1322 5620 ac
1346 5567 1624 5621 revolvere
1653 5563 1901 5622 non—ex-

281 5637 490 5710 pedit;
522 5634 654 5710 quia
682 5649 793 5704 quo
826 5635 1002 5710 magis
1036 5637 1438 5710 cogitanturet
1460 5637 1823 5710 revolvuntur
1846 5638 1902 5693 in

280 5705 727 5784 particularum
756 5705 1029 5784 majorem
1056 5705 1299 5784 afferunt
1329 5707 1544 5764 vitiosa:
1574 5705 1818 5763 libidinis
1845 5716 1904 5784 et

276 5776 601 5850 voluptatis
628 5776 1043 5850 i‘llecebrammt
1061 5776 1426 5846 incentivum,
1453 5788 1550 5836 aut
1575 5786 1726 5834 certe
1759 5778 1901 5848 peri-

276 5846 513 5916 culum,
539 5847 787 5923 ut‘docet
803 5851 859 5904 S.
885 5846 1128 5923 Thomas
1154 5862 1331 5923 n_uper
1357 5850 1415 5906 in
1442 5850 1551 5923 hoc
1569 5846 1902 5923 argumento

268 5925 526 5980 citatus.
539 5918 725 5994 Quam
735 5919 1051 5977 doctrinam
1065 5918 1400 5977 conﬁrmant
1413 5922 1584 5979 etiam
1598 5918 1693 5979 alii
1708 5923 1903 5980 Patres

1926 4968 1978 5032 D

2003 2732 2064 2788 in
2082 2731 2181 2804 his
2215 2732 2603 2804 collationibus
2630 2731 2996 2804 disserentes,
3021 2733 3273 2804 pluribus
3298 2734 3358 2791 in
3387 2735 3545 2801 locis,
3570 2751 3603 2794 e

2001 2802 2206 2889 quibps
2389 2802 2678 2889 praecipue
2699 2803 2966 2889 notanda.
2985 2802 3467 2889 ﬁbbas§erapion
3493 2809 3605 2864 col-

1998 2874 2160 2959 lat._5
2180 2888 2303 2959 cap.
2320 2880 2368 2959 ’4
2392 2874 2404 2928 ἐ
2434 2874 2923 2959 Ρανίταείηξηῳιίῐ,
2949 2876 3284 2959 studentibus
3305 2874 3605 2959 plurimum

2001 2948 2212 3012 confert
2229 2952 2292 3000 ut
2314 2948 2506 3001 harum
2523 2947 2823 3001 carnalium
2844 2950 3155 3017 passionum
3173 2952 3429 3004 materias
3455 2951 3602 3020 ipsas

2004 3017 2113 3070 sibi
2130 3018 2391 3089 primitus
2404 3018 2752 3081 subtrahunt,
2783 3019 2983 3088 quibus
3000 3024 3176 3089 potest
3189 3020 3272 3074 vel
3294 3023 3497 3076 occasio
3518 3022 3601 3076 vel

2000 3087 2295 3142 recordatio
2305 3089 2612 3143 earumdem
2620 3087 2930 3158 passionum
2940 3087 3294 3158 (egrotantiad
3296 3092 3397 3145 huc
3406 3094 3604 3147 animae

2002 3160 2267 3232 generari.
2307 3161 2520 3215 Necesse
2558 3164 2635 3214 est
2669 3162 2807 3215 enim
2849 3165 2910 3215 ut
2942 3161 3125 3215 morbo
3157 3160 3364 3230 duptici
3404 3161 3605 3232 duplea:

2000 3228 2326 3301 adhibeatur
2343 3232 2568 3286 curatio.
2598 3233 2738 3289 Nam
2762 3233 2988 3301 corpori,
3010 3247 3077 3286 ne
3098 3228 3524 3301 concupiscentia
3541 3236 3604 3290 in

1999 3300 2256 3371 effectum
2272 3305 2435 3371 tentet
2444 3316 2821 3371 prorumpere,
2842 3300 3143 3356 necessario
3163 3300 3371 3371 efﬁgies
3384 3308 3434 3357 et
3446 3310 3605 3360 mate-

1999 3318 2256 3366 enecwm
2272 3318 2435 3355 tentet
2486 3318 2821 3371 rorumpere,
2847 3318 3143 3356 necessario
3163 3318 3371 3371 entgies
3384 3318 3434 3357 et
3446 3318 3603 3360 mate-

1998 3371 2089 3423 ria
2116 3318 2488 3424 subtrahendﬁ
2528 3374 2634 3435 est;
2668 3376 2718 3424 et
2748 3374 2945 3424 animm
2981 3372 3359 3439 nihilominus,
3384 3388 3450 3427 ne
3488 3391 3603 3430 eam

1997 3440 2082 3494 vel
2119 3442 2437 3508 cogitatione
2463 3442 2753 3509 concipiat,
2780 3443 3038 3496 attentior
3058 3442 3340 3498 meditatio
3363 3445 3602 3509 Scriptu-

2000 3526 2212 3572 rarum,
2245 3515 2295 3565 et
2337 3511 2637 3566 sollicitudo
2658 3511 2927 3581 pervigil,
2959 3528 3021 3567 ac
3051 3516 3271 3568 remotio
3294 3511 3602 3573 solitudinis

1927 3601 1974 3665 ο
2000 3583 2207 3665 utilitcr
2234 3581 2569 3665 opponenda.
2587 3584 2739 3664 _lte_m
2773 3582 2943 3665 abbas
2969 3585 3213 3665 Joannes
3234 3584 3420 3665 collat.
3451 3591 3518 3643 19
3546 3603 3596 3665 c.

2007 3657 2071 3707 16
2100 3669 2113 3707 :
2134 3653 2711 3729 Contragfornicationis
2722 3657 2974 3729 spiritum
2994 3655 3211 3710 diversa
3221 3659 3367 3729 ratio
3388 3656 3604 3729 (supple

2002 3722 2275 3790 certandi)
2290 3727 2348 3796 et
2359 3722 2549 3796 dispar
2562 3722 2839 3781 estcausa.
2867 3727 3005 3783 Nam
3027 3722 3604 3796 quemadmodum—cor-

1995 3796 2122 3865 peri
2141 3809 2269 3849 usus
2289 3794 2534 3850 libidinis
2552 3797 2835 3865 cuneisque
2852 3794 3125 3862 vicinitas,
3146 3799 3230 3851 ita
3250 3800 3413 3851 etiam
3434 3802 3606 3855 menti

1998 3868 2258 3939 memoria
2275 3865 2390 3935 ejus
2418 3870 2499 3939 est
2512 3868 2731 3939 penitus
2749 3866 3135 3922 subtrahendo.
3164 3867 3309 3923 Satis
3325 3870 3466 3923 enim
3482 3885 3605 3939 per-

2001 3938 2261 3993 niciosum
2302 3942 2398 4000 est,
2429 3938 2605 3992 adhuc
2638 3939 2870 4007 infirmis
2897 3940 3158 4007 (egi-isque
3189 3940 3486 4008 pectoribus
3524 3942 3607 3996 vel

2002 4008 2805 4078 tenuissimamrecordatumem
2832 4010 2991 4078 hujus
3009 4011 3273 4078 passionis
3297 4010 3599 4074 admittere,

2004 4084 2112 4151 etc.
2142 4078 2279 4151 Idaeo
2310 4076 2419 4143 illi,
2450 4078 2654 4151 quibus
2682 4092 2811 4151 _n_on
2842 4076 3314 4151 pepugnatpquod
3345 4081 3605 4151 superius

2004 4145 2201 4223 docuit
2235 4145 2487 4223 Auctor,—
2506 4146 2622 4202 sive
2647 4146 2817 4223 abbas
2840 4145 3104 4223 Pinuﬁus
3136 4145 3345 4223 (Collat.
3382 4145 3451 4206 2b
3480 4168 3599 4223 cap.

2000 4221 2079 4282 7),
2102 4217 2489 4288 paenitentiam
2515 4215 2804 4288 agentibus
2834 4232 2947 4273 non
2979 4215 3153 4274 modo
3174 4218 3391 4288 utilem,
3421 4221 3520 4278 sed
3537 4215 3606 4280 .et

2005 4287 2384 4360 necessarium
2398 4302 2521 4360 esse
2544 4287 2899 4360 peccatorum
2916 4287 3383 4354 recordationem,
3398 4302 3460 4349 ut
3478 4310 3604 4351 cum

1998 4357 2118 4432 jugi
2148 4358 2388 4430 pectoris
2425 4358 2515 4416 sui
2545 4357 2883 4415 'contusione
2920 4360 3265 4430 proclamant
3292 4379 3308 4418 :
3343 4366 3608 4432 Quoniam

2005 4431 2354 4499 iniquitatem
2396 4446 2570 4486 meam
2605 4445 2699 4500 ego
2732 4438 3104 4503 cognosco,“
3128 4431 3405 4503 peccatum
3429 4453 3606 4494 meum

2005 4506 2192 4575 contra
2212 4517 2296 4556 me
2322 4504 2839 4575 estsempertPsal.
2873 4502 2950 4573 ι),
2984 4502 3079 4558 ubi
3108 4502 3265 4575 plura
3304 4505 3405 4562 hac
3434 4506 3504 4563 de
3542 4526 3603 4565 re

2005 4571 2345 4647 notavimus.
2371 4571 2556 4647 Utilis:
2577 4572 2731 4647 epim
2764 4582 2851 4629 est
2879 4571 3237 4647 peccatorum
3272 4578 3604 4647 recordatio,

2006 4650 2069 4717 ut
2096 4643 2223 4717 quis
2251 4643 2493 4717 admissa
2523 4642 2729 4717 deﬂeat
2754 4653 2811 4717 et
2830 4642 3061 4717 puniat;
3082 4662 3195 4717 non
3227 4646 3302 4701 ita
3327 4656 3512 4702 tamen
3542 4642 3606 4705 ut

2008 4713 2067 4769 in
2093 4713 2292 4792 eorum
2313 4714 2539 4792 assidua
2549 4722 2647 4792 aut
2668 4713 2886 4792 diutina
2902 4715 3259 4792 cogitatiope,
3288 4731 3387 4792 seu
3408 4717 3607 4792 imagi-

2006 4785 2254 4862 natione,
2269 4800 2370 4862 seu
2394 4785 2762 4862 rcvolutione,
2785 4786 3136 4862 immoretur.
3150 4786 3312 4862 Quod
3333 4785 3607 4862 pracip'ue

2010 4854 2198 4929 locum
2228 4856 2398 4912 habet
2420 4858 2476 4912 in
2500 4855 2747 4929 peccatis
2771 4855 3127 4929 carnalibus,
3152 4864 3212 4929 ut
3248 4854 3463 4915 dictum
3497 4854 3604 4929 est,

2011 4925 2180 5001 idque
2196 4933 2317 5001 tam
2336 4923 2526 5001 quoad
2546 4926 2694 4981 viros
2719 4923 3015 5001 perfectos,
3037 4928 3131 4998 qui
3153 4928 3313 5001 longa
3333 4923 3607 5001 pmniteni

2006 4997 2085 5075 tia
2100 4997 2396 5075 praeteritae
2415 4997 2539 5075 vita:
2551 4997 2801 5075 maculas
2818 4997 3219 5075 absterserunt,
3237 4997 3406 5075 quam
3424 5005 3607 5075 quoad

2007 5067 2365 5141 imperfectos
2395 5077 2449 5141 et
2465 5067 2796 5141 imbecilles,
2826 5067 2928 5125 sed
2949 5067 3166 5127 diversa
3191 5067 3604 5131 ratione.'Nam

2006 5137 2338 5210 imperfectis
2350 5137 2582 5215 quidem
2597 5140 2760 5215 noxia
2774 5148 2861 5196 est
2875 5141 3183 5215 recordatio
3191 5141 3464 5212 ejusmodi
3488 5161 3606 5215 pec-

2006 5209 2284 5278 catorum,
2314 5209 2386 5268 ut
2405 5226 2473 5267 ex
2494 5209 2669 5282 dictis
2703 5220 2878 5282 patet,
2905 5209 3364 5282 obfragilitatem
3387 5209 3604 5273 natura:

2006 5291 2287 5365 corrupta:
2309 5290 2375 5365 et
2389 5281 2696 5365 periculum
2717 5281 2928 5365 vitiosa:
2940 5281 3354 5365 oblectationis:
3378 5289 3463 5342 De
3482 5288 3604 5343 tali-

2005 5353 2108 5426 bus
2122 5352 2274 5410 enim
2291 5352 2641 5426 potissimum
2652 5352 3187 5425 loquiturapostolus
3202 5355 3602 5424 Jacobus,cum

2006 5425 2088 5481 ait
2115 5436 2132 5478 :
2168 5425 2540 5495 Unusquisque
2562 5428 2800 5481 tentatur
2826 5441 2862 5479 a
2898 5427 3320 5495 concupiscentia
3346 5444 3446 5484 sua
3478 5432 3609 5487 abs-

2004 5501 2290 5575 t_ra_ctus__et
2322 5492 2537 5575 illectus
2579 5495 2711 5564 (Jac.
2758 5495 2822 5575 1).
2856 5492 3120 5550 Perfeciis
3158 5509 3433 5575 vero,‘aut
3470 5519 3606 5575 piro-

2008 5566 2351 5639 beientibus,
2364 5581 2493 5639 cum
2510 5565 2612 5639 hac
2625 5566 2916 5639 occasione
2928 5581 2960 5639 a
2979 5565 3605 5639 contemplationis-dul-

2006 5635 2232 5712 ccdine,
2258 5636 2527 5712 orationis
2552 5635 2766 5712 fervore
2792 5645 2851 5692 et
2881 5635 3084 5692 ﬁducia
3113 5635 3342 5712 aliisque
3365 5646 3606 5700 sanctio-

2009 5707 2165 5764 ribus
2218 5706 2497 5783 exercitiis
2527 5705 2967 5783 abstrahuntur;
2997 5708 3147 5783 quod
3176 5705 3451 5783 précipue
3478 5730 3605 5783 spe-

2008 5788 2187 5855 ctasse
2218 5777 2464 5855 __videtur
2490 5777 2660 5855 abbas
2689 5780 2746 5834 in
2790 5777 2894 5855 hoc
2934 5777 3136 5855 capite,
3174 5777 3231 5839 et
3272 5777 3385 5855 prie
3409 5799 3471 5841 se
3500 5777 3608 5841 fert

2007 5850 2184 5907 titulis
2215 5850 2307 5908 ille
2329 5866 2362 5906 a
2397 5849 2658 5922 Dionysio
2692 5857 2750 5907 et
2774 5849 2898 5908 aliis
2917 5849 3191 5923 praeﬁxas.
