4000 6206
411 328 543 382 H67

398 551 507 604 loco
527 547 663 616 ejus,
696 560 861 614 neque
887 542 1136 597 intendas
1163 542 1312 596 oculo
1346 545 1438 595 tuo
1477 543 1537 595 in
1559 543 1677 597 eam
1707 542 1884 613 (Prov.
1908 543 2001 613 v);

396 658 467 699 ne
488 641 741 697 videntes
764 654 869 694 nos
895 637 1078 711 angeli
1101 634 1416 693 immundis
1434 651 1500 691 ac
1521 636 1779 709 turpibus
1803 637 2006 711 cogita-

398 738 642 795 tionibus
666 735 965 799 involutos,
995 748 1113 789 non
1142 733 1360 804 possint
1381 732 1455 789 de
1482 733 1644 790 nobis
1669 743 2007 805 pratereun-

399 842 487 890 tes
504 832 695 891 dicere
723 853 735 887 :
761 833 1064 889 Benedictio
1090 833 1302 887 Domini
1320 847 1481 903 super
1497 848 1610 898 vos,
1634 834 2004 892 benediaimus

402 929 551 984 vobis
583 930 644 983 in
661 930 875 983 nomine
892 928 1112 983 Domini
1133 927 1300 999 (Psal.
1334 934 1624 997 cxxvm).
1658 933 2007 1005 Impossibile

402 1040 648 1098 namque
667 1031 753 1080 est
779 1032 1031 1080 mentem
1054 1022 1218 1079 bonis
1238 1023 1669 1096 cogitationibus
1688 1024 2004 1094 immorari,

400 1139 529 1181 cum
551 1118 579 1157 ³⁵
609 1123 909 1197 principale
932 1122 1120 1180 cordis
1141 1121 1214 1180 ad
1240 1131 1429 1195 turpes
1447 1132 1616 1195 atque
1641 1133 1890 1180 terrenos
1919 1124 2004 1179 in-

399 1221 574 1278 tuitus
593 1220 758 1277 fuerit
768 1219 1115 1278 devolutum.
1135 1222 1277 1278 Vera
1298 1230 1382 1277 est
1401 1220 1555 1276 enim
1574 1220 1667 1276 illa
1690 1220 2003 1277 Salomonis

397 1318 678 1375 sententia
709 1335 724 1372 :
749 1318 774 1348 °
801 1319 956 1375 Oculi
980 1320 1065 1373 tui
1091 1334 1213 1373 cum
1238 1318 1477 1373 viderint
1505 1318 1755 1386 alienam,
1775 1332 1831 1372 os
1848 1321 2003 1373 tuum

401 1421 523 1471 tunc
570 1417 815 1486 loquetur
845 1430 1045 1486 prava,
1087 1418 1139 1469 et
1169 1414 1373 1485 jacebis
1418 1416 1699 1484 tamquam
1738 1415 1799 1468 in
1848 1415 2004 1471 corde

398 1517 590 1583 maris,
622 1520 673 1570 et
691 1516 828 1570 sicut
855 1514 1183 1583 gubernator
1205 1516 1264 1568 in
1285 1530 1483 1585 magna
1504 1519 1844 1587 tempestate;
1863 1516 2004 1571 dices

400 1618 579 1669 autem
620 1633 636 1668 :
666 1616 950 1670 Ferierunt
992 1628 1095 1681 me,
1126 1613 1219 1668 sed
1248 1628 1355 1668 non
1396 1613 1577 1681 dolui;
1596 1594 1662 1669 ἐι
1695 1615 2007 1670 deluserunt

401 1726 501 1774 me,
532 1726 623 1780 ego
643 1715 823 1765 autem
850 1712 1054 1765 nescivi
1069 1713 1244 1777 (Prov.
1268 1713 1477 1780 χχιιι).
1499 1711 1798 1769 Derelictis
1817 1720 2005 1769 autem

399 1824 515 1866 non
529 1809 712 1866 solum
733 1807 1008 1881 turpibus,
1023 1807 1122 1865 sed
1139 1808 1311 1865 etiam
1322 1808 1561 1865 terrenis
1574 1810 2005 1882 cogitationibus

400 1907 696 1972 universis,
726 1904 989 1980 erigenda
1032 1914 1117 1962 est
1147 1920 1370 1977 semper
1395 1904 1470 1961 ad
1510 1906 1764 1963 calestia
1800 1918 2006 1968 nostra

399 2004 606 2061 mentis
634 2003 896 2070 intentio,
917 2000 1230 2058 secundum
1250 2001 1554 2058 Salvatoris
1573 2003 1753 2059 nostri
1782 2014 2003 2062 senten-

401 2104 556 2159 tiam.
591 2102 694 2158 Ubi
710 2103 852 2157 enim
869 2117 963 2171 ego
985 2116 1125 2163 sum,
1142 2098 1349 2172 inquit,
1372 2100 1486 2155 illic
1509 2105 1560 2156 et
1585 2102 1832 2156 minister
1856 2118 2005 2159 meus

400 2204 506 2257 erit
543 2203 720 2267 (Joan.
750 2201 893 2266 xu).
923 2196 1073 2254 Solet
1113 2196 1265 2252 enim
1308 2194 1623 2269 frequenter
1653 2196 1905 2255 accidere
1942 2207 2006 2257 ut

399 2295 536 2352 dum
559 2294 646 2350 vel
674 2308 809 2349 suos
837 2292 922 2349 vel
953 2292 1193 2349 aliorum
1217 2292 1403 2365 lapsus
1424 2294 1820 2367 imperitorum
1843 2298 2001 2370 quis-

401 2395 551 2467 piam
573 2391 893 2449 miserantis
915 2397 1183 2447 retractat
1205 2372 1438 2462 affectu,
1469 2392 1588 2466 ipse
1615 2394 1792 2451 etiam
1820 2394 2000 2461 subti-

400 2491 599 2550 lissimi
626 2489 723 2548 teli
761 2488 1073 2563 voluptario
1104 2490 1510 2564 perstringatur
1525 2507 1786 2562 assensu;
1807 2499 1865 2548 et
1890 2490 1999 2548 ini-

400 2589 548 2647 tium
573 2588 680 2646 sub
705 2588 884 2660 specie
906 2586 1126 2660 pietatis
1152 2596 1411 2645 exortum
1426 2629 1444 2658 ,
1473 2589 1716 2648 obsceno
1744 2607 1809 2648 ac
1831 2592 2001 2649 noxio

400 2688 509 2744 ﬁne
529 2685 831 2745 concludit.
849 2686 876 2723 ει
897 2687 1039 2744 Sunt
1056 2684 1210 2742 enim
1230 2688 1331 2741 via
1345 2703 1468 2758 qua:
1487 2690 1741 2747 videntur
1761 2692 2001 2747 homini-

404 2788 498 2842 bus
507 2789 682 2851 recta,
693 2788 981 2843 novissima
989 2789 1167 2842 autem
1183 2801 1369 2841 earum
1379 2790 1587 2844 venient
1597 2791 1656 2845 in
1660 2789 2003 2861 profundum

392 2884 604 2952 inferni
611 2886 1295 2956 (Prov.xvr).Quapropter
1310 2881 1651 2941 studendum
1665 2892 1752 2941 est
1765 2883 1924 2941 nobis
1938 2892 2003 2940 ut

398 2985 673 3042 virtutum
694 2984 879 3057 potius
898 2983 1143 3058 appetitu
1162 2992 1219 3041 et
1232 2982 1508 3042 desiderio
1521 2984 1677 3058 regni
1704 2983 1999 3054 calorum,

398 3102 572 3160 quam
599 3085 781 3144 noxiis
806 3085 1073 3144 vitiorum
1100 3085 1608 3156 recordationibus,
1629 3086 2004 3160 nosmetipsos

1488 318 1768 376 JOANNIS
1803 317 2107 375 CASSIANI
2141 316 2627 375 COLLATIONES.

401 458 428 484 ⁸
450 450 587 505 erili
603 449 624 515 [
641 450 789 518 Lips.
817 448 876 500 in
894 461 1069 513 marg.
1111 442 1243 510 exi],
1273 442 1478 514 inquit,
1506 445 1620 499 noli
1639 444 1915 499 demorari
1947 447 2005 498 in
2032 446 2087 508 Α

3560 313 3693 368 1168

2110 536 2187 590 De
2223 534 2617 601 satis/actionis
2664 533 2877 617 indicio,
2906 537 2978 616 .et
3004 531 3259 586 oblivione
3288 529 3700 600 prateritorum

2760 619 3064 660 mmmum.

2181 696 2206 728 ⁸
2232 694 2565 751 Noverimus
2597 702 2787 753 autem
2828 709 2951 761 nos,
2996 700 3061 748 ut
3096 704 3243 762 sape
3269 686 3540 755 diximus,
3571 695 3704 742 tunc

2114 783 2349 842 demum
2366 801 2471 857 pro
2500 785 2793 859 prateritis
2817 781 3146 842 satisfecisse
3165 778 3427 852 peccatis.
3451 793 3586 834 cum
3611 776 3707 849 ίρδί

2116 882 2307 931 motus
2333 883 2499 947 atque
2529 874 2762 932 affectus
2787 890 2885 947 per
2915 887 3051 945 quos
3079 867 3399 945 panitenda
3418 867 3706 923 commisi-

2115 975 2244 1018 mus
2272 960 2482 1019 fuerint
2502 962 2575 1019 de
2605 963 2811 1020 nostris
2826 960 3085 1018 cordibus
3111 957 3404 1031 amputati.
3436 954 3606 1025 Quod
3628 963 3706 1011 ta-

2115 1063 2251 1105 men
2296 1050 2485 1106 nullus
2513 1049 2767 1107 obtinere
2788 1063 2946 1122 posse
2967 1062 3027 1104 se
3046 1042 3259 1111 credat,
3286 1042 3382 1115 qui
3410 1058 3532 1097 non
3561 1043 3705 1114 prius

2114 1138 2261 1209 ipsas
2287 1154 2485 1195 causas
2506 1147 2674 1211 atque
2697 1136 2957 1194 materias
2982 1150 3083 1208 pro
3113 1132 3316 1205 quibus
3340 1131 3401 1187 in
3426 1130 3521 1186 illa
3548 1132 3702 1187 colla-

2115 1243 2248 1301 psus
2262 1235 2345 1284 est
2365 1228 2597 1285 crimina
2622 1228 2775 1285 omni
2796 1225 3023 1300 spiritus
3045 1221 3255 1280 fervore
3272 1218 3605 1288 succiderit;
3632 1230 3706 1284 ut,

2111 1315 2262 1373 verbi
2286 1317 2479 1389 gratia,
2510 1317 2555 1373 si
2579 1317 2641 1373 in
2662 1315 3086 1374 fornicationem
3112 1312 3196 1368 vel
3222 1309 3567 1367 adulterium
3595 1326 3709 1383 per-

2109 1406 2318 1465 niciosa
2338 1407 2678 1465 feminarum
2696 1406 3067 1464 l‘amiliaritate
3082 1402 3355 1475 eollapsus
3363 1409 3472 1470 est,
3494 1417 3709 1459 summa

2110 1492 2463 1551 festinatione
2489 1495 2662 1552 etiam
2690 1494 2871 1567 ipsum
2898 1507 3091 1571 earum
3129 1489 3342 1547 devitet
3387 1499 3704 1562 aspectum;

2111 1592 2206 1639 aut
2228 1590 2396 1651 certe,
2424 1583 2469 1640 si
2506 1598 2606 1656 per
2635 1581 3033 1640 abundantiam
3059 1578 3168 1635 vini
3203 1578 3602 1652 epularumque
3624 1588 3707 1635 est

2112 1668 2396 1726 nimietate
2451 1685 2771 1740 succensus,
2824 1668 3071 1725 illicitam
3128 1665 3383 1723 ciborum
3431 1666 3701 1738 aapnlam

2111 1773 2331 1815 summa
2357 1758 2710 1816 districtione
2737 1757 2991 1831 castiget.
3020 1759 3096 1813 Et
3123 1771 3375 1825 rursum,
3415 1755 3460 1811 si
3496 1756 3557 1811 in
3579 1771 3699 1828 per-

2035 1860 2085 1925 B
2107 1846 2335 1919 jurium,
2361 1854 2457 1903 aut
2497 1845 2733 1917 furtum,
2772 1855 2865 1903 aut
2894 1843 3290 1913 homicidium,
3333 1852 3430 1899 aut
3466 1843 3710 1917 blaSphe-

2110 1935 2304 2004 miam,
2327 1936 2690 2009 pecuniarum
2716 1935 2986 1993 desiderio
3008 1942 3177 2007 atque
3204 1948 3396 1990 amore
3421 1941 3706 2006 corruptus

2110 2023 2365 2092 incurrit,
2382 2024 2675 2082 materiam
2696 2024 2940 2082 avaritia
2957 2023 3286 2080 illectrieem
3299 2038 3420 2081 sua
3440 2021 3711 2095 deceptio-

2108 2114 2200 2172 nis
2221 2114 2531 2173 abscindat.
2561 2115 2619 2172 Si
2642 2115 2703 2171 in
2730 2112 3034 2171 iracundia
3060 2112 3252 2170 vitium
3288 2113 3566 2185 superbia
3593 2131 3713 2188 pas-

2107 2204 2266 2262 sione
2291 2204 2637 2277 propellitur,
2664 2204 2995 2278 arrogantia
3015 2202 3187 2275 ipsius
3208 2200 3478 2260 fomitem

2109 2290 2441 2350 humilitatis
2459 2293 2663 2350 virtute
2685 2292 2975 2350 convellat.
2995 2294 3066 2348 Et
3085 2291 3161 2348 ita
3184 2300 3250 2349 ut
3271 2294 3716 2367 unumquodque

2108 2390 2396 2455 peccatum
2434 2382 2610 2455 possit
2647 2381 2942 2455 exstingui,
2971 2395 3135 2439 causa
3174 2389 3341 2454 atque
3372 2383 3595 2439 occasio
3624 2398 3716 2455 per

2113 2486 2280 2544 quam
2300 2470 2385 2528 vel
2406 2470 2480 2527 ob
2506 2486 2676 2545 quam
2698 2469 3007 2528 admissum
3034 2477 3120 2527 est
3136 2468 3304 2528 debet
3323 2470 3587 2543 primitus
3601 2488 3712 2528 am-

2111 2560 2311 2632 putari.
2346 2563 2463 2616 Isto
2488 2559 2697 2617 etenim
2723 2559 3079 2615 curationum
3106 2558 3461 2631 remedio,ad
3484 2560 3712 2618 oblivio-

2107 2662 2240 2705 nem
2269 2663 2485 2723 quoque
2508 2646 2887 2705 admissorum
2919 2646 3219 2704 criminum
3240 2646 3356 2705 sine
3376 2645 3552 2704 dubio
3583 2664 3707 2721 per-

2109 2736 2346 2795 venitur.

2714 2807 2961 2864 CAPUT
3000 2809 3102 2864 XI.

2460 2897 3443 3025 Wa‘mmdmmm
3479 2896 3702 2969 °"“°“"’

2180 3058 2389 3112 Verum
2418 3055 2524 3113 ista
2574 3054 2853 3127 pradicta
2895 3054 3191 3112 oblivionis
3222 3056 3464 3114 deﬁnitio
3504 3050 3524 3089 ¹
3546 3072 3712 3132 super

2108 3143 2430 3218 capitalibus
2474 3153 2696 3201 tantum
2743 3143 2819 3200 sit
2862 3144 3189 3201 criminibus
3229 3147 3555 3212 constituta,
3590 3163 3714 3219 qua

2117 2897 2424 2953 Venialium

401 3190 476 3248 ad
493 3190 979 3263 compunctionem
995 3190 1330 3248 laudabilem
1353 3206 1744 3265 provocemus,
1763 3191 1895 3266 quia
1914 3207 2005 3249 ne-
2033 3199 2080 3264 c
2110 3190 3559 3308 giggdﬁgt‘émgnrgcgrp;
3579 3190 3715 3291 ἑοῖ

399 3308 553 3351 cesso
577 3299 663 3350 est
696 3291 911 3350 tamdiu
934 3292 1256 3368 quempiam
1299 3292 1767 3366 pestilentissimis
1799 3295 2003 3353 cloaca

397 3398 667 3458 fetoribus
712 3401 1033 3473 prafocari,
1078 3399 1353 3472 quamdiu
1393 3416 1559 3474 supra
1584 3416 1712 3461 eam
1738 3409 1889 3460 stare
1919 3403 2005 3460 vel

401 3516 627 3558 canum
645 3500 765 3572 ejus
793 3499 1029 3557 voluerit
1054 3514 1434 3557 commovere.

2113 3323 2486 3382 versationem
2513 3322 2717 3378 bonam
2746 3320 3079 3394 abjiciuntur
3098 3323 3183 3379 vel
3203 3332 3611 3380 consumuntur
3627 3323 3714 3380 af-

2113 3412 2306 3479 fectus,
2341 3411 2421 3467 ita
2449 3410 2615 3467 etiam
2644 3409 2840 3481 accipit
2863 3410 3185 3482 panitentia
3222 3410 3414 3468 finem.
3440 3413 3715 3468 Caterum

2112 3504 2141 3542 ε
2164 3501 2235 3558 ab
2280 3500 2396 3557 istis
2433 3499 2667 3555 minutis
2717 3498 2773 3554 in
2816 3497 3018 3570 quibus
3063 3499 3271 3572 septies
3314 3501 3503 3572 justus
3547 3500 3715 3567 cadit,

1495 3661 1752 3718 ALARDI
1790 3664 2015 3720 οΑΖΑει
2053 3624 2615 3719 οοΜΜΕΝΤΑΒιυέ.

470 3833 497 3862 ³
520 3826 725 3901 Textus
750 3823 1056 3901 Vulga‘tus;
1081 3820 1380 3901 Longe‘zac
1406 3818 1477 3873 ab
1502 3820 1921 3901 cognominem,
1950 3823 2002 3873 et

398 3915 465 3955 ne
486 3886 1790 3972 ammnque‘s'foﬁéeseidsﬂt’maweUbi.D;
1809 3888 2002 3972 Hiero-

397 3961 604 4055 nyniﬁs
631 3961 932 4023 liacbabet
958 3983 971 4019 :
994 3961 1377 4046 EtApostolus
1394 3962 1476 4015 ait
1496 3978 1517 4044 ε
1535 3961 1726 4028 Fugite
1753 3961 2002 4045 (amica:

401 4046 597 4098 tionem
628 4038 674 4111 (ῐ
702 4038 823 4096 Cor.
833 4036 952 4111 ⁸γι),
983 4050 1115 4111 quia
1139 4047 1400 4111 nmmum
1419 4046 1665 4102 primum
1688 4031 1858 4111 hujus
1874 4037 2002 4111 vitii

400 4077 1183 4178 i'a'iéiiia‘é‘éi'zéiﬁe‘ii'ei;
1201 4106 1324 4175 ﬁeri
1345 4077 1576 4178 quierum
1588 4077 1892 4178 praesentia
1919 4104 2003 4158 vel

400 4185 598 4266 allicit,
609 4183 693 4237 vel
702 4174 1021 4266 cooperuit";
1036 4177 1111 4232 ad
1351 4175 1533 4266 ‘Sedet
1545 4175 1618 4266 ab
1625 4174 2003 4266 Itng

401 4246 600 4308 auditu
625 4246 899 4320 segregari
920 4251 1160 4318 inﬁrmis
1181 4247 1524 4302 auditoribus
1541 4246 1785 4315 prodest.

469 4317 498 4354 ³³
524 4320 591 4400 Id
615 4328 718 4400 est,
747 4327 1031 4400 mentem,
1056 4333 1166 4400 seu
1174 4316 1601 4400 cogitationem,
1632 4315 1703 4373 de
1732 4329 1847 4389 quo
1875 4314 2001 4372 vide

400 4388 821 4445 annotationem
840 4386 911 4443 ad
928 4387 1112 4442 collat.
1136 4393 1166 4440 7
1194 4386 1313 4457 cap.
1352 4392 1434 4441 I2.
1746 4386 1768 4389 “

473 4469 495 4495 ε
520 4459 754 4538 Vulgata
779 4456 956 4538 versio
981 4472 997 4509 :
1035 4457 1190 4512 Oculi
1215 4457 1580 4538 tuimdebunt
1606 4460 1922 4538 entraneas,
1953 4461 2004 4538 et

399 4547 489 4586 cor
521 4527 674 4586 tuum
696 4529 943 4599 loquetur
959 4541 1241 4599 perversa;
1270 4530 1322 4579 et
1342 4528 1450 4599 eris
1480 4528 1620 4580 sicut
1641 4527 1910 4599 dormiens
1943 4530 2003 4581 in

399 4601 576 4658 medio
599 4597 774 4663 mari,
787 4603 839 4655 et
855 4598 1014 4668 quasi
1032 4599 1237 4667 sopitus
1263 4597 1810 4668 gubematorramisso
1825 4597 2001 4662 clavo,

400 4679 452 4731 et
475 4674 659 4730 dices:
692 4666 1115 4728 Verberaverunt
1137 4684 1240 4736 me,
1266 4667 1361 4721 sed
1387 4682 1493 4722 non
1521 4666 1700 4733 dolui;
1716 4671 2002 4736 traxerunt

399 4760 503 4808 me,
528 4751 581 4800 et
604 4759 709 4799 non
736 4743 900 4798 sensi.
939 4742 1005 4795 In
1032 4756 1197 4812 quem
1226 4739 1411 4812 locum
1431 4739 1583 4812 rVen.
1624 4735 1774 4812 Beda
1810 4754 1824 4791 :
1860 4740 1996 4803 Vox,

2107 3817 2431 3901 absolutum,
2459 3817 2727 3943 quamdiu
2744 3820 2854 3875 sibi
3247 3824 3304 3903 et
3633 3823 3724 3878 in-

2107 3889 2330 3943 cubantt
2346 3889 2429 3943 vel
2452 3905 2474 3943 ι
2497 3892 2672 3943 lorum
2695 3905 2816 3943 oua
2841 3895 3007 3943 aem1t
3026 3889 3112 3943 vel
3135 3891 3392 3943 sumhum
3416 3907 3724 3943 murum

2107 3889 2332 3945 cubanti
2346 3889 2429 3944 vel
2452 3889 2672 3944 illorum
2695 3905 2816 3961 qua
2841 3893 3007 3961 gemit
3026 3889 3112 3945 vel
3135 3891 3392 3946 similium
3416 3894 3725 3948 mimarum

2108 3964 2234 4016 ante
2258 3961 2436 4032 oculos
2456 3961 2637 4030 imago
2657 3962 2989 4031 prwluserit,
3009 3977 3295 4032 eorumque
3315 3979 3421 4017 non
3433 3963 3619 4018 dicam
3632 3966 3725 4020 ob-

2111 4033 2321 4087 lectatio
2330 4031 2424 4086 sed
2433 4032 2516 4086 vel
2525 4033 2825 4088 recordatio
2842 4031 3442 4100 infestaveritmentem.
3455 4037 3531 4090 Et
3542 4035 3687 4090 intra
3701 4055 3716 4090 :

2114 4106 2247 4159 Tum
2267 4102 2481 4157 demum
2491 4106 2777 4173 praterita
2790 4104 2939 4159 nobis
2954 4106 3207 4159 vitiorum
3224 4109 3477 4173 contagia
3496 4109 3724 4162 missa

2109 4188 2221 4229 esse
2239 4173 2504 4249 credenda
2528 4178 2680 4249 sunt,
2708 4189 2827 4249 cum
2846 4176 3063 4249 [uer-int
3084 4175 3150 4249 de
3177 4175 3334 4231 corde
3355 4173 3543 4232 nostro
3566 4193 3721 4249 prce-

2110 4246 2694 4328 seniiumpoluptatum
2997 4248 3214 4328 pariter

2104 4318 2301 4385 pulsae.
2333 4316 2469 4385 Qua
2493 4315 2774 4387 quomodo
2801 4315 3027 4388 intelligi
3063 4315 3324 4386 debeant,
3356 4318 3487 4375 vide
3510 4315 3725 4376 ibidem

2108 4395 2386 4442 notatum.

2181 4450 2201 4489 ¹
2246 4456 2310 4512 Id
2355 4467 2460 4523 est,
2487 4455 2560 4512 de
2599 4457 2836 4527 peccatis
2870 4456 3219 4514 mortalibus.
3277 4460 3470 4516 Potest
3500 4475 3572 4516 ex
3612 4459 3727 4515 hoc

2110 4542 2230 4598 cap.
2264 4527 2481 4598 probari
2508 4527 3011 4602 distinctiopeccati
3041 4529 3316 4602 mortalis,
3334 4530 3484 4602 quod
3504 4531 3728 4586 crimen

2108 4597 2355 4673 vocatur,
2384 4603 2441 4653 et
2458 4597 2723 4673 _venia_lis,
2751 4597 2884 4673 sive
2907 4598 3122 4669 delicti;
3151 4597 3325 4673 quam
3349 4597 3629 4673 'Pelagim,
3662 4610 3728 4656 et

2107 4667 2428 4741 Jovinianus
2458 4668 2697 4725 baretici
2723 4669 3010 4741 tollebant
3045 4686 3077 4726 e
3111 4667 3323 4729 taedio.
3368 4676 3452 4728 De
3482 4667 3592 4741 qua
3629 4673 3720 4726 D.

2029 4725 2079 4788 D
2106 4738 2409 4811 Gregorius
2424 4755 2536 4813 χχι
2560 4725 2860 4797 Moralium
2888 4725 3038 4812 (Cap.
3059 4725 3168 4813 9)?
3343 4725 3538 4813 idquit,
3561 4725 3721 4796 mter

398 4816 500 4878 ait,
524 4816 769 4885 percussi
787 4818 837 4869 et
863 4811 1177 4867 dormiéntis
1202 4811 1544 4885 exprimitur.
1576 4811 1725 4865 Mens
1747 4813 1946 4885 quippe
1966 4827 2002 4864 a
2102 4815 2372 4881 peccatum
2400 4812 2573 4866 distat
2589 4817 2639 4867 et
2660 4814 2882 4879 crimen,
2902 4811 3049 4882 quod
3065 4811 3218 4870 omne
3234 4811 3728 4884 peccatwn

402 4881 933 4940 atra—sollicitudinis
961 4884 1227 4938 dormiens
1253 4881 1592 4944 verberatur,
1631 4885 1681 4935 et
1709 4896 1814 4935 non
1837 4882 1997 4945 dolet,
2107 4887 2204 4947 est,
2242 4898 2350 4936 non
2373 4887 2551 4937 tamen
2580 4898 2732 4937 omne
2753 4881 3027 4953 peccatum
3056 4886 3259 4940 crimen
3286 4891 3397 4950 est;
3426 4881 3476 4940 et
3518 4887 3583 4939 in
3625 4886 3735 4939 hac

403 4970 525 5025 qua:
548 4956 685 5009 sicut
712 4956 1049 5027 imminentia
1071 4954 1351 5027 malanon
1366 4954 1646 5021 prospicit,
1672 4954 1751 5007 sic
1769 4968 1861 5007 nec
1879 4968 2001 5027 qua
2103 4956 2219 5027 vita
2240 4954 2404 5008 multi
2437 4956 2550 5008 sine
2577 4956 2817 5027 crimine,
2841 4956 3022 5010 nullus
3050 4971 3173 5010 vero
3200 4972 3310 5011 esse
3340 4959 3459 5011 sine
3480 4958 3729 5027 peccatis

394 5023 1076 5098 perpetraverat‘agnoseit.
1108 5023 1379 5098 habitur,
1397 5027 1446 5076 et
1458 5038 1801 5092 nequaquam
1815 5025 2001 5098 sentit,
2104 5025 2265 5098 valet.
2293 5027 2357 5079 In
2381 5040 2491 5094 qua
2508 5025 2750 5098 videlicet
2765 5031 3103 5095 peccatorum
3116 5031 3168 5081 et
3195 5023 3506 5081 criminum
3516 5030 3730 5083 distin-

400 5093 615 5169 gui—per
648 5093 920 5169 illecebras
943 5094 1198 5169 vitiorum
1218 5093 1455 5169 ducitur,
1484 5109 1577 5169 nec
1597 5098 1785 5169 tamen
1809 5095 1895 5169 ad
1912 5096 2002 5148 sui
2105 5097 2275 5169 ctione
2294 5097 2630 5165 pensandum
2657 5093 2925 5167 estfquia
2947 5098 3209 5152 nonnulla
3229 5104 3457 5168 peccata
3477 5102 3732 5154 arduum

400 5162 697 5224 custodiam
741 5167 1059 5240 suscitatur.
1093 5166 1198 5240 Qui
1222 5162 1438 5233 quidem
1453 5164 1721 5240 evigilare
1748 5168 1899 5240 optat
1919 5169 1999 5240 ut
2098 5162 2371 5240 polluunt,
2398 5182 2566 5240 quam
2587 5162 3469 5240 mmind‘emstirtguunt.'ﬁadem
3498 5170 3625 5227 fere
3648 5173 3731 5225 D.

399 5243 528 5295 vina
554 5253 775 5311 rursum
795 5238 1063 5307 reperiat;
1090 5236 1486 5311 quiaguamvis
1513 5250 1692 5311 somno
1719 5236 1952 5303 stuporis
1971 5251 2009 5311 a_
2112 5236 2453 5311 Augustinus
2472 5237 2532 5291 in
2558 5236 2874 5311 Encbiridio
2901 5236 3052 5311 (Cap.
3084 5241 3207 5309 64).

402 5314 492 5364 sui
516 5310 759 5365 custodia
777 5305 1080 5382 prematur,
1108 5306 1351 5382 vigilare
1364 5308 1541 5382 tamen
1558 5305 1633 5382 ad
1649 5318 1806 5358 curas
1824 5307 2010 5382 saeculi
2064 5358 2069 5365 ,
2112 5376 2126 5382 _
2182 5305 2451 5382 {Minuta
2474 5323 2505 5382 ξι
2535 5308 2789 5382 Patribus
2810 5305 3073 5382 dicuntur
3099 5305 3321 5382 peccata
3352 5310 3626 5375 venialia,
3652 5310 3740 5365 al-

400 5382 618 5445 nititur,
635 5375 2005 5450 utseinpervoluptatibusebrietur;etcumadillud
2112 5375 2322 5450 lusione
2352 5376 2593 5450 quadam
2632 5379 2702 5435 ad
2731 5379 2864 5436 illud
2897 5382 3066 5437 Luca
3101 5375 3191 5437 'xu
3229 5399 3244 5436 :
3277 5385 3406 5437 Dico
3441 5383 3571 5447 tibi,
3615 5397 3734 5435 non

405 5452 705 5521 domiatin
724 5444 834 5521 quo
855 5444 1074 5506 solerter
1085 5448 1320 5517 vigilare
1341 5444 1627 5521 debuisset,
1638 5446 1782 5501 illud
1790 5451 1998 5521 appetit
2102 5449 2253 5521 exies
2276 5444 2610 5521 inde,donec
2634 5453 2796 5506 etiam
2818 5453 3170 5507 novissimum
3198 5456 3470 5508 minutum
3488 5444 3735 5509 reddas.

402 5517 1995 5601 adquodlaudabiliterdormirepotuisset.HactenusBeda.
2105 5520 2209 5574 Per
2244 5517 2607 5602 novissimum
2656 5521 2807 5577 enim
2844 5522 3123 5579 minutum
3170 5522 3489 5596 intelligunt
3524 5527 3738 5579 Patres

473 5590 497 5623 (³
524 5589 739 5644 Citatur
761 5591 878 5645 hac
898 5599 1172 5645 sententia
1196 5589 1379 5645 collat.
1400 5595 1425 5644 1
1451 5604 1575 5645 can.
1600 5595 1693 5645 20.
1710 5590 1805 5645 ubi
1827 5600 1998 5645 etiam
2106 5598 2325 5645 peccata
2353 5590 2645 5645 levrssima.
2674 5597 2737 5645 ut
2763 5602 2892 5645 unt
2932 5594 3091 5645 verba
3133 5595 3344 5645 otiosa.
3375 5609 3475 5645 oro
3506 5596 3738 5645 auibus

473 5594 497 5623 α
524 5594 739 5644 Citatur
761 5594 878 5645 hac
898 5594 1172 5648 sententia
1196 5594 1379 5646 collat.
1400 5595 1425 5644 1
1451 5604 1575 5661 cap.
1600 5595 1693 5658 20,
1710 5594 1805 5645 ubi
1827 5594 1998 5646 etiam

405 5658 613 5743 alia!“
637 5661 969 5743 ηρωγίιῑιμῑδ-
1118 5731 1155 5743 ..
1192 5732 1214 5743 -
1282 5732 1317 5743 ..
1402 5733 1412 5742 .
1493 5732 1548 5743 ..
1605 5730 1621 5743 .
1668 5731 1681 5743 .
1792 5732 1830 5743 ..
1960 5734 1971 5743 .

2115 5598 2325 5672 peccata
2353 5594 2645 5656 levissima,
2674 5597 2737 5673 ut
2763 5602 2892 5675 sunt
2932 5594 3091 5675 verba
3133 5594 3742 5677 otiosa,'pro.quibus

2115 5676 2177 5743 In
2194 5676 2428 5743 carcere
2441 5669 2739 5743 purgatorn
2757 5662 3208 5743 satisfaciendum
3233 5675 3364 5743 erat,
3391 5681 3501 5723 nisi
3520 5682 3585 5722 in
3615 5664 3741 5743 hac

475 5729 650 5802 “Cap.
672 5736 737 5786 5:
765 5729 1026 5785 Indicium
1044 5731 1435 5797 satis/actionis
1455 5735 1506 5784 et
1524 5730 1873 5798 indulgentiae
1896 5734 1996 5792 est,

406 5806 643 5869 affectus
670 5815 876 5871 quoque
894 5814 1074 5873 eorum
1097 5800 1162 5852 de
1195 5802 1397 5873 nostris
1435 5800 1993 5873 cordibuseapulisse.

2115 5731 2217 5787 vita
2245 5729 2469 5857 purgata
2497 5729 2576 5786 vel
2603 5733 2843 5789 relaxata
2881 5733 3103 5818 fuerint.
3133 5738 3204 5793 D.
3233 5729 3627 5820 Hieronymus
3674 5736 3744 5790 in

2115 5804 2244 5856 Matt
2285 5817 2350 5858 al
2389 5818 2510 5873 cap.
2557 5817 2597 5857 ν
2625 5844 2639 5858 .
2686 5806 2795 5860 Hoc
2819 5811 2917 5870 est,
2945 5815 3141 5873 Inqult,
3189 5808 3337 5873 quod
3361 5808 3502 5865 dicit
3540 5827 3562 5864 :
3606 5811 3744 5865 Non

1980 5841 1993 5855 .
2106 5822 2350 5858 mauan
2389 5822 2510 5870 cap.
2557 5822 2597 5857 ν
2625 5844 2639 5858 .
2686 5822 2795 5860 uoc
2819 5822 2917 5870 est,
2945 5822 3141 5870 inquit,
3189 5822 3337 5870 quoa
3361 5822 3502 5865 atat
3540 5827 3562 5864 :
3606 5822 3747 5865 non

407 5821 643 5869 ar/ecws
670 5821 876 5871 quoque
894 5821 1074 5853 eorum
1097 5821 1162 5852 ae
1195 5821 1397 5853 nouns
1435 5821 1685 5854 voramus
1705 5821 1993 5870 amputasse.
2106 5821 2350 5858 manna!
2389 5821 2510 5873 cap.
2557 5821 2597 5857 ν
2625 5844 2639 5858 .
2686 5821 2795 5860 uoc
2819 5821 2917 5870 εει,
2945 5821 3141 5878 Inqult,
3189 5821 3337 5878 quoa
3361 5821 3502 5865 αιατ
3540 5827 3562 5864 ε
3606 5821 3747 5865 Non

407 5876 625 5932 Noverit
651 5874 794 5930 enim
812 5871 1176 5941 unusquisque
1187 5868 1412 5922 necdum
1425 5883 1479 5923 se
1494 5872 1728 5938 peccatis
1744 5873 1998 5940 pristinis
2103 5873 2394 5942 egredieris
2417 5874 2485 5930 de
2507 5890 2732 5947 carcere,
2758 5876 2920 5934 donec
2940 5880 3104 5937 etiam
3124 5881 3335 5937 minuta
3338 5876 3579 5953 peccata
3583 5894 3747 5950 pcr-
