4014 6202
311 298 443 353 H73

1044 288 1383 346 COLLATIO
1422 287 1559 345 XXI.
1597 314 1670 328 —
1705 286 1795 342 DE
1832 284 2238 343 REMISSIONE
2273 284 2870 371 QUINQUAGESIMIE.

3266 214 3323 227 ,Α

3481 293 3615 347 H74

306 422 491 479 diores
508 419 712 494 quique
739 417 1026 475 inﬁdeliter
1049 419 1381 484 minuentes,
1396 416 1762 490 religiosiores
1777 431 1908 471 vero
1930 421 1989 483 Α
2020 423 2077 472 et
2100 431 2198 487 pro
2237 414 2323 471 his
2347 415 2589 472 Domino
2634 414 2716 486 pie
2739 414 3067 487 supplicans,
3114 417 3277 474 etiam
3320 417 3619 489 lugubriter

309 517 474 572 etiam
501 513 872 580 cumulantes,
916 512 995 567 illi
1042 526 1106 568 ex
1144 510 1505 582 sexagesima,
1534 509 1589 564 hi
1638 517 1821 567 autem
1850 525 1916 565 ex

312 606 725 680 quadragesima
777 604 1058 662 fructuum
1108 620 1336 662 suorum
1389 614 1540 678 parte
1586 603 1913 675 pendebant.

310 711 336 737 ⁸
352 704 385 756 J
388 702 494 757 usti
519 701 690 769 enim,
712 700 907 773 quibus
920 700 1004 756 lex
1023 712 1135 756 non
1160 709 1241 756 est
1261 699 1433 771 posita
1450 740 1466 765 ,
1492 699 1571 755 sic
1595 698 1913 770 probantur,

312 810 424 850 non
453 808 570 850 esse
593 792 694 849 sub
721 794 859 865 lege,
902 791 1220 863 utjustitias
1264 791 1396 863 legis
1441 806 1552 846 non
1586 789 1764 846 solum
1801 788 1911 845 im-

313 888 459 959 plere
483 928 499 954 ,
531 903 724 943 verum
749 887 914 943 etiam
942 900 1197 958 superare
1233 884 1586 952 contendant,
1615 885 1788 955 sitque
1814 881 1910 938 de-

313 983 463 1038 votio
493 997 684 1039 eorum
709 981 866 1050 legali
886 981 1064 1054 major
1086 981 1335 1053 imperio,
1366 992 1492 1053 qum
1515 979 1911 1039 observantiam

294 1075 601 1131 ‘cumulans
647 1084 1046 1146 praceptorum
1076 1074 1384 1131 voluntaria
1426 1076 1600 1144 [Lips.
1636 1076 1697 1129 in
1731 1089 1909 1142 marg.

317 1167 649 1237 voluntarie]
669 1167 833 1225 addat
855 1166 925 1225 ad
942 1167 1147 1224 debita.
1321 1178 1323 1181 '

923 1271 1169 1326 CAPUT
1215 1271 1312 1326 ιν.

318 1367 473 1438 Quod
493 1365 795 1434 Abraham,
824 1363 1000 1421 David
1027 1370 1079 1421 et
1094 1368 1275 1421 caeteri
1296 1364 1473 1421 sancti
1491 1363 1757 1421 mandata
1780 1363 1915 1433 legis

820 1440 1032 1506 fuerint
1066 1439 1414 1508 supergressi.

386 1543 466 1597 Ita
496 1546 747 1612 namque
793 1548 849 1597 et
890 1538 1174 1596 Abraham
1217 1536 1417 1594 futura:
1450 1537 1598 1609 legis
1647 1543 1915 1609 prmpr

314 1634 552 1705 legimus
587 1644 1028 1706 supergressum,
1054 1647 1187 1690 cum
1212 1632 1485 1704 superatis
1509 1639 1745 1704 quatuor
1771 1630 1921 1703 regi-

314 1727 440 1792 bus,
474 1727 544 1783 de
585 1726 770 1798 spoliis
811 1727 1181 1783 Sodomorum
1202 1766 1218 1791 ,
1252 1739 1375 1797 quae
1400 1724 1502 1780 sibi
1542 1725 1685 1781 velut
1722 1723 1916 1780 victori

2027 508 2195 578 ﬂevit,
2237 518 2293 564 et
2320 510 2468 565 ultus
2497 517 2578 565 est
2625 508 2961 568 interfectos.
2994 512 3083 566 Ita
3111 510 3283 569 Ellam
3316 527 3532 584 quoque
3567 520 3624 567 et

2022 601 2319 659 Jeremiam
2370 603 2666 674 probamus
2691 618 2804 658 non
2834 602 2995 661 luisse
3036 604 3138 659 sub
3186 604 3325 678 lege,
3359 605 3451 676 qui
3493 620 3619 660 cum

2024 695 2174 752 licito
2203 696 2284 751 uti
2312 696 2568 768 conjugio
2593 696 2799 767 absque
2834 696 3251 766 reprehensione
3289 698 3619 768 potuissent,

2020 800 2041 825 ⁶
2060 805 2403 862 perseverare
2433 799 2619 846 tamen
2650 790 2883 862 virgines
2895 792 3222 846 maluerunt.
3255 792 3346 847 Sic
3366 792 3618 848 Elismum

2018 899 2081 939 ac
2107 882 2341 954 reliquos
2366 870 2613 954 ejusdem
2642 883 2905 954 propositi
2946 882 3088 939 viros
3118 883 3357 939 Mosaica
3395 884 3622 955 legimus

2020 990 2304 1046 superasse
2347 976 2630 1042 mandata,
2662 975 2732 1031 de
2782 975 2979 1046 quibus
3014 975 3303 1046 Apostolus
3347 976 3421 1030 ita
3451 976 3617 1031 dicit:

2019 1069 2415 1126 Circumierunt
2441 1071 2505 1123 in
2545 1070 2772 1137 melotis,
2798 1071 2859 1123 in
2888 1069 3124 1139 pellibus
3153 1071 3417 1139 caprinis,
3446 1086 3619 1139 angu-

2019 1165 2167 1229 tiati,
2192 1164 2410 1230 afﬂicti,
2427 1166 2652 1231 egentes,
2673 1163 2869 1231 quibus
2890 1164 3085 1231 dignus
3104 1179 3210 1217 non
3225 1169 3344 1218 erat
3366 1165 3619 1226 mundus,

2022 1258 2083 1311 in
2094 1256 2484 1311 solitudinibus
2498 1260 2821 1318 errantes,et
2830 1259 2891 1311 in
2908 1257 3195 1322 montibus,
3203 1261 3253 1311 et
3268 1260 3327 1312 in
3335 1259 3620 1327 speluncis,

2022 1355 2072 1404 et
2089 1352 2151 1406 in
2168 1351 2409 1405 cavernis
2432 1356 2589 1405 terra:
2611 1348 2793 1420 (Hebr.
2816 1352 2899 1418 xx)
2913 1390 2927 1403 .
2946 1336 3126 1419 dQuid
3144 1350 3211 1406 de
3230 1349 3359 1406 ﬁliis
3376 1350 3622 1407 Ionadab

2020 1443 2115 1500 ﬁlii
2133 1444 2356 1502 Rechab
2371 1445 2585 1511 dicam,
2606 1459 2746 1516 quos
2763 1433 3022 1501 Jeremim
3051 1444 3350 1516 prepbetaz,
3369 1445 3620 1502 offerenti

2022 1553 2090 1595 ex
2108 1538 2634 1611 praeceptO'Domini
2664 1538 2963 1607 vinum,ita
2985 1538 3219 1612 legimus
3241 1540 3584 1612 respondisse
3606 1558 3619 1594 :

2025 1634 2148 1689 Non
2198 1632 2438 1689 bibimus
2483 1633 2694 1701 vinum,
2745 1633 2871 1703 quia
2923 1632 3168 1689 Jonadab
3206 1632 3351 1689 ﬁlius
3400 1633 3624 1689 Rechab

1998 1736 2179 1802 pater
2228 1735 2413 1783 noster
2456 1727 2711 1799 praecepit
2759 1727 2938 1798 nobis,
2996 1726 3231 1784 dicens:
3282 1729 3401 1784 Non
3435 1727 3625 1783 bibatis

316 1835 434 1877 non
452 1820 726 1878 immerito
748 1819 1104 1889 debebantur,
1128 1827 1184 1875 et
1212 1817 1435 1892 quidem
1462 1831 1589 1890 rege
1618 1818 1738 1889 ipso
1765 1817 1923 1890 cujus
1944 1827 1995 1890 Β
2025 1827 2213 1879 vinum
2236 1836 2329 1877 vos
2356 1826 2408 1877 et
2431 1822 2538 1891 ﬁlii
2553 1824 2740 1888 uestri,
2762 1836 2927 1892 usque
2940 1823 3000 1876 in
3026 1822 3432 1890 sempiternum,
3451 1824 3503 1875 et
3526 1820 3621 1876 do-

313 1915 486 1986 spolia
533 1916 795 1972 retulerat
838 1914 1156 1986 suppliciter
1182 1912 1479 1980 offerente,
1521 1912 1657 1968 nihil
1699 1912 1918 1984 penitus

312 2008 618 2080 acquiescit
642 2010 935 2081 attingere,
951 2008 1053 2064 sub
1088 2007 1252 2064 divini
1278 2006 1519 2063 nominis
1540 2006 1919 2063 testiﬁcatione

313 2101 665 2173 proclamans
695 2121 709 2156 :
734 2102 986 2158 Extendo
1011 2116 1232 2158 manum
1256 2117 1432 2157 meam
1460 2101 1536 2156 ad
1556 2105 1723 2157 Deum
1750 2101 1920 2158 excel-

309 2212 440 2252 sum
457 2238 475 2260 ,
502 2199 602 2266 qui
624 2198 753 2265 fecit
779 2197 965 2252 calum
985 2200 1038 2252 et
1067 2200 1289 2265 terram,
1314 2199 1367 2251 si
1390 2212 1425 2250 a
1453 2197 1542 2267 ﬁlo
1574 2195 1918 2265 subtegminis

313 2306 494 2362 usque
510 2291 585 2346 ad
607 2294 896 2361 corrigiam
925 2292 1114 2360 caliga:
1142 2293 1403 2361 accipiam
1429 2305 1498 2347 ea:
1522 2290 1770 2346 omnibus
1798 2306 1919 2360 qua:

311 2388 417 2439 tua
447 2387 577 2438 sunt
598 2384 807 2449 (Genes.
837 2387 985 2449 xlv).
1032 2382 1121 2439 Sic
1140 2382 1318 2439 David
1354 2390 1621 2455 praecepta
1662 2382 1798 2454 legis
1822 2397 1915 2439 co-

308 2477 640 2551 gnoscimus
666 2491 1102 2550 supergressum,
1127 2478 1221 2550 qui
1245 2479 1272 2513 δ
1302 2477 1650 2549 praecipiente
1677 2478 1834 2534 Mose
1859 2484 1923 2533 ut

308 2571 556 2628 inimicis
577 2571 708 2627 talio
734 2570 1074 2645 redderetur,
1101 2586 1217 2626 non
1247 2570 1429 2627 solum
1471 2569 1579 2627 hoc
1618 2585 1728 2627 non
1754 2568 1885 2626 fecit
1901 2611 1918 2638 ,

310 2681 513 2725 verum
533 2665 701 2723 etiam
731 2664 1021 2723 dilectione
1054 2665 1371 2738 complexus
1396 2673 1481 2721 est
1509 2671 1917 2737 persequentes,

2023 1931 2172 1993 mum
2196 1930 2305 1970 non
2331 1915 2696 1984 cediﬁcabitis,
2724 1919 2776 1969 et
2803 1919 3083 1970 sementem
3095 1931 3201 1971 non
3228 1917 3434 1983 seretis,
3465 1920 3517 1970 et
3538 1917 3626 1969 ei-

2024 2023 2154 2067 neas
2173 2009 2636 2079 nonplantabitis,
2659 2024 2753 2064 nec
2776 2009 3058 2076 habebitis,
3075 2010 3169 2064 sed
3189 2012 3245 2064 in
3263 2010 3626 2065 tabernaculis

2025 2103 2343 2158 habitabitis
2359 2105 2562 2159 cimctis
2574 2103 2760 2159 diebus
2771 2106 2973 2159 vestris
2994 2104 3208 2175 (Jerem.
3229 2110 3447 2172 xxxv).
3469 2103 3626 2161 Unde

2026 2197 2193 2252 etiam
2235 2195 2305 2253 ab
2344 2196 2541 2253 eodem
2588 2197 2850 2269 propheta
2884 2206 3168 2253 merentur
3207 2196 3398 2253 audire
3447 2214 3461 2253 :
3502 2200 3628 2253 Haec

2026 2291 2162 2346 dicit
2186 2293 2441 2347 Dominus
2466 2294 2820 2354 ea-ercituum,
2853 2295 2993 2348 Deus
3020 2292 3191 2346 Israel
3216 2310 3234 2345 :
3279 2292 3398 2349 Non
3425 2291 3631 2360 deﬁciet

2023 2388 2111 2441 vir
2135 2385 2202 2440 de
2226 2387 2398 2456 stirpe
2423 2385 2671 2442 Ionadab
2694 2386 2803 2455 ﬁlii
2822 2385 3053 2447 Rechab,
3075 2389 3227 2440 stans
3265 2386 3326 2439 in
3352 2388 3631 2455 conspectu

2024 2493 2141 2534 meo
2168 2480 2377 2533 cunctis
2401 2478 2589 2533 diebus
2618 2477 2821 2548 (1bid.).
2850 2477 2954 2546 Qui
2980 2491 3173 2533 omnes
3191 2475 3395 2533 offerre
3417 2493 3632 2548 posses-

2026 2569 2245 2627 sionum
2264 2584 2489 2627 suarum
2509 2570 2756 2626 decimas
2781 2585 2892 2627 non
2923 2570 3193 2637 contenti,
3223 2569 3320 2626 sed
3339 2570 3455 2642 ipsa
3484 2585 3631 2643 pra:-

2026 2662 2115 2720 dia
2129 2670 2467 2736 respuentes,
2487 2662 2814 2736 semetipsos
2844 2663 3028 2736 potius
3045 2665 3164 2719 Deo
3187 2679 3252 2722 ac
3269 2679 3397 2722 suas
3419 2665 3632 2722 animas

1419 2812 1672 2869 ALARDI
1711 2812 1937 2869 GAZIEI
1973 2811 2533 2869 COMMENTARIUS.

387 2944 412 2974 ³
437 2943 568 3003 Ιιεω,
615 2940 695 2995 ait
723 2939 1044 3009 Apostolus,
1085 2940 1239 3008 justo
1282 2955 1391 2995 non
1442 2942 1520 2994 est
1561 2941 1774 3009 posita,
1832 2938 1927 2994 sed

308 3011 564 3082 injustis,
593 3018 697 3082 etc.
750 3009 795 3080 (Ι
833 3013 969 3065 Tim.
995 3010 1059 3082 ι).
1092 3010 1580 3082 Cujussententim
1618 3024 1807 3082 verum
1835 3010 1923 3065 in-

308 3079 602 3138 tellectum
627 3079 803 3150 docet_
814 3079 1155 3150 Augustinus
1171 3079 1295 3150 (Lib
1315 3079 1381 3133 de

2028 2953 2132 3008 per
2148 2939 2490 3004 charitatem,
2512 2953 2677 3007 quam
2700 2939 2940 3008 Spiritus
2956 2942 3177 2993 sanctus
3193 2938 3445 2993 cordibus
3455 2954 3634 2994 eorum

2030 3009 2265 3076 infudit,
2284 3011 2589 3063 voluntarie
2599 3009 2659 3063 id
2670 3010 2815 3078 quod
2833 3010 2965 3078 legis
2986 3014 3066 3064 est
3084 3010 3327 3079 implent.
3341 3011 3468 3064 Alio
3477 3011 3632 3064 modo

1404 3081 1617 3151 Spiritu
1644 3084 1693 3134 et
1716 3078 1923 3151 Littera
2025 3084 2202 3148 potest
2219 3080 2472 3147 intelligi,
2486 3082 2543 3133 in
2562 3084 2828 3148 quantum
2840 3082 3070 3135 hominis
3080 3078 3243 3150 opera
3258 3083 3404 3150 quia
3421 3082 3633 3151 Spiritu

310 3168 444 3222 cap.
482 3155 565 3217 ιο)
611 3148 1056 3222 ρεῖθηὰᾳωέεεθ
1098 3163 1163 3222 ex
1194 3149 1341 3222 aliisi
1363 3149 1637 3204 similibus
1681 3148 1931 3222 ejusdem.
1957 3155 2003 3218 C
2031 3153 2438 3218 sanctoagitur,
2455 3154 2629 3218 magis
2643 3151 3015 3207 dicunturesse
3032 3148 3195 3221 opera
3209 3148 3640 3222 spiritttssancti

308 3214 573 3294 Apostoli
594 3214 903 3294 sententiis,
930 3227 994 3294 ut
1010 3226 1093 3275 est
1109 3219 1197 3294 illa
1220 3218 1292 3276 ad
1309 3221 1482 3275 Rom.
1508 3234 1570 3276 vr
1598 3237 1612 3274 :
1636 3214 1757 3294 Non
1782 3214 1931 3276 enim'
1952 3214 2000 3249 7
2034 3214 2398 3294 quamiipsius
2420 3214 2687 3277 hominis:
2723 3224 2871 3279 Unde
2888 3238 3009 3278 cum
3035 3214 3273 3293 Spiritus
3295 3227 3513 3279 sanctus
3529 3238 3635 3277 non

310 3291 450 3350 estis
472 3294 572 3348 sub
599 3293 726 3361 lege,
753 3292 846 3347 sed
873 3291 970 3345 sub
998 3293 1213 3359 gratia;
1245 3298 1299 3344 et
1324 3306 1445 3361 cap.
1475 3305 1565 3345 vn
1591 3308 1603 3345 :
1635 3293 1787 3347 Nunc
1820 3308 1927 3361 aug

311 3370 429 3420 tem
459 3365 624 3417 soluti
652 3360 834 3417 Sumus
864 3378 899 3415 a
929 3363 1055 3430 lege,
1088 3362 1147 3415 in
1194 3377 1305 3431 qua
1345 3361 1749 3428 detinebamur;
1777 3369 1832 3416 et
1854 3360 1926 3418 ad

309 3434 448 3514 Gal.
479 3448 520 3488 v
545 3435 874 3514 {Sispiritu
901 3432 1316 3514 du.ciniini,_non
1346 3435 1476 3514 estis
1497 3432 1603 3514 sub
1627 3434 1754 3514 lege.
1789 3432 1922 3501 Qui-

307 3505 427 3561 bus
472 3501 749 3559 sententiis
790 3518 904 3574 non
940 3501 1214 3574 signiﬁcat
1250 3502 1547 3573 Apostolus
1587 3503 1761 3573 iustos
1806 3518 1918 3558 non

307 3574 497 3631 teneri
539 3573 785 3646 legibus,_
811 3573 893 3646 vel
920 3573 1032 3646 non
1074 3587 1294 3642 peccare
1340 3574 1384 3629 si
1441 3574 1615 3646 legem
1647 3588 1774 3646 non
1801 3588 1916 3646 ser-

308 3653 492 3710 vent;
517 3643 750 3715 sednon
774 3643 971 3700 habere
1000 3643 1173 3715 legem
1201 3659 1365 3713 supra
1392 3659 1473 3713 se,
1498 3643 1660 3715 quasi
1693 3644 1917 3700 cervici-

301 3717 423 3774 bus
449 3714 564 3771 suis
612 3714 1019 3787 imminentem,
1052 3713 1349 3787 etilagello
1380 3713 1674 3771 terrentem
1710 3731 1775 3771 ac
1811 3717 1921 3787 mi-

298 3794 563 3853 nantem,
620 3792 681 3857 ut
708 3786 907 3841 habent
935 3784 1145 3857 injusti,
1192 3780 1283 3857 qui
1311 3787 1508 3842 timore
1534 3780 1933 3842 tantummodo

404 3871 502 3913 nae
547 3856 755 3928 legibus
797 3856 1221 3929 obtemperant.’
1247 3858 1559 3929 Operantur
1604 3857 1755 3913 enim
1782 3857 1918 3929 justi

404 3873 502 3913 nae
547 3873 755 3928 legibus
797 3873 1201 3925 onremperanr.
1247 3873 1559 3927 operantur
1604 3873 1755 3913 enim
1782 3873 1918 3929 justi

298 3873 536 3986 ggnum
567 3941 757 3998 amore
796 3926 1030 3995 justitize
1057 3940 1121 3979 ac
1166 3926 1594 3998 libentianimo,
1641 3928 1919 3998 operaturi

296 3997 533 4055 etiamsi
564 3997 644 4051 lex
669 4011 779 4051 non
803 4004 966 4062 esset,
996 4004 1090 4050 aut
1116 3996 1568 4065 nullamlpmnam
1597 3996 1914 4054 minaretur.

304 4070 478 4128 Unde
497 4070 606 4138 ipsi
627 4067 738 4122 sibi
758 4071 885 4122 sunt
898 4067 1005 4129 lem,
1033 4066 1163 4138 dum
1186 4067 1474 4122 ostendunt
1500 4083 1631 4137 opus
1651 4069 1779 4136 legis
1796 4072 1922 4125 scri-

286 4149 473 4216 ptum
510 4136 575 4216 in
597 4138 843 4216 cordibus
877 4136 1618 4216 suis,_sicu_t_Apos_tulus’ad
1663 4142 1835 4216 Rom.
1875 4155 1919 4195 ιι

292 4208 451 4271 dicit
481 4229 496 4262 :
527 4210 677 4266 Unde
693 4212 753 4263 in
781 4224 864 4264 eos
889 4224 996 4264 non
1019 4208 1179 4263 habet
1203 4209 1292 4263 lea:
1312 4212 1422 4263 vim
1450 4212 1757 4271 coactivam,
1780 4212 1920 4265 sicut

291 4285 479 4342 habet
502 4284 563 4335 in
591 4280 841 4353 injustas,
863 4279 940 4334 ait
967 4280 1281 4335 S.Thomas
1299 4281 1429 4353 (I72,
1448 4296 1481 4349 q
1516 4286 1685 4353 96.31.
1702 4282 1826 4353 5ad
1845 4286 1915 4348 1).

289 4354 483 4430 Quod
507 4361 567 4409 et
597 4360 754 4423 poeta
775 4351 1046 4422 eleganter
1072 4350 1338 4421 expressit
1355 4351 1458 4407 illis
1481 4349 1728 4408 versibus
1752 4369 1766 4406 :

439 4456 671 4509 Oderunt
686 4468 885 4520 peccare
899 4454 1022 4520 boni
1035 4453 1409 4520 virtutisamore
1428 4474 1441 4504 :

435 4520 673 4571 Oderunt
688 4516 895 4581 peccare
914 4516 1027 4566 mali
1051 4516 1307 4570 formidine
1325 4532 1498 4581 pinna.

288 4639 596 4714 Quocirca
651 4635 783 4714 justi
832 4635 890 4714 in
940 4633 1058 4714 lege
1076 4632 1267 4714 potips
1290 4649 1407 4714 esse
1453 4633 1728 4714 dicuntur,
1757 4650 1923 4714 quam

284 4703 408 4772 εἶιι)
430 4712 579 4781 lege,
608 4703 672 4763 ut
695 4707 841 4781 idem
865 4703 1157 4781 Apostolus
1184 4704 1252 4759 de
1268 4705 1445 4781 seipso
1467 4707 1542 4781 ait
1565 4709 1607 4781 (ΔΙ
1631 4709 1749 4781 Cor.
1774 4703 1868 4778 ix)
1904 4724 1916 4760 :

284 4777 522 4844 Factus
545 4794 665 4833 sum
686 4780 756 4832 iis
778 4779 876 4847 qui
893 4777 989 4832 sub
1022 4777 1136 4845 lege
1162 4779 1289 4829 sunt
1318 4778 1481 4844 quasi
1500 4777 1603 4830 sub
1630 4779 1737 4846 lege
1758 4791 1919 4832 essem

288 4858 453 4929 (cum
472 4853 596 4919 ipse
611 4864 720 4929 non
740 4863 903 4929 essem
916 4848 1015 4903 sub
1037 4848 1192 4929 lege),
1216 4851 1269 4901 et
1277 4848 1356 4929 niis
1369 4849 1478 4929 _qui
1495 4849 1611 4929 sine
1636 4849 1744 4915 lege
1766 4851 1921 4901 erant

289 4918 611 4991 iamquam
636 4920 753 4971 sine
778 4919 1218 4991 legemum
1236 4919 1353 4991 sine
1365 4918 1476 4986 lege
1495 4918 1595 4973 Dei
1611 4933 1721 4991 non
1734 4933 1919 4991 essem,

286 4996 401 5055 sed
433 4987 506 5047 in
529 4989 639 5056 lege
657 5002 820 5042 essem
838 4987 1090 5059 Christi).
1110 4989 1232 5042 Hoc
1247 4988 1410 5059 igitur
1422 4991 1655 5059 sensus.
1683 4989 1923 5043 Thomas

288 5070 389 5143 (In
418 5061 725 5143 comment.
752 5061 848 5143 et
862 5065 948 5123 -2,
973 5073 1025 5127 q.
1175 5057 1299 5143 arti.
1318 5058 1373 5129 6)
1401 5057 1624 5143 exponit
1641 5059 1790 5143 justo
1814 5074 1923 5113 non

284 5128 428 5198 ésse
484 5135 668 5203 legem
718 5128 984 5200 positam,
1056 5129 1111 5183 id
1162 5137 1246 5184 est
1285 5128 1622 5200 impositam.
1642 5128 1923 5203 tamquam

288 5222 481 5272 onus,
518 5200 671 5273 quod
701 5215 851 5273 meum
902 5206 1113 5273 premat
1151 5208 1302 5254 metu
1339 5209 1619 5273 etterrore
1654 5200 1924 5273 supplicii,

285 5282 420 5340 sive
441 5269 637 5348 quoad
662 5271 772 5327 vim
791 5269 1096 5326 coactivam
1113 5311 1129 5334 ,
1150 5277 1213 5325 ut
1235 5270 1401 5325 modo
1419 5269 1627 5326 dictum
1652 5269 1925 5341 est—[Quo-

286 5348 495 5410 modo
530 5358 662 5398 vero
691 5341 869 5413 justos
891 5341 1038 5397 dicat
1064 5340 1358 5412 Apostolus
1380 5342 1546 5413 7(Gal.
1576 5342 1633 5411 v)
1665 5358 1779 5397 non
1809 5357 1928 5397 esse

286 5368 495 5410 ωοαο
533 5368 662 5398 ἴυῐυ
691 5368 869 5413 ιυδωδ
891 5368 1038 5397 υιῠδι
1064 5368 1358 5412 ιιμυδιυιυδ
1404 5368 1546 5409 tum.
1583 5368 1633 5411 ν)
1666 5368 1779 5397 υυιι
1809 5368 1928 5397 68513

285 5421 409 5480 sub
429 5418 586 5487 lege,
601 5413 746 5467 idem
763 5414 985 5483 explicat
1012 5412 1069 5468 in
1095 5416 1243 5487 hunc
1271 5412 1498 5487 modum
1517 5432 1529 5467 :
1550 5414 1695 5469 Illud
1711 5414 1929 5487 uerbum

290 5484 582 5565 Apostbli
610 5486 790 5565 potest
808 5486 1055 5565 intelligi
1087 5484 1398 5565 dupliciter.
1421 5487 1561 5565 _Uno
1594 5485 1757 5565 modo
1774 5486 1928 5565 pelut

285 5554 417 5623 esse
459 5554 575 5615 sub
605 5555 714 5623 lege
740 5555 1078 5622 intelligatur
1104 5554 1196 5610 ille
1221 5558 1320 5626 qui
1345 5556 1525 5610 nolens
1556 5556 1930 5622 obligatin

289 5637 445 5706 legis
467 5626 771 5706 subditur,
955 5627 1168 5706 cuidam
1183 5628 1433 5706 ponderi.
1466 5627 1615 5681 Unde
1632 5628 1808 5706 glossa
1827 5626 1928 5706 ibi:

289 5695 435 5765 45m
459 5701 607 5757 dicit
624 5697 771 5767 quod
796 5695 895 5750 sub
925 5696 1140 5767 legeiest
1166 5695 1264 5766 qui
1291 5701 1482 5753 timore
1504 5698 1760 5767 supplicii
1788 5696 1934 5767 quod

289 5783 394 5837 (ea:
429 5766 710 5830 minatur,
726 5783 830 5823 non
849 5766 1280 5838 amorejustitiaz,
1306 5786 1342 5822 a
1359 5769 1498 5824 malo
1510 5766 1665 5838 opere
1677 5768 1929 5824 abstinet.

290 5854 373 5912 Ει
398 5846 518 5905 hoc
548 5839 706 5899 modo
736 5837 1052 5912 Spirituales
1072 5840 1185 5892 uiri
1204 5854 1312 5894 non
1339 5844 1467 5896 sunt
1493 5837 1593 5897 sub
1630 5840 1762 5909 lege,
1804 5842 1934 5912 quia

2032 3294 2107 3345 sit
2134 3293 2233 3346 sub
2254 3292 2386 3361 lege,
2410 3296 2656 3363 sequitur
2675 3295 2816 3362 quod
2835 3292 3149 3363 hujusmodi
3174 3310 3351 3362 opera,
3379 3298 3438 3349 in
3453 3310 3633 3364 quan-

2034 3365 2147 3434 tum
2170 3367 2297 3434 sunt
2313 3364 2555 3434 Spiritus
2583 3366 2773 3428 sancti,
2803 3378 2913 3434 non
2925 3369 3065 3434 sunt
3080 3364 3179 3417 sub
3210 3365 3342 3434 lege.

2101 3432 2128 3505 ξ’
2160 3431 2429 3505 Talionis
2455 3432 2632 3505 legem
2670 3447 2780 3505 non
2827 3431 3019 3505 indixit
3058 3431 3546 3505 Moysesrsingulis
3577 3442 3632 3490 et

2029 3500 2255 3584 privatis
2274 3500 2623 3584 hominibus,
2652 3503 2941 3584 u_t_S_cribm
2958 3511 3013 3558 et
3046 3500 3305 3584 Pharisaei
3346 3500 3631 3584 perperam

2030 3571 2565 3646 intelligebant;sed
2599 3573 2877 3643 judicibus
2905 3577 3192 3630 dumtaxat
3218 3583 3273 3631 et
3301 3571 3630 3644 magistrati-

2028 3643 2154 3715 bus,
2184 3643 2247 3715 ut
2275 3643 2410 3700 alias
2435 3644 2754 3715 dictumest
2784 3646 3043 3715 (Collat.8
3072 3662 3117 3701 c.
3151 3643 3540 3709 24),nimirum
3569 3657 3632 3702 ut

2028 3714 2091 3788 in_
2107 3714 2413 3788 judicandis
2437 3714 2822 3788 etgpnniendis
2849 3717 3057 3787 injuriis
3079 3716 3325 3788 proximo
3350 3717 3530 3781 illatis,
3578 3727 3633 3772 et

2027 3784 2382 3857 ad‘judicium
2420 3784 2694 3859 deductis,
2740 3784 3164 3859 hauc'regulam
3197 3795 3253 3841 et
3298 3788 3523 3859 modum
3554 3796 3633 3842 te~

2029 3852 2246 3922 nerant,
2277 3865 2333 3912 et
2357 3858 2556 3914 noxios
2577 3872 2751 3928 ptrue
2767 3852 3279 3928 talionis'punirent,
3309 3857 3506 3912 vulnus
3531 3874 3630 3928 pro

2030 3929 2288 3997 vulnere,
2315 3928 2544 3986 livorem
2581 3944 2679 3999 pro
2720 3927 2910 3997 livore,
2950 3927 3189 3985 mortem
3221 3943 3319 3998 pro
3344 3927 3630 3984 morte’ir-

2029 3999 2311 4124 megaqjdo;
2348 4001 2567 4057 oculum
2612 4015 2709 4071 pro
2738 4000 2924 4068 oculo,
2952 4000 3170 4056 dentem
3203 4014 3303 4072 pro
3336 3999 3498 4055 dente
3525 4014 3632 4057 au-

2053 4085 2179 4124 eren
2220 4084 2275 4124 ο.

2053 4084 2275 4124 erenoo.

2099 4142 2123 4171 ο
2147 4139 2342 4205 Eliam,
2397 4140 2683 4211 Elismum,
2730 4139 3052 4211 Jeremiam.
3085 4141 3323 4211 aliosque
3354 4141 3410 4195 in
3459 4141 3628 4197 veteri

2031 4213 2384 4281 Testamento
2458 4210 2695 4281 virgines
2764 4210 3127 4281 permansisse
3183 4210 3409 4266 testatur
3465 4212 3629 4268 etiam

2033 4284 2083 4335 Ι)
2134 4279 2504 4354 Hieronymus
2524 4279 2578 4336 in
2610 4280 2764 4354 epist.
2796 4279 2865 4335 ad
2898 4281 3248 4336 Eustochium
3269 4282 3461 4354 (Epist.
3484 4285 3576 4349 22)
3609 4301 3623 4337 :

2035 4354 2224 4425 Virgo,
2256 4351 2445 4423 inquit,
2474 4354 2642 4418 Elias,
2667 4353 3093 4425 Elisceus-uirgo,
3122 4351 3359 4423 virgines
3383 4354 3490 4424 ﬁlii
3502 4369 3629 4425 pro-

2022 4421 2344 4497 phetarum,
2358 4426 2430 4479 Et
2445 4425 2684 4497 Ieremia:
2705 4424 2917 4497 dicitur
2940 4442 2956 4477 :
2982 4428 3053 4480 Et
3071 4430 3130 4479 tu
3151 4421 3230 4479 ne
3496 4421 3627 4481 umo-

2031 4509 2161 4549 rem.
2202 4496 2268 4548 Et
2294 4493 2386 4548 lib.
2419 4495 2715 4551 radversus
2737 4493 3092 4551 J0vinianum
3126 4512 3248 4553 can.
3285 4493 3626 4553 lli—eumdem

2033 4512 2161 4549 rem.
2202 4512 2268 4548 bl
2294 4512 2386 4548 ΙΙΙ).
2419 4512 2715 4551 rauversus
2737 4512 3092 4551 JOVlnlanllm
3126 4512 3187 4552 ea
3231 4533 3248 4549 ι
3285 4512 3350 4551 l3
3371 4512 3626 4553 eumdem

2033 4565 2328 4637 redarguit,
2353 4568 2498 4639 quod
2526 4566 2700 4621 Eliam
2724 4573 2779 4639 et
2810 4564 3072 4622 Elisazum
3105 4512 3267 4623 sturte
3299 4568 3363 4639 in,
3381 4570 3627 4639 catalogo

2105 4644 2257 4691 neret
2305 4637 2646 4692 maritorum.
2689 4636 2952 4707 Idemque
3000 4638 3294 4693 conﬁrmat
3336 4636 3628 4694 Cassianus

2105 4652 2257 4691 neret
2305 4652 2390 4691 ma
2398 4652 2646 4692 morum.

2028 4652 2121 4790 Eg;
2152 4722 2219 4790 ιι
2246 4708 2422 4790 lastis
2453 4723 2573 4790 (zep-
2606 4717 2660 4762 4-

2097 4778 2124 4812 ά
2158 4781 2240 4849 De
2268 4777 2352 4849 his
2371 4782 2440 4833 D.
2464 4775 2832 4849 Hieronymus
2847 4776 3004 4849 epist.
3031 4775 3099 4832 ad
3119 4777 3407 4833 Paulinum
3426 4780 3623 4849 (Epist.

2032 4852 2143 4913 13),
2189 4847 2279 4900 ubi
2304 4863 2400 4903 eos
2425 4848 2724 4905 monachos
2752 4847 2947 4902 veteris
2990 4850 3320 4905 Testamenti
3355 4847 3628 4906 annume-

2029 4932 2157 4972 rans
2186 4935 2198 4971 :
2224 4921 2310 4991 De,
2328 4919 2433 4981 his,
2478 4918 2677 4991 inquit,
2695 4923 2825 4991 sunt
2852 4922 2904 4973 et
2930 4920 3017 4973 illi
3039 4920 3145 4989 filii
3164 4922 3390 4983 Rechab,
3420 4924 3521 4991 qui
3538 4924 3626 4976 ui-

2029 5003 2161 5042 num
2189 4993 2239 5042 et
2261 4990 2483 5043 siceram
2509 5004 2615 5043 non
2632 4989 2900 5055 bibebant,
2931 4993 3030 5060 qui
3044 4992 3396 5048 morabantur
3423 4989 3485 5047 in
3513 5000 3627 5048 ten-

2033 5060 2210 5134 toriis,
2239 5060 2460 5134 quiDei
2478 5075 2581 5134 per
2615 5063 2899 5134 Ieremiam
2931 5077 3052 5134 race
3079 5062 3399 5127 laudantur,
3428 5069 3480 5118 et
3503 5080 3627 5134 pro-

2032 5130 2280 5203 mittitur
2296 5132 2371 5184 eis
2392 5131 2537 5200 quod
2546 5147 2652 5186 non
2679 5132 2891 5202 deﬁciat
2911 5133 2978 5188 de
2994 5135 3163 5203 stirpe
3189 5149 3370 5188 eorum
3383 5137 3466 5188 vir
3480 5130 3631 5188 stans

2032 5216 2209 5275 coram
2255 5202 2476 5275 Domino
2509 5205 2715 5267 (Jerem.
2747 5204 2958 5273 xxxv).
2991 5202 3109 5259 Hoc
3133 5219 3255 5258 reor
3282 5211 3332 5258 et
3360 5208 3635 5275 septuage-

2034 5274 2160 5327 simi
2182 5273 2385 5341 psalmi
2410 5275 2629 5327 titulum
2648 5275 2954 5343 signiﬁcare
2980 5292 2998 5326 :
3019 5276 3281 5331 Filiorum
3292 5273 3564 5344 Ionadab,
3585 5281 3635 5332 et

2034 5359 2219 5398 eorum
2262 5346 2363 5412 qui
2385 5346 2559 5416 primi
2588 5347 2648 5399 in
2676 5347 3047 5414 captivitatem
3077 5346 3227 5400 ducti
3254 5352 3401 5401 sunt.
3424 5349 3529 5402 Iste
3561 5353 3637 5402 est

2034 5414 2281 5469 Ionadab
2293 5416 2439 5484 ﬁlius
2462 5416 2694 5478 Rechab,
2725 5418 2825 5484 qui
2838 5418 2894 5470 in
2920 5419 3220 5484 Regnorum
3235 5418 3371 5472 libro
3384 5419 3639 5474 scribitur

2036 5500 2260 5559 currum
2299 5487 2603 5541 ascendisse
2630 5502 2749 5559 cum
2791 5489 2930 5559 Hieu
2970 5487 3064 5557 (IV
3104 5491 3230 5557 Reg.
3264 5490 3344 5557 χ).
3382 5491 3453 5545 Et
3478 5490 3639 5559 hujus

2037 5557 2141 5626 ﬁlii
2155 5560 2303 5616 sunt.
2340 5559 2439 5627 qui
2476 5560 2536 5611 in
2563 5558 2922 5612 tabernaculis
2960 5573 3169 5629 semper
3197 5560 3525 5629 habitantes,
3546 5557 3641 5613 ἀεὶ

2039 5632 2355 5690 extremum,
2388 5633 2611 5698 propter
2647 5630 3003 5699 irmptionem
3036 5631 3320 5686 Chaldaici
3357 5636 3639 5691 emere-itus.

2039 5701 2546 5771 intrare‘compulsi,
2578 5701 2717 5755 hanc
2741 5701 2915 5771 primi
2933 5706 3305 5771 captivitatem
3327 5707 3645 5760 sustinuisse

2041 5769 2319 5832 dicuntur,
2340 5772 2484 5845 quod
2496 5777 2620 5845 post
2637 5769 2949 5828 solitudinis
2970 5769 3294 5839 libertatem,
3315 5776 3468 5841 urbe,
3487 5775 3646 5845 quasi

2042 5856 2269 5905 carcere,
2296 5844 2407 5906 sint
2426 5844 2644 5905 reclusi.
