4014 6202
461 255 596 308 1179

1533 249 1812 306 JOANNIS
1849 247 2152 306 CASSIANI
2191 243 2681 303 COLLATIONES.

3623 246 3754 300 1180

457 375 740 446 utriusque
769 375 949 431 meriti
975 374 1122 431 velut
1148 374 1386 448 quodam
1418 374 1721 431 meditullio
1749 375 2053 440 collocavit,
2082 378 2133 440 Α
2163 371 2443 445 Siquidem
2476 387 2605 427 cum
2631 370 2876 427 decimas
2900 369 3120 441 frugum
3144 383 3368 426 suarum
3396 368 3595 425 solitus
3616 380 3758 426 esset

457 476 722 541 quantum
763 485 794 524 a
840 477 1310 538 transgressorum
1349 469 1704 526 damnatione
1741 484 2050 533 secernens,

458 567 673 615 tantum
705 577 958 631 separans
983 577 1010 616 a
1038 562 1207 632 gloria
1233 561 1624 633 perfectorum.
1653 563 1811 633 Quod
1834 562 2054 634 quidem

458 669 624 723 quam
653 655 906 708 infimum
940 671 1214 728 quamque
1243 657 1550 712 miserabile
1577 657 1669 724 sit,
1704 658 1782 712 vel
1811 672 1877 711 ex
1911 669 2057 726 prae-

460 747 624 802 sentis
659 747 784 803 vitae
819 757 964 804 statu
998 758 1050 804 et
1080 753 1488 822 comparatione
1519 749 1824 823 perspicite,
1870 751 1923 806 in
1950 765 2056 821 qua

459 841 830 898 miserrimum
851 842 1091 911 ducitur,
1113 846 1158 900 si
1181 845 1284 901 hoc
1297 855 1510 902 tantum
1532 847 1652 919 quis
1671 846 1886 903 studeat
1904 861 1968 900 ac
1994 845 2060 898 la-

461 935 636 1004 boret,
654 951 722 991 ne
741 953 865 992 reus
886 937 1054 994 modo
1070 939 1210 996 inter
1231 939 1564 996 honoriﬁcos
1584 941 1856 1007 homines,
1873 949 1928 995 et
1947 954 2058 994 non

460 1029 627 1085 etiam
655 1030 892 1102 locuples
923 1049 986 1088 ac
1020 1031 1358 1089 honorabilis
1394 1044 1450 1090 et
1477 1035 1745 1106 gloriosus
1773 1033 2054 1089 habeatur.

1058 1144 1301 1198 CAPUT
1341 1147 1456 1198 VII.

465 1242 619 1315 Quod
640 1244 695 1294 in
714 1248 897 1296 nostra
917 1246 1081 1297 situm
1102 1248 1172 1298 sit
1187 1251 1469 1314 potestate,
1494 1251 1677 1301 utrum
1709 1247 1806 1301 sub
1827 1249 2064 1315 Evange-

502 1313 568 1364 lii
602 1315 809 1379 gratia,
841 1329 912 1366 an
941 1317 1039 1368 sub
1071 1313 1206 1384 legis
1231 1318 1453 1372 velimus
1483 1322 1680 1372 terrore
1721 1313 2022 1372 consistere.

534 1414 904 1483 Quamobrem
937 1415 990 1471 in
1025 1426 1209 1472 nostra
1250 1418 1409 1474 hodie
1438 1420 1610 1475 situm
1644 1427 1725 1474 est
1774 1428 2061 1491 potestate,

466 1517 650 1564 utrum
671 1510 773 1566 sub
798 1512 1069 1583 Evangelii
1092 1512 1287 1584 gratia,
1309 1529 1376 1568 an
1401 1515 1504 1570 sub
1528 1515 1688 1588 Legis
1713 1515 1942 1570 velimus
1967 1523 2066 1570 ter-

469 1618 591 1657 rore
614 1604 923 1661 consistere.
944 1606 1180 1662 Cuilibet
1195 1607 1340 1662 enim
1363 1606 1501 1680 parti
1522 1623 1622 1679 pro
1641 1607 1897 1679 qualitate
1913 1615 2068 1662 actus

469 1695 550 1751 sui
574 1713 1017 1770 unumquemque
1045 1717 1263 1757 necesse
1293 1710 1375 1757 est
1393 1703 1688 1774 aggregari.
1713 1705 1853 1758 Nam
1876 1711 1969 1758 aut
1987 1718 2068 1758 su-

2161 470 2184 498 ³
2235 465 2497 521 diaconiae
2550 465 2708 520 annis
2748 463 2980 536 singulis
3017 462 3351 535 dependere,
3395 464 3760 534 primitiarum

2163 559 2432 616 rationem
2474 574 2541 613 ne
2577 558 2793 614 audisse
2835 558 3054 629 quidem
3085 572 3145 613 se
3172 556 3560 622 arbitraretur;
3602 575 3760 630 quam

2165 662 2350 708 tamen
2374 652 2584 707 etiamsi
2613 652 2866 707 similiter
2893 650 3195 722 implesset,
3220 651 3380 721 longe
3407 650 3762 709 nihilominus

2164 746 2462 803 secundum
2493 745 2638 800 senis
2675 745 3000 801 sententiam
3037 761 3095 800 se
3121 744 3190 800 ab
3230 745 3553 816 Evangelica
3588 747 3759 818 perfe-

2166 841 2346 895 ctione
2385 840 2588 895 distare
2623 839 2934 910 suppliciter
2971 837 3258 894 fatebatur.
3303 840 3555 895 Domum
3588 841 3763 912 itaque

2168 933 2454 988 revertitur
2506 941 2760 999 mmstus,
2807 933 3009 1004 illaque
3071 929 3300 986 affectus
3357 933 3588 1001 tristitia,
3644 952 3767 1006 qua:

2171 1027 2544 1098 pmnitentiam
2581 1026 2650 1082 ad
2687 1027 2914 1082 salutem
2959 1025 3209 1080 stabilem
3240 1035 3575 1097 operaretur,
3605 1044 3672 1084 ac
3701 1029 3772 1084 de

2171 1136 2268 1178 sua
2305 1122 2424 1194 jam
2477 1121 2757 1177 voluntate
2793 1129 2847 1176 et
2885 1120 3205 1176 deﬁnitione
3232 1136 3345 1176 non
3391 1120 3607 1188 dubius,
3643 1139 3775 1197 erga

2172 1216 2400 1271 salutem
2431 1215 2703 1288 conjugis,
2745 1230 2966 1271 omnem
2995 1215 3195 1269 mentis
3223 1214 3649 1272 sollicitudinem
3676 1234 3774 1274 cu-

2170 1324 2394 1381 remque
2422 1309 2714 1376 convertit,
2745 1322 2973 1378 eamque
3002 1305 3071 1362 ad
3102 1306 3428 1363 desiderium
3459 1324 3571 1380 quo
3601 1309 3775 1368 fuerat

2171 1404 2284 1474 ipse
2311 1417 2625 1468 succensus,
2656 1401 2825 1474 coepit
2851 1399 3229 1457 exhortatione
3253 1400 3421 1456 simili
3459 1419 3773 1474 provocare,

2174 1506 2231 1553 et
2267 1503 2328 1551 ut
2366 1499 2487 1551 Deo
2518 1495 2720 1568 pariter
2749 1496 2806 1551 in
2835 1495 3204 1551 sanctimonia
3233 1503 3287 1550 et
3317 1497 3570 1554 castitate
3598 1501 3778 1556 servi-

2174 1598 2315 1655 rent,
2341 1589 2550 1645 diurnis
2573 1589 2962 1661 nocturnisque
2991 1587 3210 1645 ﬂetibus
3238 1589 3552 1660 admonere,
3579 1595 3782 1650 dicens

2175 1683 2589 1740 conversionem
2623 1684 2867 1740 melioris
2905 1684 3028 1741 vitae
3063 1699 3407 1756 nequaquam
3437 1701 3554 1742 esse
3582 1696 3783 1758 prote-

459 1790 874 1862 -pergredientes
900 1793 1071 1864 legem
1100 1795 1328 1866 suscipit
1351 1797 1549 1852 Christi
1581 1797 1776 1868 gratia,
1804 1805 1900 1853 aut
1921 1805 2068 1853 certe

2190 1777 2414 1846 audam,
2442 1778 2570 1850 quia
2602 1778 2906 1834 necessitati
2930 1778 3127 1834 subitae
3152 1779 3351 1834 mortis
3369 1795 3500 1834 vana
3524 1795 3651 1852 spes
3675 1782 3784 1837 im-

469 1881 752 1941 inferiores
773 1887 923 1942 velut
936 1887 1209 1944 debitores
1221 1904 1351 1944 suos
1365 1889 1576 1961 sibique
1597 1890 1864 1946 obnoxios
1884 1892 1967 1946 lex
1987 1906 2072 1946 re-

473 1981 663 2031 tentat.
696 1978 848 2033 Reus
879 1993 1112 2050 namque
1145 1980 1402 2052 legalium
1433 1991 1834 2054 praeceptorum
1861 1998 2072 2054 nequa-

473 2084 637 2140 quam
683 2072 1047 2143 evangelicam
1095 2074 1484 2144 perfectionem
1528 2075 1730 2131 valebit
1783 2077 2072 2148 attingere,

477 2164 725 2233 quamvis
753 2166 1124 2223 Christianum
1153 2184 1211 2224 se
1241 2177 1296 2226 et
1327 2170 1546 2226 Domini
1581 2170 1752 2243 gratia
1782 2171 2072 2228 liberatum

477 2255 706 2312 inaniter
734 2259 1013 2329 glorietur.
1045 2265 1168 2317 Non
1193 2263 1371 2318 solum
1391 2264 1535 2319 enim
1559 2263 1646 2320 hic
1668 2265 1968 2322 credendus
1992 2276 2077 2323 est

475 2349 654 2406 adhuc
682 2366 801 2408 esse
829 2353 932 2408 sub
958 2353 1092 2425 lege,
1123 2356 1216 2425 qui
1240 2370 1304 2411 ea
1327 2372 1450 2429 quae
1482 2359 1567 2413 lex
1596 2359 1862 2430 praecipit,
1895 2358 2075 2415 detre-

477 2451 586 2499 ctat
605 2445 848 2518 implere,
875 2447 968 2503 sed
997 2448 1163 2504 etiam
1185 2449 1275 2505 ille
1300 2450 1392 2522 qui
1419 2467 1479 2507 ea
1499 2459 1716 2507 tantum
1744 2467 1868 2524 quae
1892 2453 1975 2508 lex
1989 2453 2080 2525 ju-

475 2537 568 2595 bet
591 2540 876 2598 observare
899 2551 1189 2599 contentus
1212 2553 1313 2611 est,
1341 2561 1406 2601 ac
1432 2561 1779 2618 nequaquam
1805 2547 2078 2603 vocationi

477 2641 532 2688 et
559 2633 748 2705 gratiae
777 2636 978 2692 Christi
1007 2637 1306 2710 condignos
1335 2639 1557 2697 exhibet
1583 2639 1816 2709 fructus,
1844 2641 1937 2698 ubi
1967 2658 2079 2698 non

479 2726 680 2783 dicitur
702 2749 714 2784 :
737 2731 867 2785 Deci
874 2745 992 2787 mas
1005 2737 1128 2789 tuas
1137 2741 1192 2788 et
1213 2735 1474 2804 primitias
1487 2734 1686 2792 offeres
1700 2738 1943 2794 Domino
1958 2740 2080 2794 Deo

480 2823 716 2891 tuo,sed,
731 2827 1070 2894 Vade,t‘ende
1081 2831 1260 2884 omnia
1270 2847 1389 2900 quis
1403 2831 1473 2886 ha
1481 2832 1641 2897 bes,et
1651 2831 1723 2886 da
1726 2833 2078 2902 pauperibus,

484 2920 535 2970 et
550 2917 770 3000 habebis
785 2920 1098 2974 thesaurum
1117 2924 1175 2976 in
1189 2923 1332 2984 caelo,
1349 2927 1400 2978 et
1413 2926 1555 2990 veni,
1569 2939 1785 2992 sequere
1801 2939 1882 2977 me
1903 2926 2078 2990 (Deut.

486 3023 596 3075 xu,
613 3011 806 3066 Matth.
828 3027 954 3078 xxx,
974 3016 1098 3068 Luc.
1122 3016 1213 3081 Ix)
1237 3031 1251 3067 :
1274 3014 1366 3068 ubi
1383 3015 1453 3069 ob
1474 3014 1819 3084 perfectionis
1841 3017 2082 3088 magniﬁ-

484 3103 720 3158 centiam
740 3103 1008 3176 discipulo
1033 3107 1346 3178 postulanti,
1372 3123 1440 3162 ne
1459 3107 1842 3165 brevissimum
1863 3110 2081 3181 quidem

2178 1880 2408 1927 maturae
2433 1886 2543 1926 non
2584 1871 2964 1943 praejudicaret
2987 1872 3189 1942 artatis,
3219 1871 3423 1943 quippe
3448 1887 3569 1944 qua:
3598 1872 3784 1929 infan-

2178 1974 2278 2028 tes,
2307 1981 2525 2038 pueros,
2563 1967 2950 2036 adolescentes,
2994 1967 3130 2039 pari,
3175 1974 3236 2023 ut
3261 1981 3440 2036 senes,
3464 1976 3604 2024 sorte
3632 1985 3788 2040 pra:-

2181 2062 2401 2133 riperet.

2799 2155 3042 2212 CAPUT
3080 2159 3182 2213 IX.

2186 2269 2640 2338 Quemadmodum
2667 2285 2772 2324 non
2802 2273 3159 2339 acquiescente
3187 2287 3358 2328 umore
3384 2288 3486 2329 sua
3513 2274 3590 2328 ad
3614 2291 3791 2330 mona-

2694 2343 2918 2396 sterium
2942 2344 3266 2411 pervolarit.

2254 2449 2282 2486 δ
2311 2455 2558 2526 Cumque
2586 2454 2898 2527 hujusmodi
2929 2456 3398 2514 obsecrationibus
3416 2458 3630 2532 jugiter
3667 2477 3794 2533 per-

2187 2548 2394 2604 sistenti
2436 2548 2646 2620 coujux
2687 2547 2978 2606 durissima
3015 2565 3128 2606 non
3168 2550 3439 2622 praeberet
3483 2567 3795 2621 assensum,

2188 2660 2356 2717 seque
2389 2645 2594 2701 diceret
2633 2646 2827 2701 solatio
2870 2646 3102 2703 maritali
3142 2663 3242 2719 pro
3283 2650 3460 2705 aetatis
3489 2666 3609 2707 sum
3659 2651 3800 2708 ﬂore

2189 2738 2408 2810 penitus
2436 2737 2706 2794 abstinere
2729 2754 2843 2795 non
2883 2755 3071 2812 posse;
3114 2757 3177 2798 ac
3208 2743 3433 2815 proinde
3459 2745 3504 2800 si
3532 2745 3675 2816 quid
3705 2746 3799 2803 de-

2189 2840 2331 2887 serta
2379 2831 2447 2886 ab
2492 2847 2557 2886 eo
2601 2831 2842 2887 criminis
2886 2832 3214 2903 admisisset,
3268 2835 3340 2892 illi
3380 2837 3563 2908 potius
3617 2841 3803 2896 ascri-

2191 2924 2431 2981 bendum
2457 2924 2548 2996 qui
2582 2924 2820 2996 conjugii
2861 2925 3062 2983 foedera
3093 2927 3402 3001 dirupisset.
3435 2930 3518 2986 Ad
3551 2931 3680 2988 haec
3720 2934 3802 2990 ille

2186 3034 2312 3076 cum
2343 3017 2434 3074 diu
2459 3017 2838 3076 conditionem
2863 3027 3075 3078 naturae
3099 3023 3485 3094 prmtendisset
3515 3025 3798 3096 humanm,

2189 3126 2354 3182 quam
2379 3109 2631 3182 fragilem
2659 3119 2712 3166 et
2737 3112 3004 3168 incertam
3032 3115 3403 3186 periculosum
3437 3126 3578 3174 esset
3607 3135 3800 3176 cama-

485 3196 637 3287 horae
665 3198 898 3267 spatium
931 3214 1030 3268 pro
1073 3200 1244 3270 patris
1273 3200 1593 3257 conceditur
1636 3203 1935 3274 sepultura,
1981 3220 2083 3260 nec
2112 3186 2156 3248 (ἶ
2195 3205 2334 3260 libus
2372 3204 2652 3260 desideriis
2687 3213 2741 3261 et
2778 3207 3036 3277 operibus
3075 3207 3277 3264 diutius
3317 3211 3615 3282 implicari;
3660 3215 3804 3287 adji-

487 3286 744 3344 humanae
792 3288 1074 3347 charitatis
1126 3289 1368 3348 ofﬁcium
1429 3292 1593 3350 divini
1645 3295 1847 3351 amoris
1898 3296 2082 3353 virtuti

488 3384 791 3457 praefertur.

1074 3482 1316 3538 CAPUT
1353 3484 1505 3539 Vlll.

490 3581 945 3648 Quemadmodum
973 3583 1209 3659 Theonas
1234 3586 1503 3659 conjugem
1525 3602 1679 3642 suam
1698 3593 1759 3642 ut
1787 3593 1837 3643 et
1860 3591 1979 3659 ipsa
1997 3604 2082 3644 re-

901 3657 1200 3718 nuntiaret,
1229 3657 1545 3711 exhortatus
1570 3661 1662 3713 sit.

563 3764 773 3833 Quibus
822 3764 1045 3833 auditis,
1108 3765 1298 3822 beatus
1359 3767 1610 3825 Theonas
1664 3770 2082 3843 inexstinguibili

489 3857 760 3914 desiderio
799 3860 1135 3931 Evangelica:
1184 3859 1522 3931 perfectionis
1564 3877 1846 3930 accensus,
1897 3878 2086 3919 semen

491 3952 636 4008 verbi
671 3952 899 4009 fecundo
929 3953 1093 4009 corde
1129 3964 1475 4027 conceptum,
1503 3957 1654 4028 quasi
1685 3956 1966 4028 profundis
1994 3967 2082 4014 at-

490 4062 596 4118 que
635 4047 890 4103 edomitis
926 4047 1168 4104 condidit
1195 4049 1377 4113 sulcis,
1406 4050 1462 4105 in
1504 4065 1570 4105 eo
1600 4050 1680 4105 vel
1712 4051 1950 4108 maxime
1976 4054 2089 4108 hu-

491 4142 734 4198 miliatus
757 4151 922 4214 atque
946 4151 1331 4215 compunctus,
1359 4143 1504 4214 quod
1537 4159 1662 4200 eum
1684 4160 1849 4201 senex
1871 4162 1982 4201 non
2000 4161 2090 4201 so-

493 4237 607 4292 lum
642 4237 1022 4309 Evangelicam
1068 4237 1454 4306 perfectionem
1495 4252 1604 4294 non
1644 4239 1886 4308 attigisse
1915 4238 2092 4294 dixis-

492 4340 596 4395 set,
628 4331 722 4386 sed
761 4331 928 4386 etiam
959 4331 1043 4386 vix
1075 4331 1211 4402 legis
1249 4330 1418 4402 ipsius
1455 4331 1780 4404 adimplesse
1811 4334 2084 4390 mandata.

2193 3301 2344 3356 ciens
2385 3301 2682 3368 astruebat,
2729 3317 2845 3357 non
2893 3302 3051 3359 licere
3098 3304 3356 3375 cuiquam
3404 3307 3520 3378 ejus
3561 3323 3619 3362 se
3669 3307 3802 3366 boni

2194 3403 2476 3451 extorrem
2529 3394 2703 3451 facere
2753 3394 2901 3468 quod
2949 3395 3250 3466 didicisset,
3298 3399 3639 3473 majorisque
3685 3419 3802 3460 esse

2194 3504 2355 3546 noxae
2381 3488 2652 3560 despicere
2689 3490 2967 3563 cognitam
2995 3490 3319 3557 bonitatem,
3358 3509 3528 3565 quam
3557 3495 3802 3568 incogni-

2192 3591 2306 3638 tam
2331 3598 2443 3638 non
2467 3597 2680 3648 amare;
2717 3582 2948 3655 proinde
2971 3598 3030 3639 se
3062 3585 3180 3655 jam
3206 3594 3354 3641 reatu
3390 3587 3559 3643 etiam
3583 3605 3802 3660 praeva-

2191 3678 2465 3734 ricationis
2503 3676 2719 3746 involvi,
2753 3679 2800 3734 si
2835 3677 3066 3734 inventis
3108 3685 3224 3735 tam
3259 3681 3530 3751 praeclaris
3568 3690 3806 3755 tamque

2190 3771 2504 3828 cmlestibus
2525 3769 2689 3826 donis
2715 3779 2932 3826 terrena
2960 3786 3024 3827 ac
3047 3771 3263 3828 sordida
3301 3773 3659 3842 praetulisset.
3709 3777 3806 3832 Ad

2197 3877 2420 3919 omnem
2450 3877 2580 3918 sane
2611 3861 2789 3917 aiebat
2817 3871 3036 3918 aetatem
3077 3877 3404 3934 omnemque
3433 3879 3636 3920 sexum
3670 3882 3807 3938 per-

2197 3957 2445 4014 fectionis
2483 3957 2940 4028 magnificentiam
2977 3959 3266 4029 pertinere,
3306 3965 3360 4012 et
3402 3959 3659 4015 universa
3706 3963 3802 4016 Ec-

2197 4053 2375 4109 clesia:
2399 4051 2650 4107 membra
2688 4051 2756 4107 ad
2785 4051 3260 4108 conscendendam
3286 4051 3606 4108 sublimium
3636 4055 3803 4110 meri-

2197 4154 2380 4201 torum
2434 4143 2809 4200 celsitudinem
2857 4145 3157 4216 provocari,
3209 4144 3422 4200 dicente
3472 4148 3742 4217 Apostolo
3787 4170 3797 4202 :

2199 4243 2285 4298 Sic
2303 4242 2501 4295 cur-rite
2521 4245 2581 4294 ut
2607 4241 3064 4309 comprehendatis
3092 4240 3130 4310 (l
3155 4241 3273 4297 Cor.
3304 4240 3429 4309 1x);
3461 4256 3564 4296 nec
3584 4249 3805 4312 prepter

2199 4335 2470 4389 lentorum
2509 4340 2563 4388 et
2608 4333 2860 4405 segnium
2902 4349 3105 4398 moras,
3138 4341 3354 4404 paratos
3397 4342 3558 4405 atque
3591 4335 3804 4390 alacres

1587 4478 1843 4534 ALARDI
1881 4481 2105 4534 GAZ/El
2144 4477 2702 4534 COMMENTARIUS.

497 4619 708 4678 morem
742 4619 1049 4676 pmuarum,
1083 4613 1139 4660 et
1166 4620 1263 4678 per
1291 4604 1475 4676 aliqua
1507 4607 1822 4678 temporalia
1856 4608 2094 4678 promis—
2121 4615 2170 4676 D
2201 4607 2379 4673 chius,
2405 4621 2703 4676 omnesque
2730 4606 2966 4678 rationes
2993 4606 3061 4662 ab
3091 4605 3287 4678 eodem
3312 4606 3533 4661 Theona
3564 4621 3668 4678 pro
3692 4603 3797 4660 de-

493 4692 551 4733 sa
587 4695 598 4731 :
635 4677 716 4732 lex
757 4687 940 4732 autem
974 4685 1125 4732 vetus
1167 4676 1264 4731 etsi
1310 4685 1575 4748 praacepta
1619 4676 1892 4733 charitatis
1920 4679 2093 4747 daret,

494 4764 602 4803 non
650 4758 836 4821 tamen
879 4765 972 4821 per
1012 4764 1133 4821 eam
1175 4748 1412 4821 dabatur
1448 4749 1679 4821 Spiritus
1716 4755 2097 4820 sanctus,'per

495 4836 655 4890 quem
685 4819 1014 4875 diffunditur
1043 4820 1279 4875 charitas
1309 4820 1361 4874 in
1391 4819 1650 4876 cordibus
1679 4822 1901 4888 nostris,
1930 4819 2098 4876 ut’di-

495 4893 634 4962 citur
675 4895 840 4945 Rom.
876 4907 974 4947 tu.
1009 4893 1144 4946 Haec
1171 4895 1227 4947 S.
1278 4891 1520 4947 Thomas
1560 4910 1572 4945 :
1605 4891 1802 4962 quibus
1851 4892 2094 4948 doctrina

497 4959 663 5086 liudiuts
691 4976 808 5031 cap.
842 4969 895 5016 et
922 4962 1266 5032 sequentium
1295 4962 1531 5018 miriﬁce
1560 4959 1878 5031 illustratur,
1905 4972 1959 5019 et
1983 4963 2096 5018 elu-

497 5047 545 5086 Cl
588 5047 615 5084 a
647 5046 727 5084 ur.

497 5046 727 5086 οιαεηυτ.

566 5113 590 5137 α
623 5104 706 5174 De
743 5100 1000 5174 diaconiai
1033 5101 1154 5157 vide
1179 5118 1341 5173 supra
1372 5103 1522 5174 (Cap.
1566 5106 1640 5171 1),
1671 5111 1726 5159 et
1752 5103 1979 5159 observa
2007 5103 2093 5158 in-

495 5189 658 5245 super
690 5173 793 5228 hoc
824 5176 943 5229 loco
972 5173 1213 5245 decimas
1235 5182 1289 5228 et
1319 5173 1583 5245 primitias
1610 5175 1743 5230 olim
1777 5175 1827 5228 in
1857 5175 2094 5229 Ecclesia

495 5262 523 5300 a
555 5243 1002 5318 populodeferri,
1048 5254 1102 5302 et
1129 5243 1333 5300 offerri
1360 5247 1546 5302 solitas
1575 5245 1864 5309 diaconiaa,
1897 5245 1951 5299 id
1988 5254 2094 5318 est,

495 5316 774 5373 communi
820 5332 1024 5372 mensae
1073 5332 1394 5385 pauperum,
1443 5333 1505 5372 ex
1533 5333 1638 5386 qua
1668 5316 2090 5386 tumimonachi,

495 5396 612 5444 tum
637 5389 726 5444 alii
752 5390 1004 5444 Ecclesia:
1030 5388 1260 5442 ministri
1282 5389 1533 5442 alimenta
1553 5385 1927 5457 ’percipiebant
1945 5404 2095 5444 meo-

497 5474 666 5531 nomo
683 5461 1059 5531 dispensante;
1082 5475 1190 5530 quo
1209 5473 1440 5531 munere
1470 5456 1689 5514 functus
1708 5456 1905 5514 dicitur
1928 5460 2096 5516 abbas

501 5529 752 5603 Theonas
771 5529 904 5599 post
935 5529 1111 5587 Eliam’
1134 5529 1412 5603 abbatem,
1445 5547 1565 5603 cap.
1593 5531 1856 5602 sequenti.

446 5614 461 5626 ·
545 5600 594 5674 ,δ
622 5602 823 5655 Totum
864 5604 969 5658 hoc
999 5611 1181 5674 caput,
1211 5619 1322 5673 quo
1351 5600 1558 5659 factum
1590 5600 1856 5674 singulare
1885 5601 2098 5674 abbatis

495 5677 541 5729 Τ
545 5669 734 5728 heonae
773 5669 1454 5743 narraturfquifdimissa
1495 5669 1705 5738 uxore:
1729 5674 1890 5727 etiam
1927 5673 2096 5728 invita

449 5803 462 5814 ,
496 5754 552 5800 et
579 5745 905 5803 reluctante,
936 5744 1003 5797 ad
1034 5759 1281 5798 eremum
1309 5753 1365 5798 et
1395 5745 1782 5814 monachatum
1805 5757 1871 5814 se
1895 5750 2098 5814 contu-

500 5815 580 5882 lit,
605 5816 768 5872 docte
791 5820 1113 5879 etaccurate
1135 5814 1464 5872 examinavit
1485 5823 1537 5868 et
1559 5812 1843 5868 elucidavit
1867 5815 1933 5866 ι).
1961 5813 2098 5884 Cuy-

2204 4678 2450 4733 fensione
2476 4686 2529 4732 et
2555 4673 2946 4748 approbatione
2963 4678 3057 4748 sui
3088 4677 3305 4733 divortii
3336 4677 3511 4731 allatas
3537 4673 3804 4748 confutat-

2205 4750 2299 4812 vit,
2334 4759 2397 4803 ut
2434 4765 2567 4820 pene
2593 4746 2844 4804 otiosum
2893 4747 3134 4803 videatur
3164 4749 3283 4818 ejus
3323 4761 3556 4802 censurae
3586 4746 3805 4820 aliquid

2202 4820 2587 4890 superaddere.
2623 4820 2803 4876 Unius
2828 4830 3012 4874 tamen
3045 4820 3360 4874 Bellarmini
3388 4819 3707 4873 sententiam
3735 4819 3803 4890 de

2205 4889 2312 4946 hoc
2350 4890 2496 4946 facto
2541 4890 2628 4944 hic
2661 4891 2948 4953 ascribam,
2990 4891 3079 4960 qui
3121 4905 3250 4946 cum
3299 4907 3330 4945 e
3372 4890 3645 4958 Scriptura
3686 4889 3803 4960 pri-

2204 4978 2381 5031 mum,
2406 4971 2523 5016 tum
2549 4978 2611 5015 ex
2642 4961 2909 5025 Patribus,
2937 4959 3056 5015 tum
3085 4961 3313 5015 demum
3339 4977 3400 5015 ex
3425 4961 3595 5015 sacris
3621 4959 3806 5030 ponti-

2206 5033 2370 5088 ficum
2392 5042 2449 5088 et
2469 5032 2824 5087 conciliorum
2845 5033 3074 5086 decretis
3095 5031 3368 5103 probasset
3394 5031 3804 5103 matrimonium

2205 5113 2385 5158 ratum
2427 5113 2481 5158 et
2519 5111 2964 5158 consummatum
3000 5101 3112 5157 non
3147 5103 3280 5157 solvi
3322 5118 3416 5173 per
3449 5101 3804 5173 monasticam

2206 5175 2620 5254 professionem,
2652 5189 2754 5229 nec
2781 5174 2942 5254 licere
2970 5173 3293 5243 conjugibus
3323 5171 3447 5244 post
3471 5171 3804 5228 matrimonii

2204 5245 2760 5311 consummationem,
2800 5245 2902 5299 nisi
2945 5260 3007 5300 ex
3048 5254 3240 5300 mutuo
3283 5260 3577 5307 consensu,
3617 5257 3808 5297 vovere

2204 5316 2619 5376 continentiam,
2665 5323 2760 5370 aut
2787 5315 3212 5381 monachatum;
3247 5315 3314 5370 ad
3343 5315 3448 5370 hoc
3493 5315 3807 5384 exemplum

2204 5388 2441 5442 Theonas
2469 5386 2568 5440 sibi
2598 5385 2871 5457 objectum
2908 5385 3200 5454 respondet
3233 5402 3348 5441 esse
3383 5386 3514 5440 illud
3545 5401 3716 5457 unum
3743 5399 3808 5457 ex

2207 5459 2271 5514 iis
2315 5457 2466 5512 factis
2493 5455 2807 5529 sanctorum
2837 5472 2960 5529 quae
2996 5457 3512 5529 admirandasunt.
3534 5472 3642 5510 non
3674 5455 3814 5529 imif

2204 5529 2391 5586 tanda.
2427 5527 2771 5584 Credendum
2800 5524 2944 5584 enim
2974 5537 3057 5582 est
3087 5526 3337 5597 peculiari
3369 5528 3610 5597 Spiritus
3634 5524 3810 5580 sancti

2206 5601 2488 5657 admonitu
2509 5610 2602 5654 aut
2623 5600 2979 5670 inspiratione
2995 5599 3047 5654 id
3075 5599 3440 5670 factumesse,
3450 5611 3654 5670 praeter
3665 5611 3814 5651 com-

2207 5688 2433 5728 munem
2475 5668 2724 5725 ordinem
2765 5685 2829 5724 ac
2875 5671 3074 5740 legem,
3111 5668 3559 5740 quandoquidem
3606 5668 3693 5723 ille
3733 5675 3814 5721 tot

2205 5743 2405 5822 claruit
2443 5750 2626 5822 postea
2669 5740 2851 5822 signis.
2879 5749 2934 5796 et
2981 5741 3292 5822 virtutibus:
3338 5740 3430 5794 Sic
3473 5740 3584 5796 ille.
3628 5744 3814 5809 Atque

2205 5812 2350 5870 idem
2383 5813 2490 5869 fere
2520 5811 2809 5869 Ciaconius
2837 5811 2890 5866 in
2925 5827 3022 5868 sua
3052 5811 3420 5869 annotatioue.
