4014 6202
194 276 306 332 1181

915 263 1251 324 COLLATIO
1290 264 1432 321 XXI.
1463 291 1535 306 —
1573 263 1662 320 DE
1699 260 2106 320 REMISSIONE
2143 259 2743 342 QUINQUAGESIMAE.

3361 262 3498 316 H82

189 399 370 456 debere
398 392 714 457 subsistere,
739 407 866 448 cum
903 391 1103 448 rectius
1138 392 1214 448 sit
1241 398 1305 447 ut
1328 388 1542 448 desides
1575 405 1605 445 a
1638 405 1776 462 prai-
1802 395 1855 455 Α
1882 404 2006 444 rere
2047 405 2165 444 non
2200 403 2430 459 respuo,
2466 402 2567 443 nec
2608 403 2639 441 a
2667 400 2758 442 me
2801 402 2995 459 separo
3032 386 3181 460 quod
3221 389 3497 444 Dominus

190 490 526 548 currentibus
570 489 881 554 incitentur,
917 502 1082 558 quam
1110 494 1173 542 ut
1196 493 1558 557 properantes
1579 500 1608 540 a
1638 484 1773 539 resi-

187 585 431 644 dentibus
459 582 787 654 obligentur.
832 579 1064 636 Proinde
1107 587 1379 635 tatutum
1420 578 1526 634 sibi
1569 576 1779 632 dicebat

189 679 567 748 decretumque
607 690 723 731 esse
759 672 1072 730 renuntiare
1098 673 1324 736 saeculo,
1354 687 1417 728 ac
1444 670 1583 726 mori
1603 685 1780 726 .mun-

188 771 274 836 do,
304 780 365 826 ut
393 770 572 825 vivere
614 768 786 841 possit
816 771 968 833 Deo;
1019 774 1074 821 et
1111 766 1155 822 si
1195 765 1338 821 hanc
1385 764 1782 821 beatitudinem

188 871 415 935 nequeat
456 862 720 928 obtinere,
752 868 814 915 ut
839 875 967 916 cum
1012 859 1161 914 socia
1196 874 1300 914 sua
1339 858 1394 913 in
1438 855 1783 912 consortium

187 965 424 1014 transeat
474 954 693 1020 Christi,
742 953 907 1009 malle
953 968 1013 1007 se
1052 951 1135 1006 vel
1179 966 1304 1006 cum
1350 949 1508 1005 unius
1551 948 1784 1003 membri

188 1047 467 1120 dispendio
508 1047 716 1102 salvum
747 1045 866 1101 ﬁeri
889 1087 904 1112 ,
950 1052 1008 1100 et
1048 1045 1197 1100 velut
1223 1042 1456 1099 debilem
1481 1041 1704 1098 introire
1731 1041 1785 1096 in

187 1156 415 1214 regnum
482 1139 776 1208 caelorum,
827 1155 993 1210 quam
1031 1153 1160 1194 cum
1203 1137 1480 1193 soliditate
1535 1135 1783 1207 corporis

189 1234 545 1294 condemnari
575 1234 790 1306 (Matth.
828 1232 1042 1304 xvm).
1073 1231 1376 1303 Adjiciebat
1402 1239 1587 1286 autem
1618 1229 1781 1284 etiam

188 1332 290 1387 ista
333 1329 518 1385 dicens
561 1347 574 1383 :
614 1328 671 1384 Si
712 1331 932 1400 Moyses
972 1342 1072 1398 pro
1123 1323 1326 1381 duritia
1361 1323 1544 1380 cordis
1580 1322 1782 1378 dimitti

187 1425 436 1496 permisit
456 1437 656 1479 uxores
686 1422 860 1492 (Deut.
887 1435 1063 1485 xxxv,
1090 1420 1287 1476 Matth.
1311 1417 1463 1487 χιχ),
1485 1430 1654 1486 quare
1678 1415 1785 1470 hoc

183 1535 294 1574 non
333 1517 474 1573 sinat
528 1516 775 1572 Christus
821 1531 920 1587 pro
973 1513 1239 1570 desiderio
1297 1511 1590 1576 castitatis,
1636 1524 1782 1580 prae-

181 1612 372 1668 sertim
400 1626 524 1665 cum
552 1609 699 1665 idem
734 1609 1005 1665 Dominus
1033 1609 1176 1664 inter
1204 1615 1431 1663 caeteras
1458 1603 1786 1660 affectiones

184 1704 258 1774 (id
284 1712 388 1772 est,
417 1711 654 1775 patrum,
675 1709 914 1756 matrum
946 1717 1010 1756 ac
1039 1701 1302 1768 ﬁliorum,
1329 1699 1529 1770 quibus
1564 1713 1787 1754 omnem

1885 486 2021 541 mihi
2048 486 2242 557 primae
2271 486 2457 540 statim
2488 484 2826 539 conditionis
2847 484 2962 557 lege
2987 484 3291 556 conjunxit,
3322 486 3490 541 dum-

1886 580 2055 636 modo
2083 580 2158 635 sis
2186 588 2240 635 et
2261 580 2371 650 ipsa
2392 579 2538 651 quod
2564 577 2828 635 Conditor
2850 595 2969 634 esse
2995 588 3049 635 te
3075 581 3265 637 voluit.
3288 582 3342 638 Si
3364 596 3491 636 vero

1886 690 1995 729 non
2031 673 2098 729 ad
2123 673 2462 746 adiutorium
2503 688 2625 730 esse
2667 673 2936 740 volueris,
2968 673 3063 728 sed
3107 675 3164 730 in
3209 675 3493 746 deceptio-

1889 784 2053 833 nem;
2081 776 2135 824 et
2161 767 2556 824 dminiculum
2578 775 2632 824 te
2661 783 2775 824 non
2805 768 2966 835 mihi,
2988 769 3085 824 sed
3113 768 3489 824 adversariam

1890 863 2151 918 malueris
2179 861 2468 929 exhibere,
2513 870 2676 932 atque
2711 861 2783 917 ob
2813 861 2919 917 hoc
2957 862 3288 918 attributum
3336 869 3494 932 putas

1889 954 2130 1025 coniugii
2157 963 2589 1022 sacramentum,
2612 963 2674 1010 ut
2701 963 2755 1010 te
2783 954 2911 1010 huic
2925 970 3048 1026 quae
3076 954 3339 1024 ingeritur
3354 953 3497 1010 frau-

1891 1045 2027 1102 dans
2053 1046 2237 1114 saluti,
2266 1049 2492 1118 insuper
2515 1048 2687 1103 etiam
2716 1063 2810 1104 me
2834 1063 2863 1102 a
2891 1047 3217 1120 discipulatu
3249 1047 3495 1103 retrahas

1889 1140 2214 1208 Salvatoris,
2241 1140 2315 1195 ita
2359 1140 2508 1195 illam
2538 1141 2748 1196 abbatis
2790 1142 3054 1207 Joannis,
3085 1141 3255 1196 immo
3291 1142 3494 1197 Christi

1891 1250 1987 1291 ore
2019 1235 2288 1306 prolatam
2333 1235 2663 1290 sententiam
2700 1235 2932 1290 viriliter
2967 1236 3368 1306 apprehendam
3391 1280 3404 1304 ,
3438 1246 3498 1291 ut

1890 1344 1984 1385 me
2021 1345 2053 1385 a
2091 1329 2325 1399 piritali
2375 1329 2522 1386 bono
2569 1329 2715 1385 nulla
2765 1329 3003 1384 carnalis
3050 1330 3283 1385 avellere
3325 1330 3499 1400 possit

1891 1421 2132 1479 affectio.
2163 1424 2268 1488 Qui
2284 1406 2450 1490 enim,
2470 1422 2666 1492 inquit,
2683 1438 2790 1476 non
2810 1423 2924 1476 odit
2934 1427 3162 1492 patrem,
3187 1426 3237 1476 et
3247 1428 3494 1490 matrem,

1890 1523 1940 1573 et
1966 1519 2126 1587 ﬁlios,
2170 1521 2220 1570 et
2247 1518 2473 1583 fratres,
2517 1520 2567 1570 et
2595 1531 2817 1577 sorores,
2846 1519 2896 1570 et
2937 1532 3180 1582 umorem,
3221 1521 3272 1570 et
3312 1531 3493 1585 agros,

1892 1612 2067 1666 adhuc
2104 1614 2284 1665 autem
2320 1613 2370 1664 et
2409 1612 2650 1664 animam
2687 1625 2865 1676 suam,
2892 1625 3001 1663 non
3018 1613 3195 1678 potest
3222 1625 3370 1664 meus
3393 1625 3500 1664 esse

1895 1707 2195 1775 discipulus
2209 1707 2356 1770 (Luc.
2383 1704 2542 1770 xxv).
2566 1703 2709 1758 Cum
2736 1717 2866 1773 ergo
2891 1701 2978 1757 his
3004 1710 3167 1773 atque
3179 1701 3494 1772 hujusmodi

179 1797 565 1863 reverentiam,
599 1811 714 1850 non
739 1794 919 1850 solum
945 1795 1034 1850 lex
1072 1794 1274 1862 (Exod.
1321 1793 1449 1864 xx),
1483 1792 1578 1849 sed
1607 1793 1776 1848 etiam
1805 1786 1852 1848 B
1880 1798 2059 1856 verbis
2083 1797 2365 1852 muliebris
2380 1811 2490 1852 non
2511 1795 2826 1851 ﬂecteretur
2853 1794 3106 1861 intentio,
3131 1803 3186 1850 et
3214 1794 3271 1849 in
3297 1793 3492 1850 eadem

182 1891 296 1963 ipse
341 1891 554 1959 (Matth.
587 1891 686 1957 xv)
731 1895 1065 1960 praeceperat
1115 1887 1402 1956 exhibere,
1448 1896 1635 1943 tamen
1680 1903 1780 1959 pro

173 1985 399 2042 nomine
446 1999 550 2041 suo
603 2000 671 2040 ac
701 1969 991 2048 desiderio
1042 1980 1393 2053 perfectionis
1435 1997 1548 2037 non
1600 1983 1780 2038 solum

172 2075 590 2135 contemnenda
615 2076 969 2148 simpliciter,
996 2075 1092 2131 sed
1121 2077 1290 2132 etiam
1316 2080 1468 2142 (Luc.
1500 2081 1633 2143 Juv)
1659 2075 1783 2132 odio

170 2171 431 2230 habenda
480 2185 599 2227 esse
658 2169 1004 2242 decernens),
1044 2170 1345 2242 conjungat
1405 2170 1484 2225 eis
1534 2169 1783 2225 similiter

168 2265 339 2323 etiam
366 2279 620 2320 uxorum
640 2279 846 2320 nomen
859 2263 1042 2320 dicens
1065 2280 1080 2318 :
1103 2267 1172 2320 Et
1187 2265 1360 2318 omnis
1377 2264 1474 2332 qui
1500 2263 1782 2332 relique-rit

163 2362 412 2423 domum,
439 2359 522 2413 vel
548 2359 774 2425 fratres,
802 2362 900 2412 aut
917 2373 1137 2420 sorores,
1170 2362 1268 2412 aut
1291 2362 1522 2427 patrem,
1549 2360 1645 2411 aut
1668 2371 1782 2410 ma-

163 2458 319 2517 trem,
342 2456 452 2507 aut
479 2468 722 2519 umorem,
740 2456 838 2506 aut
855 2452 1012 2521 ﬁlios,
1044 2456 1141 2506 aut
1167 2465 1325 2520 agros
1348 2454 1568 2521 propter
1593 2465 1780 2506 nomen

157 2565 364 2616 meum,
393 2548 709 2618 centuplum
731 2548 975 2616 accipiet,
997 2550 1047 2600 et
1065 2549 1235 2601 vitam
1263 2549 1521 2600 (sternam
1541 2545 1780 2614 posside-

165 2644 244 2699 bit
273 2643 507 2710 (Matth.
546 2645 699 2710 xix).
727 2642 792 2696 1n
821 2649 1039 2696 tantum
1077 2655 1208 2712 ergo
1251 2639 1572 2712 perfectioni
1613 2653 1778 2710 quam

161 2733 436 2808 pradicat
475 2732 609 2788 nihil
655 2732 857 2805 patitur
906 2731 1236 2805 comparari,
1272 2740 1332 2787 ut
1376 2731 1526 2786 illam
1567 2745 1781 2803 quoque

161 2825 636 2886 necessitudinem
674 2826 852 2882 solvat
881 2825 1054 2898 patris
1083 2842 1146 2881 ac
1172 2825 1394 2893 matris,
1427 2839 1548 2896 quae
1582 2839 1779 2880 secun-

156 2922 302 2980 dum
348 2919 690 2991 Apostolum
736 2921 978 2990 primum
1026 2918 1237 2974 obtinet
1268 2917 1322 2973 in
1354 2917 1780 2988 repromissione

157 3014 506 3071 mandatum
537 3029 550 3063 :
578 3016 795 3065 Honora
825 3012 1024 3064 scilicet
1045 3015 1261 3079 patrem
1287 3015 1337 3063 et
1364 3015 1612 3075 matrem,
1638 3011 1780 3080 quod

156 3116 240 3168 est
284 3108 620 3165 mandatum
640 3106 881 3176 primum
920 3107 979 3157 in
1007 3106 1412 3173 repromissione
1428 3147 1444 3168 ,
1478 3107 1537 3159 ut
1563 3105 1687 3158 bene
1710 3106 1781 3158 sit

1889 1890 2284 1949 obstinationis
2334 1890 2535 1948 duritia
2577 1897 2929 1962 permaneret
2984 1908 2996 1945 :
3051 1888 3106 1944 Si
3158 1903 3279 1961 ego,
3323 1888 3500 1960 inquit

1889 1987 2080 2044 beatus
2116 1985 2392 2053 Theonas,
2425 1992 2479 2040 te
2503 1982 2818 2040 abstrahere
2848 2000 2880 2039 a
2903 1991 3084 2039 morte
3104 1998 3216 2038 non
3238 1997 3491 2053 possum,

1890 2097 1992 2137 nec
2020 2089 2079 2137 tu
2114 2095 2209 2136 me
2244 2077 2522 2150 separabis
2563 2093 2596 2133 a
2631 2078 2854 2134 Christo
2886 2097 2900 2132 :
2949 2077 3147 2132 Tutius
3176 2085 3260 2131 est
3301 2084 3491 2131 autem

1890 2173 2023 2230 mihi
2051 2188 2180 2228 cum
2197 2171 2446 2238 homine,
2463 2185 2628 2243 quam
2643 2187 2771 2227 cum
2788 2175 2904 2228 Deo
2933 2170 3134 2227 habere
3166 2169 3491 2225 divortium.

1888 2267 2176 2339 Aspirante
2221 2266 2402 2338 itaque
2433 2266 2612 2336 gratia
2642 2265 2766 2331 Dei,
2801 2263 3135 2320 definitionis
3173 2279 3290 2320 suae
3332 2278 3493 2318 exse-

1888 2363 2166 2418 cutionem
2204 2362 2467 2417 instanter
2500 2374 2786 2432 aggressus
2843 2366 2949 2424 est,
3002 2373 3106 2413 nec
3152 2357 3492 2428 intepescere

1887 2472 1984 2528 per
2010 2456 2249 2526 aliquam
2299 2469 2518 2509 moram
2555 2452 2816 2509 desiderii
2854 2451 2938 2507 sui
2969 2466 3164 2522 passus
3207 2460 3290 2507 est
3326 2450 3493 2507 ardo-

1887 2565 2039 2615 rem;
2073 2565 2206 2605 nam
2237 2547 2530 2604 confestim
2560 2545 2712 2602 omni
2733 2544 3012 2601 mundana
3041 2543 3297 2600 facultate
3325 2545 3496 2600 nuda-

1885 2651 1978 2698 tus
2015 2641 2084 2697 ad
2116 2639 2511 2697 monasterium
2550 2639 2863 2710 pervolavit.
2892 2638 3004 2695 Ubi
3048 2638 3108 2692 in
3146 2638 3296 2694 brevi
3329 2646 3491 2694 tanto

1888 2735 2175 2808 splendore
2206 2733 2511 2790 sanctitatis
2535 2742 2588 2789 et
2617 2732 2953 2789 humilitatis
2983 2732 3194 2797 enituit,
3223 2741 3286 2788 ut
3315 2732 3489 2788 beatm

1886 2831 2176 2887 memoriae
2188 2832 2397 2887 Joanne
2419 2829 2486 2886 ad
2508 2829 2802 2885 Dominum
2831 2843 2897 2884 ex
2918 2827 3018 2882 hac
3037 2827 3158 2882 luce
3189 2827 3489 2898 migrante,

1886 2931 1911 2956 ιι
1932 2930 2120 2978 sancto
2149 2938 2367 2994 quoque
2403 2922 2543 2990 Elia,
2573 2922 2688 2977 viro
2731 2921 2822 2992 qui
2863 2919 3015 2976 haud
3051 2919 3280 2974 minorb
3312 2918 3497 2974 deces-

1885 3031 2008 3070 sore
2049 3030 2154 3072 suo
2190 3013 2313 3083 fuit,
2342 3015 2594 3070 similiter
2639 3013 2959 3081 decedente,
2993 3012 3186 3069 tertius
3239 3011 3496 3068 Theonas

1887 3108 2266 3165 universorum
2295 3107 2618 3180 praelectus
2633 3105 2870 3179 judicio,
2898 3105 2954 3161 in
2979 3104 3249 3162 diaconize
3278 3104 3355 3160 eis
3377 3103 3485 3159 dis-
3515 3151 3526 3158 .

154 3206 288 3266 tibi,
315 3203 460 3257 etsis
477 3201 748 3269 longaevus
761 3213 920 3267 super
937 3201 1142 3251 terram
1166 3197 1380 3267 (Ephes.
1405 3198 1494 3264 v1)
1515 3219 1528 3262 ;
1553 3211 1780 3268 eamque
1816 3183 1860 3245 C
1892 3201 2210 3272 pensatione
2232 3202 2579 3258 successerit.

151 3296 378 3369 despici
423 3310 525 3368 pro
554 3308 654 3348 suo
681 3306 870 3347 amore
899 3291 1175 3363 praecipiat
1216 3290 1434 3361 (Matth.
1475 3294 1624 3360 xxx).
1658 3286 1783 3347 Evi-

148 3392 365 3449 denter
395 3387 580 3458 itaque
602 3386 747 3442 sicut
771 3399 866 3440 eos
885 3383 1220 3455 evangelicus
1243 3399 1424 3440 sermo
1444 3385 1782 3441 condemnat

149 3484 279 3558 qui,
312 3495 438 3536 non
478 3479 864 3534 interveniente
888 3475 1138 3533 adulterii
1167 3477 1418 3547 crimine,
1446 3479 1636 3534 uxoria
1663 3479 1783 3533 vin-

145 3578 282 3634 cula
302 3574 663 3644 dirumpunt,
691 3572 766 3628 ita
786 3571 857 3628 ob
885 3586 1135 3627 amorem
1157 3571 1354 3628 Christi
1377 3580 1431 3627 et
1447 3570 1780 3629 desiderium

145 3669 443 3729 castitatis
491 3666 574 3723 his
624 3666 717 3739 qui
765 3667 962 3740 jugum
1016 3666 1235 3722 carnale
1281 3665 1573 3737 rejecerint
1615 3666 1779 3722 etiam

133 3763 421 3837 centupla
468 3762 696 3833 praemia
745 3760 1493 3833 repromittit.quapropter
1552 3760 1598 3816 si
1661 3760 1780 3818 ﬁeri

137 3864 335 3932 potest
364 3862 436 3910 ut
466 3851 537 3908 ad
561 3853 700 3909 hanc
728 3853 1126 3925 optatissimam
1152 3853 1284 3908 mihi
1316 3861 1530 3923 partem
1559 3861 1780 3925 accepta

132 3951 384 4009 tandem
415 3947 633 4003 ratione
661 3946 918 4014 flectaris,
948 3945 1151 4001 scilicet
1173 3955 1236 4000 ut
1270 3946 1511 4001 Domino
1537 3947 1775 4003 servien-

132 4056 247 4115 tes,
294 4056 545 4117 poenam
579 4039 842 4112 gehennas
875 4038 1074 4110 pariter
1119 4038 1389 4094 evitemus
1409 4078 1424 4106 ,
1455 4037 1780 4096 charitatem

130 4136 401 4213 conjugii
427 4149 545 4189 non
574 4131 778 4199 refuto,
811 4131 984 4186 immo
1013 4131 1177 4186 etiam
1212 4129 1420 4202 majore
1440 4130 1620 4187 adhuc
1639 4131 1776 4188 dile-

132 4235 331 4290 ctione
365 4228 756 4298 complector;
791 4241 1030 4298 agnosco
1079 4225 1227 4281 enim
1262 4234 1316 4280 et
1361 4241 1591 4282 veneror
1631 4227 1780 4299 adju-

128 4328 346 4383 tricem
389 4335 608 4387 meam,
635 4319 856 4375 Domini
886 4317 1022 4375 mihi
1051 4319 1319 4377 sententia
1350 4319 1688 4390 deputatam,
1725 4331 1779 4377 et

126 4421 445 4492 indimpto
491 4414 665 4471 eidem
711 4413 920 4472 foedere
949 4413 1226 4471 charitatis
1262 4415 1320 4469 in
1355 4413 1576 4471 Christo
1605 4416 1778 4472 cohae-

2526 3303 2763 3359 CAPUT
2795 3306 2873 3358 Χ.

1892 3403 2139 3471 lia-ponit
2153 3401 2440 3457 Cassianus
2451 3415 2704 3470 quorsum
2713 3399 3015 3468 exemplum
3029 3399 3176 3453 istud
3191 3401 3250 3452 in
3260 3399 3498 3453 medium

2164 3527 2166 3530 ,
2488 3471 2842 3541 produxerit.

1961 3577 1981 3599 °
2002 3576 2180 3630 Nemo
2209 3579 2392 3629 autem
2427 3572 2706 3629 existimet
2731 3587 2836 3628 nos
2879 3571 2998 3628 haec
3047 3571 3118 3627 ad
3145 3570 3493 3644 provocanda

1889 3667 2272 3739 coniugiorum
2303 3664 2801 3734 divortiatexuisse,
2821 3665 2916 3737 qui
2941 3681 3053 3720 non
3071 3665 3250 3721 solum
3277 3666 3496 3736 nuptias

1889 3763 2117 3820 minime
2165 3761 2618 3827 condemnamus,
2656 3777 2848 3816 verum
2904 3761 3073 3817 etiam
3119 3761 3494 3831 Apostolicam

1887 3867 2180 3930 sequentes
2220 3857 2567 3921 sententiam,
2615 3854 2896 3911 dicimus:
2932 3854 3250 3911 Honorabile
3290 3869 3492 3909 connu-

1890 3953 2035 4007 bium
2060 3956 2119 4008 in
2145 3953 2410 4015 omnibus,
2434 3956 2484 4006 et
2509 3955 2658 4006 torus
2683 3948 3065 4004 immaculatus
3093 3948 3275 4016 (Hebr.
3305 3947 3491 4016 xm);

1889 4043 1984 4099 sed
2012 4053 2074 4099 ut
2118 4043 2307 4099 lectori
2352 4043 2578 4097 initium
2618 4040 2991 4096 conversionis
3030 4055 3138 4110 quo
3178 4049 3361 4095 tantus
3409 4040 3496 4094 ille

1887 4137 1972 4192 vir
1993 4139 2113 4191 Deo
2137 4135 2353 4191 dicatus
2364 4142 2467 4202 est,
2485 4133 2714 4188 fideliter
2739 4131 3125 4202 panderemus.
3149 4135 3189 4184 A
3221 4147 3331 4200 quo
3353 4133 3493 4186 bona

1889 4231 2064 4303 gratia
2098 4229 2204 4284 hoc
2233 4229 2477 4301 primum
2506 4227 2746 4298 deposco
2768 4267 2782 4294 ,
2809 4233 2892 4294 ut,
2923 4226 3036 4280 sive
3076 4223 3182 4279 hoc
3208 4223 3257 4279 ei
3289 4223 3501 4294 placeat

1887 4324 2000 4379 sive
2026 4323 2328 4394 displiceat,
2347 4337 2439 4377 me
2463 4319 2856 4393 quoquomodo
2891 4335 2921 4373 a
2949 4317 3224 4374 calumnia
3250 4317 3494 4373 alienum

1887 4432 2006 4473 esse
2047 4415 2378 4484 concedens,
2413 4415 2472 4470 in
2509 4429 2608 4470 suo
2639 4413 2746 4470 hoc
2786 4413 2932 4469 facto
2964 4419 3058 4468 aut
3084 4412 3269 4468 laudet
3294 4415 3391 4466 aut
3415 4426 3498 4465 re-

1271 4563 1525 4618 ALARDI
1563 4565 1789 4620 GAZEI
1827 4563 2388 4620 COMMENTARIUS.

199 4704 224 4735 ³
264 4703 441 4754 Duos
471 4691 621 4748 Elias
649 4691 875 4748 abbates
915 4692 1023 4746 sive
1051 4691 1405 4747 anachoretas
1440 4709 1780 4750 commemo-
1812 4697 1862 4758 D
1895 4695 2014 4750 Elia
2085 4695 2285 4750 abbate
2339 4695 2583 4749 Joannes
2653 4691 2915 4748 Moschus
2964 4690 3018 4744 in
3074 4692 3236 4743 Prato
3303 4685 3491 4758 Spirit.

119 4781 215 4828 rat
250 4765 562 4828 Palladius
589 4763 644 4817 in
688 4763 989 4828 Lausiacis,
1021 4765 1257 4818 alterum
1286 4764 1550 4820 Lausiaca
1592 4773 1683 4829 5|,
1715 4766 1782 4822 de

118 4859 242 4914 quo
281 4841 424 4914 haec
440 4835 577 4914 _ait.:
615 4835 862 4914 Vidimus
883 4837 1054 4914 alium
1071 4851 1290 4914 quoque
1313 4839 1574 4914 senemin
1594 4838 1784 4890 solitu-

115 4905 260 4970 cline
284 4905 574 4968 Antinoi,
597 4919 713 4971 qua:
735 4910 812 4958 est
830 4907 1131 4974 metropolis
1157 4907 1462 4968 Thebaidis,
1485 4909 1667 4961 Eliam
1681 4923 1782 4961 no-

114 4990 304 5050 mine,
349 4979 468 5050 qui
497 4979 682 5050 natus
701 4979 814 5050 erat
851 4981 1060 5050 centum
1088 4981 1138 5030 et
1157 4978 1354 5050 _decem
1386 4992 1571 5031 annos.
1613 4980 1783 5048 Super

115 5073 249 5111 eum
282 5045 574 5108 aiebant
585 5045 855 5113 Spiritum
868 5047 1000 5099 Είίίε
1010 5047 1283 5115 PrOPhetce
1303 5050 1646 5116 requievisse,
1668 5045 1775 5105 etc.

113 5133 206 5184 De
252 5126 484 5181 eodem
540 5117 1031 5190 Sozomenuswlib.
1071 5125 1262 5190 sexto,
1304 5118 1480 5190 capite
1523 5119 1780 5190 vigesimo

112 5208 363 5262 octavo,
398 5200 460 5247 et
503 5187 850 5262 Nicephorus
880 5186 972 5262 iib.
1004 5187 1314 5254 undecimo,
1354 5186 1528 5262 capite
1561 5186 1780 5260 trigesi-

110 5286 216 5326 mo
239 5257 497 5341 quarto,
525 5268 590 5341 et
618 5257 850 5341 Rufinus
879 5257 974 5314 lib.
1008 5273 1060 5341 ii
1083 5273 1208 5341 cap:
1245 5265 1336 5313 l2.
1364 5257 1615 5341 Alterum
1637 5257 1783 5341 _L.a_u-

111 5329 281 5398 siacé
324 5345 347 5391 ι
371 5345 390 5390 ι
413 5341 470 5387 ι.
506 5336 580 5384 At
595 5338 787 5384 neuter
815 5329 1011 5385 horum
1037 5329 1168 5385 huic
1197 5331 1316 5385 loco
1347 5330 1615 5400 quadrare
1640 5331 1782 5387 vide-

112 5422 236 5468 tur.
277 5411 451 5465 Nam
510 5399 601 5475 iile
637 5401 786 5475 prior
809 5403 955 5456 solus
992 5402 1336 5475 septuaginta
1365 5399 1546 5457 faunos
1584 5403 1692 5475 egit
1725 5404 1777 5458 in

110 5492 336 5540 monte
374 5471 644 5548 quodam
668 5471 970 5548 inaccesso,
998 5473 1134 5548 adeo
1153 5475 1430 5548 utipsam
1457 5471 1664 5543 quoque
1690 5478 1778 5548 vi-

107 5558 250 5611 dere
301 5542 464 5607 esset
498 5542 878 5611 formidabile,
917 5544 998 5598 ait
1029 5542 1320 5599 Palladius.
1365 5542 1520 5598 Alter
1549 5542 1676 5600 vero
1721 5546 1779 5600 in

109 5627 262 5682 locis
296 5614 640 5678 Palaestinae
679 5612 932 5668 habitans
963 5614 1014 5667 in
1043 5616 1316 5684 spelunca,
1343 5631 1457 5669 non
1488 5614 1634 5670 inter
1662 5631 1782 5671 mo-

104 5699 353 5753 nachos
405 5685 713 5757 Egyptios
757 5698 1107 5758 communem
1148 5702 1313 5758 agens
1361 5686 1548 5758 vitam,
1590 5686 1778 5758 utihic

106 5770 186 5824 de
234 5753 1102 5838 quofist'sei'mghpenabbate
1137 5753 1254 5838 Elia
1297 5757 1776 5838 meminit_itidem

109 5827 350 5897 Auctor
384 5833 502 5889 lib.
541 5841 580 5881 ν
605 5827 674 5884 de
706 5827 844 5881 Vitis
875 5829 1105 5882 Patrum
1139 5828 1232 5882 lib.
1276 5843 1362 5883 rx.
1402 5831 1478 5884 De
1503 5829 1610 5884 alio
1645 5829 1774 5884 item

1892 4782 2014 4821 can.
2053 4772 2137 4820 1’9.

2018 4839 2283 4891 Decessor
2329 4834 2534 4890 dicitur
2568 4834 2660 4905 qui
2699 4829 2998 4905 successori
3037 4828 3270 4905 decessit
3296 4843 3370 4905 ac
3411 4828 3495 4905 _lo-

1890 4923 2018 4963 cum
2052 4909 2233 4968 cessit,
2268 4913 2331 4960 ut
2369 4899 2653 4961 successor
2681 4904 2770 4974 qui
2815 4903 3084 4974 decessori
3118 4899 3376 4974 succedit.
3411 4903 3492 4954 lta

1890 4979 2143 5034 Sidonius
2186 4977 2282 5030 lib.
2317 4993 2356 5030 ν
2387 4976 2542 5046 epist.
2599 4971 3057 5046 i6,'Coslestinus
3094 4986 3226 5046 papa
3273 4971 3487 5046 epist_.__1

1889 5067 1940 5105 c.
1969 5056 2022 5113 2,
2051 5047 2348 5103 concilium
2392 5040 2645 5116 Carthag.
2688 5061 2742 5100 vr
2776 5060 2895 5099 can.
2925 5049 2971 5112 1,
3004 5040 3365 5116 Cassiodorus
3400 5040 3493 5116 lib.

1887 5135 1973 5175 vn
2005 5119 2165 5189 epist.
2205 5123 2260 5184 2,
2291 5112 2824 5190 Gregorius'Turon.
2853 5116 2950 5171 lib.
2982 5130 3046 5170 Iv
3073 5114 3140 5170 de
3168 5115 3224 5168 S.
3265 5112 3496 5168 Martino

1887 5207 2009 5260 cap.
2043 5197 2096 5254 7,
2128 5189 2428 5245 concilium
2449 5189 2700 5244 Toletan.
2727 5204 2814 5243 x11
2845 5203 2966 5260 cap.
3003 5190 3052 5260 1.

1962 5253 1982 5296 δ
2025 5253 2203 5316 Verba
2255 5270 2384 5316 sunt
2424 5260 2684 5321 Cassiani.
2719 5275 2828 5313 non
2875 5253 3089 5312 abbatis
3133 5253 3382 5319 Joannis,
3434 5261 3497 5308 ut

1890 5340 2181 5387 contextus
2226 5331 2413 5396 docet,
2445 5345 2773 5402 quamquam
2805 5328 2956 5402 aliter
2976 5327 3160 5402 prima
3189 5323 3496 5402 frontenvi:

1890 5403 2002 5458 deri
2047 5412 2249 5474 posset.
2282 5393 2701 5474 Excusatenim
2745 5415 2803 5455 se
2837 5393 3126 5474 Cassianus
3175 5395 3319 5465 quod
3357 5393 3494 5474 illud

1889 5465 2222 5545 exemplum,
2245 5475 2461 5545 abbatis
2488 5472 2727 5545 Theonaa
2768 5471 3038 5545 retulerit,
3068 5484 3130 5545 ex
3163 5481 3276 5537 quo
3320 5465 3489 5520 videri

1890 5539 2073 5614 posset
2126 5544 2261 5599 velle
2314 5544 2549 5599 suadere
2591 5543 2828 5597 divortia
2859 5539 3285 5614 Aconjugiorum;
3330 5553 3491 5608 quam

1888 5612 2254 5688 suspicionem
2286 5631 2316 5670 a
2348 5631 2415 5688 se
2432 5615 2655 5680 refutat,
2688 5614 2821 5688 illud
2848 5612 3048 5688 factum
3086 5624 3262 5688 neque
3286 5623 3486 5688 appro-

1887 5680 2023 5743 batis
2052 5689 2164 5759 ipse
2187 5701 2362 5757 neque
2387 5687 2679 5751 damnans,
2711 5685 2806 5740 sed
2834 5683 3068 5740 aliorum
3087 5680 3296 5753 judicio
3320 5680 3491 5736 relin-

1887 5773 2081 5829 quens.
