4014 6202
560 273 696 329 1183

1634 263 1920 335 ,ΙΟΑΝΝΙΞ
1954 261 2260 321 CASSIANI
2296 259 2788 319 COLLATIONES.

3728 263 3860 319 H84

560 392 859 467 prehendat
878 402 1179 451 auctorem.
1196 394 1314 465 Ego
1333 398 1517 448 autem
1539 390 1632 463 qui
1657 406 1770 447 non
1788 405 1969 446 meam
1991 405 2159 463 super
2180 394 2234 457 Α
2261 388 2400 445 adeo
2429 386 2799 444 collaudatum
2821 399 2942 442 esse
2969 382 3320 440 manifestum
3343 388 3449 448 est,
3474 390 3541 439 ut
3557 398 3692 447 eum
3720 400 3863 442 sum-

564 487 666 543 hac
692 503 752 542 re
793 487 1119 543 sententiam
1150 485 1414 557 prompsi,
1448 483 1547 540 sed
1575 484 1653 539 rei
1681 491 1851 557 gesta
1879 482 2159 540 historiam

563 581 791 652 simplici
831 580 1139 637 narratione
1173 579 1490 651 complexus
1530 593 1679 645 sum,
1718 592 1938 648 aequum
1979 584 2064 632 est
2099 584 2161 632 ut

563 675 705 731 sicut
747 673 882 729 mihi
910 674 977 730 de
1014 686 1207 729 eorum
1249 673 1344 744 qui
1376 672 1482 728 hoc
1506 669 1712 727 factum
1744 668 1978 741 probant
2004 667 2162 724 laude

563 767 692 823 nihil
721 766 960 831 vindico,
983 766 1057 823 ita
1085 781 1278 822 eorum
1301 765 1394 838 qui
1415 765 1470 821 id
1491 763 1813 836 improbant
1838 779 1954 818 non
1978 760 2160 834 pulser

564 858 787 916 invidia.
804 859 1019 915 Habeat
1036 873 1167 931 ergo
1186 873 1346 914 suum
1375 856 1444 913 de
1466 856 1587 924 illo,
1618 865 1679 912 ut
1702 855 1962 922 diximus,
1990 868 2162 910 unus-

566 952 797 1023 quisque
832 951 1135 1023 judicium;
1176 950 1278 1008 sed
1306 966 1509 1006 moneo
1538 958 1600 1006 ut
1646 950 1719 1004 ita
1762 962 2050 1005 censuram
2078 945 2161 1001 sui

566 1045 794 1117 castiget
819 1045 1112 1112 examinis,
1158 1060 1228 1100 ne
1257 1058 1316 1100 se
1350 1044 1650 1116 aequiorem
1693 1051 1791 1099 aut
1825 1042 2162 1097 sanctiorem

565 1138 749 1194 divino
772 1138 961 1194 credat
986 1153 1104 1194 esse
1128 1136 1353 1209 judicio,
1375 1152 1485 1208 quo
1515 1136 1571 1191 in
1602 1151 1729 1192 eum
1756 1134 1922 1190 etiam
1939 1140 2164 1205 aposto-

563 1232 796 1288 licarum
827 1230 1023 1285 collata
1063 1237 1192 1285 sunt
1228 1229 1379 1300 signa
1413 1229 1677 1284 virtutum
1698 1269 1714 1295 ,
1758 1235 1822 1283 ut
1848 1235 2058 1283 taceam
2094 1225 2163 1283 de

562 1331 842 1379 tantorum
889 1325 1115 1378 Patrum
1158 1322 1448 1385 sententia,
1479 1337 1515 1377 a
1557 1322 1755 1393 quibus
1798 1319 2008 1376 factum
2049 1321 2165 1393 ejus

565 1431 679 1472 non
704 1417 883 1473 solum
911 1415 1143 1471 minime
1167 1415 1581 1487 reprehensum,
1600 1430 1792 1471 verum
1813 1414 1975 1470 etiam
1992 1429 2163 1486 usque

2264 483 2374 538 mis
2400 497 2466 538 ac
2485 479 2896 556 sublimissimis
2922 479 3058 534 viris
3080 476 3339 534 diaconize
3366 475 3642 532 electione
3665 488 3862 549 praem-

2269 576 2449 631 lerint.
2472 578 2538 630 Et
2552 570 3159 646 putototspiritualium
3173 569 3443 635 virorum,
3466 571 3589 624 Deo
3614 578 3850 640 auctore,

2265 667 2542 741 prolatum
2563 668 2727 738 [Lips.
2754 669 2814 720 in
2839 681 3018 734 marg.
3049 663 3365 735 probatum]
3393 677 3508 718 non
3530 677 3749 720 errasse
3766 665 3851 738 ju-

2266 760 2490 827 dicium,
2531 758 2679 831 quod
2725 758 2893 814 etiam
2937 763 3089 812 tanta
3128 755 3441 827 signorum,
3465 763 3530 811 ut
3556 771 3719 829 supra
3742 758 3859 829 |jam

2269 855 2476 912 dictum
2496 862 2600 922 est,
2627 853 2921 911 admiratio
2951 849 3328 907 conﬁrmabat.

2871 955 3111 1011 CAPUT
3139 954 3247 1009 XI.

2272 1055 2501 1122 Quastio
2536 1068 2631 1108 cur
2662 1056 2721 1107 in
2757 1056 2986 1122 Egypto
3030 1048 3372 1113 totisldiebus
3395 1051 3864 1121 Quinquagesirm

2376 1140 2483 1179 non
2492 1124 2794 1194 jejunetur,
2810 1139 2904 1179 nec
2926 1138 3102 1193 genua
3120 1124 3182 1176 in
3201 1123 3440 1177 cratium
3468 1129 3781 1179 muneratur.

2339 1224 2447 1281 Sed
2481 1226 2601 1297 jam
2648 1233 2864 1297 tempus
2908 1232 2991 1280 est
3040 1230 3106 1279 ut
3151 1222 3435 1294 promissae
3481 1222 3862 1293 disputationis

2269 1318 2515 1375 ordinem
2559 1332 2971 1391 prosequamur.
3016 1316 3187 1389 [gitur
3221 1315 3394 1372 abbas
3439 1315 3698 1373 Theonas
3741 1333 3863 1375 cum

2267 1411 2484 1468 diebus‘
2493 1411 2977 1484 Quinquagesimaa
2990 1425 3096 1466 nos
3105 1409 3364 1467 innostra
3375 1408 3576 1467 cellula
3584 1409 3862 1480 visitasset,

1659 1570 1914 1628 ALARDI
1952 1571 2176 1627 GAZrEl
2215 1567 2773 1627 COMMENTARIUS.

635 1732 661 1759 α
695 1722 1257 1796 Πθῄρυὶηᾳυθεθείωδ
1287 1724 1499 1796 egimus
1527 1723 1715 1796 libsn
1755 1723 1999 1796 Institut.
2025 1739 2161 1796 cap.

2272 1724 2447 1779 Porro
2468 1721 2769 1795 quodgtotis
2800 1719 3281 1795 Quinquagesimae
3293 1719 3483 1776 diebus
3503 1720 3772 1777 monachi
3792 1721 3869 1776 illi

569 1799 674 1867 18,Δ
702 1794 795 1849 ubi
828 1792 902 1849 ex
927 1792 1207 1867 sententia
1237 1792 1484 1867 veterum
1519 1794 1789 1867 duplicem
1816 1792 2168 1867 distinximus
2273 1808 2375 1867 nec
2400 1792 2577 1867 genua
2618 1792 2672 1848 in
2706 1792 3198 1867 orationepublica
3225 1798 3871 1867 curvarenuneeusque

567 1861 1112 1948 Quinquagesimam‘,
1137 1867 1365 1948 alteram
1387 1865 1579 1947 jejunii
1598 1861 1662 1947 :et
1689 1866 2025 1948 poenitentiae
2043 1874 2168 1948 ante
2274 1864 2343 1921 ad
2363 1861 2556 1921 horam
2577 1879 2802 1948 nonam,
2834 1871 2898 1948 nt
2913 1861 3022 1948 alin
3047 1871 3298 1948 tempore
3321 1861 3602 1948 solebant,
3613 1861 3867 1944 jejunare

565 1936 796 2005 Pascha,
827 1936 1055 1992 alteram
1085 1936 1283 1992 laetitiae
1308 1944 1362 1991 et
1405 1936 1736 1992 remissionis
1762 1944 1888 2005 post
1933 1936 2161 2004 Pascha,

564 2022 763 2078 nempe
788 2006 937 2078 adie
958 2007 1239 2063 Pascbatis
1276 2022 1451 2078 usque
1490 2006 1563 2062 ad
1599 2007 1745 2063 diem
1764 2006 2157 2078 Pentecostes;

563 2078 634 2150 de
655 2076 761 2146 qua
787 2076 875 2132 hic
901 2077 1097 2149 agitur.
1122 2078 1332 2133 Dicitur
1354 2076 1540 2150 autem
1560 2077 2161 2150 Quinquagesima,‘seu

565 2149 761 2220 Graeca
796 2162 927 2203 voce
941 2147 1297 2220 Pentecoste,
1323 2148 1446 2219 quia
1474 2147 1738 2220 ‘spatium'
1766 2147 2157 2220 quinquaginta

566 2216 1536 2292 dierum,complectitur._Quomod6
1562 2222 1633 2274 D.
1654 2216 2037 2292 Hieronymus
2059 2220 2159 2275 ad-

564 2303 753 2343 versus
777 2286 1196 2360 Montanum__et
1215 2286 1591 2344 Luciferianos
1612 2286 1883 2356 scribens,
1907 2306 2010 2360 per
2036 2305 2160 2344 om-

563 2373 683 2413 nem
720 2361 1060 2413 Pentecosten
1085 2358 1229 2414 dixit
1254 2361 1462 2428 (Epist.
1502 2364 1597 2428 54,
1635 2361 1710 2414 ad
1753 2358 2067 2416 Marcellum
2110 2365 2162 2415 et

720 2399 2067 2501 ὶᾘῖἓζῖἓῗιόἶ“ὃυῖ”ι²ἑιίἶὲυ”ἔιῖίιὶῖ“(ἓῖοῗὲἵ’ὶῖ’
2087 2399 2163 2486 ali

564 2498 925 2573 Eustochium)
970 2498 1328 2573 Pentecosten
1358 2515 1469 2573 non
1502 2515 1601 2573 pro
1644 2498 1761 2556 tota
1777 2498 2162 2573 ‘Qninquage-

565 2571 726 2637 sima,
755 2586 851 2626 seu
884 2570 1058 2695 s‘pIatio
1096 2570 1480 2643 quinquaginta
1513 2570 1753 2637 dierum,
1784 2570 1880 2628 sed
1919 2570 2018 2642 pro
2046 2570 2160 2627 ter-

565 2642 737 2695 mino.
776 2656 872 2695 seu
953 2656 1019 2695 ne
1046 2641 1391 2695 eorumdem.
1436 2648 1498 2695 ut
1532 2643 1695 2695 vulgo
1740 2642 1901 2695 solet.
1943 2642 2158 2695 accipit.

564 2642 737 2714 mino,
776 2656 872 2697 seu
914 2641 1019 2714 line
1046 2641 1391 2714 eorumdem,
1436 2648 1498 2698 ut
1532 2643 1695 2714 vulgo
1740 2641 2158 2713 solet,’accipit,

566 2712 670 2784 hoc
707 2721 808 2778 est,
843 2726 943 2784 pro
977 2712 1105 2784 ipsa
1133 2712 1476 2784 solemnitate
1516 2712 2026 2781 diei‘Pentecostes,
2048 2712 2162 2769 sive

563 2782 829 2866 adventus
850 2782 1083 2866 Spiritus
1118 2783 1287 2866 sancti
1308 2784 1978 2866 qna‘Qninquagesimam
2003 2799 2159 2866 enm-

564 2855 676 2927 plet
706 2870 770 2910 ac
810 2854 1085 2927 terminat,
1122 2854 1286 2926 juxta
1325 2853 1463 2910 illud
1493 2853 1633 2927 Acti
1666 2853 1908 2927 secundo
1954 2873 1967 2910 :
2020 2858 2161 2909 Dum

565 2924 957 2995 complerentur
975 2926 1089 2979 dies
1112 2924 1438 2981 Pentecostes
1451 2944 1468 2991 ;
1494 2925 1631 2980 dum
1662 2924 1805 2982 inter
1828 2925 1933 2980 alia
1958 2940 2161 2979 mona-

563 2996 798 3051 chorum
828 2995 1202 3066 Egyptiorum
1244 2996 1492 3050 instituta
1516 2995 1591 3049 ita
1605 3065 1614 3066 η
1632 2995 1819 3051 scribit
1845 3011 1860 3048 :
1886 2995 2160 3064 Jejunium

565 3070 618 3120 to
624 3069 732 3120 tius
743 3068 880 3120 anni
890 3065 1098 3135 aquale
1107 3070 1185 3120 est
1188 3106 1207 3133 ,
1222 3069 1442 3135 excepta
1461 3065 1889 3133 Quadragesima
1907 3082 2015 3135 qua
2031 3082 2158 3120 con-

564 3137 776 3190 ceditur
818 3136 1120 3191 districtius
1146 3138 1340 3190 vivere.
1366 3135 1419 3190 A
1462 3136 1671 3190 Pascha
1703 3137 1777 3190 ad
1817 3140 2160 3192 Pentecosten

562 3220 722 3259 cana
745 3209 1030 3260 mutantur
1044 3209 1103 3260 in
1125 3206 1383 3276 prandia,
1403 3221 1509 3276 quo
1527 3210 1578 3260 et
1604 3206 1896 3261 traditioni
1913 3208 2157 3262 ecclesia-

562 3277 707 3347 stica
730 3277 984 3344 satisﬁat,
1015 3281 1067 3331 et
1089 3281 1328 3331 ventrem
1346 3277 1462 3331 cibo
1488 3291 1595 3331 non
1620 3281 1839 3333 onerent
1860 3277 2155 3347 duplicato.

563 3345 651 3402 Sic
690 3349 761 3401 D.
790 3347 1161 3419 Hieronymus
1188 3365 1201 3402 :
1234 3349 1286 3403 Α
1310 3348 1539 3410 Pascha,
1575 3346 1774 3419 inquit,
1816 3349 1891 3403 ad
1914 3345 2156 3404 Penteco-

508 3430 524 3447 δ
560 3421 679 3489 sten
705 3433 864 3489 cana
884 3422 1171 3489 mutantur
1201 3420 1261 3489 in
1295 3419 1568 3489 prandia;
1592 3418 1716 3489 quia
1741 3434 1869 3474 cum
1897 3427 2022 3489 ante
2051 3423 2156 3475 Pa-

561 3488 710 3560 scha,
743 3487 849 3544 hoc
875 3488 1066 3560 est,in
1093 3487 1546 3560 Quadragesima,
1566 3487 1844 3560 coenet-ent
1875 3488 2157 3545 dumtaxat

560 3558 768 3632 absque
814 3558 1060 3627 prandio,
1112 3574 1144 3632 e
1168 3558 1396 3632 diverso
1446 3568 1570 3631 post
1616 3559 1824 3615 Pascha
1872 3575 2046 3632 usque
2086 3561 2156 3617 ad

564 3627 917 3712 Pentecnsten
962 3627 1298 3712 prandebant
1340 3627 1542 3712 abs§ue
1582 3644 1757 3712 cana,
1805 3627 1974 3712 unica"
2003 3645 2158 3687 sem-

563 3713 659 3769 per
698 3698 996 3773 refectione
1044 3699 1309 3768 contenti,
1355 3698 1471 3756 nisi
1500 3701 1661 3756 cauSa
1690 3700 1971 3773 hospitum
1994 3716 2153 3771 coge-

560 3777 751 3842 rentur
816 3769 1014 3841 sapius
1057 3785 1326 3842 mensam,
1365 3785 1657 3842 apponere.
1714 3769 1934 3842 Duplici
1970 3769 2155 3829 autem

562 3840 773 3897 ratione
826 3840 1095 3914 ejusmodi
1134 3841 1370 3914 mutatio
1400 3840 1566 3914 apud
1605 3856 1699 3898 eos
1729 3840 1911 3914 ﬁebat
1955 3859 1980 3914 Δε
2033 3843 2156 3914 pri-

561 3925 748 3979 mum,
787 3911 864 3967 ut'
887 3911 1163 3968 traditioni
1225 3911 1649 3979 Ecclesia'sticae,
1708 3911 1776 3968 de
1828 3911 2154 3970 remissione

560 3982 770 4055 scilicet
821 3981 1319 4055 Quinquagesimae,
1360 3982 1756 4055 satisfacerent,
1793 3983 2036 4055 relaxato
2073 3984 2154 4039 ni-

560 4052 763 4126 r_niru_m
792 4052 1102 4126 utcumque
1137 4053 1410 4109 strictiore
1438 4054 1536 4109 illo
1562 4053 1990 4126 jejunio,un
2031 4063 2156 4111 ante

560 4069 763 4107 mirum
792 4069 1092 4123 utcumque
1137 4069 1410 4109 smeuore
1438 4069 1536 4109 mo
1561 4069 1810 4179 ljejunio,
1842 4069 1990 4125 quoa
2031 4069 2156 4111 ante

560 4122 768 4179 Pascha
817 4122 886 4180 ad
915 4138 1220 4196 _vesperam
1263 4140 1454 4196 usque,
1493 4139 1559 4181 ve
1623 4133 1771 4181 certe
1816 4124 2008 4180 horam
2050 4141 2157 4181 no-

561 4209 713 4258 nam,
757 4194 1366 4267 servabant.__Secundo
1387 4236 1427 4267 ,ί
1453 4211 1543 4267 ne,
1567 4210 1764 4267 corpus
1785 4266 1792 4267 ί
1815 4204 1983 4267 antea
2002 4205 2156 4251 exte-

555 4273 785 4337 nuatum
839 4273 912 4337 et_
959 4265 1341 4337 debilitatum,
1398 4265 1680 4337 duplicato
1729 4266 1881 4333 cibo,
1939 4266 1992 4322 id
2043 4276 2151 4335 est,

559 4336 779 4404 gemina
806 4335 1144 4410 _rel'ectione,
1191 4336 1427 4410 nimium
1475 4335 1766 4410 onerarent
1801 4346 1873 4410 _et
1912 4352 2157 4410 praegra-

560 4413 764 4487 varent.
805 4406 992 4487 Exstat
1026 4414 1300 4487 prmterea
1320 4407 1506 4487 hujus.
1536 4408 1771 4487 antiqua
1797 4406 2153 4487 institutionis

557 4483 614 4554 et
677 4475 1069 4554 obsenvationis
1120 4475 1441 4554 monasticae
1491 4475 1701 4554 insigne
1750 4478 2153 4554 monimentum

560 4544 618 4599 in
671 4544 905 4600 concilio
974 4547 1277 4602 Turonensi
1341 4547 1579 4604 secundo
1601 4544 1757 4604 'can.
1809 4552 1873 4604 13
1927 4550 1982 4604 in
2038 4549 2155 4606 haec

557 4614 720 4671 verba
765 4634 779 4671 :
818 4616 1148 4687 De’jejuniis
1188 4632 1312 4672 vero
1354 4621 1583 4688 antiqua
1613 4635 1649 4673 a
1688 4621 1962 4675 monachis
1998 4623 2155 4675 insti-

557 4692 680 4743 tuta
703 4693 1004 4761 seruentur,
1033 4693 1097 4743 ut
1120 4689 1186 4744 de
1220 4690 1427 4761 Pascha
1465 4705 1634 4759 usque
1651 4691 1726 4745 ad
1758 4691 2153 4761 Quinquagesi—

554 4775 704 4835 mam
733 4759 815 4835 (id
849 4765 957 4835 est,
994 4760 1399 4835 Pentecosten),
1438 4763 1670 4831 exceptis
1714 4759 2100 4830 Rogationibus
2127 4803 2146 4830 ,
2176 4773 2229 4835 Β

556 4832 704 4885 omni
719 4830 810 4885 die
826 4833 1099 4899 fratribus
1115 4832 1421 4902 prandium
1435 4830 1799 4903 praparetur.
1821 4835 1947 4889 Post
1974 4835 2151 4901 Quin-

557 4904 929 4969 quagesimam
954 4908 1068 4958 tota
1096 4904 1425 4959 hebdomada
1441 4903 1933 4973 exactejejunetur.
1966 4908 2156 4960 Postea

556 4985 724 5039 usque
740 4973 831 5046 .ad
876 4975 1125 5028 calendas
1160 4975 1405 5043 Augusti
1433 4977 1493 5030 in
1538 4978 1841 5045 septimana
1874 4976 2154 5046 jejunent,

556 5040 814 5115 secunda,
830 5046 882 5095 et
896 5048 1118 5111 quarta,
1137 5050 1189 5099 et
1206 5040 1361 5099 scatta
1378 5047 1486 5109 die,
1507 5040 1740 5115 eaéeptis
1763 5048 1847 5100 his
1866 5040 2158 5115 quialiqua

554 5113 874 5181 inﬁrmitate
899 5116 1175 5169 constricti
1198 5120 1343 5170 sunt.
1376 5119 1436 5171 In
1457 5113 1729 5185 Augusto,
1755 5113 1890 5186 quid
1920 5113 2159 5186 quotidie

554 5186 733 5257 Missa
775 5189 1082 5239 sanctorum
1125 5190 1276 5253 sunt,
1312 5188 1608 5257 prandium
1652 5188 1900 5242 habeant.
1954 5192 2019 5242 In
2064 5188 2156 5243 Se-

550 5261 697 5326 ptem
703 5256 791 5310 bri
802 5260 909 5329 toto
924 5262 976 5311 et
986 5258 1275 5313 Novembri
1284 5256 1365 5312 ter
1376 5260 1435 5312 in
1449 5260 1775 5329 septimana.
1801 5260 1874 5311 De
1885 5261 2068 5312 Decem
2074 5259 2160 5312 bri

556 5343 724 5397 usque
738 5328 986 5385 Natalem
1005 5330 1223 5383 Domini
1237 5332 1382 5384 omni
1394 5329 1482 5383 die
1495 5328 1761 5398 jejunent.
1782 5330 1853 5383 Et
1870 5330 1999 5397 quia
2014 5331 2157 5385 inter

554 5399 806 5454 Natalem
832 5400 1052 5454 Domini
1071 5414 1243 5468 usque
1276 5400 1350 5453 ad
1384 5400 1752 5468 Epiphaniam
1781 5401 1929 5454 omni
1953 5400 2053 5455 die.
2066 5404 2155 5469 fe-

555 5471 824 5542 stivitates
852 5476 1003 5538 sunt,
1030 5472 1261 5539 itemque
1282 5470 1649 5540 prandebunt.
1677 5471 1746 5525 Et
1774 5480 1897 5542 post
1938 5487 2104 5540 pauca
2136 5490 2150 5527 :

558 5539 683 5613 Post
705 5543 1071 5609 Epiphaniam
1090 5557 1214 5595 vero
1228 5539 1398 5613 usque
1419 5543 1492 5595 ad
1509 5539 1990 5613 Quadragesimam
2001 5547 2081 5597 ter
2094 5545 2154 5597 in

557 5612 857 5674 septimana
884 5613 1153 5683 jejunent.
1190 5614 1323 5668 Haec
1346 5612 1439 5680 ibi,
1469 5628 1535 5668 ex
1573 5613 1770 5684 quibus
1797 5614 1939 5668 varia
1966 5628 2151 5667 mona-

557 5675 789 5730 chorum
827 5682 1028 5750 jejunia
1070 5698 1170 5753 pro
1207 5683 1523 5740 diversitate
1559 5692 1870 5754 temporum
1906 5682 2151 5754 instituta

557 5753 881 5823 noscuntur,
911 5752 1136 5823 excepta,
1152 5768 1373 5823 semper
1395 5752 1878 5822 Quinquagesima.
1892 5752 2003 5807 sive
2023 5760 2153 5808 tem-

559 5831 688 5887 pore
715 5817 982 5883 Paschali,
1022 5817 1084 5874 ut
1109 5817 1317 5878 dictum
1352 5817 1440 5877 est
1457 5817 1596 5889 (Lib.
1629 5817 1679 5876 ιῐ
1719 5826 1895 5878 Instit.
1927 5837 1970 5877 c.
2001 5823 2147 5895 alt).

2190 3392 2235 3457 C
2266 3392 2927 3490 ὃειέἓὲἑὶἶεῖτῖεῒέρῖἔτὶῆ

2276 1943 2698 2006 praesumerent,
2739 1943 2801 1991 ut
2837 1932 2924 2006 hic
2960 1941 3015 1990 et
3061 1932 3193 1989 alibi
3228 1932 3465 2006 dicitur;
3485 1932 3537 1989 id
3576 1932 3689 1988 non
3732 1933 3869 2004 ipsis

2268 2002 2732 2085 peculiarejuisse
2746 2047 2761 2073 ,
2787 2004 2883 2085 sed
2919 2020 2986 2060 ex
3026 2006 3250 2085 antiqua
3288 2002 3576 2085 traditione
3609 2002 3868 2085 comma:

2268 2074 2408 2132 imiter
2443 2077 2499 2131 in
2530 2076 2767 2133 Ecclesia
2809 2074 3447 2146 observatum—plurimi
3464 2077 3538 2146 et,
3569 2074 3868 2146 gravissimi

2267 2154 2519 2203 auctores
2558 2154 2841 2203 testantur.
2884 2143 3250 2202 Tertullianus
3285 2144 3385 2201 lib.
3415 2143 3485 2201 de
3513 2143 3722 2200 Cdrona
3762 2147 3863 2200 Mi-

2268 2218 2383 2274 litis
2407 2219 2560 2288 (Cap.
2588 2222 2679 2284 3):
2708 2217 2980 2286 Jejunium
3026 2219 3184 2285 nefas
3222 2218 3489 2283 ducimus,
3519 2217 3605 2270 vel
3622 2216 3689 2270 de
3721 2218 3861 2285 geni-

2268 2289 2404 2344 culis
2419 2290 2648 2344 adorare
2665 2307 2682 2356 ;
2703 2289 2886 2343 eadem
2906 2290 3248 2343 immunitate
3265 2304 3301 2342 a
3315 2288 3408 2342 die
3430 2288 3649 2342 Pascha
3668 2289 3724 2341 in
3741 2289 3861 2342 Pen.

2269 2364 2493 2415 tecosten
2513 2374 2681 2429 usque
2699 2360 3014 2429 gaudemus.
3046 2359 3225 2429 Quem
3239 2358 3424 2429 locum
3449 2356 3761 2413 Tertulliani
3776 2361 3856 2429 7D.

2268 2428 2638 2503 Hieronymus
2648 2428 2910 2503 adversus
2932 2428 3404 2503 Luciferianos-(ut
3424 2429 3708 2503 annotavit
3723 2428 3861 2503 βδε-

2266 2501 2456 2571 nanus)
2477 2498 2699 2556 videtur
2739 2501 3051 2569 aemulatus,
3082 2499 3168 2556 his
3197 2498 3432 2572 quidem
3469 2498 3653 2554 verbis
3697 2499 3845 2568 (Cap.

2267 2572 2324 2637 4)
2352 2588 2366 2625 :
2410 2570 2547 2629 Nam
2582 2576 2633 2626 et
2656 2574 2833 2626 multa
2860 2573 2995 2634 alia,
3025 2587 3146 2641 qua
3179 2570 3279 2641 per
3302 2570 3658 2626 traditionem
3687 2572 3746 2624 in
3768 2574 3859 2626 Ec-

2267 2644 2438 2698 clesiis
2452 2643 2822 2707 observantur,
2836 2645 3210 2697 auctoritatem
3222 2642 3327 2696 sibi
3337 2643 3553 2712 scripta
3569 2642 3704 2710 legis
3714 2656 3860 2712 usur-

2261 2717 2529 2784 paverunt
2545 2732 2562 2780 ;
2586 2714 2755 2784 uelut,
2776 2715 2834 2768 in
2850 2714 3060 2784 lauacro
3085 2717 3168 2768 ter
3181 2718 3343 2782 caput
3360 2711 3655 2781 mergitare
3669 2711 3749 2779 (id
3765 2722 3855 2776 est,

2267 2785 2407 2839 trina
2434 2783 2634 2841 mersio
2657 2783 2715 2838 in
2738 2783 3026 2855 baptismo)
3045 2801 3062 2853 ;
3078 2785 3169 2839 die
3195 2785 3529 2855 Dominicoet
3539 2798 3646 2852 per
3662 2799 3856 2855 omnem

2268 2858 2609 2911 Pentecosten
2647 2869 2741 2909 nec
2772 2852 2838 2911 de
2879 2852 3136 2924 geniculis
3177 2855 3403 2909 adorare
3448 2852 3522 2925 (id
3557 2861 3667 2918 est,
3710 2853 3858 2909 ﬂexis

2267 2925 2497 3009 genibus
2528 2924 2705 2996 orare)
2722 2930 2775 3009 et
2788 2926 3061 3009 j
3069 2926 3293 3009 soluere,
3303 2924 3581 3009 multaque
3592 2925 3735 3009 qlia,
3748 2941 3859 3009 qua

2266 2995 2468 3066 scripta
2480 3012 2588 3051 non
2605 2995 2753 3059 sunt,
2769 2995 3103 3051 rationabilis
3121 2996 3228 3051 sibi
3238 2996 3533 3051 observatio
3547 2995 3857 3051 vindicavit.

2268 3067 2485 3138 Rursus
2510 3066 2658 3138 quod
2685 3065 2758 3122 ad
2791 3067 3063 3138 jejunium
3090 3066 3308 3138 attinet,
3328 3064 3474 3138 idem
3497 3064 3857 3138 Hieronymus

2240 3164 2243 3165 ν
2267 3135 2586 3209 prafatione
2610 3137 2666 3192 in
2692 3135 2961 3209 Regulam
2996 3139 3053 3194 S.
3085 3136 3362 3209 Pacbomii
3391 3155 3409 3191 :
3438 3138 3557 3204 Bis,
3588 3135 3785 3209 inquit,
3800 3141 3857 3209 in

2264 3208 2621 3275 hebdomada,
2649 3207 2851 3277 quarta
2869 3213 2921 3264 et
2947 3214 3103 3264 serta
3128 3208 3362 3271 sabbati,
3387 3208 3459 3262 ab
3481 3207 3859 3278 jejw

2266 3283 2460 3349 natur,
2506 3284 2727 3349 excepta
2781 3282 3078 3335 Pentecoste
3116 3278 3190 3348 (id
3242 3286 3348 3345 est,
3394 3282 3459 3334 ut
3502 3277 3858 3334 Tertullianus

2272 3348 2529 3419 loquitur,
2551 3365 2586 3404 a
2622 3348 2710 3404 die
2733 3352 2951 3405 Pascha
2988 3352 3050 3405 in
3085 3352 3426 3405 Pentecosth
3448 3364 3637 3419 usque,
3664 3349 3773 3419 vel,
3800 3358 3855 3405 ut

3230 3420 3459 3503 diebus).
3622 3426 3681 3474 et
3704 3417 3858 3503 dicta

2259 3490 2567 3562 traditionis
2588 3491 2859 3562 rationem
2886 3490 3067 3547 reddit
3102 3491 3159 3546 in
3196 3490 3466 3562 prommio
3492 3491 3856 3562 Commentar.

2261 3560 2320 3633 in
2360 3561 2529 3633 Epist.
2575 3560 2651 3617 ad
2679 3561 2946 3632 Ephesios
2976 3581 2992 3617 :
3033 3560 3389 3624 Pentecosten,
3433 3560 3633 3633 inquit,
3660 3566 3858 3631 tempus

2263 3632 2475 3687 latitia
2517 3637 2677 3702 atque
2715 3634 2973 3695 victoria,
3001 3649 3105 3703 quo
3133 3648 3241 3688 non
3261 3632 3522 3702 ﬂectimus
3549 3648 3747 3701 genua,
3774 3648 3858 3686 nec

2262 3707 2558 3758 curvantur
2577 3706 2637 3757 in
2660 3706 2880 3767 terram,
2895 3704 2989 3759 sed
3006 3719 3124 3758 cum
3144 3705 3368 3761 Domino
3380 3703 3455 3758 ad
3475 3704 3736 3757 calorum
3752 3704 3855 3757 alta

2261 3774 2614 3829 sustollimur.
2633 3774 2690 3829 S.
2710 3775 3043 3846 Epiphanius
3055 3774 3111 3829 in
3127 3772 3412 3846 compend2
3427 3771 3578 3827 doct.
3614 3774 3849 3829 Eccles.:

2262 3846 2364 3900 Per
2407 3848 2578 3901 totum
2613 3842 2833 3914 quidem
2871 3861 3076 3900 annum
3103 3842 3368 3915 jejunum
3390 3842 3484 3898 hoc
3518 3850 3786 3898 seruatur
3807 3847 3857 3897 in

2261 3919 2449 3987 sancta
2456 3915 2732 3987 catholica
2754 3916 3013 3987 Ecclesia,
3034 3921 3255 3987 quarta,
3283 3917 3526 3987 inquam,
3547 3918 3601 3969 et
3630 3917 3855 3985 prosab-

2266 3985 2388 4040 bato
2433 3985 2508 4057 (id
2547 3993 2652 4053 est,
2685 3984 2819 4042 feria
2860 3984 3063 4055 sexta)'
3079 4002 3244 4057 usque
3280 3985 3353 4040 ad
3399 3985 3594 4040 horam

2262 4062 2484 4127 excepta
2524 4062 2711 4112 sancta
2740 4060 3055 4120 Pentecoste,
3085 4057 3140 4114 id
3178 4065 3280 4123 est,
3302 4071 3399 4128 per
3426 4060 3567 4111 totos
3591 4060 3854 4127 quinqua-

2261 4129 2436 4207 ginta
2456 4128 2590 4207 dies,
2620 4130 2681 4182 in
2714 4130 2910 4207 quibus
2946 4144 3114 4207 neque
3142 4144 3321 4207 genua
3354 4130 3670 4207 flectuntur.

2252 4198 2523 4269 jejunium
2560 4201 2886 4269 imperatum
2910 4198 3102 4256 est.’S.
3134 4198 3462 4254 Ambrosius
3484 4213 3690 4263 sermo,
3715 4204 3777 4253 61
3806 4206 3856 4252 et

2262 4268 2405 4340 apud
2433 4268 2752 4342 Gratianum
2792 4269 2926 4342 dist.
2962 4275 3032 4325 76
3058 4269 3220 4342 (Cap.
3249 4272 3419 4336 Scire)
3454 4287 3469 4323 :
3499 4272 3604 4325 Per
3630 4270 3744 4335 hos,
3767 4269 3853 4333 ait,

2263 4342 2679 4409 quinquaginta!
2703 4341 2817 4395 dies
2844 4341 2991 4396 nobis
3016 4346 3092 4396 est
3112 4342 3269 4411 jugis
3294 4344 3346 4395 et
3372 4342 3686 4395 continuata
3711 4342 3859 4406 festi-

2262 4412 2425 4482 vitas,
2452 4414 2531 4466 ita
2558 4416 2620 4466 ut
2644 4411 2738 4482 hoc
2764 4412 2910 4466 omni
2939 4416 3169 4482 tempore
3187 4410 3357 4481 neque
3373 4410 3452 4466 ad
3473 4410 3857 4465 obseruandum

2263 4480 2565 4536 indicamus
2574 4481 2812 4551 jejunia,
2823 4498 2991 4552 neque
3010 4480 3085 4537 ad
3102 4480 3437 4538 exorandum
3457 4485 3627 4537 Deum
3642 4483 3857 4550 genibus

2260 4552 2901 4626 succidamus._s_imiliter
2915 4556 2983 4607 Ι).
3016 4557 3253 4626 August.
3286 4553 3439 4624 epist.
3473 4558 3575 4607 1|9
3596 4571 3615 4605 :
3639 4555 3861 4626 Propter

2260 4622 2374 4689 hoc,
2399 4622 2595 4693 inquit,
2599 4622 3154 4692 jejuniarelaaamus,
3173 4629 3223 4679 et
3246 4622 3443 4678 stantes
3458 4623 3861 4693 οναξηειςςεφιοά

2261 4698 2339 4747 est
2364 4692 2580 4762 signum
2610 4697 3035 4751 resurrectionis.
3064 4695 3215 4751 Unde
3233 4697 3393 4750 etiam
3410 4692 3646 4762 cautibus
3664 4692 3863 4747 diebus

2260 4761 2541 4819 dominicis
2587 4765 2663 4819 ad
2690 4766 2862 4821 altare
2900 4766 2964 4820 id
2989 4766 3320 4821 observatur.
3352 4762 3492 4819 Idem
3518 4761 3735 4817 docent
3776 4762 3861 4818 alii

2261 4835 2469 4898 Patres.
2516 4834 2790 4907 Maximus
2814 4835 3168 4907 Taurinensis
3194 4837 3473 4907 episcopus
3493 4830 3701 4907 homil.
3738 4838 3773 4907 1η
3794 4834 3857 4888 de

2265 4908 2604 4976 Pentecoste,
2640 4905 2882 4962 Isidorus
2910 4906 3003 4962 lib.
3046 4921 3072 4963 ι
3100 4906 3170 4963 de
3197 4905 3362 4964 Ofﬁc.
3386 4920 3507 4976 cap.
3530 4906 3629 4970 33,
3659 4912 3721 4960 et
3751 4906 3861 4960 Ba-

2264 4974 2437 5033 banus
2456 4976 2547 5033 lib.
2576 4974 2628 5048 it
2646 4976 2715 5048 de
2734 4977 2914 5048 lnstit.
2940 4978 3260 5034 clericorum
3279 4993 3396 5048 cap.
3419 4974 3515 5048 4'1.
3530 4976 3785 5046 Denique
3798 4989 3858 5028 eo

2263 5055 2471 5172 eiectat
2484 5054 2598 5104 tota
2617 5046 2779 5129 hujus
2790 5047 3001 5104 abbatis
3022 5046 3388 5132 ratiocinatio,
3401 5056 3465 5104 ut
3485 5046 3677 5102 doceat
3694 5060 3858 5127 quam

2264 5132 2298 5190 ο
2359 5133 2587 5190 causam
2617 5126 2883 5190 instituta
2913 5128 3076 5190 esset,
3094 5119 3182 5175 illa
3216 5134 3387 5190 quam
3417 5126 3576 5190 vocat
3594 5130 3861 5190 remissio

2265 5187 2764 5266 Quinquagesimae,
2794 5188 2977 5257 idest,
3004 5187 3262 5266 relegatio
3282 5188 3479 5262 jejunii
3500 5189 3554 5266 in
3580 5187 3863 5266 Quinqua-

2263 5257 2488 5332 g't‘sim'a,
2516 5257 2614 5332 seu
2638 5268 2883 5331 tempore
2908 5257 3481 5332 paschali.Ca€témm
3507 5259 3631 5314 hac
3649 5257 3767 5313 non
3794 5257 3863 5332 ita

2262 5328 2571 5413 accipinnda
2586 5401 2597 5413 .
2615 5328 2769 5413 sunt,
2795 5328 2948 5413 quasi
2976 5331 3126 5387 nefas
3147 5331 3219 5413 sit
3245 5332 3351 5413 hoc
3378 5338 3729 5413 temporeex
3758 5328 3869 5413 pri-

2266 5399 2390 5455 vata
2414 5399 2709 5457 devotione
2749 5399 3015 5474 jejuuare,
3034 5402 3204 5458 modo
3231 5402 3367 5474 citra
3392 5399 3867 5474 superstitionem.

2262 5478 2317 5525 et
2342 5471 2822 5547 contemptu_m,'et
2844 5473 3171 5547 scandalum
3217 5473 3271 5547 id
3297 5471 3415 5547 ﬁat.
3444 5473 3572 5547 Bne
3598 5471 3755 5547 enim
3778 5484 3869 5547 ex;

2262 5541 2698 5616 presseimoinuit
2720 5546 2793 5616 Vl).
2834 5544 3207 5616 Hieronymus
3243 5541 3559 5616 in_ep_istola
3594 5541 3676 5616 ad
3706 5541 3873 5616 Luci-

2260 5612 2420 5685 nium
2443 5613 2713 5669 Boeticum
2741 5612 2931 5684 (Epist.
2954 5612 3063 5685 28),
3088 5616 3279 5670 citatus
3306 5612 3499 5668 itidem
3524 5628 3559 5667 a
3578 5612 3873 5670 Gratiano.

2261 5684 2346 5739 his
2374 5684 2548 5739 verbis
2578 5687 2739 5750 (Dist.
2766 5690 2836 5740 76
2859 5702 2980 5755 cap.
3010 5684 3133 5752 ult.)
3159 5703 3173 5740 :
3210 5687 3426 5741 Utinam
3451 5688 3606 5738 omni
3642 5690 3878 5755 tempore

2249 5754 2502 5823 ieiunare
2506 5758 2773 5826 possimus
2787 5776 2802 5810 :
2818 5754 2961 5827 quod
2969 5760 3029 5812 in
3047 5757 3272 5813 Actibus
3280 5755 3675 5827 Apostolorum
3694 5754 3879 5809 diebus

2258 5829 2577 5881 Pentecostes
2601 5832 2653 5883 et
2686 5828 2775 5884 die
2798 5827 3063 5885 dominico
3083 5828 3377 5899 apostolum
3397 5826 3643 5881 Paulum
3672 5832 3731 5881 et
3760 5840 3831 5878 ru
3853 5842 3881 5873 ει
