4014 6202
212 255 339 314 1185

860 220 867 226 ’
944 247 1280 306 COLLATlO
1320 248 1453 304 xxr.
1493 276 1566 288 -
1600 248 1691 302 DE
1727 243 2131 302 namssmss
2167 244 2770 313 QUINQUAGESIMIE.

3375 253 3511 307 1186

207 379 516 451 vespertina
553 376 866 432 orationum
912 374 1254 430 solemnitate
1305 382 1598 440 transacta,
1640 371 1797 429 humi
1825 376 1880 438 Α
1909 372 2059 428 ritas.
2091 372 2279 428 Divina
2302 370 2559 443 sapientia
2592 385 2686 443 per
2716 371 3079 429 Ecclesiasten
3117 372 3270 429 omni
3306 373 3409 442 rei,
3454 373 3512 430 id

208 472 484 546 paululum
529 468 910 538 considentes,
941 469 1208 539 coepimus
1230 466 1545 539 diligentius
1570 480 1802 537 percun-

207 563 336 621 ctari
364 579 464 619 cur
506 561 649 635 apud
688 576 784 618 eos
828 568 980 616 tanta
1010 560 1352 616 observantia
1394 565 1694 625 caveretur,
1735 570 1805 611 ne

207 656 323 729 quis
360 654 573 728 penitus
606 655 738 712 totis
766 653 1238 728 Quinquagesimai
1277 652 1468 710 diebus
1508 651 1590 707 vel
1632 665 1805 723 genua

207 748 261 804 in
289 748 538 806 oratione
563 754 831 815 curvaret,
860 746 941 803 vel
975 762 1148 819 usque
1173 745 1242 802 ad
1269 746 1463 802 horam
1498 759 1699 801 nonam
1718 744 1805 815 je-

202 843 391 911 junare
436 849 824 914 praesumeret;
864 855 1040 911 eoque
1067 839 1123 897 id
1168 839 1477 912 diligentius
1519 836 1806 895 scrutaba-

208 949 351 1001 mur,
385 935 531 1006 quod
553 948 907 1006 nequaquam
944 932 1049 988 hoc
1072 938 1225 989 tanta
1251 931 1503 988 cautione
1528 929 1728 987 servari
1753 929 1805 985 in

209 1026 379 1099 Syriae
407 1024 754 1082 monasteriis
782 1024 1108 1081 videramus.

799 1128 1039 1183 CAPUT
1071 1128 1196 1182 XII.

209 1229 495 1299 Responsio
524 1227 591 1282 de
623 1231 828 1282 natura
865 1240 1049 1299 eorum
1083 1241 1207 1295 quce
1234 1225 1393 1295 bona,
1428 1225 1510 1280 vel
1536 1225 1703 1287 mala,
1728 1224 1811 1279 vel

826 1298 1007 1353 media
1037 1300 1184 1352 sunt.

283 1397 372 1455 Ad
417 1397 538 1456 hac
581 1397 750 1454 abbas
791 1397 1046 1454 Theonas
1088 1396 1184 1453 tali
1224 1411 1356 1454 usus
1407 1403 1493 1452 est
1540 1396 1808 1453 sermonis

213 1491 432 1548 exordio
460 1510 475 1544 :
530 1493 762 1562 Oportet
800 1488 1023 1562 quidem
1063 1503 1166 1544 nos
1200 1487 1510 1545 auctoritati
1559 1489 1806 1553 Patrum,

213 1582 694 1655 consuetudinique
715 1582 990 1654 majorum
1015 1596 1188 1654 usque
1214 1580 1284 1637 ad
1310 1588 1565 1637 nostrum
1590 1588 1809 1653 tempus

217 1694 309 1751 per
347 1685 554 1734 tantam
598 1690 874 1732 annorum
909 1674 1107 1732 seriem
1137 1674 1418 1746 protelatm
1435 1715 1451 1741 ,
1477 1674 1643 1731 etiam
1695 1690 1811 1732 non

214 1778 464 1843 percepta
503 1769 718 1826 ratione
743 1767 964 1837 cedere;
991 1782 1242 1839 eamque,
1276 1777 1339 1824 ut
1370 1766 1668 1840 antiquitus
1695 1775 1812 1824 tra—
1840 1803 1890 1866 Β

216 1861 321 1918 dita
370 1871 477 1931 est,
518 1860 633 1935 jugi
683 1860 1029 1917 observantia
1073 1875 1137 1916 ac
1170 1861 1470 1916 reverentia
1511 1860 1809 1918 custodire.

217 1957 421 2012 Verum
449 1956 617 2012 etiam
656 1953 917 2025 quoniam
946 1969 1136 2011 causas
1166 1952 1328 2026 hujus
1351 1953 1432 2010 rei
1463 1962 1520 2010 et
1542 1956 1813 2012 rationem

210 2049 376 2104 vultis
404 2061 718 2120 agnoscere,
749 2046 977 2118 accipite
1016 2046 1250 2103 breviter
1290 2060 1356 2101 ea
1388 2062 1514 2118 quae
1552 2063 1586 2103 a
1629 2048 1816 2105 senio-

211 2139 369 2197 ribus
404 2139 606 2196 nostris
651 2137 843 2195 tradita
871 2154 1036 2212 super
1076 2139 1179 2195 hac
1214 2138 1553 2197 institutione
1593 2156 1815 2213 compe-

210 2234 415 2290 rimus.
471 2235 864 2290 Verumtamen
912 2241 1209 2305 antequam
1272 2232 1561 2306 Scriptum
1620 2233 1819 2292 divina

210 2328 511 2386 auctoritas
552 2329 884 2402 proferatur,
910 2328 957 2386 si
979 2328 1173 2401 placet,
1198 2327 1267 2385 de
1297 2337 1492 2385 natura
1528 2327 1698 2401 ipsius
1728 2330 1820 2403 je-

206 2421 338 2494 junii
377 2429 438 2479 et
465 2423 724 2494 qualitate
776 2438 947 2496 pauca
995 2420 1261 2491 dicamus,
1289 2431 1353 2478 ut
1398 2421 1822 2495 disputationem

209 2523 467 2572 nostram
494 2516 833 2589 subsequens
869 2515 1277 2589 Scripturarum
1313 2515 1603 2574 conﬁrmet
1635 2525 1822 2574 aucto-

1911 472 2022 529 est,
2054 463 2318 520 universis
2351 479 2447 519 seu
2503 463 2798 535 prosperis,
2849 479 2949 520 seu
2986 478 3110 536 quae
3150 464 3372 522 adversa
3414 482 3510 537 pu-

1913 563 2100 613 tantur
2143 565 2198 612 et
2226 555 2420 623 tristia,
2454 563 2675 626 tempus
2701 569 2821 612 esse
2872 555 3158 627 proprium
3185 556 3508 629 designavit,

1911 649 2099 707 dicens
2129 668 2142 704 :
2168 660 2194 685 ⁸
2212 650 2470 708 Omnibus
2492 653 2698 719 tempus
2722 652 2820 712 est,
2852 654 2904 703 et
2926 653 3134 720 tempus
3161 653 3309 705 omni
3321 653 3400 705 rei
3409 653 3509 706 sub

1913 745 2057 800 uelo.
2109 748 2332 816 Tempus
2370 744 2629 815 pariendi
2663 749 2714 799 et
2757 749 2965 813 tempus
2992 745 3274 812 moriendi,
3305 749 3513 814 tempus

1906 839 2200 907 plantandi
2244 842 2295 893 et
2334 843 2542 907 tempus
2581 838 2844 892 euellendi
2880 838 3025 907 quod
3071 840 3377 908 plantatum
3414 844 3510 906 est,

1914 936 2119 1001 tempus
2133 931 2407 987 occidendi
2421 936 2473 988 et
2486 937 2691 1002 tempus
2707 932 2964 999 sanandi,
2981 936 3184 1003 tempus
3196 932 3514 989 destruendi

1915 1029 1967 1079 et
1996 1031 2205 1094 tempus
2227 1025 2556 1094 aediﬁcandi,
2600 1018 2813 1095 tempus
2848 1026 3102 1095 plorandi
3127 1030 3178 1081 et
3201 1031 3407 1097 tempus
3434 1029 3516 1082 ri-

1917 1117 2103 1184 dendi,
2135 1121 2342 1187 tempus
2354 1117 2664 1187 plangendi
2697 1123 2749 1172 et
2776 1121 2989 1187 tempus
3018 1120 3283 1183 saltandi,
3310 1124 3514 1190 tempus

1915 1209 2169 1265 mittendi
2189 1210 2395 1280 lapides
2431 1213 2483 1264 et
2502 1214 2708 1279 tempus
2736 1211 3025 1278 colligendi
3051 1212 3277 1280 lapides,
3307 1218 3514 1283 tempus

1913 1303 2269 1373 amplectendi
2288 1306 2340 1357 et
2354 1307 2560 1372 tempus
2580 1303 2734 1372 longe
2752 1303 2875 1371 ﬁeri
2892 1303 2962 1358 ab
2986 1302 3348 1374 amplexibus,
3375 1309 3514 1359 tem-

1908 1412 2015 1467 pus
2034 1396 2355 1467 acquirendi
2366 1400 2417 1450 et
2436 1400 2642 1465 tempus
2650 1396 2942 1465 perdendi,
2964 1401 3170 1467 tempus
3184 1399 3522 1453 custodiendi

1917 1496 1968 1545 et
1980 1496 2186 1561 tempus
2199 1490 2524 1560 expellendi,
2540 1494 2747 1560 tempus
2759 1491 3110 1561 dirumpendi
3122 1497 3170 1546 et
3183 1496 3387 1562 tempus
3398 1508 3516 1548 sar-

1917 1584 2112 1648 ciendi,
2156 1588 2361 1654 tempus
2392 1584 2604 1639 tacendi
2639 1589 2692 1639 et
2744 1589 2950 1656 tempus
2993 1585 3264 1655 loquendi,
3312 1590 3517 1655 tempus

1917 1678 2148 1734 amandi
2159 1682 2210 1733 et
2225 1682 2433 1748 tempus
2448 1679 2688 1743 odiendi,
2709 1683 2917 1750 tempus
2938 1679 3064 1734 belli
3080 1684 3131 1734 et
3149 1683 3354 1748 tempus
3363 1681 3519 1749 pacis

1922 1772 2127 1843 (Eccle.
2172 1771 2292 1843 iii).
2331 1773 2401 1826 Et
2428 1770 2588 1840 infra,
2622 1774 2763 1841 Quia
2791 1777 2999 1843 tempus
3027 1776 3123 1836 est,
3152 1772 3350 1843 inquit,
3376 1776 3523 1827 omni

1918 1868 2003 1921 rei
2026 1870 2077 1922 et
2103 1867 2251 1920 omni
2284 1866 2433 1932 facta
2464 1863 2670 1938 (Ibid).
2698 1863 2849 1921 Nihil
2870 1865 3036 1938 igitur
3061 1880 3127 1920 ex
3150 1863 3233 1920 his
3265 1880 3384 1921 esse
3422 1864 3521 1921 bo-

1922 1973 2057 2014 num
2104 1964 2428 2029 perpetuum
2471 1956 2732 2022 deﬁnivit,
2780 1957 2884 2013 nisi
2928 1972 3056 2014 cum
3095 1956 3262 2014 fuerit
3318 1956 3520 2013 horum

1924 2050 2053 2124 quid
2081 2059 2385 2124 opportune
2404 2060 2461 2108 et
2490 2059 2864 2122 competenter
2883 2052 3189 2124 expletum;
3212 2051 3285 2108 ita
3315 2059 3376 2107 ut
3403 2050 3522 2107 haec

1926 2143 2115 2200 eadem
2156 2159 2282 2216 qua:
2327 2159 2470 2200 nunc
2515 2152 2821 2216 opportune
2858 2152 3010 2216 gesta
3043 2143 3185 2201 bene
3228 2142 3446 2212 cedunt,
3476 2143 3522 2200 si

1927 2238 2246 2309 importuno
2272 2237 2352 2294 vel
2380 2236 2681 2310 incongruo
2705 2246 2952 2310 tempore
2987 2246 3411 2309 prtesumantur,
3434 2238 3523 2294 in-

1929 2331 2076 2388 utilia
2125 2330 2468 2388 inveniantur
2494 2338 2548 2387 et
2586 2331 2781 2400 noxia;
2806 2325 2835 2363 δ
2863 2330 3071 2403 absque
3098 2330 3200 2398 ibis
3241 2330 3527 2387 dumtaxat

1930 2438 2053 2497 quae
2081 2438 2176 2495 per
2209 2439 2268 2479 se
2304 2423 2670 2495 principaliter
2706 2424 2789 2480 vel
2822 2424 3004 2491 bona,
3054 2425 3134 2480 vel
3181 2425 3318 2480 mala
3360 2433 3522 2494 sunt,

1932 2526 1954 2553 °
1975 2532 2077 2572 nec
2104 2514 2398 2587 aliquando
2434 2524 2666 2588 possunt
2696 2516 2754 2572 in
2786 2517 3127 2573 contrarium
3167 2517 3422 2588 derivari,
3466 2526 3528 2575 ut

1300 2641 1565 2697 ALARDI
1604 2642 1836 2698 (ΞΑΖΑΞΙ
1872 2639 2441 2698 COMMENTARIUS.

210 2772 268 2813 eo
296 2757 572 2813 credentes
586 2760 775 2827 fecisse
802 2760 1029 2828 legimus
1059 2760 1206 2823 (Act.
1230 2760 1397 2823 xui).
1425 2760 1495 2813 Et
1524 2756 1698 2814 infra:
1721 2761 1827 2817 Nec

214 2829 308 2883 hoc
334 2830 476 2895 dico,
503 2830 646 2898 quod
664 2830 945 2885 dominicis
964 2829 1146 2884 diebus
1168 2828 1533 2898 jejunandum
1547 2835 1752 2898 putem,
1775 2834 1827 2885 et

212 2902 493 2954 contextus
506 2902 908 2969 quinquaginta
921 2901 1108 2954 diebus
1120 2901 1290 2966 ferias
1299 2900 1574 2966 auferam;
1588 2901 1682 2956 sed
1697 2916 1827 2955 una-

218 2984 451 3050 ςιιιαξαυε
470 2971 749 3050 Provinci“
786 2971 857 3050 in.
871 2984 968 3050 βιιο
1000 2983 1159 3050 δεξεμ
1180 2969 1822 3050 αβαηιέςΐκεέλοτίεοφςα

214 3037 488 3110 majorum
503 3040 635 3107 leges
654 3040 965 3110 apostolicus
994 3038 1314 3093 arbitretur.
1344 3040 1416 3094 Et
1440 3037 1686 3096 Isidorus
1714 3037 1821 3095 ibi—

1933 2757 2208 2834 imperari.
2239 2755 2420 2813 Sicubi
2447 2763 2632 2812 tamen
2650 2755 2758 2834 hoc
2775 2756 3249 2834 ipsumjejunipm
3274 2761 3526 2834 pracepti

1934 2827 2050 2901 lege
2070 2836 2343 2901 servatur,
2391 2842 2509 2901 non
2540 2835 2630 2901 est
2641 2827 3115 2901 _im_probandum._
3135 2827 3408 2888 Servanda
3444 2827 3528 2891 est

1933 2897 2012 2955 iii'
2034 2897 2303 2971 ejusmodi
2331 2897 2495 2971 rebus
2532 2897 2790 2971 Ecclesiae
2817 2899 3188 2971 consuetudo,
3227 2909 3291 2958 ut
3325 2904 3522 2960 Hiero-

1922 2967 2123 3043 nymus
2164 2969 2220 3024 in
2246 2967 2499 3043 epistola
2534 2967 2603 3025 ad
2649 2968 2971 3037 Lacinium,
3002 2978 3058 3026 et
3085 2967 3422 3043 Augustinus
3468 2975 3526 3032 in

1925 3038 2154 3112 epistola
2196 3038 2266 3112 ad
2304 3038 2667 3112 'Qasulanum,
2707 3048 2964 3112 monent.
3016 3043 3094 3096 Ita
3137 3038 3523 3101 Bellarminus.

216 3108 376 3193 dem_
400 3109 594 3191 citatus
639 3110 779 3193 (μδ.
821 3124 845 3164 ι
884 3108 950 3164 de
979 3110 1317 3193 Ofﬁc.“Ec_cl.
1365 3124 1482 3193 cap.
1513 3109 1605 3193 42)
1639 3127 1674 3193 ε¹
1697 3114 1825 3193 Post
1864 3183 1898 3193 _
1929 3108 2185 3193 Igleminit
2208 3110 2462 3193 ejusdem.
2481 3110 2846 3193 institutionis
2891 3118 2946 3167 et
2978 3112 3215 3193 triduaili
3254 3113 3436 3185 iejuuii
3467 3117 3528 3193 in

216 3180 719 3263 Pascha,_inguit,
763 3180 1069 3263 usqueuad
1093 3181 1500 3263 “Pentecosten,
1555 3180 1676 3263 liget
1726 3182 1823 3263 ob—
1857 3183 1901 3247 C
1934 3180 2417 3263 [togaﬁonibus-D.
2432 3181 2948 3263 {tugus‘tinusserny
2972 3189 3073 3238 173
3089 3182 3156 3263 de
3170 3180 3460 3263 Tempore,
3468 3187 3528 3263 in

213 3253 456 3307 servatio
465 3250 1176 3306 Ecclesiarumabstinentiw
1188 3252 1424 3319 rigorem
1431 3251 1681 3320 prandiis
1690 3252 1828 3306 rela-

215 3323 456 3384 mauerit,
481 3326 659 3377 tamen
685 3323 735 3377 si
757 3322 857 3391 qui
871 3320 1247 3392 monachorum
1262 3321 1346 3376 uel
1361 3321 1672 3375 clericorum
1683 3321 1830 3392 jeju-

216 3408 351 3446 nare
389 3395 634 3461 cupiunt,
663 3408 769 3447 non
790 3396 918 3446 sunt
934 3391 1258 3462 prohibendi
1284 3409 1300 3444 :
1322 3392 1452 3462 quia
1465 3391 1753 3458 Antonius,
1777 3396 1828 3448 et

217 3463 453 3522 Paulus.
485 3466 536 3516 et
559 3465 735 3517 centeri
760 3461 947 3517 Patres
970 3464 1214 3531 antiqui,
1241 3463 1404 3516 etiam
1431 3461 1516 3516 his
1543 3462 1727 3518 diebus
1766 3466 1826 3518 in

218 3547 397 3587 eremo
409 3531 661 3601 leguntur
675 3533 1191 3602 abstinuisse,qu
1197 3531 1823 3596 soluisseabstinentiam,

218 3605 335 3658 nisi
373 3607 586 3658 tantum
612 3605 698 3659 die
733 3604 1013 3659 dominico.
1042 3606 1174 3660 Haec
1192 3602 1301 3660 ille.
1331 3606 1539 3660 Verum
1566 3604 1827 3661 adversus

218 3673 509 3747 praemissa
537 3673 760 3746 objiciet
788 3672 1016 3747 fortasse
1040 3674 1308 3747 quispiam
1343 3695 1355 3731 :
1385 3674 1452 3747 Si
1469 3689 1536 3747 ex
1554 3676 1823 3732 sententia

216 3745 316 3818 SS.
357 3745 884 3818 Patrum’tempore
905 3745 1421 3818 Quinquagesimm,
1439 3745 1621 3818 idest,
1663 3762 1694 3802 a
1735 3747 1823 3804 die

217 3814 504 3871 Paschatis
532 3830 701 3886 usque
727 3814 797 3886 ad
832 3814 981 3872 diem
1010 3814 1370 3886 ,Pentécostes
1406 3816 1695 3884 inclusive,
1726 3834 1819 3874 re-

215 3886 464 3966 mittitur
488 3893 568 3966 et.
561 3885 932 3966 intermittitur
947 3885 1235 3966 jejunium,
1261 3901 1361 3966 cur
1395 3901 1524 3966 ergo
1549 3888 1844 3958 jejunatur-

217 3958 274 4012 in
300 3955 483 4028 vigilia
527 3958 896 4028 Pentecostes,
923 3955 1059 4010 etin
1082 3955 1275 4011 diebus
1295 3955 1673 4028 Pogationu'm
1700 3967 1826 4015 ante

215 4025 617 4099 Ascensionem
645 4025 1025 4082 Dominicani?
1053 4025 1416 4099 Respondeo:
1444 4026 1724 4099 Jejunium
1767 4029 1826 4084 in

217 4098 403 4171 vigilia
449 4100 802 4171 Pentecostes
849 4112 963 4152 non
991 4111 1116 4171 esse
1161 4096 1530 4171 ex‘primaiva
1572 4098 1826 4171 Ecclesiae

220 4167 604 4237 institutione,
660 4169 741 4224 vel
790 4167 1092 4242 apostolica
1136 4167 1427 4242 traditione
1449 4209 1465 4236 ,
1505 4178 1582 4242 _i_it
1619 4170 1825 4242 jejunia

218 4249 465 4322 quatuor
492 4237 843 4322 ‘temporum,’
861 4237 958 4295 sed
993 4239 1185 4322 expia
1221 4237 1643 4322 consuetudine;
1659 4237 1829 4322 etde-

219 4309 462 4368 votione
486 4309 751 4383 ﬁdelium,
776 4325 842 4383 ac
859 4309 1165 4383 reverentia
1183 4326 1312 4383 erga
1334 4318 1541 4383 tantam
1562 4310 1824 4383 solemni-

217 4391 396 4439 tatem
436 4380 703 4437 adventus
740 4380 972 4452 Spiritus
996 4381 1168 4437 sancti
1196 4380 1587 4453 posterioribus
1612 4381 1827 4440 saculis

217 4453 603 4510 introductum
646 4451 796 4519 (nam
820 4455 1006 4508 Patres
1046 4451 1362 4509 constanter
1387 4451 1663 4509 afﬁrmant
1706 4454 1823 4509 nul-

220 4526 340 4581 lum
406 4536 529 4580 esse
570 4523 842 4595 jejunium
896 4523 1039 4595 inter
1088 4523 1295 4595 Pascha
1352 4531 1409 4579 et
1473 4527 1825 4595 Pentecosten

220 4592 604 4668 imperatum),
625 4592 731 4649 nec
758 4602 870 4668 tam
903 4592 970 4648 ad
991 4594 1379 4668 painitentiani
1401 4602 1455 4668 et
1477 4594 1827 4668 afflictionem

218 4662 476 4749 corporis
520 4662 688 4746 quam
710 4663 785 4749 ad
822 4662 1172 4749 devotionem
1201 4672 1257 4746 e_t
1293 4665 1540 4749 spiritale
1568 4667 1828 4749 gaudium

219 4734 600 4809 excitandum,
625 4735 682 4790 in
710 4734 1272 4809 Ecclesia’observari.
1289 4734 1462 4809 Unde
1487 4745 1543 4791 et
1562 4734 1829 4809 jejunium

220 4805 614 4863 exsultationis
650 4813 706 4859 et
733 4805 932 4862 laetitia
959 4807 1258 4878 appellatur
1280 4806 1357 4877 (S.
1393 4805 1581 4862 Thom:
1607 4805 1732 4873 2-2,
1772 4825 1827 4878 q.

222 4884 359 4942 147,
385 4880 498 4948 a._5
515 4892 531 4939 ς
551 4878 755 4929 Duran.
777 4878 835 4928 in
854 4880 1031 4948 Ratio.
1063 4879 1161 4932 lib.
1178 4892 1406 4947 Vi,cap.
1440 4878 1583 4948 I06).
1606 4879 1834 4935 Constat

219 4945 592 5019 tamenhanc
632 4946 1081 5019 consuetudinem
1115 4963 1231 5004 esse
1267 4945 1663 5019 perantiquam.
1692 4951 1830 5004 Nam

220 5021 343 5097 ejus
365 5015 566 5097 jejunii
597 5015 851 5097 meminit
870 5016 1021 5097 ordo
1046 5015 1350 5097 Romanus,
1372 5019 1475 5097 qui
1494 5015 1568 5097 ab
1590 5020 1831 5097 Alcouino

220 5086 279 5147 et
305 5086 597 5147 Amalario
634 5086 836 5157 passim
879 5086 1075 5144 citatur
1117 5089 1204 5145 his
1238 5086 1418 5146 verbis
1459 5106 1473 5144 :
1510 5091 1741 5147 Sabbato
1774 5094 1835 5146 in

223 5163 442 5231 uigiliis
494 5162 821 5231 Pentecostes
869 5174 1045 5213 omnes
1078 5158 1353 5229 jejunium
1400 5163 1629 5229 faciunt.
1671 5162 1836 5218 Unde

225 5232 510 5304 colligitur
537 5230 682 5304 hanc
701 5244 819 5286 esse
841 5231 1294 5304 consuetudinem
1320 5232 1577 5304 Ecclesiae
1614 5233 1832 5304 univer-

223 5299 388 5370 salis,
424 5300 761 5375 qum__habet
803 5299 1092 5375 vim_le_gis
1128 5310 1196 5375 et
1227 5302 1483 5375 praecepti
1520 5323 1534 5359 :
1582 5302 1837 5375 quamvis

227 5370 684 5447 alioqui'nullum
713 5371 978 5447 exstetode
1004 5370 1109 5430 hoc
1126 5370 1337 5447 jejunio
1367 5370 1699 5447 praeceptum
1728 5391 1839 5432 ex-

228 5442 511 5517 pressum,
556 5449 620 5517 ut
644 5442 805 5517 dooet
836 5445 1003 5500 etiam
1047 5442 1430 5517 D.'r'_I‘homa's,
1461 5454 1517 5502 et
1545 5442 1681 5517 'post
1706 5462 1837 5502 eum

227 5512 550 5598 Cajetanus.
581 5512 749 5598 Quod
779 5515 1400 5598 autem'adtriduanum
1424 5512 1698 5598 jejunium
1716 5519 1839 5598 Bo-

232 5587 529 5660 gationuni
568 5587 776 5653 attinet,
809 5587 1118 5660 communis
1144 5595 1228 5660 est
1270 5587 1542 5660 sententia
1579 5603 1688 5642 non
1722 5596 1838 5645 tam

230 5655 497 5730 praecepti
526 5671 693 5727 quam
717 5655 948 5731 _consilii
986 5656 1150 5731 fuisse
1185 5659 1457 5731 ejusmodi
1494 5659 1837 5715 observatio-

229 5726 387 5795 iiem,
417 5726 569 5783 ’cum
606 5743 674 5783 ex
700 5726 859 5783 dictis
886 5735 1098 5784 constet
1124 5726 1268 5785 inter
1302 5729 1509 5788 Pascha
1545 5738 1600 5786 et
1636 5732 1838 5787 Pente-

231 5808 430 5856 costen
491 5812 557 5853 ex
609 5797 983 5870 antiquissima
1055 5798 1393 5860 institutione
1434 5801 1587 5859 nulla
1631 5800 1835 5874 jejunia

1857 4565 1908 4627 D

1936 3251 2498 3325 vigilia‘Ascensionis,
2519 3251 2573 3306 et
2601 3251 2857 3308 Sidonius
2877 3253 2966 3308 lib.
2994 3269 3049 3325 v.
3061 3254 3226 3325 epist.
3260 3251 3323 3311 ιιί
3347 3265 3400 3312 et
3427 3251 3523 3314 lib.

1931 3321 2034 3396 vii
2048 3321 2205 3396 epist,
2238 3329 2262 3377 1
2276 3362 2291 3375 .
2321 3324 2548 3396 Necnon
2570 3335 2748 3396 canon
2769 3323 3073 3396 29_concili_i
3099 3321 3525 3396 Aurelianensis,

1930 3407 1964 3470 a
1994 3391 2262 3470 Gratiano
2286 3392 2495 3470 relatus.
2511 3404 2630 3470 cap.
2659 3393 3003 3470 Itogatioms,
3029 3391 3098 3470 de
3120 3391 3523 3470 consec.,distl

1934 3468 1989 3529 3,
2014 3470 2071 3518 et
2095 3464 2190 3538 qui
2230 3461 2299 3517 de
2328 3459 2529 3538 ciliciis
2550 3459 2637 3538 et
2654 3460 2846 3538 ritibus
2891 3462 3271 3538 ecclesiasticis
3298 3459 3528 3538 scripse-

1934 3477 1989 3529 3,
2014 3477 2071 3518 et
2095 3477 2190 3591 gi
2230 3477 2299 3517 ue
2328 3477 2529 3516 cinciis
2562 3477 2618 3515 et
2654 3477 2846 3516 minus
2893 3477 3271 3519 ecclesiasticis
3298 3477 3524 3538 scripse-

1931 3541 2060 3589 runt
2088 3532 2104 3604 (
2182 3548 2326 3605 eger.
2364 3533 2581 3605 Valent.
2613 3533 2673 3605 in
2710 3536 2823 3597 2-2,
2850 3536 2901 3587 et
2924 3535 3064 3605 disp.
3096 3551 3151 3603 q.
3177 3541 3244 3605 2;
3269 3538 3524 3594 Bellum.

1933 3605 2028 3660 lib.
2076 3603 2120 3660 Ii
2170 3604 2237 3659 de
2280 3604 2440 3660 Bonis
2480 3603 2694 3672 Operib.
2722 3619 2771 3659 c.
2820 3603 3145 3667 21;Baron.
3189 3603 3249 3662 in
3288 3611 3412 3667 Not.
3456 3612 3530 3667 ad

1931 3676 2218 3751 Martyrol.
2241 3680 2310 3730 25
2562 3693 2588 3751 ;_
2607 3675 2830 3751 A_lcuin,
2856 3676 2897 3751 l._
2923 3689 3002 3751 ii;
3027 3677 3279 3733 Amalar.
3303 3681 3342 3736 ι.
3375 3696 3454 3751 Ii,
3479 3698 3525 3738 c.

1932 3752 2007 3803 37
2035 3766 2050 3814 ;
2089 3745 2300 3804 Baban.
2343 3745 2439 3800 lib.
2469 3759 2519 3800 ιι
2550 3745 2616 3800 de
2631 3747 2811 3800 Instit.
2849 3747 3024 3801 cleris.
3055 3763 3100 3802 c.
3130 3753 3243 3814 40).

2001 3827 2028 3854 ⁸
2058 3821 2157 3893 _lta
2195 3815 2533 3893 exﬁebraio
2564 3817 2729 3893 vertit
2764 3815 3153 3893 Bieronymus.
3186 3819 3530 3893 AtYulgata
3601 3852 3609 3861 .

1933 3889 2106 3945 versio
2125 3897 2207 3946 est
2224 3906 2238 3944 :
2258 3887 2455 3945 Omnia
2478 3891 2683 3958 tempus
2708 3887 2929 3953 habent,
2947 3887 2996 3943 et
3009 3890 3120 3943 suis
3139 3891 3332 3958 spatiis
3354 3887 3533 3947 trans-

1932 3965 2061 4015 eunt
2090 3962 2342 4014 uniuersa
2368 3958 2469 4013 sub
2503 3960 2629 4013 caelo
2656 3977 2673 4012 :
2710 3963 2914 4029 tempus

1931 4032 2214 4096 moriendi,
2236 4037 2340 4084 etc.
2375 4030 2587 4096 (Eccles.
2621 4030 2734 4096 ιιι).

2003 4094 2031 4130 ³⁵
2058 4102 2263 4172 lterum
2292 4107 2351 4172 et_
2372 4094 2650 4172 actionum
2675 4094 3040 4172 humanarum
3065 4099 3164 4154 tria
3193 4116 3391 4172 genera
3419 4102 3531 4160 dis-

1934 4168 2134 4242 tinguit
2152 4188 2169 4223 :
2197 4168 2452 4240 quaedam
2478 4167 2555 4243 ita
2578 4182 2684 4243 per
2703 4182 2763 4222 se
2788 4174 2845 4243 et
2871 4168 3162 4243 intrinsece
3194 4167 3325 4227 sunt
3362 4171 3529 4243 bona,

1935 4249 1996 4297 ut
2017 4237 2320 4311 numquam
2347 4237 2555 4311 possint
2572 4238 2685 4293 fieri
2708 4239 2871 4311 mala,
2893 4246 2955 4294 ut
2982 4238 3230 4297 virtutes.
3260 4237 3532 4301 Virtutem

1934 4311 2083 4367 enim
2103 4308 2295 4367 deﬁnit
2313 4308 2767 4385 @ugusﬁnusesse
2781 4310 2969 4385 bonam
2982 4312 3303 4385 qualitatem
3316 4319 3528 4385 mentis,

1935 4399 2045 4452 qua
2064 4397 2215 4437 nemo
2238 4381 2380 4436 male
2404 4380 2581 4435 utitur
2605 4380 2739 4451 (Lib.
2768 4395 2863 4447 III,
2893 4382 2959 4436 de
2980 4383 3169 4438 Libero
3194 4386 3378 4441 Arbit.
3393 4403 3439 4442 c.
3470 4380 3532 4444 18

1934 4455 2147 4527 et_19).
2180 4455 2525 4527 Baicautem
2564 4457 2724 4527 vocat
2760 4460 2951 4508 auctor
2980 4454 3345 4527 principaliter
3366 4458 3532 4527 bona,

1936 4525 2018 4580 vel
2066 4522 2385 4596 principalia
2430 4522 2594 4578 bona.
2625 4522 2750 4578 Alia
2778 4522 3087 4596 econtrario
3119 4522 3214 4596 per
3259 4542 3317 4583 se
3363 4538 3419 4584 et
3448 4522 3533 4584 in;

1935 4595 2168 4652 trinsece
2208 4596 2393 4665 mala,
2424 4602 2487 4649 ut
2530 4609 2837 4665 numquam
2878 4595 3088 4665 possint
3121 4595 3243 4665 ﬁeri
3272 4598 3445 4664 bona,
3475 4608 3535 4655 ut

1936 4665 2306 4733 mendacium,
2336 4663 2701 4730 adulterium,
2714 4670 2817 4720 etc.
2848 4663 2915 4721 Et
2943 4663 3066 4720 haec
3102 4663 3353 4722 similiter
3380 4663 3538 4725 vecat

1938 4737 2306 4809 principaliter
2334 4735 2634 4809 _mala,_vel
2686 4735 3002 4809 principalia
3028 4737 3227 4809 mala;
3263 4738 3527 4808 quoniam

1940 4804 2050 4880 non
2077 4804 2221 4880 ideo
2239 4806 2403 4880 mala,
2447 4805 2576 4880 quia
2605 4804 2907 4876 prohibita;
2950 4804 3049 4860 sed
3087 4805 3209 4863 ideo
3237 4804 3532 4880 prohibita,

1940 4877 2283 4950 quia_mala.
2318 4877 2614 4950 Inter-obtegi
2648 4882 2834 4950 autem
2870 4883 3143 4950 extrema,
3185 4877 3313 4935 sunt
3355 4877 3535 4938 media

1940 4945 2230 5027 quaedam,
2246 4956 2302 5003 et
2320 4945 2484 5027 veluti
2509 4945 2836 5027 adiaplioraj
2854 4946 2921 5027 _in
2950 4962 3060 5018 quo
3087 4964 3281 5027 genere
3306 4951 3539 5009 collocat

1940 5016 2344 5095 abstinentiam,
2370 5016 2664 5095 jejunium,
2691 5026 2746 5072 et
2784 5016 3056 5095 delectum
3092 5016 3376 5095 ciborum,
3414 5040 3538 5095 quae

1941 5091 1984 5145 si
2017 5105 2265 5162 congruo
2292 5087 2539 5162 tempore
2580 5087 2712 5162 (iant
2743 5097 2796 5144 et
2835 5088 2902 5144 ad
2941 5088 3148 5162 bonum
3189 5087 3371 5148 ﬁnem'
3400 5087 3538 5150 refe-

1941 5159 2152 5233 rantur,
2179 5168 2301 5233 puta
2333 5159 2529 5233 adDei
2550 5159 2785 5233 gloriam
2813 5167 2867 5214 et
2888 5160 3066 5233 carnis
3085 5163 3535 5233 macerationem,

1943 5231 2115 5300 bona;
2136 5228 2194 5288 isi
2220 5232 2287 5287 ad
2311 5229 2517 5285 malum
2542 5228 2732 5293 ﬁnem,
2755 5238 2880 5300 puta
2908 5228 2977 5286 ad
3002 5232 3423 5290 ostentationem
3445 5228 3540 5293 aut

1941 5299 2403 5375 superStitionem,
2441 5301 2523 5375 vel
2552 5299 2730 5375 alieno
2758 5299 3038 5375 tempore,
3069 5302 3165 5375 vel;
3180 5302 3539 5364 immoderate

1942 5372 2310 5442 assumantur,
2368 5374 2533 5428 mala.
2589 5372 2769 5429 Habes
2829 5372 3080 5430 eamdem
3135 5373 3537 5436 distinctionem

1944 5446 2231 5501 collatione
2259 5450 2315 5512 6,
2338 5459 2456 5514 cap.
2488 5450 2541 5499 3.

2018 5525 2040 5551 ο
2071 5511 2447 5595 virtute
2492 5529 2644 5595 nemo
2674 5511 2831 5595 “male
2870 5515 2955 5570 uti
2996 5520 3190 5595 potest,
3220 5519 3297 5575 ait
3340 5524 3537 5595 Augu-

1945 5587 2139 5663 stinus.
2161 5592 2235 5643 At
2259 5593 2444 5642 contra
2463 5585 2654 5663 objicit
2671 5585 3147 5663 S._Thomas(1_-2,
3175 5605 3229 5657 q.
3254 5596 3345 5661 55,
3376 5585 3536 5663 afri):

1947 5661 2274 5727 Quicumque
2311 5656 2552 5726 superbit
2595 5657 2661 5711 de
2699 5656 2903 5726 aliqua,
2942 5659 3081 5714 male
3106 5656 3283 5717 utitur
3305 5656 3364 5719 eo
3395 5684 3413 5718 :
3447 5656 3541 5721 sed

1940 5731 2103 5785 multi
2117 5729 2435 5801 superbiant
2461 5728 2527 5784 de
2547 5729 2752 5801 virtute
2763 5749 2785 5795 ;
2805 5729 2939 5801 dicit
2956 5732 3095 5784 enim
3114 5733 3453 5801 Augustinus
3480 5738 3539 5789 in

1937 5802 2141 5873 Regula
2174 5798 2327 5872 (Cap.
2363 5800 2440 5873 3),
2462 5798 2607 5873 quod
2642 5800 2896 5871 superbia
2931 5803 3096 5858 etiam
3125 5798 3271 5860 bonis
3299 5804 3540 5873 operibus

2940 3962 3211 4029 nascendi,
3242 3965 3295 4016 et
3324 3968 3532 4033 tempus
