4014 6202
528 286 550 342 1
565 286 660 340 187
1613 272 1892 331 JOANNIS
1926 273 2237 330 CASSIANI
2271 271 2760 330 COLLATIONES.
3703 277 3849 334 1188

521 415 606 464 est
625 405 860 479 justitia,
886 400 1202 475 prudentia,
1238 397 1526 464 fortitudo,
1547 397 1927 470 temperantia,
1960 405 2121 454 ciete-
2149 405 2204 468 Α
2231 414 2354 454 rum
2382 398 2708 454 abstinentia
2732 396 3051 464 collocetur,
3082 397 3185 452 erit
3206 393 3451 466 profecto
3478 410 3677 455 eorum
3695 402 3844 458 mala

520 515 708 571 ratque
728 499 982 565 virtutes,
1018 495 1132 551 sive
1176 509 1207 548 e
1234 491 1447 548 diverso
1474 491 1635 558 vitia,
1663 506 1901 563 quorum
1931 491 2122 547 deﬁni-
2228 502 2285 548 et
2325 492 2617 548 criminosa
2672 491 2967 564 perceptio.
3016 488 3291 561 Quidquid
3343 489 3493 545 enim
3552 492 3841 565 principali

519 597 672 652 tione
701 594 756 649 in
787 591 953 648 aliam
983 597 1192 659 partem
1219 586 1410 642 cadere
1437 585 1666 642 omnino
1696 585 1966 641 mutarive
2009 601 2121 641 non
2230 587 2375 642 bono
2417 586 2758 641 contrarium
2789 593 2892 655 est,
2928 584 3044 640 sine
3077 583 3247 640 dubio
3280 583 3585 655 principale
3629 588 3841 646 malum

522 695 772 761 possunt.
816 685 873 741 Si
902 698 1010 755 qua
1034 696 1163 737 vero
1192 681 1251 736 in
1279 689 1575 752 utrumque
1599 677 1861 734 affectum
1895 687 2122 750 possunt
2224 694 2344 736 esse
2377 678 2718 735 censendum
2747 686 2849 735 est.
2887 675 3047 751 Quod
3087 675 3303 733 deﬁniri
3341 690 3376 731 a
3408 676 3572 732 nobis
3593 677 3841 750 Scriptu-

519 779 817 854 aliquando
859 776 1121 842 transire,
1171 783 1233 831 ut
1271 789 1369 845 pro
1413 772 1670 844 qualitate
1720 772 1991 828 utentium
2034 772 2119 827 vel
2227 788 2412 828 rarum
2437 779 2749 829 sanctarum
2776 787 2887 827 non
2916 769 3180 842 permittit
3207 769 3531 826 auctoritas.
3555 779 3583 806 ⁸
3609 771 3668 827 Si
3694 773 3839 831 enim

518 878 663 935 bona
693 871 1045 930 inveniantur
1088 868 1172 925 vel
1212 866 1387 935 mala,
1414 865 1533 921 hac
1574 881 1688 921 non
1739 865 1988 921 absolute
2028 880 2126 936 pro
2236 866 2330 923 tali
2360 881 2527 922 sensu
2554 881 2619 922 ac
2660 863 2942 938 pr0posito
2959 861 3272 935 jejunemus
3294 870 3359 917 ut
3389 871 3675 934 peccatum
3700 880 3838 922 con-

520 987 618 1030 sua
645 976 870 1035 natura,
917 963 1016 1021 sed
1068 978 1164 1034 pro
1203 961 1568 1034 perpetrantis
1595 959 1799 1017 affectu
1836 969 1891 1017 et
1928 974 2125 1031 oppor-

519 1065 753 1123 tunitate
798 1059 1095 1134 temporis,
1127 1057 1210 1114 vel
1264 1058 1418 1114 utilia
1463 1055 1777 1125 interdum,
1831 1055 1913 1112 vel
1961 1055 2124 1112 noxia

521 1159 856 1217 sentiuntur.

1100 1247 1341 1302 CAPUT
1378 1245 1540 1299 XIII.

909 1350 1078 1418 Quale
1120 1349 1312 1403 bonum
1340 1349 1411 1402 sit
1431 1347 1726 1417 jejunium.

589 1453 963 1527 Quamobrem
985 1446 1510 1521 nunc'quaarendum
1540 1455 1621 1503 est
1644 1444 1777 1519 quid
1796 1460 1959 1518 super
1974 1445 2122 1518 jeju-

516 1551 735 1608 niorum
762 1556 905 1605 statu
931 1544 1219 1601 decernere
1248 1541 1547 1598 debeamus
1567 1580 1583 1606 ,
1610 1548 1926 1595 utrumnam
1965 1538 2119 1594 simi-

514 1646 638 1702 liter
665 1653 721 1700 et
758 1643 937 1714 ipsum
977 1639 1187 1695 bonum
1217 1652 1334 1694 esse
1363 1652 1427 1692 eo
1472 1634 1637 1691 modo
1684 1651 1793 1707 quo
1822 1633 2116 1707 justitiam,

516 1737 888 1812 prudentiam,
934 1730 1311 1790 fortitudinem
1371 1738 1466 1786 aut
1513 1729 1935 1800 temperantiam
1975 1728 2119 1785 dixi-

2234 960 2379 1017 trahi
2408 960 2464 1016 in
2492 975 2740 1017 escarum
2763 956 3172 1031 participatione
3198 954 3511 1027 credamus,
3532 974 3644 1015 non
3666 959 3837 1017 modo

2232 1055 2411 1111 nullos
2460 1053 2668 1111 fructus
2727 1069 2824 1126 pro
2884 1049 3210 1109 abstinentia
3260 1064 3685 1123 consequemur,
3739 1053 3839 1111 scd

2231 1149 2398 1205 etiam
2432 1157 2646 1204 reatum
2688 1145 2991 1203 maximum
3035 1159 3099 1199 ac
3136 1142 3400 1215 sacrilegii
3439 1144 3645 1201 crimen
3670 1148 3699 1181 ³³
3746 1161 3840 1204 se-

2230 1241 2473 1298 cundum
2508 1240 2835 1313 Apostolum
2858 1236 3269 1305 contrahemus,
3298 1237 3626 1293 abstinentes
3645 1254 3683 1293 a
3705 1240 3837 1297 cibis

2229 1350 2358 1405 quos
2396 1338 2537 1391 Deus
2578 1335 2781 1389 creavit
2818 1333 2893 1387 ad
2930 1330 3335 1402 percipiendum
3375 1346 3497 1385 cum
3525 1334 3837 1401 gratiarum

2229 1430 2433 1483 actione
2442 1428 2711 1497 ﬁdelibus,
2729 1432 2781 1481 et
2799 1426 2883 1480 his
2896 1426 2995 1494 qui
3009 1426 3368 1492 cognoverunt
3376 1425 3683 1493 veritatem,
3704 1428 3837 1495 quia

2229 1524 2397 1577 omnis
2434 1526 2678 1577 creatura
2705 1521 2806 1577 Dei
2847 1519 3003 1587 bona,
3034 1522 3087 1573 et
3114 1517 3256 1572 nihil
3302 1517 3654 1587 rejiaendum
3690 1520 3837 1589 quod

2227 1632 2346 1671 cum
2374 1618 2684 1686 gratiarum
2711 1617 2918 1670 actione
2942 1615 3248 1685 percipitur
3272 1611 3318 1682 (Ι
3349 1616 3480 1669 Tim-
3522 1618 3635 1680 Ην)-
3671 1617 3699 1647 °
3727 1617 3840 1683 0ιά

2225 1713 2365 1765 enim
2383 1716 2544 1781 putat
2551 1710 2687 1781 quid
2694 1724 2965 1766 commune
2982 1722 3112 1772 esse,
3132 1707 3221 1762 illi
3230 1722 3491 1762 commune
3511 1722 3621 1762 esse
3648 1709 3834 1779 (Rom.

514 1800 665 1901 mus,
695 1847 818 1904 quae
837 1800 891 1885 in
912 1837 1123 1901 partem
1143 1824 1478 1883 contrariam
1508 1823 1720 1895 penitus
1747 1822 1980 1878 transire
2002 1838 2118 1879 non
2144 1824 2192 1888 Β
2224 1808 2347 1905 ξίῙῩ)
2364 1822 2381 1873 i
2396 1813 2449 1861 θῖ
2466 1803 2672 1905 iaci“?
2690 1803 2762 1859 Ob
2781 1803 2959 1860 δοιδω
2978 1800 3381 1905 Ρῗτῗξρῖξουξδω

514 1893 764 2000 possunt;
808 1940 881 1981 an
914 1893 1164 1979 medium
1199 1919 1359 1992 quid,
1403 1893 1551 1990 quod
1588 1917 1864 1974 interdum
1905 1915 2096 1974 facturr

2221 1898 2455 1972 legimus
2499 1898 2955 1964 condemnatum,
2986 1896 3091 1952 nisi
3119 1893 3259 1953 forte
3279 1893 3532 1967 junctum
3571 1894 3706 1966 quid
3744 1894 3834 1951 fu-

515 2020 684 2093 possit
733 2016 1020 2091 prodesse,
1062 2013 1340 2070 interdum
1379 2010 1805 2084 praetermissum
1846 2010 2112 2067 condem-

510 2129 644 2170 nare
687 2129 798 2168 non
840 2111 1034 2184 possit,
1066 2108 1322 2182 quodque
1366 2119 1785 2176 nonnumquam
1813 2104 1985 2176 egisse
2025 2120 2115 2161 re-

513 2204 869 2277 prehensibile
922 2203 1016 2271 sit,
1068 2214 1486 2271 nonnumquam
1530 2195 1949 2269 praetermisisse
1994 2197 2114 2255 lau-

510 2299 706 2355 dabile.
752 2297 809 2353 Si
852 2296 999 2353 enim
1037 2295 1095 2350 in
1123 2294 1215 2350 illa
1259 2292 1579 2349 deﬁnitione
1620 2293 1907 2362 virtutum,
1946 2292 2115 2349 etiam

465 2368 473 2377 ’
501 2391 774 2465 jejunium
801 2403 1139 2457 censeamus,
1166 2394 1229 2443 ut
1255 2387 1399 2444 inter
1434 2385 1748 2459 principalia
1787 2385 1931 2442 bona
1957 2387 2112 2445 cibo-

2219 1994 2341 2063 erit,
2373 1993 2458 2049 vel
2486 2000 2673 2065 postea
2700 1993 3055 2049 subsecutum
3074 2028 3089 2059 ,
3115 2004 3212 2062 per
3235 1987 3384 2060 quod
3410 1988 3673 2045 meruerit
3692 2003 3834 2046 con-

2225 2087 2491 2145 damnari.

2809 2181 3057 2239 CAPUT
3092 2181 3247 2237 XIV.

2402 2285 2553 2355 Quod
2582 2300 2690 2340 non
2713 2287 2787 2339 sit
2812 2283 3113 2355 principale
3142 2283 3338 2338 bonum
3353 2282 3651 2353 jejunium.

2289 2376 2319 2421 ά
2350 2390 2538 2461 Itaque
2581 2388 2685 2445 hoc
2714 2386 2964 2444 medium
3000 2401 3117 2444 esse
3152 2385 3320 2443 etiam
3345 2400 3414 2443 ex
3455 2385 3566 2444 hoc
3597 2385 3826 2444 manife-

1617 2518 1871 2581 ALARDI
1910 2526 2135 2581 (ἶΑΖᾸΞΙ
2173 2526 2733 2585 COMMENTARIUS.

506 2654 825 2721 insidiatur,
870 2656 934 2706 ut
971 2654 1215 2721 pereant.
1248 2648 1465 2723 Falsum
1489 2650 1567 2723 est
1609 2662 1764 2717 ergo,
1796 2650 1941 2723 quod
1966 2666 2117 2706 nemo
2222 2650 2489 2723 siccorum
2515 2666 2649 2720 usu,
2678 2666 2805 2723 quae
2833 2649 3157 2723 xerOpbagia
3183 2648 3510 2723 dicitursde
3545 2663 3625 2721 qu

3627 2664 3663 2705 a
3701 2648 3826 2706 alias

504 2730 704 2782 virtute
716 2718 855 2779 male
865 2718 1075 2777 utatur.
1093 2721 1414 2793 Respondet
1427 2720 1483 2774 S.
1500 2718 1744 2794 Thomas
1755 2721 1900 2790 quod
1914 2724 2116 2777 virtute
2222 2721 2433 2794 egimus
2461 2724 2596 2794 (Lib.
2628 2718 2714 2778 iv-
2729 2726 2861 2794 Inst.
2879 2739 2938 2794 7c.
2966 2718 3103 2786 '21):
3115 2723 3170 2778 S.
3201 2721 3332 2777 item
3357 2718 3753 2794 Hieronymus
3776 2720 3826 2794 in

501 2803 679 2868 potest
720 2797 921 2868 aliquis
949 2794 1093 2868 male
1119 2789 1227 2859 uti,
1271 2798 1553 2868 tamquam
1581 2789 1801 2868 objecta,
1829 2797 2113 2868 putacuin

504 2862 644 2923 male
666 2862 827 2924 sentit
848 2867 916 2921 de
953 2867 1174 2926 virtute,
1205 2879 1326 2918 cum
1352 2862 1467 2916 odit
1489 2877 1624 2923 eam,
1656 2863 1738 2916 vel
1764 2865 2006 2931 superbit
2045 2864 2113 2919 de

504 2956 567 2996 ea
586 2958 602 3007 ;
618 2955 724 2994 non
738 2943 1014 3007 tamquam
1018 2936 1289 3006 principio
1303 2947 1451 2996 usus,
1468 2933 1546 2987 ita
1556 2933 1757 2988 scilicet
1768 2934 1911 3002 quod
1928 2933 2109 2989 malus

502 3014 576 3065 sit
605 3014 755 3064 actus
781 3009 1019 3062 virtutis.

572 3090 598 3117 ι
624 3082 757 3136 Haec
791 3080 938 3134 enim
961 3075 1067 3132 fuit
1098 3074 1322 3145 haeresis
1349 3081 1405 3145 et
1444 3071 1754 3145 superstitio
1797 3074 2104 3131 multorum

501 3150 907 3214 haereticorum,
951 3146 1045 3216 qui
1075 3144 1280 3200 idcirco
1303 3143 1653 3216 jejunabant,
1681 3151 1777 3199 aut
1814 3159 1844 3199 a
1872 3145 2103 3216 quibus-

502 3220 629 3275 dam
657 3220 793 3275 cibis
821 3215 1183 3281 abstinebant,
1208 3215 1364 3286 quod
1384 3229 1478 3271 eos
1510 3222 1702 3270 natura
1730 3229 1827 3271 sua
1856 3215 2103 3272 immun-

502 3289 610 3346 dos
641 3299 697 3346 et
726 3286 1119 3368 abominabiles
1144 3286 1453 3368 crederent,
1481 3294 1538 3341 et
1575 3294 1857 3368 propterea
1887 3288 2105 3368 iliicitos

499 3369 662 3432 atque
699 3359 1019 3432 prohibitos.
1057 3356 1263 3432 Et_alii
1293 3356 1517 3432 quidem
1537 3356 1805 3432 omnium
1831 3359 2103 3432 animan-

499 3427 643 3489 tiu'm
683 3427 874 3487 carnes
918 3427 1229 3486 immundas
1265 3427 1386 3484 esse
1417 3427 1691 3495 dicebant,
1719 3437 1783 3485 ut
1829 3428 2104 3487 Ebionitae

496 3504 639 3575 apud
670 3502 1054 3575 Epiphaniam,
1081 3498 1274 3575 hgresi
1297 3506 1395 3575 ao;
1422 3500 1717 3575 Encratita}
1744 3500 1888 3572 apud
1912 3506 2102 3575 Augu-

497 3517 639 3575 apud
673 3517 1054 3574 Epiphaniam,
1082 3517 1274 3555 [κει-εει
1297 3517 1395 3569 su;
1423 3517 1717 3555 δῦθι-ειπερ
1744 3517 1888 3572 apun
1912 3517 2097 3626 augu-

497 3576 730 3638 stinum,
761 3572 957 3627 haeresi
987 3577 1087 3637 25;
1118 3569 1466 3641 Eustathiani
1498 3570 1645 3641 apud
1680 3571 1973 3627 Socratem.
2026 3573 2097 3627 ib.

497 3660 566 3711 ιι,
590 3659 709 3715 cap.
739 3648 805 3698 33
825 3640 1290 3715 ;__Prisci|iianistae
1312 3639 1458 3715 apud
1487 3639 1877 3715 Augustinum,
1903 3642 2093 3715 haeresi

495 3721 600 3775 70:
626 3711 922 3786 A'postolici
941 3711 1085 3783 apud
1112 3711 1452 3786 Bernardum
1476 3711 1640 3786 scrin.
1672 3717 1759 3786 66_
1772 3712 1826 3768 in
1851 3714 2093 3786 Cantica.

495 3786 605 3842 Alii
626 3782 740 3842 non
770 3784 950 3840 solum
975 3782 1187 3849 carnes,
1210 3782 1305 3839 sed
1332 3783 1498 3838 etiam
1532 3782 1720 3838 vinum
1745 3783 2095 3841 immundum

493 3857 747 3913 dixerunt
773 3863 936 3927 atque
958 3854 1185 3927 omnino
1209 3853 1512 3927 vitandum,
1536 3861 1600 3909 ut
1620 3853 2096 3927 Manichazi,'apud

495 3924 887 4001 Augustinum.
900 3925 1094 4001 βιωτθεί
1113 3930 1207 4001 ειβ.
1220 3926 1297 3981 At
1316 3926 1635 4001 Christiani,
1650 3924 1829 4001 inquit
1846 3924 2096 4001 Augusti:

492 3997 615 4055 nus'
626 4000 843 4069 (Contra
865 4000 1123 4053 Faustum
1146 3997 1184 4049 ι.
1206 4009 1334 4051 xxx
1357 4010 1477 4065 cap.
1501 3998 1578 4064 5),
1602 4011 1707 4051 non
1731 3997 1986 4061 haeretici,
2004 4000 2097 4054 sed

489 4068 754 4131 cathOlici,
773 4068 1063 4124 edomandi
1079 4069 1311 4137 corporis
1335 4082 1515 4133 causa,
1532 4071 1757 4138 propter
1769 4070 2008 4123 animam
2025 4071 2094 4124 ab

490 4082 754 4131 cathouci,
773 4082 1061 4124 eaomanai
1079 4082 1311 4137 corporis
1335 4082 1757 4192 causa’ﬁn'opter
1769 4083 2008 4123 animam
2025 4082 2094 4124 ao

490 4141 957 4197 irrationabilibus
983 4138 1216 4193 motibus
1244 4138 1473 4192 humilia
1552 4153 1662 4202 am,
1692 4154 1802 4193 non
1828 4140 1973 4209 quod
1997 4141 2094 4195 illa

489 4228 597 4269 esse
622 4211 905 4268 immunda
930 4210 1189 4273 credant,
1218 4226 1326 4264 non
1351 4210 1522 4264 solum
1547 4225 1581 4263 α
1609 4210 1882 4273 carnibus,
1909 4226 2092 4266 verum

488 4287 649 4339 etiam
663 4301 698 4339 a
713 4282 1038 4354 quibusdam
1051 4286 1209 4335 terra:
1216 4281 1474 4354 frugibus
1485 4282 1861 4354 abstinent,vel
1868 4296 2088 4352 semper,

487 4358 648 4409 sicuti
668 4351 861 4424 pauci;
895 4354 979 4406 vel
1005 4354 1162 4424 certis
1192 4351 1379 4405 diebus
1403 4356 1565 4421 atque
1584 4351 1925 4424 temporibus,
1950 4351 2092 4409 sicut

480 4440 583 4495 per
611 4422 1229 4495 Quadragesimamfere
1253 4436 1450 4495 omnes.

557 4497 584 4530 ⁸³
636 4497 698 4550 In
727 4495 1030 4547 novissimis
1078 4492 1283 4555 diebus,
1330 4492 1409 4547 ait
1456 4492 1773 4563 Apostolus,
1819 4495 2089 4550 discedent

486 4566 713 4637 quidam
732 4580 769 4619 a
791 4563 918 4634 ﬁde,
932 4562 1283 4637 prohibentes
1298 4563 1494 4637 nubere
1510 4562 1571 4616 et
1586 4564 1856 4637 abstinere
1870 4581 1905 4618 a
1933 4566 2083 4637 cibis,

485 4634 616 4710 quos
657 4641 797 4694 Deus
825 4636 1045 4710 creavit,
1086 4641 1191 4688 etc.
1237 4636 1285 4710 (_l
1330 4636 1467 4710 Tim.
1519 4635 1621 4710 IV):
1654 4634 1868 4701 Quibus
1908 4636 2086 4710 verbis

484 4703 711 4787 damnat
732 4707 1064 4787 _Apostolus
1105 4703 1370 4787 quosdam
1427 4703 1735 4787 haereticos,
1773 4708 2084 4787 praesertim

487 4776 860 4837 Marcionistas
905 4786 960 4835 et
1000 4776 1353 4841 Manichaaos,
1399 4790 1537 4848 quos
1563 4776 1637 4848 in_
1658 4776 1850 4847 spiritu
1887 4779 2084 4848 praevi-

485 4852 650 4931 dehat
671 4851 908 4918 futuros,
938 4850 1324 4931 in‘novissimis
1345 4846 1554 4931 diebus,
1586 4846 1641 4903 id
1664 4846 1772 4929 est,
1812 4846 2083 4931 pomerio-

485 4924 635 5002 ribus
670 4919 1545 5002 aut_sequentibustemporibus,
1586 4918 1678 5002 qui
1711 4935 1743 4975 a
1787 4918 2082 5002 cibisqui-

482 4991 711 5048 busdam
741 4989 1092 5055 abstinerent,
1126 4999 1180 5045 et
1207 4989 1586 5046 abstinendum
1604 4989 1905 5058 docerent,
1933 4989 2081 5047 tam-

522 5079 648 5121 nam
681 5077 776 5135 per
795 5077 853 5116 se
881 5061 1176 5135 immundis
1199 5070 1252 5135 et
1274 5061 1500 5135 illicitis:
1522 5061 1671 5135 quod
1691 5061 1942 5118 catholici
1966 5079 2081 5120 non

522 5080 648 5121 nam
681 5080 776 5135 per
795 5080 853 5116 se
881 5080 1176 5116 Immunals
1199 5080 1252 5115 Θῐ
1274 5080 1468 5116 IIIICIIIS
1488 5080 1500 5113 Ξ
1522 5080 1671 5131 quoa
1691 5080 1942 5118 0811101101
1966 5080 2079 5120 non

481 5080 715 5202 φθείροι,
747 5137 883 5189 dum
911 5147 942 5187 a
967 5130 1101 5187 cibis
1130 5130 1666 5204 quibusdamsuidio
1697 5135 2079 5204 temperantia:

478 5219 573 5265 aut
621 5204 946 5279 castiganda:
972 5201 1173 5279 carnis
1216 5217 1378 5279 causa
1430 5201 1749 5279 abstinent:
1795 5201 2078 5279 quomodo

480 5282 637 5363 Pri?!“
677 5273 1267 5363 ϋιίᾯιπίεῖίεξηίήρρράί
1283 5273 1777 5363 ,θέῗκίῗῗέῗὶίὲπέηέ
1795 5273 2076 5363 ξῃθίέἷθο

480 5344 712 5408 instituti
753 5347 823 5404 ad
850 5344 1632 5418 vesperam:tantum_c_ihum
1664 5359 1904 5418 sumere,
1938 5354 1999 5418 et
2043 5364 2075 5404 a

479 5424 730 5478 carnibus
774 5429 829 5476 et
873 5414 998 5474 vin'o
1030 5416 1304 5473 abstinere
1350 5414 1615 5480 solebant,
1647 5424 1711 5470 ut
1737 5433 1799 5472 ex
1848 5416 2077 5475 Philone

479 5491 723 5548 referunt
757 5491 1023 5549 Eusebius
1045 5489 1139 5544 lib.
1172 5503 1220 5545 ιι
1264 5487 1467 5542 Hister.
1500 5502 1618 5559 cap.
1656 5493 1739 5557 17,
1769 5498 1824 5543 et
1852 5490 1906 5546 S.
1951 5491 2078 5547 Hie-

477 5576 741 5630 ronymus
796 5563 850 5617 in
905 5561 1161 5628 Philone,
1216 5575 1360 5631 capt
1394 5564 1485 5615 75.
1532 5561 1585 5615 S.
1650 5559 1977 5631 Epiphanius
2023 5564 2077 5619 in

478 5628 666 5689 Doctr.
707 5634 1047 5700 Compendio
1075 5628 1307 5688 testatur
1333 5628 1499 5686 fuisse
1535 5631 1629 5703 qui
1670 5628 1863 5702 sponte
1911 5634 2073 5687 absti-

2221 2790 2445 2864 epistola
2474 2790 2480 2792 ⁷
2506 2793 2575 2849 ad
2629 2793 2989 2850 Eustochium
3037 2794 3229 2864 (Epist.
3287 2791 3373 2863 22)
3430 2790 3623 2864 scribit
3679 2791 3827 2862 apud

2219 2862 2577 2921 anachoretas
2603 2872 2666 2937 et
2687 2863 2989 2937 monachos
3008 2862 3288 2937 Egyptims
3319 2862 3579 2937 cuptinua
3603 2876 3717 2933 per
3740 2871 3827 2918 to-

2218 2942 2340 3008 tum
2380 2949 2589 3008 annum
2641 2934 2811 2992 fuisse
2846 2935 3053 3008 jejunia
3080 2934 3337 3008 ‘(eicepta
3372 2935 3728 3008 Pentecoste,
3771 2941 3825 3008 ut

2216 3004 2430 3079 dictum
2473 3006 2580 3079 est)
2611 3015 2666 3063 et
2694 3004 3013 3079 perpetuam
3042 3023 3073 3062 a
3102 3007 3226 3079 vino
3249 3004 3321 3079 et
3356 3004 3627 3079 carnibus
3652 3004 3825 3079 absti-

2213 3076 2473 3133 nentiam.
2514 3075 2668 3133 Idem
2695 3075 2856 3134 docet
2894 3078 3232 3134 Auuustinus
3269 3076 3365 3133 lib.
3408 3091 3433 3132 ι
3460 3076 3531 3134 de
3569 3075 3824 3133 Moribus

2136 3134 2181 3198 C
2212 3148 2415 3203 Eccles.
2443 3165 2493 3204 c.
2528 3153 2617 3220 31,
2648 3156 2702 3220 et
2729 3149 2933 3220 passim
2957 3134 3047 3205 alii
3073 3151 3280 3205 Patres.

2282 3228 2304 3255 °
2346 3221 2486 3304 Scio,
2540 3219 3086 3304 inquit’Apostolus,
3135 3226 3188 3275 et
3504 3221 3558 3302 in

2209 3293 2354 3358 Jesu,
2372 3293 2506 3361 quia
2514 3292 2657 3346 nihil
2661 3305 2932 3346 commune
2936 3293 3243 3361 peripsum,
3255 3293 3369 3345 nisi
3373 3293 3425 3345 ei
3436 3292 3533 3360 qui
3539 3292 3824 3345 existimat

2211 3362 2346 3431 quid
2365 3378 2641 3417 commune
2656 3377 2782 3426 esse,
2804 3364 2895 3433 illi
2909 3378 3177 3417 commune
3197 3367 3273 3417 est
3298 3364 3469 3433 (Rom.
3501 3364 3658 3433 xxv).
3683 3361 3818 3425 Ubi,

2210 3448 2501 3506 commune,
2528 3433 2583 3489 id
2597 3441 2717 3506 est,
2741 3431 3032 3506 profanum
3055 3441 3109 3488 et
3127 3431 3502 3506 immundum.
3533 3431 3630 3488 Sic
3668 3432 3819 3487 enim

2210 3502 2479 3576 vocabant
2505 3507 2536 3576 ,ι
2543 3504 2683 3561 11ὰωὶ
2708 3502 2977 3576 quidquid
3012 3512 3107 3560 aut
3131 3504 3297 3576 edere
3333 3511 3432 3576 aut
3467 3511 3818 3576 contrectare

2209 3573 2287 3646 eis
2301 3575 2639 3631 nonlicehat.
2657 3573 2806 3633 Nihil
2823 3573 2945 3631 vero
2956 3591 3245 3639 commune,
3266 3574 3445 3646 inquit
3472 3574 3699 3636 Paulus,
3724 3589 3820 3645 per

2210 3644 2509 3719 ips_um,__8_i’
2555 3646 2727 3712 αὖτοῦ,
2762 3662 2858 3719 per
2897 3646 3318 3719 aspirationem,
3338 3644 3414 3719 ‘id
3454 3654 3560 3710 est,
3593 3661 3703 3719 per
3732 3644 3816 3719 se,

2203 3716 2330 3787 quia
2371 3716 2505 3787 nihil
2559 3716 2891 3774 natura—sua
2934 3716 3315 3783 immundum;
3355 3716 3404 3787 si
3439 3730 3571 3787 vero
3613 3716 3819 3786 spiritu

2204 3785 2311 3860 leni
2340 3787 2404 3839 δι’
2438 3786 2609 3860 diruti,
2640 3797 2701 3844 ut
2736 3796 2927 3860 noster
2972 3790 3241 3860 interpres
3276 3786 3420 3860 βδεῖτε
3437 3785 3519 3860 ,ίά
3715 3802 3817 3860 Per

2203 3856 2405 3928 ipsum,
2427 3854 2633 3915 scilicet
2652 3859 2952 3915 Dominum
2972 3854 3186 3926 Iesum,
3204 3858 3289 3929 qui
3310 3854 3562 3929 puriﬁcat
3584 3854 3812 3913 omnia.

2182 3929 2365 3985 ~Unde
2394 3931 2557 3987 Petro
2582 3930 2793 3987 dictum
2820 3939 2906 3987 est
2934 3931 2993 3987 in
3030 3930 3184 3986 Actis
3217 3928 3235 3985 ἑ
3265 3928 3418 4000 Quod
3440 3931 3585 4000 Deus
3608 3932 3815 3998 puriﬁ-

2201 4003 2365 4070 caoit,
2388 4005 2448 4055 tu
2467 4017 2533 4057 ne
2557 4017 2830 4057 commune
2852 4003 3061 4058 diceris
3084 4003 3231 4069 (Act.
3265 3997 3350 4067 αἱ).
3386 3997 3707 4070 Puriﬁcavit
3723 3997 3812 4055 au.

2201 4079 2313 4127 tem
2340 4074 2489 4144 Deus
2516 4087 2709 4144 omne
2732 4073 2906 4144 cibos,
2938 4072 3260 4144 quiagnullos
3281 4069 3617 4144 Christianis
3633 4071 3812 4144 voluit

2200 4156 2319 4197 esse
2364 4143 2710 4209 immundos;
2737 4143 2879 4199 sicut
2904 4141 3109 4201 Iudaeis
3137 4142 3296 4198 multi
3336 4148 3496 4198 erant
3535 4141 3643 4196 cibi
3694 4142 3808 4197 im-

2200 4214 2410 4279 mundi,
2437 4215 2500 4269 ob
2522 4217 2966 4285 signiﬁcationem
2992 4220 3045 4269 et
3064 4217 3322 4284 ﬁguram,
3349 4229 3517 4285 quam
3554 4212 3807 4270 Christus

2198 4288 2394 4357 amouit
2431 4286 2704 4357 implendo
2754 4301 2948 4357 omnes,
2967 4288 3196 4357 ﬁguras,
3228 4285 3305 4341 ait
3341 4285 3406 4357 Si.
3444 4284 3691 4357 Thomas
3720 4286 3808 4352 (In

2201 4354 2633 4426 Commentario).
2666 4358 2856 4426 Itaque
2892 4354 3210 4413 Christianis
3237 4372 3268 4411 a
3297 4356 3448 4411 nullo
3479 4354 3606 4409 cibo
3651 4363 3804 4409 tam-

2200 4441 2365 4499 quam
2395 4426 2679 4499 immundo
2710 4427 3097 4499 abstinendum
3125 4434 3227 4493 est,
3252 4426 3382 4499 quia
3400 4440 3578 4499 neque
3605 4433 3803 4499 namra

2200 4494 2538 4578 immundus,
2557 4508 2619 4554 ut
2633 4497 3138 4578 haireticivolebant
3150 4517 3167 4561 ;
3181 4494 3358 4578 neque
3375 4494 3800 4578 signiﬁcatione,

2200 4576 2258 4642 u_t_
2277 4577 2526 4642 tempore
2555 4569 2753 4625 veteris
2786 4570 2941 4642 legis.
2973 4570 3257 4642 caeterum
3268 4566 3327 4625 'si
3364 4566 3489 4641 quis
3516 4566 3801 4642 existimat

2192 4638 2375 4711 cibum
2396 4637 2638 4711 aliquem
2665 4655 2783 4696 esse
2811 4637 3187 4708 immundum,
3228 4648 3285 4696 et
3311 4637 3491 4711 tamen
3520 4652 3586 4691 eo
3614 4637 3795 4691 resci-

2192 4717 2283 4765 tur
2300 4730 2317 4777 ;
2333 4710 2396 4765 ﬁt
2414 4709 2831 4767 illi‘immundus
2844 4750 2859 4778 ,
2879 4713 3183 4768 secundum
3200 4709 3532 4782 Apostoluin,
3554 4715 3798 4777 propter

2191 4783 2599 4865 conscientiam.
2622 4785 2713 4850 Ei,
2736 4783 2941 4865 inquitl
2954 4784 3049 4853 qui
3067 4779 3344 4865 existimat
3511 4793 3799 4865 commune

2191 4867 2324 4921 esse,
2347 4854 2434 4907 illi
2470 4870 2738 4909 commune
2779 4859 2857 4909 est
2880 4855 3051 4924 (Rom.
3083 4858 3236 4919 XIV),
3282 4854 3407 4924 quia
3430 4857 3622 4906 contra
3657 4864 3800 4905 eon-

2189 4923 2479 4997 scientiam
2504 4926 2634 4997 agit,
2665 4938 2791 4996 quae
2807 4925 3114 4997 secundum
3143 4924 3361 4997 axioma
3384 4920 3795 4997 theologorum,

2191 4992 2458 5064 (quamvis
2498 4992 2727 5052 efronéa
2773 4995 2862 5067 sit)
2918 5011 3134 5067 semper
3175 4992 3592 5067 obligathNam
3638 5007 3797 5047 omne

2188 5068 2334 5137 quod
2361 5082 2464 5122 non
2491 5073 2569 5123 est
2594 5083 2660 5121 ear
2677 5066 2802 5136 ﬁde,
2814 5063 3088 5137 peccatum
3110 5072 3207 5131 est,
3232 5063 3319 5122 ait
3332 5063 3537 5137 ibidem
3560 5067 3797 5134 Aposto-

2187 5136 2289 5193 lus.
2320 5138 2474 5205 Quod
2518 5153 2624 5193 non
2659 5134 2737 5193 est
2765 5134 2834 5192 ea}
2866 5138 2990 5207 ﬁde,
3020 5138 3077 5194 id
3117 5146 3221 5205 est,
3243 5134 3605 5208 quodgcontra
3649 5149 3794 5188 con-

2185 5208 2466 5287 scientiam
2507 5218 2561 5265 et
2583 5208 2881 5287 propriam
2933 5206 3339 5287 persuasionem
3386 5206 3471 5287 ﬁt,
3516 5210 3797 5287 W

2186 5284 2297 5351 est;
2328 5280 2484 5341 πίστις
2512 5278 2655 5335 enim
2686 5278 2791 5335 hoc
2814 5278 3364 5351 loco'persuasionem
3395 5278 3687 5351 signiﬁcat,
3729 5283 3799 5331 ut

2184 5350 2375 5406 Patres
2415 5351 2613 5406 docent
2659 5359 2716 5405 et
2752 5348 3037 5406 contextus
3078 5350 3242 5423 exigit
3287 5348 3373 5423 (S._
3412 5350 3547 5423 Τλιοἶ
3591 5354 3704 5412 1-2,
3736 5364 3790 5416 q.

2190 5425 2285 5525 ἐδ
2306 5423 2983 5550 enim

2530 5510 2557 5548 1⁵
2728 5513 2741 5549 ζ
2830 5510 2857 5547 ε
2898 5510 3009 5548 eum
3103 5511 3136 5550 Π
3233 5510 3267 5546 υ
3776 5520 3793 5529 ·

2393 5509 2700 5549 τδοηιιθειθε
2728 5513 2741 5549 ζ
2773 5509 3009 5549 medium
3043 5509 3170 5549 87⁸αο
3196 5509 3472 5549 auoaaam
3511 5509 3622 5546 8888
3640 5509 3798 5549 Jqu'

2255 5505 2285 5525 “
2314 5505 2700 5563 Parapnrastes
2728 5513 2741 5549 :
2773 5505 3009 5550 Medium
3043 5509 3170 5563 ergo
3196 5505 3472 5564 quoaaam
3511 5506 3622 5546 esse
3640 5505 3797 5559 ,πεπτι-

2184 5566 2337 5619 nium
2366 5565 2491 5619 hinc
2502 5566 2792 5638 probatur,
2815 5567 3066 5638 quoniam
3086 5568 3227 5620 sicut
3233 5562 3659 5638 justiﬁcatdum
3686 5575 3797 5616 aen

2183 5642 2362 5699 vatum
2396 5638 2477 5691 ita
2500 5635 2604 5691 non
2626 5637 2856 5691 damnat
2874 5637 3006 5691 dum
3022 5638 3318 5704 frangitur,
3347 5636 3461 5688 nisi
3483 5635 3656 5704 forte,
3679 5640 3795 5687 etc.

476 5709 667 5779 nerent
695 5716 724 5755 a
763 5703 1016 5779 carnibus
1058 5718 1157 5773 per
1182 5709 1363 5779 totum
1387 5702 1626 5766 annum;
1660 5703 1754 5757 sed
1784 5703 1840 5758 in
1867 5702 2073 5779 hebdo-
2178 5708 2436 5771 Medium,
2457 5708 2666 5763 scilicet
2693 5707 2835 5763 inter
2862 5723 2925 5763 ea
2945 5702 3069 5779 quin
3092 5702 3188 5779 per
3206 5721 3264 5761 se
3291 5714 3347 5759 et
3372 5719 3597 5779 semper
3615 5702 3794 5779 bona,

474 5775 634 5830 mada
664 5777 880 5849 _sancta_
897 5810 911 5833 ,
965 5772 1074 5849 sive
1119 5772 1348 5849 majore,
1404 5786 1529 5840 qum
1567 5773 2071 5849 sanctum__Pascha
2178 5785 2235 5831 et
2260 5793 2321 5849 ea
2342 5793 2479 5849 quae,
2491 5793 2707 5848 semper
2734 5786 2789 5833 et
2809 5794 2902 5847 per
2921 5772 2981 5834 se
3010 5772 3170 5833 mala.
3193 5780 3343 5849 Inter
3360 5789 3487 5844 qua;
3505 5772 3795 5849 jejunium

476 5843 753 5915 praecedit,
808 5846 982 5894 totam
1035 5840 1328 5894 Ecclesiam
1374 5854 1714 5909 perseverare
1756 5842 1975 5898 solitam
2017 5844 2071 5900 in
2179 5840 2419 5905 medium
2450 5840 2669 5920 dicitur,
2693 5840 2837 5920 quod
2869 5853 3143 5906 internum
3174 5840 3796 5915 obsonatwn'prodesse
