4014 6202
260 267 391 322 1189

990 262 1333 320 COLLATIO
1371 264 1506 320 XXI.
1545 290 1617 303 -—
1655 260 1745 316 DE
1782 256 2190 315 REMISSIONE
2226 256 2827 325 QUINQUAGESIME.

3425 266 3561 333 “eo

254 381 484 446 stissime
507 385 833 456 declaratur,
859 385 987 459 quia
1014 388 1153 444 sicut
1181 387 1447 461 justiﬁcat
1483 385 1851 453 custoditum,
1886 387 1941 448 A
1963 382 2150 439 cedem
2181 381 2497 454 pronuntiat
2538 383 2754 450 (Matth.
2788 383 2869 449 vr)
2887 400 2903 448 ;
2924 381 3008 436 vel
3034 396 3269 454 quorum
3298 400 3395 456 per
3431 402 3562 458 pro-

255 483 327 540 ita
368 498 479 537 non
521 479 851 537 condemnat
894 480 1200 552 irruptum,
1247 481 1354 538 nisi
1408 481 1553 538 forte
1599 481 1852 553 praecepti

254 574 604 648 transgressio
632 573 811 646 magis
831 589 996 646 quam
1032 590 1284 631 escarum
1326 575 1621 648 praeceptio
1666 574 1853 646 punia-

253 676 358 724 tur.
402 666 694 739 Principali
740 675 927 723 autem
958 667 1100 723 bono
1129 668 1202 724 ita
1242 669 1456 726 nullum
1499 677 1711 741 oportet
1757 683 1851 723 va-

255 777 420 818 cuum
451 775 567 817 esse
590 769 809 832 tempus
830 802 846 829 ,
880 769 939 816 ut
959 761 1077 818 sine
1104 777 1171 818 eo
1211 762 1469 835 cuiquam
1495 778 1616 819 esse
1644 777 1758 818 non
1784 762 1854 819 li-

255 863 404 923 ceat,
446 854 574 926 quia
621 869 843 911 necesse
902 863 985 912 est
1033 856 1339 913 cessatione
1378 856 1495 930 ejus
1545 856 1603 912 in
1647 855 1853 913 malum

253 964 510 1007 corruere
537 948 923 1022 negligentem.
954 951 1068 1007 Nec
1094 966 1321 1008 rursum
1347 960 1373 987 ι
1399 950 1673 1023 principali
1705 950 1854 1007 malo

257 1043 430 1101 ullum
454 1042 777 1099 conceditur
812 1051 1064 1114 tempus,
1095 1043 1224 1115 quia
1262 1042 1412 1116 quod
1451 1044 1678 1100 noxium
1704 1059 1856 1100 sem-

259 1152 354 1209 per
376 1144 482 1204 est,
506 1152 810 1211 numquam
840 1138 1063 1210 poterit,
1097 1136 1143 1194 si
1191 1136 1494 1194 admissum
1529 1136 1714 1203 fuerit,
1744 1152 1857 1192 non

256 1245 476 1298 nocere,
505 1230 589 1286 vel
628 1230 687 1286 in
710 1239 921 1302 partem
955 1245 1220 1303 umquam
1246 1230 1567 1288 laudabilem
1597 1245 1857 1287 commu-

257 1324 379 1382 tari.
412 1327 496 1381 Ac
535 1323 762 1396 proinde
801 1340 866 1381 ea
911 1325 1107 1397 quibus
1134 1325 1417 1397 qualitates
1454 1333 1684 1381 statutas
1710 1324 1857 1381 vide-

1961 476 2183 548 phetam
2220 475 2496 531 Dominus
2537 472 2806 546 jejunium
2857 474 3176 541 detestatur,
3218 492 3285 532 ex
3325 493 3563 549 quorum

1961 585 2190 641 persona
2218 585 2346 626 cum
2371 567 2471 626 sibi
2498 569 2760 641 objiciens
2781 576 2906 624 ante
2942 568 3184 635 dixisset,
3215 572 3392 639 Quare
3409 574 3563 644 jeju-

1959 666 2230 729 navimus,
2263 668 2314 720 et
2338 679 2445 719 non
2472 664 2767 733 aspexisti;
2802 664 3203 718 humiliavimus
3233 667 3444 721 animas
3472 682 3568 721 no-

1958 763 2122 827 stras,
2153 762 2204 813 et
2245 759 2502 814 nescisti?
2524 755 2814 812 confestim
2841 754 3132 827 subjiciens
3160 757 3399 829 prodidit
3434 775 3568 815 cau-

1962 869 2051 909 sas
2075 869 2173 909 cur
2199 868 2313 909 non
2360 859 2701 908 mererentur
2726 850 2902 907 audiri
2935 869 2947 905 :
2980 854 3129 919 Ecce,
3154 850 3351 923 inquit,
3381 855 3440 908 in
3481 854 3570 908 die

1951 946 2136 1017 jejuni
2162 947 2333 1002 vestri
2357 948 2634 1001 invenitur
2660 945 2910 999 voluntas
2931 949 3128 1009 vestra,
3163 950 3215 1000 et
3224 961 3402 1001 omnes
3420 947 3567 1001 debi-

1963 1048 2100 1100 tores
2124 1047 2322 1098 uestros
2349 1044 2611 1113 repetitis.
2651 1046 2781 1099 Ecce
2807 1042 2881 1097 ad
2901 1043 3018 1098 lites
3046 1048 3097 1098 et
3119 1045 3470 1100 contentiones
3486 1045 3570 1115 je-

1960 1136 2192 1206 junatis,
2219 1140 2272 1190 et
2289 1137 2578 1205 percutitis
2591 1150 2778 1205 pugno
2793 1137 2974 1206 impie.
2999 1138 3178 1193 Nolite
3177 1137 3448 1206 jejunare,
3464 1140 3568 1194 sic-

1962 1233 2026 1284 ut
2048 1243 2218 1299 usque
2241 1230 2301 1283 in
2326 1230 2460 1283 hanc
2482 1227 2645 1296 diem,
2682 1233 2746 1283 ut
2779 1229 3045 1282 audiatur
3065 1231 3125 1283 in
3147 1232 3350 1285 emcelso
3370 1232 3571 1287 clamor

1963 1326 2155 1377 vester.
2205 1321 2484 1391 Numquid
2516 1321 2624 1375 tale
2662 1323 2741 1375 est
2766 1320 3041 1391 jejunium
3086 1322 3231 1391 quod
3275 1324 3432 1392 elegi,
3466 1339 3570 1394 per

106 5044 108 5051 ν
214 4970 450 5051 possit,
470 4960 753 5023 interdum
772 4970 1197 5051 prcetermissum
1214 4969 1557 5051 condemnare
1572 4987 1680 5051 non
1686 4973 1876 5051 possit;

256 1431 383 1474 mus
412 1422 468 1473 et
492 1426 759 1489 tempora,
787 1426 843 1474 et
888 1433 1010 1489 quae
1034 1418 1112 1475 sic
1154 1417 1442 1475 observata
1482 1416 1820 1474 sanctiﬁcant
1838 1458 1854 1485 ,

256 1518 320 1565 ut
345 1508 546 1565 omissa
565 1525 676 1566 non
700 1509 967 1582 polluant,
1005 1509 1189 1567 media
1222 1524 1340 1566 esse
1364 1508 1716 1566 manifestum
1743 1519 1858 1577 est,

1967 1415 2114 1471 diem
2142 1415 2358 1485 amgere
2381 1414 2644 1469 hominem
2677 1416 2913 1468 animam
2930 1418 3124 1469 suam?
3156 1417 3434 1485 Numquid
3452 1432 3573 1472 con-

1969 1513 2213 1579 torquere
2231 1509 2394 1578 quasi
2405 1507 2659 1561 circulum
2686 1512 2846 1577 caput
2864 1522 3043 1570 suum,
3066 1512 3116 1563 et
3134 1523 3344 1564 saccum
3359 1515 3408 1565 et
3427 1513 3570 1567 cine-

256 1611 321 1658 ut
359 1611 485 1675 puta
511 1604 753 1674 nuptias,
805 1603 1216 1676 agriculturam,
1259 1603 1470 1660 divitias
1490 1646 1506 1672 ,
1559 1602 1863 1660 olitudinis
1968 1616 2081 1656 rem
2095 1604 2367 1657 sternere?
2387 1601 2666 1671 Numquid
2677 1601 2828 1656 istud
2844 1603 3027 1655 vocari
3041 1601 3336 1671 jejunium,
3359 1608 3409 1658 et
3432 1605 3573 1661 diem

254 1696 643 1764 remotionem,
680 1695 908 1768 vigilias,
933 1712 1218 1753 sacrorum
1260 1697 1584 1764 lectionem,
1626 1695 1864 1752 medita-
1971 1695 2348 1766 aceeptabilem
2371 1696 2594 1750 Domino
2634 1696 3009 1765 (lsa.,1.vm)P
3041 1694 3251 1751 Deinde
3278 1694 3442 1751 infert
3468 1696 3571 1752 do-

156 1831 161 1837 .
256 1788 577 1859 tionemque
633 1786 929 1857 librorum,
999 1788 1223 1862 ipsaque
1266 1788 1504 1861 jejunia,
1550 1788 1619 1846 de
1664 1787 1865 1860 quibus
1890 1788 1940 1853 B
1971 1804 2103 1846 cens
2130 1787 2412 1861 quomodo
2465 1787 2805 1859 acceptabilis
2832 1787 2929 1844 ﬁat
2966 1788 3300 1844 continentia
3319 1788 3570 1860 jejunan-

258 1880 582 1952 principium
625 1882 898 1937 sermonis
945 1890 1201 1937 exortum
1248 1891 1349 1937 est.
1393 1884 1529 1953 Qum
1564 1882 1749 1939 omnia
1777 1882 1863 1938 di-
1968 1883 2059 1951 tis,
2088 1891 2253 1955 atque
2281 1881 2556 1939 evidenter
2597 1881 2841 1938 enuntiat
2865 1896 2960 1954 per
3004 1897 3061 1938 se
3089 1882 3266 1938 solum
3297 1882 3572 1954 jejunium

255 1972 378 2028 vina
410 1974 737 2047 praeceptio,
768 1975 850 2030 vel
892 1982 1204 2030 sanctarum
1235 1975 1532 2032 auctoritas
1558 1975 1865 2047 Scriptura—
1968 1991 2081 2032 non
2106 1991 2266 2047 posse
2288 1975 2569 2047 prodesse,
2598 1975 2705 2031 nisi
2731 1973 2828 2030 has
2847 1989 2971 2046 quae
3002 1974 3365 2048 subjiciuntur
3381 1990 3573 2031 causas

254 2081 419 2133 rum,
448 2082 563 2122 non
599 2068 673 2123 ita
718 2067 1105 2124 incessabiliter
1142 2067 1466 2136 obtinenda,
1533 2084 1635 2125 nec
1660 2069 1866 2141 jugiter
1971 2068 2219 2124 habuerit
2245 2077 2681 2140 consequentes:
2730 2069 2915 2125 Nonne
2941 2070 3036 2123 hoc
3060 2073 3159 2133 est,
3198 2068 3470 2141 inquiens,
3479 2069 3572 2139 je-

250 2158 619 2216 custodienda
664 2159 934 2229 decrevit,
980 2169 1038 2217 ut
1078 2176 1141 2217 ea
1178 2162 1462 2233 paululum
1508 2161 1868 2218 intermisisse
1962 2164 2186 2234 junium
2217 2163 2361 2233 quod
2384 2165 2562 2232 elegi?
2589 2163 2829 2219 Dissolue
2856 2164 3225 2233 colligationes
3253 2146 3570 2235 impietatis,

253 2250 536 2309 nefarium
569 2253 657 2308 sit.
691 2252 973 2326 Quidquid
1000 2253 1145 2310 enim
1193 2252 1510 2326 imperative
1539 2253 1867 2323 decernitur,
1973 2256 2114 2312 solve
2138 2256 2421 2322 fasciculos
2446 2255 2825 2325 deprimentes.
2853 2257 3073 2310 Dimitte
3097 2271 3182 2311 eos
3195 2258 3296 2326 qui
3310 2259 3583 2324 confracti

249 2354 501 2402 mortem
550 2345 767 2418 ignorat
804 2362 918 2403 non
963 2347 1282 2419 impletum;
1332 2360 1693 2420 quaecumque
1739 2363 1868 2404 vero
1974 2353 2121 2413 sunt,
2153 2350 2368 2413 liberos,
2398 2354 2450 2404 et
2475 2363 2780 2404 omneonus
2795 2349 3061 2420 dirumpe.
3086 2353 3300 2419 Frange
3322 2352 3582 2406 esurienti

246 2440 557 2497 suadentur
591 2440 773 2512 potius
805 2456 970 2514 quam
994 2441 1281 2515 jubentur,
1319 2442 1462 2500 facta
1510 2450 1756 2514 prosunt,
1786 2442 1867 2498 in-
1969 2457 2172 2512 panem
2210 2447 2382 2506 tuum,
2433 2447 2485 2497 et
2532 2458 2720 2512 egenos
2759 2458 3027 2513 vagosque
3060 2444 3224 2498 induc
3274 2447 3334 2499 in
3362 2445 3576 2500 domum

244 2529 397 2589 fecta
426 2547 542 2588 non
583 2533 837 2605 puniunt.
886 2535 957 2590 Et
992 2533 1195 2592 idcirco
1243 2544 1339 2591 aut
1364 2534 1563 2592 omnia
1584 2534 1704 2592 hac
1720 2577 1736 2603 ,
1774 2543 1872 2592 aut
1977 2539 2145 2589 tuam.
2171 2535 2302 2590 Cum
2317 2535 2519 2589 videris
2536 2535 2762 2597 nudum,
2789 2537 2941 2605 operi
2957 2551 3097 2603 eum,
3117 2540 3168 2591 et
3185 2552 3401 2592 carnem
3423 2541 3590 2593 tuam'

242 2634 400 2682 certe
428 2625 683 2697 quadam
702 2667 718 2694 ,
747 2620 1070 2699 pro‘causa,
1111 2641 1209 2700 pro
1242 2626 1382 2696 loco,
1411 2643 1511 2700 pro
1547 2626 1740 2694 modo,
1772 2642 1870 2700 pro
1975 2642 2040 2682 ne
2057 2627 2383 2697 despexeris.
2416 2629 2561 2682 Tunc
2578 2631 2820 2697 erumpet
2840 2629 3001 2697 quasi
3024 2644 3183 2684 mane
3204 2630 3381 2685 lumen
3401 2636 3573 2701 tuum,

242 2728 539 2793 tempore,
569 2718 962 2794 circumspecte
1007 2737 1170 2796 agere
1197 2738 1299 2779 nos
1336 2723 1572 2795 majores
1611 2722 1785 2779 nostri
1817 2729 1873 2777 et
1978 2724 2030 2776 et
2055 2724 2262 2777 sanitas
2288 2725 2385 2776 tua
2413 2723 2575 2776 citius
2614 2723 2837 2785 orietur,
2867 2726 2917 2776 et
2941 2722 3166 2777 anteibit
3190 2725 3389 2791 faciem
3426 2729 3577 2780 tuam

243 2812 494 2887 provide
532 2814 818 2871 observare
859 2815 1141 2889 jusserunt
1173 2834 1187 2871 :
1230 2816 1357 2887 quia
1385 2816 1431 2872 si
1483 2830 1722 2889 congrue
1767 2814 1873 2870 ho-
1969 2812 2201 2883 justitia
2227 2817 2344 2876 tua,
2366 2818 2419 2868 et
2441 2814 2618 2883 gloria
2638 2815 2858 2870 Domini
2871 2815 3078 2883 colliget
3099 2818 3168 2869 te.
3203 2817 3346 2870 Tunc
3363 2819 3576 2872 invoca-

244 2923 382 2963 rum
440 2908 652 2979 aliquid
677 2908 954 2977 actitetur,
1000 2918 1193 2982 aptum
1220 2919 1388 2981 atque
1426 2909 1780 2976 conveniens;
1823 2906 1869 2962 si
1981 2909 2080 2977 bis,
2107 2911 2158 2963 et
2173 2909 2432 2987 Dominus
2449 2909 2733 2976 exaudiet;
2758 2908 3035 2978 clamabis,
3063 2912 3113 2964 et
3140 2910 3297 2973 dicet,
3327 2913 3455 2966 Ecce
3474 2911 3579 2967 ad-

251 3001 595 3072 incongrue,
623 2999 871 3072 ineptum
899 3016 1016 3056 esse
1035 3009 1254 3056 constat
1279 3016 1344 3057 ac
1369 3003 1602 3057 noxium
1631 3018 1647 3055 :
1681 3017 1744 3056 ac
1769 3001 1797 3036 ¹³
1819 3000 1865 3056 si
1975 3016 2095 3057 sum
2126 3000 2302 3073 (Ibid).
2332 3000 2539 3056 Videtis
2574 3016 2706 3073 ergo
2749 3000 3019 3074 jejunium
3055 3017 3401 3075 nequaquam
3432 3004 3579 3076 prin-

248 3093 404 3153 velit
427 3092 551 3164 quis
582 3092 637 3147 in
678 3090 857 3148 fratris
890 3093 1126 3148 adventu
1167 3092 1225 3147 in
1264 3108 1373 3164 quo
1404 3092 1681 3149 Christum
1709 3092 1870 3149 debet
1974 3095 2149 3166 eipale
2175 3094 2383 3152 bonum
2426 3111 2459 3151 a
2488 3095 2733 3151 Domino
2772 3093 3040 3167 judicari,
3065 3113 3129 3154 eo
3158 3097 3308 3170 quod
3344 3114 3456 3155 non
3485 3115 3584 3172 per

248 3184 606 3243 humanitate
633 3184 862 3243 reﬁcere
890 3192 945 3241 et
993 3184 1306 3257 gratissima
1346 3186 1693 3258 susceptione
1719 3200 1873 3242 com-
1898 3183 1944 3247 C
1976 3188 2238 3261 seipsum,
2265 3188 2362 3245 sed
2387 3203 2481 3261 per
2507 3187 2611 3245 alia
2644 3204 2812 3261 opera
2841 3190 3051 3248 bonum
3080 3207 3145 3248 ac
3174 3193 3435 3264 placitum
3461 3195 3580 3252 Deo

253 3279 459 3351 plecti,
497 3278 877 3335 austeritatem
908 3276 1099 3349 jejunii
1143 3278 1450 3347 custodire,
1493 3294 1677 3335 nonne
1707 3278 1875 3335 inhu-
1979 3282 2104 3349 ﬁat;
2144 3290 2198 3338 et
2238 3298 2459 3338 rursum
2501 3297 2567 3338 ex
2605 3283 2973 3340 accidentibus
3008 3286 3183 3342 causis
3201 3327 3218 3355 ,
3248 3303 3359 3343 non
3400 3288 3580 3345 solum

249 3371 548 3429 manitatis
581 3372 758 3444 potius
781 3370 995 3427 crimen
1032 3371 1288 3439 incurrit,
1327 3387 1494 3445 quam
1524 3371 1742 3429 laudem
1780 3379 1874 3427 aut
1982 3387 2205 3441 vanum,
2233 3387 2427 3428 verum
2469 3372 2635 3428 etiam
2678 3372 2877 3429 odibile
2895 3384 3205 3444 censeatur,
3237 3377 3449 3433 dicente
3476 3380 3581 3434 Do-

251 3465 534 3523 meritum
578 3464 850 3537 religionis
877 3465 1149 3538 acquirit?
1187 3467 1288 3524 Vel
1315 3467 1362 3524 si
1403 3483 1533 3524 cum
1559 3467 1792 3524 defectio
1820 3476 1874 3523 et
1979 3464 2159 3533 mino,
2188 3479 2306 3519 cum
2317 3463 2711 3535 jejunauerint,
2741 3479 2849 3519 non
2886 3467 3176 3530 exaudiam
3196 3483 3380 3540 preces
3402 3486 3582 3526 eorum

245 3556 616 3615 imbecillitas
657 3559 834 3614 carnis
883 3559 1283 3632 reparationem
1335 3561 1536 3618 virium
1565 3577 1706 3619 esca
1747 3576 1877 3634 per»
1982 3559 2115 3629 (Jer.
2142 3556 2294 3630 31v).

244 3649 520 3723 ceptione
541 3649 803 3722 deposcit,
835 3667 949 3708 non
968 3652 1242 3725 aquiescat
1264 3653 1456 3727 aliquis
1478 3655 1720 3728 rigorem
1746 3654 1876 3712 abs-

248 3743 520 3802 tinentia:
547 3744 819 3813 relaxare,
848 3761 1031 3802 nonne
1059 3746 1237 3819 magis
1264 3746 1503 3805 crudelis
1529 3746 1613 3804 sui
1632 3748 1876 3820 corporis

243 3839 569 3907 homicida,
593 3855 761 3912 quam
789 3840 979 3917 salutis
1001 3842 1251 3917 provisor
1268 3850 1353 3899 est
1374 3841 1767 3900 aestimandus?
1794 3844 1877 3898 Ita

237 3937 430 3994 etiam
468 3948 596 3988 cum
614 3941 834 4006 tempus
863 3933 1163 4015 festivitatis
1187 3948 1437 3991 escarum
1465 3951 1770 4008 congruum
1790 3934 1876 3992 fo-

241 4041 380 4088 tum
413 4036 476 4086 et
502 4026 858 4084 refectionem
880 4028 1199 4085 necessariae
1231 4028 1584 4087 absolutionis
1612 4029 1876 4102 indulget,

232 4126 288 4185 si
323 4122 470 4198 quis
505 4121 840 4196 jejuniorum
884 4121 1115 4195 rigidam
1162 4122 1561 4180 observantiam
1604 4123 1879 4196 indirupte

233 4216 506 4277 voluerit
533 4223 827 4284 retentare,
854 4230 1077 4273 necesse
1098 4224 1183 4272 est
1199 4223 1265 4272 ut
1288 4231 1401 4272 non
1427 4223 1543 4272 tam
1570 4216 1874 4289 religiosus,

229 4331 426 4390 quam
475 4310 788 4369 inconditus
822 4320 988 4384 atque
1036 4310 1423 4368 irrationabilis
1457 4309 1741 4369 habeatur.
1769 4311 1878 4370 Sed

229 4402 438 4469 et'illis
474 4406 597 4463 haec
619 4404 975 4462 nihilominus
993 4405 1341 4478 reperiuntur
1365 4403 1611 4474 adversa,
1644 4404 1738 4477 qui
1768 4405 1878 4461 bu-
1983 4414 2006 4442 θ
2034 4403 2131 4462 sed
2176 4402 2355 4477 potius
2390 4402 2600 4476 jejunia
2643 4410 2865 4475 propter
2907 4403 3021 4460 illa.
3056 4404 3468 4463 Elaborandum
3498 4416 3582 4464 est

226 4498 727 4562 manamlaudem
746 4498 969 4573 jejuniis
1004 4507 1366 4572 aucupantur,
1388 4506 1444 4556 et
1465 4499 1613 4558 inani
1635 4508 1878 4558 ostenta-
1984 4498 2130 4556 enim
2172 4506 2234 4554 ut
2256 4496 2489 4554 virtutes
2526 4496 2634 4554 illae
2669 4511 2792 4569 quae
2838 4512 2963 4554 vere
2990 4496 3151 4555 bona
3190 4509 3338 4569 sunt,
3370 4498 3586 4573 jejuniis

224 4599 405 4655 tione
461 4591 728 4666 palloris,
773 4591 981 4650 famam
1027 4594 1330 4651 sanctitatis
1368 4595 1688 4667 acquirunt,
1742 4609 1881 4668 quos
1909 4585 1960 4651 D
1986 4592 2351 4664 acquirantur,
2402 4606 2515 4647 non
2546 4597 2606 4646 ut
2631 4589 2701 4647 ad
2738 4590 3069 4663 jejuniorum
3114 4594 3412 4649 terminum
3462 4603 3584 4649 ten-

224 4686 616 4764 evangelicus
642 4699 826 4743 sermo
872 4684 927 4741 in
957 4687 1210 4758 praesenti
1249 4702 1405 4743 suam
1436 4688 1699 4761 recepisse
1725 4704 1874 4745 mer-
1983 4687 2115 4745 dant
2133 4687 2350 4743 illarum
2384 4694 2536 4758 gesta
2563 4683 2849 4741 virtutum.
2890 4684 2979 4741 Ob
3011 4685 3117 4741 hoc
3156 4700 3285 4757 ergo
3332 4693 3414 4742 est
3441 4686 3585 4744 utilis

2591 3663 2827 3720 CAPUT
2856 3663 2983 3719 XV.

1985 3779 2137 3848 Quod
2167 3796 2229 3835 ea
2258 3795 2377 3850 quae
2408 3781 2497 3834 sui
2533 3784 2735 3854 natura
2764 3780 2900 3835 bona
2920 3785 3048 3835 sunt
3076 3797 3183 3854 non
3214 3779 3440 3839 debeant
3456 3800 3584 3854 pro—

2047 3855 2175 3922 pter
2200 3867 2263 3907 ea
2290 3867 2410 3921 qua:
2433 3852 2611 3905 media
2637 3856 2764 3906 sunt
2791 3854 3056 3919 emerceri;
3085 3852 3179 3907 sed
3194 3856 3399 3923 potius,
3422 3852 3584 3909 econ-

2054 3938 2227 3996 uerso,
2250 3938 2312 3977 ea
2346 3938 2467 3993 qua:
2487 3922 2669 3996 media
2695 3927 2841 3991 sunt,
2869 3923 2948 3996 ad
2971 3938 3037 3996 ea
3057 3938 3176 3993 qua
3198 3922 3585 3996 principaliter

2056 3994 2190 4049 bona
2216 3998 2345 4048 sunt
2359 3994 2709 4063 acquirendo,
2734 3995 2937 4065 suscipi
2951 3995 3189 4051 debeant.

2056 4126 2180 4179 Non
2203 4122 2348 4178 enim
2375 4121 2776 4190 misericordia,
2831 4122 3103 4193 patientia,
3128 4133 3183 4179 et
3206 4124 3440 4181 charitas
3457 4167 3471 4192 ,
3502 4126 3582 4181 vel

1985 4216 2074 4273 illa
2098 4215 2484 4288 praedictarum
2506 4223 2773 4288 prmeepta
2795 4215 3077 4285 virtutum,
3096 4216 3156 4271 in
3179 4217 3375 4288 quibus
3395 4217 3585 4290 utique

1983 4310 2196 4367 bonum
2220 4317 2304 4367 est
2332 4308 2654 4381 principale,
2689 4316 2912 4380 propter
2940 4307 3143 4381 jejunia
3170 4319 3298 4366 sunt
3325 4311 3581 4378 tenenda,

1362 4837 1616 4895 ALARDI
1655 4836 1880 4895 GAZIEI
1919 4833 2478 4896 COMMENTARIUS.

1986 4972 2106 5031 etis,
2124 4968 2256 5022 satis
2284 4964 2360 5018 ad
2386 4965 2614 5036 salutem
2637 4963 2782 5018 vobis
2786 4962 3060 5034 jejunium
3088 4964 3425 5029 existimetis,
3443 4966 3588 5036 quod

223 5035 521 5120 'quodque
547 5035 948 5120 nonnumquam
966 5044 1132 5120 egisse
1154 5042 1566 5120 reprehensibile
1578 5035 1880 5120 sit,ait_Au¥
1984 5042 2045 5120 in
2064 5040 2219 5094 choro
2245 5038 2507 5117 virtutum
2531 5035 2950 5120 ultimum-cepte
2977 5038 3200 5120 sortityr
3219 5037 3407 5120 locum.
3439 5035 3586 5120 Prte-

221 5108 366 5176 étor
403 5108 709 5184 'superiori
751 5125 867 5184 cap.
900 5108 1180 5181 Jejunium
1207 5108 1335 5184 ergo
1364 5128 1474 5168 non
1502 5108 1724 5169 damnat
1770 5113 1877 5169 ho-
1985 5114 2164 5184 eipale
2180 5122 2418 5184 namque
2432 5108 2661 5184 pirtutes
2685 5108 3094 5184 ειιητριειινξιαεζ
3119 5108 3417 5184 humilitas,
3432 5110 3588 5184 mise-

218 5174 657 5252 minem,'dum
681 5174 981 5253 frangitur;
1010 5191 1107 5237 aut
1127 5197 1242 5237 non
1267 5174 1532 5253 servatur,
1565 5183 1764 5240 scilicet
1796 5184 1878 5239 le-
1981 5174 2241 5237 ri'cordia.
2280 5174 2351 5233 Et
2375 5176 2743 5249 Hieronymus
2768 5174 2839 5231 ad
2868 5178 3185 5234 Caelantiam
3221 5199 3232 5233 :
3266 5174 3411 5246 Quid
3445 5183 3585 5234 enim

222 5260 446 5301 citima
478 5259 541 5301 et
568 5260 815 5301 temnere
834 5251 903 5301 ah
928 5253 1159 5301 Ecclesia
1190 5266 1464 5301 concesso-
1980 5253 2201 5301 υτ·ηάρεί
2230 5251 2443 5301 tenuari
2467 5264 2657 5301 corpus
2682 5247 3031 5301 abstinentia.
3055 5252 3105 5301 si
3129 5253 3343 5301 animus
3366 5251 3585 5301 intume-

218 5260 446 5336 gitime
478 5251 541 5335 et
568 5251 903 5325 tempore—ab
928 5253 1160 5336 Ecclesia
1190 5266 1464 5309 concesso.
1517 5251 1524 5253 ⁷
1651 5323 1663 5335 ⁸
1740 5323 1751 5336 ⁸

302 5334 333 5363 ει
383 5323 679 5397 Quidnam
703 5333 855 5379 vocet
884 5325 1177 5397 principale
1206 5323 1438 5397 bonum,
1467 5333 1566 5382 aut
1584 5325 1863 5397 principale

1980 5253 2201 5324 prodest
2230 5251 2443 5306 tenuari
2467 5264 2657 5319 corpus
2682 5251 3031 5315 abstinentia,
3055 5252 3105 5303 si
3129 5253 3343 5305 animus
3366 5251 3586 5305 intume-

1982 5327 2084 5379 scit
2109 5323 2399 5397 superbiat
2413 5336 2577 5397 quam
2592 5319 2823 5397 _l_audem
2841 5320 3172 5397 Anierebimur
3197 5322 3262 5375 de
3278 5322 3586 5397 palloreje-

219 5390 499 5479 ωεμιιεῇι,
537 5393 744 5479 dictum
772 5405 852 5479 est
879 5390 1042 5466 supra
1060 5390 1244 5479 :(Cap._
1268 5396 1376 5479 ιζ).
1533 5390 1604 5479 Μ’
1630 5474 1643 5479 Α
1757 5390 1775 5397 “
1972 5397 2149 5479 junci,
2167 5390 3042 5479 _siinvidia‘lividisumus?‘1‘unc,
3064 5390 3584 5479 inquam,prceclara

300 5473 334 5508 ιι
360 5468 529 5542 γΗυο
562 5464 846 5542 pertinent
875 5462 995 5542 quae
1013 5462 1193 5542 alias—
1212 5467 1282 5542 de
1318 5462 1681 5542 hospitalitate
1721 5482 1872 5542 exer-
1976 5462 2061 5520 est
2079 5466 2430 5542 abstinentia,
2450 5463 2809 5542 tuncpulchra
2831 5467 2993 5542 atque
3012 5462 3584 5542 magniﬁcapastigatio

217 5541 421 5601 cenda
468 5541 536 5592 et
551 5534 1024 5611 jejunioregulari
1055 5555 1217 5597 causa
1269 5534 1549 5611 hospitum
1580 5538 1873 5594 relaxando
1982 5538 2387 5611 corporisncum
2437 5537 2515 5588 est
2530 5536 2748 5611 animus
2762 5534 3051 5611 jejunusa
3083 5534 3254 5611 vitiis.
3290 5536 3457 5590 Immo
3488 5538 3586 5606 qui

218 5630 348 5672 non
377 5605 572 5667 semel
599 5605 929 5677 notavimus.
1372 5605 1393 5611 ’
1978 5606 2336 5677 probabiliter
2366 5621 2429 5659 ac
2463 5606 2689 5659 scienter
2723 5605 3071 5677 abstinentia:
3096 5607 3351 5661 virtutem
3379 5605 3577 5673 tenent,

300 5689 324 5714 ‘
350 5683 813 5751 Chrysosmmus
858 5676 1078 5751 liomilia
1117 5689 1184 5739 47
1216 5683 1271 5737 in
1325 5679 1651 5738 Matthmum
1702 5692 1718 5735 ε
1748 5681 1874 5735 Hac
1979 5675 2039 5751 eo
2060 5678 2314 5748 afﬂigunt
2339 5691 2548 5733 carnem
2573 5690 2864 5745 suam,quo
2888 5675 3084 5732 animo:
3107 5678 3379 5748 frangant
3395 5692 3583 5748 super-

218 5756 389 5821 diari,
415 5748 545 5808 non
554 5752 685 5823 quia
694 5748 967 5823 jejunium
977 5750 1117 5823 mihi
1129 5769 1235 5806 non
1247 5754 1482 5823 placeat,
1497 5752 1641 5823 quod
1659 5753 1872 5823 magnis
1984 5749 2152 5806 bium.

217 5820 381 5888 soleo
398 5823 614 5897 efferre
633 5820 903 5891 laudibus,
925 5820 1020 5878 sed
1045 5824 1175 5891 quia
1194 5820 1340 5878 ddleo
1361 5826 1429 5891 si,
1465 5820 1674 5880 caeteris
1695 5822 1871 5892 negle-
