  <div class='ocr_page' id='page_1' title='image "/cluster/home/n/w/nwhite01/storage/ocr_20150623/49/hvd.32044096580709/603.png"; bbox 0 0 4014 6202; ppageno 0'>
   <div class='ocr_carea' id='block_1_1' title="bbox 480 240 608 294">
    <p class='ocr_par' dir='ltr' id='par_1_1' title="bbox 480 240 608 294">
     <span class='ocr_line' id='line_1_1' title="bbox 480 240 608 294; baseline 0.008 -1"><span class='ocrx_word' id='word_1_1' title='bbox 480 240 608 294; x_wconf 79' lang='grc'><strong>1191</strong></span> 
     </span>
    </p>
   </div>
   <div class='ocr_carea' id='block_1_2' title="bbox 1551 232 2698 290">
    <p class='ocr_par' dir='ltr' id='par_1_2' title="bbox 1551 232 2698 290">
     <span class='ocr_line' id='line_1_2' title="bbox 1551 232 2698 290; baseline -0.001 -2"><span class='ocrx_word' id='word_1_2' title='bbox 1551 232 1833 290; x_wconf 81' lang='lat' dir='ltr'><strong>JOANNIS</strong></span> <span class='ocrx_word' id='word_1_3' title='bbox 1868 232 2173 290; x_wconf 83' lang='lat' dir='ltr'><strong>CASSIANl</strong></span> <span class='ocrx_word' id='word_1_4' title='bbox 2210 233 2698 290; x_wconf 79' lang='lat' dir='ltr'><strong>COLLATlONES.</strong></span> 
     </span>
    </p>
   </div>
   <div class='ocr_carea' id='block_1_3' title="bbox 3602 239 3778 297">
    <p class='ocr_par' dir='ltr' id='par_1_3' title="bbox 3602 239 3778 297">
     <span class='ocr_line' id='line_1_3' title="bbox 3602 239 3778 297; baseline 0.034 -6"><span class='ocrx_word' id='word_1_5' title='bbox 3602 270 3607 273; x_wconf 71' lang='grc' dir='ltr'><em>ι</em></span> <span class='ocrx_word' id='word_1_6' title='bbox 3643 239 3778 297; x_wconf 73' lang='grc'><strong>1192</strong></span> 
     </span>
    </p>
   </div>
   <div class='ocr_carea' id='block_1_4' title="bbox 475 342 3781 435">
    <p class='ocr_par' dir='ltr' id='par_1_4' title="bbox 475 342 3781 435">
     <span class='ocr_line' id='line_1_4' title="bbox 475 342 3781 435; baseline 0 -18"><span class='ocrx_word' id='word_1_7' title='bbox 475 362 653 418; x_wconf 88' lang='lat' dir='ltr'><strong>carnis</strong></span> <span class='ocrx_word' id='word_1_8' title='bbox 679 358 927 426; x_wconf 83' lang='lat' dir='ltr'><strong>afﬂictio,</strong></span> <span class='ocrx_word' id='word_1_9' title='bbox 950 358 1024 415; x_wconf 88' lang='lat' dir='ltr'><strong>ob</strong></span> <span class='ocrx_word' id='word_1_10' title='bbox 1044 357 1149 414; x_wconf 88' lang='lat' dir='ltr'><strong>hoc</strong></span> <span class='ocrx_word' id='word_1_11' title='bbox 1176 356 1554 423; x_wconf 81' lang='lat' dir='ltr'><strong>eiadhibenda</strong></span> <span class='ocrx_word' id='word_1_12' title='bbox 1586 365 1669 413; x_wconf 89' lang='lat' dir='ltr'><strong>est</strong></span> <span class='ocrx_word' id='word_1_13' title='bbox 1690 355 1884 413; x_wconf 86' lang='lat' dir='ltr'><strong>inedia</strong></span> <span class='ocrx_word' id='word_1_14' title='bbox 1910 356 2071 414; x_wconf 88' lang='lat' dir='ltr'><strong>medi-</strong></span> <span class='ocrx_word' id='word_1_15' title='bbox 2101 362 2154 435; x_wconf 77' lang='grc' dir='ltr'><strong>Α</strong></span> <span class='ocrx_word' id='word_1_16' title='bbox 2181 357 2286 415; x_wconf 87' lang='lat' dir='ltr'><strong>Sed</strong></span> <span class='ocrx_word' id='word_1_17' title='bbox 2317 373 2421 415; x_wconf 91' lang='lat' dir='ltr'><strong>nec</strong></span> <span class='ocrx_word' id='word_1_18' title='bbox 2459 342 2764 431; x_wconf 84' lang='lat' dir='ltr'><strong>principale</strong></span> <span class='ocrx_word' id='word_1_19' title='bbox 2801 358 3013 415; x_wconf 88' lang='lat' dir='ltr'><strong>malum</strong></span> <span class='ocrx_word' id='word_1_20' title='bbox 3049 366 3132 414; x_wconf 82' lang='lat' dir='ltr'><strong>est</strong></span> <span class='ocrx_word' id='word_1_21' title='bbox 3177 357 3231 414; x_wconf 90' lang='lat' dir='ltr'><strong>id</strong></span> <span class='ocrx_word' id='word_1_22' title='bbox 3258 356 3409 428; x_wconf 88' lang='lat' dir='ltr'><strong>quod</strong></span> <span class='ocrx_word' id='word_1_23' title='bbox 3433 356 3513 414; x_wconf 89' lang='lat' dir='ltr'><strong>illi</strong></span> <span class='ocrx_word' id='word_1_24' title='bbox 3566 357 3781 417; x_wconf 84' lang='lat' dir='ltr'><strong>videtur</strong></span> 
     </span>
    </p>
   </div>
   <div class='ocr_carea' id='block_1_5' title="bbox 474 450 2072 525">
    <p class='ocr_par' dir='ltr' id='par_1_5' title="bbox 474 450 2072 525">
     <span class='ocr_line' id='line_1_5' title="bbox 474 450 2072 525; baseline -0.003 -14"><span class='ocrx_word' id='word_1_25' title='bbox 474 456 626 519; x_wconf 89' lang='lat' dir='ltr'><strong>cina,</strong></span> <span class='ocrx_word' id='word_1_26' title='bbox 660 462 722 510; x_wconf 88' lang='lat' dir='ltr'><strong>ut</strong></span> <span class='ocrx_word' id='word_1_27' title='bbox 743 469 837 525; x_wconf 89' lang='lat' dir='ltr'><strong>per</strong></span> <span class='ocrx_word' id='word_1_28' title='bbox 855 453 1003 509; x_wconf 85' lang='lat' dir='ltr'><strong>illam</strong></span> <span class='ocrx_word' id='word_1_29' title='bbox 1021 451 1090 508; x_wconf 89' lang='lat' dir='ltr'><strong>ad</strong></span> <span class='ocrx_word' id='word_1_30' title='bbox 1104 450 1440 507; x_wconf 61' lang='lat' dir='ltr'><strong>‘cbaritatem</strong></span> <span class='ocrx_word' id='word_1_31' title='bbox 1455 492 1471 519; x_wconf 94' lang='lat'><strong>,</strong></span> <span class='ocrx_word' id='word_1_32' title='bbox 1496 450 1554 506; x_wconf 90' lang='lat' dir='ltr'><strong>in</strong></span> <span class='ocrx_word' id='word_1_33' title='bbox 1571 465 1674 522; x_wconf 89' lang='lat' dir='ltr'><strong>qua</strong></span> <span class='ocrx_word' id='word_1_34' title='bbox 1700 450 1984 507; x_wconf 86' lang='lat' dir='ltr'><strong>immobile</strong></span> <span class='ocrx_word' id='word_1_35' title='bbox 2008 466 2072 506; x_wconf 89' lang='lat' dir='ltr'><strong>ac</strong></span> 
     </span>
    </p>
   </div>
   <div class='ocr_carea' id='block_1_6' title="bbox 474 544 2067 618">
    <p class='ocr_par' dir='ltr' id='par_1_6' title="bbox 474 544 2067 618">
     <span class='ocr_line' id='line_1_6' title="bbox 474 544 2067 618; baseline -0.004 -13"><span class='ocrx_word' id='word_1_36' title='bbox 474 549 593 605; x_wconf 92' lang='lat' dir='ltr'><strong>ine</strong></span> <span class='ocrx_word' id='word_1_37' title='bbox 622 548 728 603; x_wconf 93' lang='lat' dir='ltr'><strong>ulla</strong></span> <span class='ocrx_word' id='word_1_38' title='bbox 755 546 1017 618; x_wconf 88' lang='lat' dir='ltr'><strong>temporis</strong></span> <span class='ocrx_word' id='word_1_39' title='bbox 1034 545 1351 616; x_wconf 83' lang='lat' dir='ltr'><strong>exceptione</strong></span> <span class='ocrx_word' id='word_1_40' title='bbox 1380 552 1704 617; x_wconf 90' lang='lat' dir='ltr'><strong>perpetuum</strong></span> <span class='ocrx_word' id='word_1_41' title='bbox 1730 544 1938 599; x_wconf 90' lang='lat' dir='ltr'><strong>bonum</strong></span> <span class='ocrx_word' id='word_1_42' title='bbox 1966 552 2067 613; x_wconf 89' lang='lat' dir='ltr'><strong>est,</strong></span> 
     </span>
    </p>
   </div>
   <div class='ocr_carea' id='block_1_7' title="bbox 474 637 2069 714">
    <p class='ocr_par' dir='ltr' id='par_1_7' title="bbox 474 637 2069 714">
     <span class='ocr_line' id='line_1_7' title="bbox 474 637 2069 714; baseline -0.003 -18"><span class='ocrx_word' id='word_1_43' title='bbox 474 640 753 714; x_wconf 82' lang='lat' dir='ltr'><strong>pervenire</strong></span> <span class='ocrx_word' id='word_1_44' title='bbox 791 640 1079 711; x_wconf 90' lang='lat' dir='ltr'><strong>possimus.</strong></span> <span class='ocrx_word' id='word_1_45' title='bbox 1115 642 1305 711; x_wconf 86' lang='lat' dir='ltr'><strong>Neque</strong></span> <span class='ocrx_word' id='word_1_46' title='bbox 1355 639 1500 694; x_wconf 91' lang='lat' dir='ltr'><strong>enim</strong></span> <span class='ocrx_word' id='word_1_47' title='bbox 1539 637 1846 707; x_wconf 88' lang='lat' dir='ltr'><strong>medicina,</strong></span> <span class='ocrx_word' id='word_1_48' title='bbox 1879 639 2069 693; x_wconf 89' lang='lat' dir='ltr'><strong>auriﬁ-</strong></span> 
     </span>
    </p>
   </div>
   <div class='ocr_carea' id='block_1_8' title="bbox 472 730 2070 804">
    <p class='ocr_par' dir='ltr' id='par_1_8' title="bbox 472 730 2070 804">
     <span class='ocr_line' id='line_1_8' title="bbox 472 730 2070 804; baseline -0.004 -13"><span class='ocrx_word' id='word_1_49' title='bbox 472 735 629 801; x_wconf 89' lang='lat' dir='ltr'><strong>cina,</strong></span> <span class='ocrx_word' id='word_1_50' title='bbox 659 734 741 789; x_wconf 85' lang='lat' dir='ltr'><strong>vel</strong></span> <span class='ocrx_word' id='word_1_51' title='bbox 760 741 1081 790; x_wconf 88' lang='lat' dir='ltr'><strong>caterarum</strong></span> <span class='ocrx_word' id='word_1_52' title='bbox 1105 747 1227 804; x_wconf 87' lang='lat' dir='ltr'><strong>qua</strong></span> <span class='ocrx_word' id='word_1_53' title='bbox 1258 731 1315 787; x_wconf 93' lang='lat' dir='ltr'><strong>in</strong></span> <span class='ocrx_word' id='word_1_54' title='bbox 1343 731 1450 788; x_wconf 86' lang='lat' dir='ltr'><strong>hoc</strong></span> <span class='ocrx_word' id='word_1_55' title='bbox 1476 730 1682 788; x_wconf 90' lang='lat' dir='ltr'><strong>mundo</strong></span> <span class='ocrx_word' id='word_1_56' title='bbox 1706 738 1834 787; x_wconf 88' lang='lat' dir='ltr'><strong>sunt</strong></span> <span class='ocrx_word' id='word_1_57' title='bbox 1850 730 2070 797; x_wconf 81' lang='lat' dir='ltr'><strong>artium,</strong></span> 
     </span>
    </p>
   </div>
   <div class='ocr_carea' id='block_1_9' title="bbox 426 810 2075 898">
    <p class='ocr_par' dir='ltr' id='par_1_9' title="bbox 426 810 2075 898">
     <span class='ocr_line' id='line_1_9' title="bbox 426 810 2075 898; baseline -0.001 -16"><span class='ocrx_word' id='word_1_58' title='bbox 426 866 429 873; x_wconf 59' lang='grc' dir='ltr'><strong><em>ι</em></strong></span> <span class='ocrx_word' id='word_1_59' title='bbox 473 810 780 898; x_wconf 83' lang='lat' dir='ltr'><strong>disciplina,</strong></span> <span class='ocrx_word' id='word_1_60' title='bbox 834 833 1054 898; x_wconf 81' lang='lat' dir='ltr'><strong>propter</strong></span> <span class='ocrx_word' id='word_1_61' title='bbox 1095 826 1452 883; x_wconf 88' lang='lat' dir='ltr'><strong>instrumenta</strong></span> <span class='ocrx_word' id='word_1_62' title='bbox 1504 840 1628 897; x_wconf 88' lang='lat' dir='ltr'><strong>qua</strong></span> <span class='ocrx_word' id='word_1_63' title='bbox 1675 825 1745 881; x_wconf 90' lang='lat' dir='ltr'><strong>ad</strong></span> <span class='ocrx_word' id='word_1_64' title='bbox 1781 839 1920 896; x_wconf 92' lang='lat' dir='ltr'><strong>opus</strong></span> <span class='ocrx_word' id='word_1_65' title='bbox 1957 825 2075 897; x_wconf 87' lang='lat' dir='ltr'><strong>ejus</strong></span> 
     </span>
    </p>
   </div>
   <div class='ocr_carea' id='block_1_10' title="bbox 475 918 2073 993">
    <p class='ocr_par' dir='ltr' id='par_1_10' title="bbox 475 918 2073 993">
     <span class='ocr_line' id='line_1_10' title="bbox 475 918 2073 993; baseline -0.002 -15"><span class='ocrx_word' id='word_1_66' title='bbox 475 922 744 993; x_wconf 83' lang='lat' dir='ltr'><strong>pertinent</strong></span> <span class='ocrx_word' id='word_1_67' title='bbox 768 928 1069 987; x_wconf 85' lang='lat' dir='ltr'><strong>exercetur,</strong></span> <span class='ocrx_word' id='word_1_68' title='bbox 1098 928 1153 976; x_wconf 89' lang='lat' dir='ltr'><strong>et</strong></span> <span class='ocrx_word' id='word_1_69' title='bbox 1193 936 1306 975; x_wconf 91' lang='lat' dir='ltr'><strong>non</strong></span> <span class='ocrx_word' id='word_1_70' title='bbox 1348 919 1532 992; x_wconf 84' lang='lat' dir='ltr'><strong>potius</strong></span> <span class='ocrx_word' id='word_1_71' title='bbox 1572 918 1898 975; x_wconf 79' lang='lat' dir='ltr'><strong>ferramenta</strong></span> <span class='ocrx_word' id='word_1_72' title='bbox 1940 935 2073 991; x_wconf 92' lang='lat' dir='ltr'><strong>pro-</strong></span> 
     </span>
    </p>
   </div>
   <div class='ocr_carea' id='block_1_11' title="bbox 473 1011 2072 1088">
    <p class='ocr_par' dir='ltr' id='par_1_11' title="bbox 473 1011 2072 1088">
     <span class='ocr_line' id='line_1_11' title="bbox 473 1011 2072 1088; baseline -0.003 -16"><span class='ocrx_word' id='word_1_73' title='bbox 473 1025 593 1088; x_wconf 83' lang='lat' dir='ltr'><strong>pter</strong></span> <span class='ocrx_word' id='word_1_74' title='bbox 634 1016 767 1072; x_wconf 86' lang='lat' dir='ltr'><strong>artis</strong></span> <span class='ocrx_word' id='word_1_75' title='bbox 806 1015 1049 1071; x_wconf 91' lang='lat' dir='ltr'><strong>studium</strong></span> <span class='ocrx_word' id='word_1_76' title='bbox 1108 1022 1507 1087; x_wconf 84' lang='lat' dir='ltr'><strong>praparantur;</strong></span> <span class='ocrx_word' id='word_1_77' title='bbox 1556 1029 1679 1085; x_wconf 90' lang='lat' dir='ltr'><strong>qua</strong></span> <span class='ocrx_word' id='word_1_78' title='bbox 1726 1013 1871 1069; x_wconf 88' lang='lat' dir='ltr'><strong>sicut</strong></span> <span class='ocrx_word' id='word_1_79' title='bbox 1921 1011 2072 1068; x_wconf 86' lang='lat' dir='ltr'><strong>utilia</strong></span> 
     </span>
    </p>
   </div>
   <div class='ocr_carea' id='block_1_12' title="bbox 472 1105 2071 1181">
    <p class='ocr_par' dir='ltr' id='par_1_12' title="bbox 472 1105 2071 1181">
     <span class='ocr_line' id='line_1_12' title="bbox 472 1105 2071 1181; baseline -0.003 -16"><span class='ocrx_word' id='word_1_80' title='bbox 472 1117 602 1166; x_wconf 90' lang='lat' dir='ltr'><strong>sunt</strong></span> <span class='ocrx_word' id='word_1_81' title='bbox 660 1107 865 1181; x_wconf 86' lang='lat' dir='ltr'><strong>peritis,</strong></span> <span class='ocrx_word' id='word_1_82' title='bbox 914 1107 985 1162; x_wconf 90' lang='lat' dir='ltr'><strong>ita</strong></span> <span class='ocrx_word' id='word_1_83' title='bbox 1022 1107 1297 1177; x_wconf 81' lang='lat' dir='ltr'><strong>superﬂua</strong></span> <span class='ocrx_word' id='word_1_84' title='bbox 1344 1106 1427 1162; x_wconf 91' lang='lat' dir='ltr'><strong>his</strong></span> <span class='ocrx_word' id='word_1_85' title='bbox 1476 1106 1569 1176; x_wconf 91' lang='lat' dir='ltr'><strong>qui</strong></span> <span class='ocrx_word' id='word_1_86' title='bbox 1602 1106 1736 1162; x_wconf 90' lang='lat' dir='ltr'><strong>artis</strong></span> <span class='ocrx_word' id='word_1_87' title='bbox 1772 1105 1944 1176; x_wconf 91' lang='lat' dir='ltr'><strong>ipsius</strong></span> <span class='ocrx_word' id='word_1_88' title='bbox 1971 1121 2071 1160; x_wconf 93' lang='lat' dir='ltr'><strong>ne-</strong></span> 
     </span>
    </p>
   </div>
   <div class='ocr_carea' id='block_1_13' title="bbox 469 1197 2068 1272">
    <p class='ocr_par' dir='ltr' id='par_1_13' title="bbox 469 1197 2068 1272">
     <span class='ocr_line' id='line_1_13' title="bbox 469 1197 2068 1272; baseline -0.004 -13"><span class='ocrx_word' id='word_1_89' title='bbox 469 1203 651 1260; x_wconf 88' lang='lat' dir='ltr'><strong>sciunt</strong></span> <span class='ocrx_word' id='word_1_90' title='bbox 690 1201 1054 1272; x_wconf 91' lang='lat' dir='ltr'><strong>disciplinam.</strong></span> <span class='ocrx_word' id='word_1_91' title='bbox 1084 1203 1159 1255; x_wconf 88' lang='lat' dir='ltr'><strong>Et</strong></span> <span class='ocrx_word' id='word_1_92' title='bbox 1202 1200 1345 1254; x_wconf 89' lang='lat' dir='ltr'><strong>sicut</strong></span> <span class='ocrx_word' id='word_1_93' title='bbox 1373 1199 1458 1253; x_wconf 84' lang='lat' dir='ltr'><strong>his</strong></span> <span class='ocrx_word' id='word_1_94' title='bbox 1496 1199 1589 1270; x_wconf 91' lang='lat' dir='ltr'><strong>qui</strong></span> <span class='ocrx_word' id='word_1_95' title='bbox 1618 1198 1687 1254; x_wconf 90' lang='lat' dir='ltr'><strong>ad</strong></span> <span class='ocrx_word' id='word_1_96' title='bbox 1727 1197 2068 1254; x_wconf 91' lang='lat' dir='ltr'><strong>efﬁciendum</strong></span> 
     </span>
    </p>
   </div>
   <div class='ocr_carea' id='block_1_14' title="bbox 469 1291 2070 1367">
    <p class='ocr_par' dir='ltr' id='par_1_14' title="bbox 469 1291 2070 1367">
     <span class='ocr_line' id='line_1_14' title="bbox 469 1291 2070 1367; baseline -0.003 -16"><span class='ocrx_word' id='word_1_97' title='bbox 469 1311 606 1367; x_wconf 90' lang='lat' dir='ltr'><strong>opus</strong></span> <span class='ocrx_word' id='word_1_98' title='bbox 632 1310 818 1362; x_wconf 88' lang='lat' dir='ltr'><strong>suum,</strong></span> <span class='ocrx_word' id='word_1_99' title='bbox 849 1308 1042 1349; x_wconf 90' lang='lat' dir='ltr'><strong>eorum</strong></span> <span class='ocrx_word' id='word_1_100' title='bbox 1077 1292 1379 1348; x_wconf 90' lang='lat' dir='ltr'><strong>ministerio</strong></span> <span class='ocrx_word' id='word_1_101' title='bbox 1411 1291 1731 1359; x_wconf 87' lang='lat' dir='ltr'><strong>fulciuntur,</strong></span> <span class='ocrx_word' id='word_1_102' title='bbox 1771 1291 2070 1364; x_wconf 90' lang='lat' dir='ltr'><strong>plurimum</strong></span> 
     </span>
    </p>
   </div>
   <div class='ocr_carea' id='block_1_15' title="bbox 471 1385 2071 1461">
    <p class='ocr_par' dir='ltr' id='par_1_15' title="bbox 471 1385 2071 1461">
     <span class='ocr_line' id='line_1_15' title="bbox 471 1385 2071 1461; baseline -0.003 -16"><span class='ocrx_word' id='word_1_103' title='bbox 471 1396 718 1461; x_wconf 88' lang='lat' dir='ltr'><strong>prosunt,</strong></span> <span class='ocrx_word' id='word_1_104' title='bbox 739 1386 745 1395; x_wconf 78' lang='grc'><strong><em>’</em></strong></span> <span class='ocrx_word' id='word_1_105' title='bbox 766 1386 839 1443; x_wconf 90' lang='lat' dir='ltr'><strong>ita</strong></span> <span class='ocrx_word' id='word_1_106' title='bbox 868 1386 972 1443; x_wconf 88' lang='lat' dir='ltr'><strong>illis</strong></span> <span class='ocrx_word' id='word_1_107' title='bbox 1012 1385 1124 1457; x_wconf 91' lang='lat' dir='ltr'><strong>qui,</strong></span> <span class='ocrx_word' id='word_1_108' title='bbox 1162 1386 1317 1457; x_wconf 83' lang='lat' dir='ltr'><strong>cujus</strong></span> <span class='ocrx_word' id='word_1_109' title='bbox 1354 1386 1433 1441; x_wconf 92' lang='lat' dir='ltr'><strong>rei</strong></span> <span class='ocrx_word' id='word_1_110' title='bbox 1477 1385 1653 1458; x_wconf 86' lang='lat' dir='ltr'><strong>gratia</strong></span> <span class='ocrx_word' id='word_1_111' title='bbox 1683 1385 1930 1441; x_wconf 88' lang='lat' dir='ltr'><strong>instituta</strong></span> <span class='ocrx_word' id='word_1_112' title='bbox 1959 1385 2071 1441; x_wconf 90' lang='lat' dir='ltr'><strong>sint</strong></span> 
     </span>
    </p>
   </div>
   <div class='ocr_carea' id='block_1_16' title="bbox 467 1476 2068 1554">
    <p class='ocr_par' dir='ltr' id='par_1_16' title="bbox 467 1476 2068 1554">
     <span class='ocr_line' id='line_1_16' title="bbox 467 1476 2068 1554; baseline -0.003 -17"><span class='ocrx_word' id='word_1_113' title='bbox 467 1482 799 1554; x_wconf 80' lang='lat' dir='ltr'><strong>ignorantes,</strong></span> <span class='ocrx_word' id='word_1_114' title='bbox 845 1479 960 1535; x_wconf 91' lang='lat' dir='ltr'><strong>sola</strong></span> <span class='ocrx_word' id='word_1_115' title='bbox 1001 1493 1193 1534; x_wconf 88' lang='lat' dir='ltr'><strong>eorum</strong></span> <span class='ocrx_word' id='word_1_116' title='bbox 1247 1476 1588 1549; x_wconf 90' lang='lat' dir='ltr'><strong>possessione</strong></span> <span class='ocrx_word' id='word_1_117' title='bbox 1617 1477 1862 1534; x_wconf 89' lang='lat' dir='ltr'><strong>contenti</strong></span> <span class='ocrx_word' id='word_1_118' title='bbox 1908 1486 2068 1546; x_wconf 91' lang='lat' dir='ltr'><strong>sunt,</strong></span> 
     </span>
    </p>
   </div>
   <div class='ocr_carea' id='block_1_17' title="bbox 468 1571 2070 1649">
    <p class='ocr_par' dir='ltr' id='par_1_17' title="bbox 468 1571 2070 1649">
     <span class='ocr_line' id='line_1_17' title="bbox 468 1571 2070 1649; baseline -0.002 -18"><span class='ocrx_word' id='word_1_119' title='bbox 468 1576 682 1649; x_wconf 89' lang='lat' dir='ltr'><strong>penitus</strong></span> <span class='ocrx_word' id='word_1_120' title='bbox 710 1572 970 1646; x_wconf 87' lang='lat' dir='ltr'><strong>prodesse</strong></span> <span class='ocrx_word' id='word_1_121' title='bbox 998 1589 1114 1629; x_wconf 90' lang='lat' dir='ltr'><strong>non</strong></span> <span class='ocrx_word' id='word_1_122' title='bbox 1150 1581 1379 1645; x_wconf 91' lang='lat' dir='ltr'><strong>possunt</strong></span> <span class='ocrx_word' id='word_1_123' title='bbox 1396 1614 1411 1644; x_wconf 88' lang='lat'><strong>,</strong></span> <span class='ocrx_word' id='word_1_124' title='bbox 1458 1573 1585 1644; x_wconf 89' lang='lat' dir='ltr'><strong>quia</strong></span> <span class='ocrx_word' id='word_1_125' title='bbox 1614 1571 1853 1628; x_wconf 87' lang='lat' dir='ltr'><strong>utilitatis</strong></span> <span class='ocrx_word' id='word_1_126' title='bbox 1878 1587 2070 1628; x_wconf 90' lang='lat' dir='ltr'><strong>eorum</strong></span> 
     </span>
    </p>
   </div>
   <div class='ocr_carea' id='block_1_18' title="bbox 466 1666 2071 1743">
    <p class='ocr_par' dir='ltr' id='par_1_18' title="bbox 466 1666 2071 1743">
     <span class='ocr_line' id='line_1_18' title="bbox 466 1666 2071 1743; baseline -0.005 -14"><span class='ocrx_word' id='word_1_127' title='bbox 466 1673 632 1743; x_wconf 87' lang='lat' dir='ltr'><strong>[Lips.</strong></span> <span class='ocrx_word' id='word_1_128' title='bbox 656 1672 715 1725; x_wconf 87' lang='lat' dir='ltr'><strong>in</strong></span> <span class='ocrx_word' id='word_1_129' title='bbox 728 1686 901 1738; x_wconf 84' lang='lat' dir='ltr'><strong>marg.</strong></span> <span class='ocrx_word' id='word_1_130' title='bbox 916 1671 1051 1737; x_wconf 88' lang='lat' dir='ltr'><strong>sua]</strong></span> <span class='ocrx_word' id='word_1_131' title='bbox 1074 1683 1354 1724; x_wconf 87' lang='lat' dir='ltr'><strong>summam</strong></span> <span class='ocrx_word' id='word_1_132' title='bbox 1366 1667 1423 1723; x_wconf 91' lang='lat' dir='ltr'><strong>in</strong></span> <span class='ocrx_word' id='word_1_133' title='bbox 1440 1666 1738 1724; x_wconf 87' lang='lat' dir='ltr'><strong>retentione</strong></span> <span class='ocrx_word' id='word_1_134' title='bbox 1748 1682 1942 1724; x_wconf 90' lang='lat' dir='ltr'><strong>eorum</strong></span> <span class='ocrx_word' id='word_1_135' title='bbox 1952 1674 2071 1721; x_wconf 88' lang='lat' dir='ltr'><strong>tan-</strong></span> 
     </span>
    </p>
   </div>
   <div class='ocr_carea' id='block_1_19' title="bbox 2177 450 3781 525">
    <p class='ocr_par' dir='ltr' id='par_1_19' title="bbox 2177 450 3781 525">
     <span class='ocr_line' id='line_1_19' title="bbox 2177 450 3781 525; baseline 0.001 -17"><span class='ocrx_word' id='word_1_136' title='bbox 2177 451 2494 521; x_wconf 90' lang='lat' dir='ltr'><strong>adversum,</strong></span> <span class='ocrx_word' id='word_1_137' title='bbox 2521 452 2577 509; x_wconf 90' lang='lat' dir='ltr'><strong>id</strong></span> <span class='ocrx_word' id='word_1_138' title='bbox 2618 460 2718 518; x_wconf 86' lang='lat' dir='ltr'><strong>est,</strong></span> <span class='ocrx_word' id='word_1_139' title='bbox 2747 452 2998 509; x_wconf 87' lang='lat' dir='ltr'><strong>ciborum</strong></span> <span class='ocrx_word' id='word_1_140' title='bbox 3030 451 3356 508; x_wconf 84' lang='lat' dir='ltr'><strong>naturaliter</strong></span> <span class='ocrx_word' id='word_1_141' title='bbox 3369 450 3621 522; x_wconf 86' lang='lat' dir='ltr'><strong>jucunda</strong></span> <span class='ocrx_word' id='word_1_142' title='bbox 3657 470 3781 525; x_wconf 86' lang='lat' dir='ltr'><strong>per-</strong></span> 
     </span>
    </p>
   </div>
   <div class='ocr_carea' id='block_1_20' title="bbox 2177 545 3780 619">
    <p class='ocr_par' dir='ltr' id='par_1_20' title="bbox 2177 545 3780 619">
     <span class='ocr_line' id='line_1_20' title="bbox 2177 545 3780 619; baseline 0.002 -18"><span class='ocrx_word' id='word_1_143' title='bbox 2177 546 2377 617; x_wconf 85' lang='lat' dir='ltr'><strong>ceptio,</strong></span> <span class='ocrx_word' id='word_1_144' title='bbox 2425 561 2548 618; x_wconf 89' lang='lat' dir='ltr'><strong>qua</strong></span> <span class='ocrx_word' id='word_1_145' title='bbox 2571 545 2675 619; x_wconf 84' lang='lat' dir='ltr'><strong>nisi</strong></span> <span class='ocrx_word' id='word_1_146' title='bbox 2729 545 3144 618; x_wconf 86' lang='lat' dir='ltr'><strong>intemperantia</strong></span> <span class='ocrx_word' id='word_1_147' title='bbox 3189 554 3353 617; x_wconf 87' lang='lat' dir='ltr'><strong>atque</strong></span> <span class='ocrx_word' id='word_1_148' title='bbox 3393 545 3651 615; x_wconf 84' lang='lat' dir='ltr'><strong>luxuria,</strong></span> <span class='ocrx_word' id='word_1_149' title='bbox 3704 550 3780 606; x_wconf 83' lang='lat' dir='ltr'><strong>vel</strong></span> 
     </span>
    </p>
   </div>
   <div class='ocr_carea' id='block_1_21' title="bbox 2177 637 3783 712">
    <p class='ocr_par' dir='ltr' id='par_1_21' title="bbox 2177 637 3783 712">
     <span class='ocr_line' id='line_1_21' title="bbox 2177 637 3783 712; baseline 0.004 -20"><span class='ocrx_word' id='word_1_150' title='bbox 2177 638 2280 695; x_wconf 91' lang='lat' dir='ltr'><strong>alia</strong></span> <span class='ocrx_word' id='word_1_151' title='bbox 2308 638 2559 711; x_wconf 85' lang='lat' dir='ltr'><strong>quadam</strong></span> <span class='ocrx_word' id='word_1_152' title='bbox 2611 638 2734 695; x_wconf 89' lang='lat' dir='ltr'><strong>vitia</strong></span> <span class='ocrx_word' id='word_1_153' title='bbox 2784 639 3203 711; x_wconf 87' lang='lat' dir='ltr'><strong>subsequantur,</strong></span> <span class='ocrx_word' id='word_1_154' title='bbox 3251 637 3397 694; x_wconf 87' lang='lat' dir='ltr'><strong>mala</strong></span> <span class='ocrx_word' id='word_1_155' title='bbox 3447 653 3561 696; x_wconf 90' lang='lat' dir='ltr'><strong>non</strong></span> <span class='ocrx_word' id='word_1_156' title='bbox 3608 650 3783 712; x_wconf 87' lang='lat' dir='ltr'><strong>potest</strong></span> 
     </span>
    </p>
   </div>
   <div class='ocr_carea' id='block_1_22' title="bbox 2180 731 3781 806">
    <p class='ocr_par' dir='ltr' id='par_1_22' title="bbox 2180 731 3781 806">
     <span class='ocr_line' id='line_1_22' title="bbox 2180 731 3781 806; baseline 0.002 -18"><span class='ocrx_word' id='word_1_157' title='bbox 2180 731 2430 802; x_wconf 89' lang='lat' dir='ltr'><strong>deﬁniri;</strong></span> <span class='ocrx_word' id='word_1_158' title='bbox 2457 734 2586 806; x_wconf 89' lang='lat' dir='ltr'><strong>quia</strong></span> <span class='ocrx_word' id='word_1_159' title='bbox 2616 738 2643 767; x_wconf 75' lang='grc'>⁸</span> <span class='ocrx_word' id='word_1_160' title='bbox 2668 737 2785 794; x_wconf 89' lang='lat' dir='ltr'><strong>Non</strong></span> <span class='ocrx_word' id='word_1_161' title='bbox 2812 734 2955 804; x_wconf 85' lang='lat' dir='ltr'><strong>quod</strong></span> <span class='ocrx_word' id='word_1_162' title='bbox 2969 736 3141 789; x_wconf 79' lang='lat' dir='ltr'><strong>intrat</strong></span> <span class='ocrx_word' id='word_1_163' title='bbox 3168 736 3229 788; x_wconf 86' lang='lat' dir='ltr'><strong>in</strong></span> <span class='ocrx_word' id='word_1_164' title='bbox 3265 748 3321 788; x_wconf 86' lang='lat' dir='ltr'><strong>os</strong></span> <span class='ocrx_word' id='word_1_165' title='bbox 3349 736 3669 803; x_wconf 84' lang='lat' dir='ltr'><strong>coinquinat</strong></span> <span class='ocrx_word' id='word_1_166' title='bbox 3686 736 3781 791; x_wconf 85' lang='lat' dir='ltr'><strong>ho-</strong></span> 
     </span>
    </p>
   </div>
   <div class='ocr_carea' id='block_1_23' title="bbox 2181 828 3780 899">
    <p class='ocr_par' dir='ltr' id='par_1_23' title="bbox 2181 828 3780 899">
     <span class='ocr_line' id='line_1_23' title="bbox 2181 828 3780 899; baseline 0.001 -16"><span class='ocrx_word' id='word_1_167' title='bbox 2181 829 2413 895; x_wconf 84' lang='lat' dir='ltr'><strong>minem;</strong></span> <span class='ocrx_word' id='word_1_168' title='bbox 2433 829 2527 883; x_wconf 86' lang='lat' dir='ltr'><strong>sed</strong></span> <span class='ocrx_word' id='word_1_169' title='bbox 2538 844 2658 899; x_wconf 69' lang='lat' dir='ltr'><strong>qua:</strong></span> <span class='ocrx_word' id='word_1_170' title='bbox 2676 828 2974 899; x_wconf 84' lang='lat' dir='ltr'><strong>procedunt</strong></span> <span class='ocrx_word' id='word_1_171' title='bbox 2995 829 3182 891; x_wconf 76' lang='lat' dir='ltr'><strong>deore,</strong></span> <span class='ocrx_word' id='word_1_172' title='bbox 3201 828 3311 882; x_wconf 76' lang='lat' dir='ltr'><strong>haec</strong></span> <span class='ocrx_word' id='word_1_173' title='bbox 3325 830 3684 898; x_wconf 71' lang='lat' dir='ltr'><strong>coinquinant</strong></span> <span class='ocrx_word' id='word_1_174' title='bbox 3702 831 3780 885; x_wconf 85' lang='lat' dir='ltr'><strong>ho-</strong></span> 
     </span>
    </p>
   </div>
   <div class='ocr_carea' id='block_1_24' title="bbox 2180 917 3778 992">
    <p class='ocr_par' dir='ltr' id='par_1_24' title="bbox 2180 917 3778 992">
     <span class='ocr_line' id='line_1_24' title="bbox 2180 917 3778 992; baseline 0.003 -19"><span class='ocrx_word' id='word_1_175' title='bbox 2180 922 2378 975; x_wconf 84' lang='lat' dir='ltr'><strong>minem</strong></span> <span class='ocrx_word' id='word_1_176' title='bbox 2397 922 2619 987; x_wconf 84' lang='lat' dir='ltr'><strong>(Matth.</strong></span> <span class='ocrx_word' id='word_1_177' title='bbox 2665 920 2788 992; x_wconf 86' lang='lat' dir='ltr'><strong>xv).</strong></span> <span class='ocrx_word' id='word_1_178' title='bbox 2827 918 3107 990; x_wconf 88' lang='lat' dir='ltr'><strong>Principali</strong></span> <span class='ocrx_word' id='word_1_179' title='bbox 3145 918 3330 990; x_wconf 85' lang='lat' dir='ltr'><strong>itaque</strong></span> <span class='ocrx_word' id='word_1_180' title='bbox 3354 917 3584 992; x_wconf 77' lang='lat' dir='ltr'><strong>derogat</strong></span> <span class='ocrx_word' id='word_1_181' title='bbox 3610 920 3778 990; x_wconf 84' lang='lat' dir='ltr'><strong>bono,</strong></span> 
     </span>
    </p>
   </div>
   <div class='ocr_carea' id='block_1_25' title="bbox 2181 1010 3781 1086">
    <p class='ocr_par' dir='ltr' id='par_1_25' title="bbox 2181 1010 3781 1086">
     <span class='ocr_line' id='line_1_25' title="bbox 2181 1010 3781 1086; baseline 0.003 -19"><span class='ocrx_word' id='word_1_182' title='bbox 2181 1026 2285 1067; x_wconf 92' lang='lat' dir='ltr'><strong>nec</strong></span> <span class='ocrx_word' id='word_1_183' title='bbox 2303 1013 2540 1085; x_wconf 88' lang='lat' dir='ltr'><strong>perfecte</strong></span> <span class='ocrx_word' id='word_1_184' title='bbox 2564 1021 2660 1068; x_wconf 89' lang='lat' dir='ltr'><strong>aut</strong></span> <span class='ocrx_word' id='word_1_185' title='bbox 2689 1013 2809 1069; x_wconf 85' lang='lat' dir='ltr'><strong>sine</strong></span> <span class='ocrx_word' id='word_1_186' title='bbox 2849 1020 3064 1083; x_wconf 86' lang='lat' dir='ltr'><strong>peccato</strong></span> <span class='ocrx_word' id='word_1_187' title='bbox 3094 1010 3228 1067; x_wconf 91' lang='lat' dir='ltr'><strong>illud</strong></span> <span class='ocrx_word' id='word_1_188' title='bbox 3254 1013 3591 1084; x_wconf 77' lang='lat' dir='ltr'><strong>exsequitur,</strong></span> <span class='ocrx_word' id='word_1_189' title='bbox 3632 1015 3781 1086; x_wconf 90' lang='lat' dir='ltr'><strong>quis-</strong></span> 
     </span>
    </p>
   </div>
   <div class='ocr_carea' id='block_1_26' title="bbox 2179 1105 3782 1180">
    <p class='ocr_par' dir='ltr' id='par_1_26' title="bbox 2179 1105 3782 1180">
     <span class='ocr_line' id='line_1_26' title="bbox 2179 1105 3782 1180; baseline 0.001 -18"><span class='ocrx_word' id='word_1_190' title='bbox 2179 1108 2302 1179; x_wconf 88' lang='lat' dir='ltr'><strong>quis</strong></span> <span class='ocrx_word' id='word_1_191' title='bbox 2342 1107 2447 1164; x_wconf 91' lang='lat' dir='ltr'><strong>hoc</strong></span> <span class='ocrx_word' id='word_1_192' title='bbox 2499 1123 2612 1164; x_wconf 92' lang='lat' dir='ltr'><strong>non</strong></span> <span class='ocrx_word' id='word_1_193' title='bbox 2643 1115 2864 1180; x_wconf 88' lang='lat' dir='ltr'><strong>propter</strong></span> <span class='ocrx_word' id='word_1_194' title='bbox 2901 1107 3175 1178; x_wconf 89' lang='lat' dir='ltr'><strong>idipsum,</strong></span> <span class='ocrx_word' id='word_1_195' title='bbox 3216 1105 3315 1162; x_wconf 91' lang='lat' dir='ltr'><strong>sed</strong></span> <span class='ocrx_word' id='word_1_196' title='bbox 3352 1115 3569 1178; x_wconf 84' lang='lat' dir='ltr'><strong>propter</strong></span> <span class='ocrx_word' id='word_1_197' title='bbox 3626 1106 3782 1164; x_wconf 86' lang='lat' dir='ltr'><strong>aliud</strong></span> 
     </span>
    </p>
   </div>
   <div class='ocr_carea' id='block_1_27' title="bbox 2178 1195 3777 1272">
    <p class='ocr_par' dir='ltr' id='par_1_27' title="bbox 2178 1195 3777 1272">
     <span class='ocr_line' id='line_1_27' title="bbox 2178 1195 3777 1272; baseline -0.001 -18"><span class='ocrx_word' id='word_1_198' title='bbox 2178 1199 2389 1272; x_wconf 89' lang='lat' dir='ltr'><strong>aliquid</strong></span> <span class='ocrx_word' id='word_1_199' title='bbox 2413 1199 2558 1257; x_wconf 84' lang='lat' dir='ltr'><strong>facit.</strong></span> <span class='ocrx_word' id='word_1_200' title='bbox 2591 1199 2786 1256; x_wconf 87' lang='lat' dir='ltr'><strong>Omnia</strong></span> <span class='ocrx_word' id='word_1_201' title='bbox 2808 1199 2954 1255; x_wconf 88' lang='lat' dir='ltr'><strong>enim</strong></span> <span class='ocrx_word' id='word_1_202' title='bbox 2981 1198 3145 1271; x_wconf 87' lang='lat' dir='ltr'><strong>hujus</strong></span> <span class='ocrx_word' id='word_1_203' title='bbox 3156 1198 3333 1271; x_wconf 83' lang='lat' dir='ltr'><strong>gratia</strong></span> <span class='ocrx_word' id='word_1_204' title='bbox 3356 1195 3607 1254; x_wconf 88' lang='lat' dir='ltr'><strong>facienda</strong></span> <span class='ocrx_word' id='word_1_205' title='bbox 3622 1206 3777 1269; x_wconf 85' lang='lat' dir='ltr'><strong>sunt,</strong></span> 
     </span>
    </p>
   </div>
   <div class='ocr_carea' id='block_1_28' title="bbox 2177 1291 3584 1367">
    <p class='ocr_par' dir='ltr' id='par_1_28' title="bbox 2177 1291 3584 1367">
     <span class='ocr_line' id='line_1_28' title="bbox 2177 1291 3584 1367; baseline -0.001 -20"><span class='ocrx_word' id='word_1_206' title='bbox 2177 1292 2357 1364; x_wconf 89' lang='lat' dir='ltr'><strong>ipsum</strong></span> <span class='ocrx_word' id='word_1_207' title='bbox 2389 1309 2518 1350; x_wconf 89' lang='lat' dir='ltr'><strong>vero</strong></span> <span class='ocrx_word' id='word_1_208' title='bbox 2547 1302 2768 1367; x_wconf 88' lang='lat' dir='ltr'><strong>propter</strong></span> <span class='ocrx_word' id='word_1_209' title='bbox 2795 1309 2854 1350; x_wconf 89' lang='lat' dir='ltr'><strong>se</strong></span> <span class='ocrx_word' id='word_1_210' title='bbox 2878 1292 3059 1348; x_wconf 90' lang='lat' dir='ltr'><strong>solum</strong></span> <span class='ocrx_word' id='word_1_211' title='bbox 3086 1300 3170 1347; x_wconf 91' lang='lat' dir='ltr'><strong>est</strong></span> <span class='ocrx_word' id='word_1_212' title='bbox 3195 1291 3584 1364; x_wconf 89' lang='lat' dir='ltr'><strong>expetendum.</strong></span> 
     </span>
    </p>
   </div>
   <div class='ocr_carea' id='block_1_29' title="bbox 2745 1387 3203 1444">
    <p class='ocr_par' dir='ltr' id='par_1_29' title="bbox 2745 1387 3203 1444">
     <span class='ocr_line' id='line_1_29' title="bbox 2745 1387 3203 1444; baseline -0.009 0"><span class='ocrx_word' id='word_1_213' title='bbox 2745 1387 2987 1444; x_wconf 82' lang='lat' dir='ltr'><strong>CAPUT</strong></span> <span class='ocrx_word' id='word_1_214' title='bbox 3020 1387 3203 1441; x_wconf 79' lang='lat' dir='ltr'><strong>XVII.</strong></span> 
     </span>
    </p>
   </div>
   <div class='ocr_carea' id='block_1_30' title="bbox 2531 1478 3417 1549">
    <p class='ocr_par' dir='ltr' id='par_1_30' title="bbox 2531 1478 3417 1549">
     <span class='ocr_line' id='line_1_30' title="bbox 2531 1478 3417 1549; baseline -0.002 -12"><span class='ocrx_word' id='word_1_215' title='bbox 2531 1484 2607 1537; x_wconf 88' lang='lat' dir='ltr'><strong>De</strong></span> <span class='ocrx_word' id='word_1_216' title='bbox 2625 1483 2838 1537; x_wconf 78' lang='lat' dir='ltr'><strong>ratione</strong></span> <span class='ocrx_word' id='word_1_217' title='bbox 2861 1484 2914 1536; x_wconf 90' lang='lat' dir='ltr'><strong>et</strong></span> <span class='ocrx_word' id='word_1_218' title='bbox 2942 1480 3183 1535; x_wconf 86' lang='lat' dir='ltr'><strong>utilitate</strong></span> <span class='ocrx_word' id='word_1_219' title='bbox 3190 1478 3417 1549; x_wconf 85' lang='lat' dir='ltr'><strong>jejunii.</strong></span> 
     </span>
    </p>
   </div>
   <div class='ocr_carea' id='block_1_31' title="bbox 2246 1573 3781 1647">
    <p class='ocr_par' dir='ltr' id='par_1_31' title="bbox 2246 1573 3781 1647">
     <span class='ocr_line' id='line_1_31' title="bbox 2246 1573 3781 1647; baseline 0.002 -19"><span class='ocrx_word' id='word_1_220' title='bbox 2246 1573 2433 1629; x_wconf 88' lang='lat' dir='ltr'><strong>Talem</strong></span> <span class='ocrx_word' id='word_1_221' title='bbox 2454 1574 2616 1647; x_wconf 84' lang='lat' dir='ltr'><strong>igitur</strong></span> <span class='ocrx_word' id='word_1_222' title='bbox 2655 1573 3034 1631; x_wconf 90' lang='lat' dir='ltr'><strong>deﬁnitionem</strong></span> <span class='ocrx_word' id='word_1_223' title='bbox 3085 1589 3249 1646; x_wconf 87' lang='lat' dir='ltr'><strong>super</strong></span> <span class='ocrx_word' id='word_1_224' title='bbox 3288 1574 3475 1646; x_wconf 89' lang='lat' dir='ltr'><strong>jejunii</strong></span> <span class='ocrx_word' id='word_1_225' title='bbox 3515 1574 3781 1646; x_wconf 87' lang='lat' dir='ltr'><strong>qualitate</strong></span> 
     </span>
    </p>
   </div>
   <div class='ocr_carea' id='block_1_32' title="bbox 2168 1664 3780 1742">
    <p class='ocr_par' dir='ltr' id='par_1_32' title="bbox 2168 1664 3780 1742">
     <span class='ocr_line' id='line_1_32' title="bbox 2168 1664 3780 1742; baseline 0.002 -21"><span class='ocrx_word' id='word_1_226' title='bbox 2168 1664 2375 1738; x_wconf 83' lang='lat' dir='ltr'><strong>jugiter</strong></span> <span class='ocrx_word' id='word_1_227' title='bbox 2401 1668 2715 1737; x_wconf 84' lang='lat' dir='ltr'><strong>retinentes,</strong></span> <span class='ocrx_word' id='word_1_228' title='bbox 2743 1668 2814 1724; x_wconf 90' lang='lat' dir='ltr'><strong>ita</strong></span> <span class='ocrx_word' id='word_1_229' title='bbox 2862 1666 2996 1724; x_wconf 92' lang='lat' dir='ltr'><strong>illud</strong></span> <span class='ocrx_word' id='word_1_230' title='bbox 3036 1667 3169 1724; x_wconf 89' lang='lat' dir='ltr'><strong>totis</strong></span> <span class='ocrx_word' id='word_1_231' title='bbox 3199 1668 3393 1725; x_wconf 87' lang='lat' dir='ltr'><strong>viribus</strong></span> <span class='ocrx_word' id='word_1_232' title='bbox 3416 1669 3585 1726; x_wconf 90' lang='lat' dir='ltr'><strong>animi</strong></span> <span class='ocrx_word' id='word_1_233' title='bbox 3612 1685 3780 1742; x_wconf 86' lang='lat' dir='ltr'><strong>appe-</strong></span> 
     </span>
    </p>
   </div>
   <div class='ocr_carea' id='block_1_33' title="bbox 465 1757 3779 1835">
    <p class='ocr_par' dir='ltr' id='par_1_33' title="bbox 465 1757 3779 1835">
     <span class='ocr_line' id='line_1_33' title="bbox 465 1757 3779 1835; baseline -0.001 -14"><span class='ocrx_word' id='word_1_234' title='bbox 465 1773 609 1832; x_wconf 89' lang='lat' dir='ltr'><strong>tum,</strong></span> <span class='ocrx_word' id='word_1_235' title='bbox 634 1778 748 1818; x_wconf 91' lang='lat' dir='ltr'><strong>non</strong></span> <span class='ocrx_word' id='word_1_236' title='bbox 777 1761 833 1817; x_wconf 93' lang='lat' dir='ltr'><strong>in</strong></span> <span class='ocrx_word' id='word_1_237' title='bbox 851 1761 1034 1834; x_wconf 86' lang='lat' dir='ltr'><strong>operis</strong></span> <span class='ocrx_word' id='word_1_238' title='bbox 1047 1760 1528 1817; x_wconf 89' lang='lat' dir='ltr'><strong>consummatione</strong></span> <span class='ocrx_word' id='word_1_239' title='bbox 1551 1760 1907 1816; x_wconf 89' lang='lat' dir='ltr'><strong>constituunt.</strong></span> <span class='ocrx_word' id='word_1_240' title='bbox 1932 1757 2070 1814; x_wconf 88' lang='lat' dir='ltr'><strong>Illud</strong></span> <span class='ocrx_word' id='word_1_241' title='bbox 2101 1770 2149 1832; x_wconf 84' lang='grc' dir='ltr'><strong>Β</strong></span> <span class='ocrx_word' id='word_1_242' title='bbox 2180 1767 2380 1828; x_wconf 89' lang='lat' dir='ltr'><strong>tamus,</strong></span> <span class='ocrx_word' id='word_1_243' title='bbox 2415 1768 2476 1816; x_wconf 88' lang='lat' dir='ltr'><strong>ut</strong></span> <span class='ocrx_word' id='word_1_244' title='bbox 2504 1769 2695 1818; x_wconf 89' lang='lat' dir='ltr'><strong>tamen</strong></span> <span class='ocrx_word' id='word_1_245' title='bbox 2722 1769 2855 1818; x_wconf 90' lang='lat' dir='ltr'><strong>tunc</strong></span> <span class='ocrx_word' id='word_1_246' title='bbox 2885 1760 3111 1818; x_wconf 90' lang='lat' dir='ltr'><strong>demum</strong></span> <span class='ocrx_word' id='word_1_247' title='bbox 3155 1759 3210 1818; x_wconf 91' lang='lat' dir='ltr'><strong>id</strong></span> <span class='ocrx_word' id='word_1_248' title='bbox 3257 1760 3416 1818; x_wconf 89' lang='lat' dir='ltr'><strong>nobis</strong></span> <span class='ocrx_word' id='word_1_249' title='bbox 3460 1777 3779 1835; x_wconf 73' lang='lat' dir='ltr'><strong>congruum</strong></span> 
     </span>
    </p>
   </div>
   <div class='ocr_carea' id='block_1_34' title="bbox 467 1852 3776 1930">
    <p class='ocr_par' dir='ltr' id='par_1_34' title="bbox 467 1852 3776 1930">
     <span class='ocr_line' id='line_1_34' title="bbox 467 1852 3776 1930; baseline -0.002 -15"><span class='ocrx_word' id='word_1_250' title='bbox 467 1873 597 1930; x_wconf 80' lang='lat' dir='ltr'><strong>ergo</strong></span> <span class='ocrx_word' id='word_1_251' title='bbox 623 1865 706 1913; x_wconf 90' lang='lat' dir='ltr'><strong>est</strong></span> <span class='ocrx_word' id='word_1_252' title='bbox 732 1855 1002 1928; x_wconf 92' lang='lat' dir='ltr'><strong>optimum</strong></span> <span class='ocrx_word' id='word_1_253' title='bbox 1048 1853 1432 1926; x_wconf 85' lang='lat' dir='ltr'><strong>principaliter,</strong></span> <span class='ocrx_word' id='word_1_254' title='bbox 1477 1861 1700 1926; x_wconf 88' lang='lat' dir='ltr'><strong>propter</strong></span> <span class='ocrx_word' id='word_1_255' title='bbox 1743 1852 1891 1925; x_wconf 89' lang='lat' dir='ltr'><strong>quod</strong></span> <span class='ocrx_word' id='word_1_256' title='bbox 1934 1852 2074 1910; x_wconf 91' lang='lat' dir='ltr'><strong>ﬁunt</strong></span> <span class='ocrx_word' id='word_1_257' title='bbox 2177 1852 2524 1922; x_wconf 86' lang='lat' dir='ltr'><strong>noverimus,</strong></span> <span class='ocrx_word' id='word_1_258' title='bbox 2571 1856 2617 1910; x_wconf 90' lang='lat' dir='ltr'><strong>si</strong></span> <span class='ocrx_word' id='word_1_259' title='bbox 2641 1854 2694 1910; x_wconf 92' lang='lat' dir='ltr'><strong>in</strong></span> <span class='ocrx_word' id='word_1_260' title='bbox 2735 1870 2802 1911; x_wconf 92' lang='lat' dir='ltr'><strong>eo</strong></span> <span class='ocrx_word' id='word_1_261' title='bbox 2852 1862 3169 1926; x_wconf 86' lang='lat' dir='ltr'><strong>temporum</strong></span> <span class='ocrx_word' id='word_1_262' title='bbox 3216 1854 3392 1926; x_wconf 87' lang='lat' dir='ltr'><strong>ratio,</strong></span> <span class='ocrx_word' id='word_1_263' title='bbox 3437 1855 3486 1909; x_wconf 86' lang='lat' dir='ltr'><strong>si</strong></span> <span class='ocrx_word' id='word_1_264' title='bbox 3521 1853 3776 1926; x_wconf 84' lang='lat' dir='ltr'><strong>qualitas,</strong></span> 
     </span>
    </p>
   </div>
   <div class='ocr_carea' id='block_1_35' title="bbox 464 1946 2069 2022">
    <p class='ocr_par' dir='ltr' id='par_1_35' title="bbox 464 1946 2069 2022">
     <span class='ocr_line' id='line_1_35' title="bbox 464 1946 2069 2022; baseline -0.003 -15"><span class='ocrx_word' id='word_1_265' title='bbox 464 1951 554 2007; x_wconf 89' lang='lat' dir='ltr'><strong>illa</strong></span> <span class='ocrx_word' id='word_1_266' title='bbox 579 1965 701 2022; x_wconf 88' lang='lat' dir='ltr'><strong>qua</strong></span> <span class='ocrx_word' id='word_1_267' title='bbox 739 1948 919 2006; x_wconf 90' lang='lat' dir='ltr'><strong>media</strong></span> <span class='ocrx_word' id='word_1_268' title='bbox 961 1956 1120 2015; x_wconf 84' lang='lat' dir='ltr'><strong>sunt;</strong></span> <span class='ocrx_word' id='word_1_269' title='bbox 1175 1948 1355 2019; x_wconf 90' lang='lat' dir='ltr'><strong>ipsum</strong></span> <span class='ocrx_word' id='word_1_270' title='bbox 1405 1963 1533 2003; x_wconf 90' lang='lat' dir='ltr'><strong>vero</strong></span> <span class='ocrx_word' id='word_1_271' title='bbox 1580 1947 1916 2019; x_wconf 69' lang='lat' dir='ltr'><strong>praecipuum</strong></span> <span class='ocrx_word' id='word_1_272' title='bbox 1964 1946 2069 2003; x_wconf 89' lang='lat' dir='ltr'><strong>bo-</strong></span> 
     </span>
    </p>
   </div>
   <div class='ocr_carea' id='block_1_36' title="bbox 467 2038 2067 2113">
    <p class='ocr_par' dir='ltr' id='par_1_36' title="bbox 467 2038 2067 2113">
     <span class='ocr_line' id='line_1_36' title="bbox 467 2038 2067 2113; baseline -0.003 -14"><span class='ocrx_word' id='word_1_273' title='bbox 467 2059 624 2113; x_wconf 88' lang='lat' dir='ltr'><strong>num,</strong></span> <span class='ocrx_word' id='word_1_274' title='bbox 650 2058 763 2099; x_wconf 92' lang='lat' dir='ltr'><strong>non</strong></span> <span class='ocrx_word' id='word_1_275' title='bbox 803 2042 874 2098; x_wconf 93' lang='lat' dir='ltr'><strong>ob</strong></span> <span class='ocrx_word' id='word_1_276' title='bbox 902 2040 1066 2097; x_wconf 89' lang='lat' dir='ltr'><strong>aliam</strong></span> <span class='ocrx_word' id='word_1_277' title='bbox 1110 2056 1351 2109; x_wconf 89' lang='lat' dir='ltr'><strong>causam,</strong></span> <span class='ocrx_word' id='word_1_278' title='bbox 1382 2038 1480 2097; x_wconf 90' lang='lat' dir='ltr'><strong>sed</strong></span> <span class='ocrx_word' id='word_1_279' title='bbox 1509 2048 1731 2111; x_wconf 91' lang='lat' dir='ltr'><strong>propter</strong></span> <span class='ocrx_word' id='word_1_280' title='bbox 1757 2054 1916 2095; x_wconf 90' lang='lat' dir='ltr'><strong>suam</strong></span> <span class='ocrx_word' id='word_1_281' title='bbox 1944 2047 2067 2094; x_wconf 88' lang='lat' dir='ltr'><strong>tan-</strong></span> 
     </span>
    </p>
   </div>
   <div class='ocr_carea' id='block_1_37' title="bbox 466 2134 1140 2209">
    <p class='ocr_par' dir='ltr' id='par_1_37' title="bbox 466 2134 1140 2209">
     <span class='ocr_line' id='line_1_37' title="bbox 466 2134 1140 2209; baseline -0.006 -16"><span class='ocrx_word' id='word_1_282' title='bbox 466 2146 587 2193; x_wconf 91' lang='lat' dir='ltr'><strong>tum</strong></span> <span class='ocrx_word' id='word_1_283' title='bbox 611 2135 789 2209; x_wconf 81' lang='lat' dir='ltr'><strong>agitur</strong></span> <span class='ocrx_word' id='word_1_284' title='bbox 814 2134 1140 2191; x_wconf 86' lang='lat' dir='ltr'><strong>bonitatem.</strong></span> 
     </span>
    </p>
   </div>
   <div class='ocr_carea' id='block_1_38' title="bbox 1041 2236 1486 2292">
    <p class='ocr_par' dir='ltr' id='par_1_38' title="bbox 1041 2236 1486 2292">
     <span class='ocr_line' id='line_1_38' title="bbox 1041 2236 1486 2292; baseline -0.007 0"><span class='ocrx_word' id='word_1_285' title='bbox 1041 2236 1282 2292; x_wconf 78' lang='lat' dir='ltr'><strong>CAPUT</strong></span> <span class='ocrx_word' id='word_1_286' title='bbox 1332 2236 1486 2291; x_wconf 85' lang='lat' dir='ltr'><strong>XVI.</strong></span> 
     </span>
    </p>
   </div>
   <div class='ocr_carea' id='block_1_39' title="bbox 537 2333 1994 2404">
    <p class='ocr_par' dir='ltr' id='par_1_39' title="bbox 537 2333 1994 2404">
     <span class='ocr_line' id='line_1_39' title="bbox 537 2333 1994 2404; baseline 0.001 -15"><span class='ocrx_word' id='word_1_287' title='bbox 537 2335 806 2404; x_wconf 80' lang='lat' dir='ltr'><strong>Quomodo</strong></span> <span class='ocrx_word' id='word_1_288' title='bbox 846 2350 881 2388; x_wconf 90' lang='lat' dir='ltr'><strong>a</strong></span> <span class='ocrx_word' id='word_1_289' title='bbox 907 2336 1113 2389; x_wconf 61' lang='lat' dir='ltr'><strong>caeteris</strong></span> <span class='ocrx_word' id='word_1_290' title='bbox 1138 2333 1287 2387; x_wconf 83' lang='lat' dir='ltr'><strong>bonis</strong></span> <span class='ocrx_word' id='word_1_291' title='bbox 1320 2334 1624 2403; x_wconf 69' lang='lat' dir='ltr'><strong>principale</strong></span> <span class='ocrx_word' id='word_1_292' title='bbox 1658 2335 1994 2391; x_wconf 75' lang='lat' dir='ltr'><strong>discernatur</strong></span> 
     </span>
    </p>
   </div>
   <div class='ocr_carea' id='block_1_40' title="bbox 1144 2404 1358 2460">
    <p class='ocr_par' dir='ltr' id='par_1_40' title="bbox 1144 2404 1358 2460">
     <span class='ocr_line' id='line_1_40' title="bbox 1144 2404 1358 2460; baseline 0.005 -3"><span class='ocrx_word' id='word_1_293' title='bbox 1144 2404 1358 2460; x_wconf 85' lang='lat' dir='ltr'><strong>bonum.</strong></span> 
     </span>
    </p>
   </div>
   <div class='ocr_carea' id='block_1_41' title="bbox 531 2503 2062 2579">
    <p class='ocr_par' dir='ltr' id='par_1_41' title="bbox 531 2503 2062 2579">
     <span class='ocr_line' id='line_1_41' title="bbox 531 2503 2062 2579; baseline -0.003 -14"><span class='ocrx_word' id='word_1_294' title='bbox 531 2507 691 2577; x_wconf 85' lang='lat' dir='ltr'><strong>Quod</strong></span> <span class='ocrx_word' id='word_1_295' title='bbox 727 2506 952 2579; x_wconf 89' lang='lat' dir='ltr'><strong>quidem</strong></span> <span class='ocrx_word' id='word_1_296' title='bbox 976 2521 1007 2562; x_wconf 91' lang='lat' dir='ltr'><strong>a</strong></span> <span class='ocrx_word' id='word_1_297' title='bbox 1054 2503 1266 2562; x_wconf 86' lang='lat' dir='ltr'><strong>cateris</strong></span> <span class='ocrx_word' id='word_1_298' title='bbox 1293 2519 1416 2578; x_wconf 90' lang='lat' dir='ltr'><strong>qua</strong></span> <span class='ocrx_word' id='word_1_299' title='bbox 1462 2503 1640 2561; x_wconf 92' lang='lat' dir='ltr'><strong>media</strong></span> <span class='ocrx_word' id='word_1_300' title='bbox 1664 2520 1781 2562; x_wconf 89' lang='lat' dir='ltr'><strong>esse</strong></span> <span class='ocrx_word' id='word_1_301' title='bbox 1808 2504 2062 2578; x_wconf 64' lang='lat' dir='ltr'><strong>praedixi-</strong></span> 
     </span>
    </p>
   </div>
   <div class='ocr_carea' id='block_1_42' title="bbox 460 2598 2065 2671">
    <p class='ocr_par' dir='ltr' id='par_1_42' title="bbox 460 2598 2065 2671">
     <span class='ocr_line' id='line_1_42' title="bbox 460 2598 2065 2671; baseline -0.002 -12"><span class='ocrx_word' id='word_1_302' title='bbox 460 2618 604 2671; x_wconf 92' lang='lat' dir='ltr'><strong>mus,</strong></span> <span class='ocrx_word' id='word_1_303' title='bbox 644 2601 731 2658; x_wconf 90' lang='lat' dir='ltr'><strong>his</strong></span> <span class='ocrx_word' id='word_1_304' title='bbox 758 2599 1057 2658; x_wconf 88' lang='lat' dir='ltr'><strong>secernitur</strong></span> <span class='ocrx_word' id='word_1_305' title='bbox 1088 2598 1266 2655; x_wconf 90' lang='lat' dir='ltr'><strong>modis</strong></span> <span class='ocrx_word' id='word_1_306' title='bbox 1297 2616 1313 2655; x_wconf 90' lang='lat'><strong>:</strong></span> <span class='ocrx_word' id='word_1_307' title='bbox 1355 2598 1400 2654; x_wconf 89' lang='lat' dir='ltr'><strong>si</strong></span> <span class='ocrx_word' id='word_1_308' title='bbox 1426 2613 1522 2671; x_wconf 91' lang='lat' dir='ltr'><strong>per</strong></span> <span class='ocrx_word' id='word_1_309' title='bbox 1560 2613 1625 2656; x_wconf 90' lang='lat' dir='ltr'><strong>se</strong></span> <span class='ocrx_word' id='word_1_310' title='bbox 1653 2598 1863 2655; x_wconf 92' lang='lat' dir='ltr'><strong>bonum</strong></span> <span class='ocrx_word' id='word_1_311' title='bbox 1889 2600 1976 2668; x_wconf 92' lang='lat' dir='ltr'><strong>sit,</strong></span> <span class='ocrx_word' id='word_1_312' title='bbox 2008 2608 2065 2656; x_wconf 91' lang='lat' dir='ltr'><strong>et</strong></span> 
     </span>
    </p>
   </div>
   <div class='ocr_carea' id='block_1_43' title="bbox 455 2691 2059 2767">
    <p class='ocr_par' dir='ltr' id='par_1_43' title="bbox 455 2691 2059 2767">
     <span class='ocr_line' id='line_1_43' title="bbox 455 2691 2059 2767; baseline 0.001 -17"><span class='ocrx_word' id='word_1_313' title='bbox 455 2710 569 2753; x_wconf 89' lang='lat' dir='ltr'><strong>non</strong></span> <span class='ocrx_word' id='word_1_314' title='bbox 597 2710 693 2767; x_wconf 92' lang='lat' dir='ltr'><strong>per</strong></span> <span class='ocrx_word' id='word_1_315' title='bbox 713 2692 859 2751; x_wconf 87' lang='lat' dir='ltr'><strong>aliud</strong></span> <span class='ocrx_word' id='word_1_316' title='bbox 884 2691 1122 2765; x_wconf 90' lang='lat' dir='ltr'><strong>aliquid;</strong></span> <span class='ocrx_word' id='word_1_317' title='bbox 1145 2692 1192 2749; x_wconf 87' lang='lat' dir='ltr'><strong>si</strong></span> <span class='ocrx_word' id='word_1_318' title='bbox 1232 2700 1459 2766; x_wconf 89' lang='lat' dir='ltr'><strong>propter</strong></span> <span class='ocrx_word' id='word_1_319' title='bbox 1479 2708 1539 2750; x_wconf 87' lang='lat' dir='ltr'><strong>se</strong></span> <span class='ocrx_word' id='word_1_320' title='bbox 1566 2693 1935 2751; x_wconf 87' lang='lat' dir='ltr'><strong>necessarium</strong></span> <span class='ocrx_word' id='word_1_321' title='bbox 1968 2694 2059 2764; x_wconf 86' lang='lat' dir='ltr'><strong>sit,</strong></span> 
     </span>
    </p>
   </div>
   <div class='ocr_carea' id='block_1_44' title="bbox 459 2787 2063 2864">
    <p class='ocr_par' dir='ltr' id='par_1_44' title="bbox 459 2787 2063 2864">
     <span class='ocr_line' id='line_1_44' title="bbox 459 2787 2063 2864; baseline 0.001 -18"><span class='ocrx_word' id='word_1_322' title='bbox 459 2796 517 2846; x_wconf 90' lang='lat' dir='ltr'><strong>et</strong></span> <span class='ocrx_word' id='word_1_323' title='bbox 538 2805 650 2847; x_wconf 86' lang='lat' dir='ltr'><strong>non</strong></span> <span class='ocrx_word' id='word_1_324' title='bbox 699 2796 919 2863; x_wconf 89' lang='lat' dir='ltr'><strong>propter</strong></span> <span class='ocrx_word' id='word_1_325' title='bbox 963 2787 1139 2858; x_wconf 87' lang='lat' dir='ltr'><strong>aliud;</strong></span> <span class='ocrx_word' id='word_1_326' title='bbox 1186 2788 1234 2845; x_wconf 89' lang='lat' dir='ltr'><strong>si</strong></span> <span class='ocrx_word' id='word_1_327' title='bbox 1277 2788 1691 2847; x_wconf 89' lang='lat' dir='ltr'><strong>immutabiliter</strong></span> <span class='ocrx_word' id='word_1_328' title='bbox 1739 2804 2063 2864; x_wconf 84' lang='lat' dir='ltr'><strong>semperque</strong></span> 
     </span>
    </p>
   </div>
   <div class='ocr_carea' id='block_1_45' title="bbox 463 2882 2059 2955">
    <p class='ocr_par' dir='ltr' id='par_1_45' title="bbox 463 2882 2059 2955">
     <span class='ocr_line' id='line_1_45' title="bbox 463 2882 2059 2955; baseline 0.001 -16"><span class='ocrx_word' id='word_1_329' title='bbox 463 2882 536 2939; x_wconf 91' lang='lat' dir='ltr'><strong>sit</strong></span> <span class='ocrx_word' id='word_1_330' title='bbox 582 2883 909 2950; x_wconf 38' lang='lat' dir='ltr'><strong>bonum,.ac</strong></span> <span class='ocrx_word' id='word_1_331' title='bbox 936 2890 1197 2955; x_wconf 89' lang='lat' dir='ltr'><strong>perpetuo</strong></span> <span class='ocrx_word' id='word_1_332' title='bbox 1245 2898 1405 2939; x_wconf 90' lang='lat' dir='ltr'><strong>suam</strong></span> <span class='ocrx_word' id='word_1_333' title='bbox 1431 2882 1673 2940; x_wconf 90' lang='lat' dir='ltr'><strong>retinens</strong></span> <span class='ocrx_word' id='word_1_334' title='bbox 1711 2883 2022 2955; x_wconf 88' lang='lat' dir='ltr'><strong>qualitatem</strong></span> <span class='ocrx_word' id='word_1_335' title='bbox 2042 2926 2059 2954; x_wconf 88' lang='lat'><strong>,</strong></span> 
     </span>
    </p>
   </div>
   <div class='ocr_carea' id='block_1_46' title="bbox 460 2975 2060 3050">
    <p class='ocr_par' dir='ltr' id='par_1_46' title="bbox 460 2975 2060 3050">
     <span class='ocr_line' id='line_1_46' title="bbox 460 2975 2060 3050; baseline 0.002 -18"><span class='ocrx_word' id='word_1_336' title='bbox 460 2993 762 3050; x_wconf 90' lang='lat' dir='ltr'><strong>numquam</strong></span> <span class='ocrx_word' id='word_1_337' title='bbox 788 2977 845 3033; x_wconf 92' lang='lat' dir='ltr'><strong>in</strong></span> <span class='ocrx_word' id='word_1_338' title='bbox 871 2984 1084 3048; x_wconf 88' lang='lat' dir='ltr'><strong>partem</strong></span> <span class='ocrx_word' id='word_1_339' title='bbox 1133 2975 1304 3047; x_wconf 89' lang='lat' dir='ltr'><strong>possit</strong></span> <span class='ocrx_word' id='word_1_340' title='bbox 1347 2977 1580 3033; x_wconf 88' lang='lat' dir='ltr'><strong>transire</strong></span> <span class='ocrx_word' id='word_1_341' title='bbox 1625 2978 1983 3047; x_wconf 87' lang='lat' dir='ltr'><strong>contrariam;</strong></span> <span class='ocrx_word' id='word_1_342' title='bbox 2012 2979 2060 3035; x_wconf 87' lang='lat' dir='ltr'><strong>si</strong></span> 
     </span>
    </p>
   </div>
   <div class='ocr_carea' id='block_1_47' title="bbox 460 3067 2062 3142">
    <p class='ocr_par' dir='ltr' id='par_1_47' title="bbox 460 3067 2062 3142">
     <span class='ocr_line' id='line_1_47' title="bbox 460 3067 2062 3142; baseline 0.002 -17"><span class='ocrx_word' id='word_1_343' title='bbox 460 3069 735 3142; x_wconf 85' lang='lat' dir='ltr'><strong>ademptio</strong></span> <span class='ocrx_word' id='word_1_344' title='bbox 774 3070 857 3126; x_wconf 92' lang='lat' dir='ltr'><strong>vel</strong></span> <span class='ocrx_word' id='word_1_345' title='bbox 880 3068 1112 3125; x_wconf 87' lang='lat' dir='ltr'><strong>cessatio</strong></span> <span class='ocrx_word' id='word_1_346' title='bbox 1152 3067 1267 3140; x_wconf 88' lang='lat' dir='ltr'><strong>ejus</strong></span> <span class='ocrx_word' id='word_1_347' title='bbox 1297 3084 1407 3124; x_wconf 94' lang='lat' dir='ltr'><strong>non</strong></span> <span class='ocrx_word' id='word_1_348' title='bbox 1435 3070 1613 3141; x_wconf 90' lang='lat' dir='ltr'><strong>possit</strong></span> <span class='ocrx_word' id='word_1_349' title='bbox 1645 3084 1923 3128; x_wconf 88' lang='lat' dir='ltr'><strong>summam</strong></span> <span class='ocrx_word' id='word_1_350' title='bbox 1948 3088 2062 3129; x_wconf 93' lang='lat' dir='ltr'><strong>non</strong></span> 
     </span>
    </p>
   </div>
   <div class='ocr_carea' id='block_1_48' title="bbox 2176 1946 3775 2019">
    <p class='ocr_par' dir='ltr' id='par_1_48' title="bbox 2176 1946 3775 2019">
     <span class='ocr_line' id='line_1_48' title="bbox 2176 1946 3775 2019; baseline 0 -16"><span class='ocrx_word' id='word_1_351' title='bbox 2176 1946 2221 2003; x_wconf 90' lang='lat' dir='ltr'><strong>si</strong></span> <span class='ocrx_word' id='word_1_352' title='bbox 2255 1962 2509 2004; x_wconf 90' lang='lat' dir='ltr'><strong>mensura</strong></span> <span class='ocrx_word' id='word_1_353' title='bbox 2550 1956 2829 2014; x_wconf 83' lang='lat' dir='ltr'><strong>servetur;</strong></span> <span class='ocrx_word' id='word_1_354' title='bbox 2872 1962 2974 2002; x_wconf 88' lang='lat' dir='ltr'><strong>nec</strong></span> <span class='ocrx_word' id='word_1_355' title='bbox 3021 1946 3095 2001; x_wconf 91' lang='lat' dir='ltr'><strong>ita</strong></span> <span class='ocrx_word' id='word_1_356' title='bbox 3140 1955 3205 2002; x_wconf 91' lang='lat' dir='ltr'><strong>ut</strong></span> <span class='ocrx_word' id='word_1_357' title='bbox 3252 1946 3310 2002; x_wconf 87' lang='lat' dir='ltr'><strong>in</strong></span> <span class='ocrx_word' id='word_1_358' title='bbox 3351 1946 3469 2019; x_wconf 89' lang='lat' dir='ltr'><strong>ipso</strong></span> <span class='ocrx_word' id='word_1_359' title='bbox 3520 1946 3636 2019; x_wconf 89' lang='lat' dir='ltr'><strong>spei</strong></span> <span class='ocrx_word' id='word_1_360' title='bbox 3669 1962 3775 2003; x_wconf 80' lang='lat' dir='ltr'><strong>no-</strong></span> 
     </span>
    </p>
   </div>
   <div class='ocr_carea' id='block_1_49' title="bbox 2173 2038 3778 2113">
    <p class='ocr_par' dir='ltr' id='par_1_49' title="bbox 2173 2038 3778 2113">
     <span class='ocr_line' id='line_1_49' title="bbox 2173 2038 3778 2113; baseline 0.001 -17"><span class='ocrx_word' id='word_1_361' title='bbox 2173 2047 2301 2096; x_wconf 88' lang='lat' dir='ltr'><strong>stra</strong></span> <span class='ocrx_word' id='word_1_362' title='bbox 2348 2039 2642 2096; x_wconf 89' lang='lat' dir='ltr'><strong>terminum</strong></span> <span class='ocrx_word' id='word_1_363' title='bbox 2689 2039 3021 2113; x_wconf 78' lang='lat' dir='ltr'><strong>deﬁgamus,</strong></span> <span class='ocrx_word' id='word_1_364' title='bbox 3078 2038 3176 2096; x_wconf 87' lang='lat' dir='ltr'><strong>sed</strong></span> <span class='ocrx_word' id='word_1_365' title='bbox 3213 2047 3278 2096; x_wconf 92' lang='lat' dir='ltr'><strong>ut</strong></span> <span class='ocrx_word' id='word_1_366' title='bbox 3333 2055 3430 2111; x_wconf 89' lang='lat' dir='ltr'><strong>per</strong></span> <span class='ocrx_word' id='word_1_367' title='bbox 3474 2039 3659 2112; x_wconf 86' lang='lat' dir='ltr'><strong>ipsum</strong></span> <span class='ocrx_word' id='word_1_368' title='bbox 3710 2039 3778 2097; x_wconf 82' lang='lat' dir='ltr'><strong>ad</strong></span> 
     </span>
    </p>
   </div>
   <div class='ocr_carea' id='block_1_50' title="bbox 2173 2134 3777 2207">
    <p class='ocr_par' dir='ltr' id='par_1_50' title="bbox 2173 2134 3777 2207">
     <span class='ocr_line' id='line_1_50' title="bbox 2173 2134 3777 2207; baseline 0 -17"><span class='ocrx_word' id='word_1_369' title='bbox 2173 2134 2464 2205; x_wconf 88' lang='lat' dir='ltr'><strong>puritatem</strong></span> <span class='ocrx_word' id='word_1_370' title='bbox 2488 2134 2673 2192; x_wconf 91' lang='lat' dir='ltr'><strong>cordis</strong></span> <span class='ocrx_word' id='word_1_371' title='bbox 2697 2144 2753 2193; x_wconf 90' lang='lat' dir='ltr'><strong>et</strong></span> <span class='ocrx_word' id='word_1_372' title='bbox 2767 2135 3127 2207; x_wconf 86' lang='lat' dir='ltr'><strong>apostolicam</strong></span> <span class='ocrx_word' id='word_1_373' title='bbox 3140 2134 3467 2192; x_wconf 83' lang='lat' dir='ltr'><strong>charitatem</strong></span> <span class='ocrx_word' id='word_1_374' title='bbox 3494 2135 3777 2207; x_wconf 78' lang='lat' dir='ltr'><strong>pervenire</strong></span> 
     </span>
    </p>
   </div>
   <div class='ocr_carea' id='block_1_51' title="bbox 2172 2225 3777 2301">
    <p class='ocr_par' dir='ltr' id='par_1_51' title="bbox 2172 2225 3777 2301">
     <span class='ocr_line' id='line_1_51' title="bbox 2172 2225 3777 2301; baseline -0.001 -18"><span class='ocrx_word' id='word_1_375' title='bbox 2172 2227 2470 2299; x_wconf 90' lang='lat' dir='ltr'><strong>possimus.</strong></span> <span class='ocrx_word' id='word_1_376' title='bbox 2501 2228 2670 2301; x_wconf 81' lang='lat' dir='ltr'><strong>Igitur</strong></span> <span class='ocrx_word' id='word_1_377' title='bbox 2694 2242 2761 2284; x_wconf 86' lang='lat' dir='ltr'><strong>ex</strong></span> <span class='ocrx_word' id='word_1_378' title='bbox 2777 2228 2881 2284; x_wconf 87' lang='lat' dir='ltr'><strong>hoc</strong></span> <span class='ocrx_word' id='word_1_379' title='bbox 2910 2228 3030 2301; x_wconf 89' lang='lat' dir='ltr'><strong>ipso</strong></span> <span class='ocrx_word' id='word_1_380' title='bbox 3045 2225 3320 2300; x_wconf 88' lang='lat' dir='ltr'><strong>jejunium</strong></span> <span class='ocrx_word' id='word_1_381' title='bbox 3345 2227 3434 2283; x_wconf 91' lang='lat' dir='ltr'><strong>cui</strong></span> <span class='ocrx_word' id='word_1_382' title='bbox 3459 2242 3577 2283; x_wconf 91' lang='lat' dir='ltr'><strong>non</strong></span> <span class='ocrx_word' id='word_1_383' title='bbox 3598 2226 3777 2283; x_wconf 86' lang='lat' dir='ltr'><strong>solum</strong></span> 
     </span>
    </p>
   </div>
   <div class='ocr_carea' id='block_1_52' title="bbox 2171 2319 3777 2393">
    <p class='ocr_par' dir='ltr' id='par_1_52' title="bbox 2171 2319 3777 2393">
     <span class='ocr_line' id='line_1_52' title="bbox 2171 2319 3777 2393; baseline 0.001 -17"><span class='ocrx_word' id='word_1_384' title='bbox 2171 2320 2424 2393; x_wconf 88' lang='lat' dir='ltr'><strong>specialia</strong></span> <span class='ocrx_word' id='word_1_385' title='bbox 2466 2320 2686 2393; x_wconf 88' lang='lat' dir='ltr'><strong>praﬁxa</strong></span> <span class='ocrx_word' id='word_1_386' title='bbox 2722 2329 2852 2378; x_wconf 88' lang='lat' dir='ltr'><strong>sunt</strong></span> <span class='ocrx_word' id='word_1_387' title='bbox 2877 2329 3125 2393; x_wconf 88' lang='lat' dir='ltr'><strong>tempora</strong></span> <span class='ocrx_word' id='word_1_388' title='bbox 3153 2320 3355 2393; x_wconf 89' lang='lat' dir='ltr'><strong>quibus</strong></span> <span class='ocrx_word' id='word_1_389' title='bbox 3407 2320 3493 2377; x_wconf 89' lang='lat' dir='ltr'><strong>vel</strong></span> <span class='ocrx_word' id='word_1_390' title='bbox 3535 2319 3777 2377; x_wconf 80' lang='lat' dir='ltr'><strong>exerceri</strong></span> 
     </span>
    </p>
   </div>
   <div class='ocr_carea' id='block_1_53' title="bbox 2170 2412 3776 2487">
    <p class='ocr_par' dir='ltr' id='par_1_53' title="bbox 2170 2412 3776 2487">
     <span class='ocr_line' id='line_1_53' title="bbox 2170 2412 3776 2487; baseline 0 -16"><span class='ocrx_word' id='word_1_391' title='bbox 2170 2412 2364 2471; x_wconf 91' lang='lat' dir='ltr'><strong>debeat.</strong></span> <span class='ocrx_word' id='word_1_392' title='bbox 2380 2415 2463 2470; x_wconf 85' lang='lat' dir='ltr'><strong>vel</strong></span> <span class='ocrx_word' id='word_1_393' title='bbox 2482 2414 2845 2487; x_wconf 87' lang='lat' dir='ltr'><strong>pratermitti,</strong></span> <span class='ocrx_word' id='word_1_394' title='bbox 2884 2414 2978 2472; x_wconf 90' lang='lat' dir='ltr'><strong>sed</strong></span> <span class='ocrx_word' id='word_1_395' title='bbox 3007 2414 3176 2471; x_wconf 90' lang='lat' dir='ltr'><strong>etiam</strong></span> <span class='ocrx_word' id='word_1_396' title='bbox 3204 2413 3437 2486; x_wconf 85' lang='lat' dir='ltr'><strong>qualitas</strong></span> <span class='ocrx_word' id='word_1_397' title='bbox 3464 2413 3776 2487; x_wconf 86' lang='lat' dir='ltr'><strong>modusque</strong></span> 
     </span>
    </p>
   </div>
   <div class='ocr_carea' id='block_1_54' title="bbox 2171 2508 3776 2583">
    <p class='ocr_par' dir='ltr' id='par_1_54' title="bbox 2171 2508 3776 2583">
     <span class='ocr_line' id='line_1_54' title="bbox 2171 2508 3776 2583; baseline -0.001 -17"><span class='ocrx_word' id='word_1_398' title='bbox 2171 2509 2475 2582; x_wconf 90' lang='lat' dir='ltr'><strong>prepositus</strong></span> <span class='ocrx_word' id='word_1_399' title='bbox 2501 2519 2604 2581; x_wconf 87' lang='lat' dir='ltr'><strong>est,</strong></span> <span class='ocrx_word' id='word_1_400' title='bbox 2633 2526 2744 2568; x_wconf 92' lang='lat' dir='ltr'><strong>non</strong></span> <span class='ocrx_word' id='word_1_401' title='bbox 2785 2508 3078 2583; x_wconf 89' lang='lat' dir='ltr'><strong>principale</strong></span> <span class='ocrx_word' id='word_1_402' title='bbox 3111 2509 3320 2582; x_wconf 79' lang='lat' dir='ltr'><strong>bonum</strong></span> <span class='ocrx_word' id='word_1_403' title='bbox 3341 2550 3358 2578; x_wconf 89' lang='lat'><strong>,</strong></span> <span class='ocrx_word' id='word_1_404' title='bbox 3386 2508 3490 2565; x_wconf 91' lang='lat' dir='ltr'><strong>sed</strong></span> <span class='ocrx_word' id='word_1_405' title='bbox 3533 2508 3776 2566; x_wconf 87' lang='lat' dir='ltr'><strong>medium</strong></span> 
     </span>
    </p>
   </div>
   <div class='ocr_carea' id='block_1_55' title="bbox 2169 2600 3778 2676">
    <p class='ocr_par' dir='ltr' id='par_1_55' title="bbox 2169 2600 3778 2676">
     <span class='ocr_line' id='line_1_55' title="bbox 2169 2600 3778 2676; baseline -0.001 -17"><span class='ocrx_word' id='word_1_406' title='bbox 2169 2602 2432 2676; x_wconf 89' lang='lat' dir='ltr'><strong>quiddam</strong></span> <span class='ocrx_word' id='word_1_407' title='bbox 2473 2619 2592 2660; x_wconf 88' lang='lat' dir='ltr'><strong>esse</strong></span> <span class='ocrx_word' id='word_1_408' title='bbox 2638 2602 2989 2661; x_wconf 85' lang='lat' dir='ltr'><strong>manifestum</strong></span> <span class='ocrx_word' id='word_1_409' title='bbox 3031 2610 3132 2660; x_wconf 85' lang='lat' dir='ltr'><strong>est.</strong></span> <span class='ocrx_word' id='word_1_410' title='bbox 3172 2603 3449 2660; x_wconf 83' lang='lat' dir='ltr'><strong>Caterum</strong></span> <span class='ocrx_word' id='word_1_411' title='bbox 3499 2600 3626 2658; x_wconf 78' lang='lat' dir='ltr'><strong>hac</strong></span> <span class='ocrx_word' id='word_1_412' title='bbox 3654 2617 3778 2675; x_wconf 81' lang='lat' dir='ltr'><strong>qua</strong></span> 
     </span>
    </p>
   </div>
   <div class='ocr_carea' id='block_1_56' title="bbox 2168 2694 3777 2769">
    <p class='ocr_par' dir='ltr' id='par_1_56' title="bbox 2168 2694 3777 2769">
     <span class='ocr_line' id='line_1_56' title="bbox 2168 2694 3777 2769; baseline -0.001 -16"><span class='ocrx_word' id='word_1_413' title='bbox 2168 2697 2424 2769; x_wconf 69' lang='lat' dir='ltr'><strong>praecepti</strong></span> <span class='ocrx_word' id='word_1_414' title='bbox 2474 2698 2813 2765; x_wconf 86' lang='lat' dir='ltr'><strong>auctoritate,</strong></span> <span class='ocrx_word' id='word_1_415' title='bbox 2865 2696 2951 2753; x_wconf 90' lang='lat' dir='ltr'><strong>vel</strong></span> <span class='ocrx_word' id='word_1_416' title='bbox 3004 2695 3336 2754; x_wconf 89' lang='lat' dir='ltr'><strong>mandantur</strong></span> <span class='ocrx_word' id='word_1_417' title='bbox 3380 2704 3441 2753; x_wconf 91' lang='lat' dir='ltr'><strong>ut</strong></span> <span class='ocrx_word' id='word_1_418' title='bbox 3488 2695 3669 2766; x_wconf 86' lang='lat' dir='ltr'><strong>bona,</strong></span> <span class='ocrx_word' id='word_1_419' title='bbox 3702 2694 3777 2752; x_wconf 88' lang='lat' dir='ltr'><strong>vel</strong></span> 
     </span>
    </p>
   </div>
   <div class='ocr_carea' id='block_1_57' title="bbox 2170 2789 3781 2861">
    <p class='ocr_par' dir='ltr' id='par_1_57' title="bbox 2170 2789 3781 2861">
     <span class='ocr_line' id='line_1_57' title="bbox 2170 2789 3781 2861; baseline 0.001 -15"><span class='ocrx_word' id='word_1_420' title='bbox 2170 2790 2563 2848; x_wconf 90' lang='lat' dir='ltr'><strong>interdicuntur</strong></span> <span class='ocrx_word' id='word_1_421' title='bbox 2587 2799 2647 2847; x_wconf 91' lang='lat' dir='ltr'><strong>ut</strong></span> <span class='ocrx_word' id='word_1_422' title='bbox 2666 2790 2855 2859; x_wconf 85' lang='lat' dir='ltr'><strong>noxia,</strong></span> <span class='ocrx_word' id='word_1_423' title='bbox 2877 2805 3181 2861; x_wconf 88' lang='lat' dir='ltr'><strong>numquam</strong></span> <span class='ocrx_word' id='word_1_424' title='bbox 3206 2790 3281 2846; x_wconf 86' lang='lat' dir='ltr'><strong>ita</strong></span> <span class='ocrx_word' id='word_1_425' title='bbox 3304 2789 3606 2861; x_wconf 85' lang='lat' dir='ltr'><strong>exceptioni</strong></span> <span class='ocrx_word' id='word_1_426' title='bbox 3635 2798 3781 2847; x_wconf 83' lang='lat' dir='ltr'><strong>tem-</strong></span> 
     </span>
    </p>
   </div>
   <div class='ocr_carea' id='block_1_58' title="bbox 2171 2880 3774 2957">
    <p class='ocr_par' dir='ltr' id='par_1_58' title="bbox 2171 2880 3774 2957">
     <span class='ocr_line' id='line_1_58' title="bbox 2171 2880 3774 2957; baseline -0.001 -17"><span class='ocrx_word' id='word_1_427' title='bbox 2171 2899 2370 2954; x_wconf 89' lang='lat' dir='ltr'><strong>porum</strong></span> <span class='ocrx_word' id='word_1_428' title='bbox 2396 2884 2694 2957; x_wconf 84' lang='lat' dir='ltr'><strong>subjacent,</strong></span> <span class='ocrx_word' id='word_1_429' title='bbox 2720 2892 2782 2940; x_wconf 92' lang='lat' dir='ltr'><strong>ut</strong></span> <span class='ocrx_word' id='word_1_430' title='bbox 2806 2882 3105 2954; x_wconf 89' lang='lat' dir='ltr'><strong>interdum,</strong></span> <span class='ocrx_word' id='word_1_431' title='bbox 3130 2893 3225 2939; x_wconf 90' lang='lat' dir='ltr'><strong>aut</strong></span> <span class='ocrx_word' id='word_1_432' title='bbox 3256 2896 3373 2954; x_wconf 87' lang='lat' dir='ltr'><strong>qua</strong></span> <span class='ocrx_word' id='word_1_433' title='bbox 3404 2880 3586 2938; x_wconf 84' lang='lat' dir='ltr'><strong>vetita</strong></span> <span class='ocrx_word' id='word_1_434' title='bbox 3615 2891 3774 2951; x_wconf 81' lang='lat' dir='ltr'><strong>sunt,</strong></span> 
     </span>
    </p>
   </div>
   <div class='ocr_carea' id='block_1_59' title="bbox 2170 2975 3772 3051">
    <p class='ocr_par' dir='ltr' id='par_1_59' title="bbox 2170 2975 3772 3051">
     <span class='ocr_line' id='line_1_59' title="bbox 2170 2975 3772 3051; baseline -0.001 -20"><span class='ocrx_word' id='word_1_435' title='bbox 2170 2975 2287 3032; x_wconf 89' lang='lat' dir='ltr'><strong>ﬁeri</strong></span> <span class='ocrx_word' id='word_1_436' title='bbox 2306 2976 2563 3049; x_wconf 87' lang='lat' dir='ltr'><strong>debeant;</strong></span> <span class='ocrx_word' id='word_1_437' title='bbox 2588 2985 2684 3034; x_wconf 89' lang='lat' dir='ltr'><strong>aut</strong></span> <span class='ocrx_word' id='word_1_438' title='bbox 2723 2993 2848 3051; x_wconf 89' lang='lat' dir='ltr'><strong>qua</strong></span> <span class='ocrx_word' id='word_1_439' title='bbox 2893 2978 3156 3050; x_wconf 88' lang='lat' dir='ltr'><strong>imperata</strong></span> <span class='ocrx_word' id='word_1_440' title='bbox 3204 2984 3363 3041; x_wconf 90' lang='lat' dir='ltr'><strong>sunt,</strong></span> <span class='ocrx_word' id='word_1_441' title='bbox 3392 2976 3772 3048; x_wconf 75' lang='lat' dir='ltr'><strong>praetermitti.</strong></span> 
     </span>
    </p>
   </div>
   <div class='ocr_carea' id='block_1_60' title="bbox 2168 3061 3777 3143">
    <p class='ocr_par' dir='ltr' id='par_1_60' title="bbox 2168 3061 3777 3143">
     <span class='ocr_line' id='line_1_60' title="bbox 2168 3061 3777 3143; baseline 0.001 -18"><span class='ocrx_word' id='word_1_442' title='bbox 2168 3061 2196 3101; x_wconf 70' lang='grc' dir='ltr'>δ</span> <span class='ocrx_word' id='word_1_443' title='bbox 2224 3070 2339 3128; x_wconf 90' lang='lat' dir='ltr'><strong>Nec</strong></span> <span class='ocrx_word' id='word_1_444' title='bbox 2356 3070 2504 3127; x_wconf 90' lang='lat' dir='ltr'><strong>enim</strong></span> <span class='ocrx_word' id='word_1_445' title='bbox 2528 3070 2670 3128; x_wconf 90' lang='lat' dir='ltr'><strong>ullus</strong></span> <span class='ocrx_word' id='word_1_446' title='bbox 2688 3070 2934 3142; x_wconf 86' lang='lat' dir='ltr'><strong>justitia,</strong></span> <span class='ocrx_word' id='word_1_447' title='bbox 2960 3069 3254 3143; x_wconf 86' lang='lat' dir='ltr'><strong>patientia,</strong></span> <span class='ocrx_word' id='word_1_448' title='bbox 3277 3068 3593 3138; x_wconf 80' lang='lat' dir='ltr'><strong>sobrietati,</strong></span> <span class='ocrx_word' id='word_1_449' title='bbox 3621 3068 3777 3141; x_wconf 87' lang='lat' dir='ltr'><strong>pudi-</strong></span> 
     </span>
    </p>
   </div>
   <div class='ocr_carea' id='block_1_61' title="bbox 460 3160 3775 3238">
    <p class='ocr_par' dir='ltr' id='par_1_61' title="bbox 460 3160 3775 3238">
     <span class='ocr_line' id='line_1_61' title="bbox 460 3160 3775 3238; baseline 0 -21"><span class='ocrx_word' id='word_1_450' title='bbox 460 3160 659 3218; x_wconf 82' lang='lat' dir='ltr'><strong>inferre</strong></span> <span class='ocrx_word' id='word_1_451' title='bbox 684 3162 1010 3233; x_wconf 87' lang='lat' dir='ltr'><strong>perniciem;</strong></span> <span class='ocrx_word' id='word_1_452' title='bbox 1037 3160 1082 3217; x_wconf 93' lang='lat' dir='ltr'><strong>si</strong></span> <span class='ocrx_word' id='word_1_453' title='bbox 1117 3160 1173 3217; x_wconf 93' lang='lat' dir='ltr'><strong>id</strong></span> <span class='ocrx_word' id='word_1_454' title='bbox 1210 3160 1358 3233; x_wconf 91' lang='lat' dir='ltr'><strong>quod</strong></span> <span class='ocrx_word' id='word_1_455' title='bbox 1383 3160 1460 3217; x_wconf 90' lang='lat' dir='ltr'><strong>illi</strong></span> <span class='ocrx_word' id='word_1_456' title='bbox 1493 3162 1829 3220; x_wconf 90' lang='lat' dir='ltr'><strong>contrarium</strong></span> <span class='ocrx_word' id='word_1_457' title='bbox 1854 3174 1956 3235; x_wconf 90' lang='lat' dir='ltr'><strong>est,</strong></span> <span class='ocrx_word' id='word_1_458' title='bbox 1986 3167 2061 3222; x_wconf 86' lang='lat' dir='ltr'><strong>si-</strong></span> <span class='ocrx_word' id='word_1_459' title='bbox 2094 3174 2139 3238; x_wconf 74' lang='grc' dir='ltr'>ο</span> <span class='ocrx_word' id='word_1_460' title='bbox 2167 3164 2330 3234; x_wconf 88' lang='lat' dir='ltr'><strong>citia,</strong></span> <span class='ocrx_word' id='word_1_461' title='bbox 2358 3163 2629 3233; x_wconf 87' lang='lat' dir='ltr'><strong>charitati,</strong></span> <span class='ocrx_word' id='word_1_462' title='bbox 2677 3171 2913 3222; x_wconf 88' lang='lat' dir='ltr'><strong>statutus</strong></span> <span class='ocrx_word' id='word_1_463' title='bbox 2964 3172 3048 3221; x_wconf 91' lang='lat' dir='ltr'><strong>est</strong></span> <span class='ocrx_word' id='word_1_464' title='bbox 3108 3162 3345 3232; x_wconf 86' lang='lat' dir='ltr'><strong>modus;</strong></span> <span class='ocrx_word' id='word_1_465' title='bbox 3398 3178 3501 3218; x_wconf 88' lang='lat' dir='ltr'><strong>nec</strong></span> <span class='ocrx_word' id='word_1_466' title='bbox 3547 3178 3775 3219; x_wconf 88' lang='lat' dir='ltr'><strong>rursum</strong></span> 
     </span>
    </p>
   </div>
   <div class='ocr_carea' id='block_1_62' title="bbox 460 3253 2057 3327">
    <p class='ocr_par' dir='ltr' id='par_1_62' title="bbox 460 3253 2057 3327">
     <span class='ocr_line' id='line_1_62' title="bbox 460 3253 2057 3327; baseline 0.003 -16"><span class='ocrx_word' id='word_1_467' title='bbox 460 3254 657 3312; x_wconf 91' lang='lat' dir='ltr'><strong>militer</strong></span> <span class='ocrx_word' id='word_1_468' title='bbox 692 3254 987 3327; x_wconf 89' lang='lat' dir='ltr'><strong>principale</strong></span> <span class='ocrx_word' id='word_1_469' title='bbox 1024 3253 1096 3310; x_wconf 92' lang='lat' dir='ltr'><strong>sit</strong></span> <span class='ocrx_word' id='word_1_470' title='bbox 1124 3253 1366 3323; x_wconf 90' lang='lat' dir='ltr'><strong>malum,</strong></span> <span class='ocrx_word' id='word_1_471' title='bbox 1395 3268 1496 3311; x_wconf 92' lang='lat' dir='ltr'><strong>nec</strong></span> <span class='ocrx_word' id='word_1_472' title='bbox 1519 3254 1575 3311; x_wconf 91' lang='lat' dir='ltr'><strong>in</strong></span> <span class='ocrx_word' id='word_1_473' title='bbox 1616 3263 1826 3327; x_wconf 90' lang='lat' dir='ltr'><strong>partem</strong></span> <span class='ocrx_word' id='word_1_474' title='bbox 1856 3256 2057 3316; x_wconf 91' lang='lat' dir='ltr'><strong>bonam</strong></span> 
     </span>
    </p>
   </div>
   <div class='ocr_carea' id='block_1_63' title="bbox 458 3346 2058 3423">
    <p class='ocr_par' dir='ltr' id='par_1_63' title="bbox 458 3346 2058 3423">
     <span class='ocr_line' id='line_1_63' title="bbox 458 3346 2058 3423; baseline 0.004 -19"><span class='ocrx_word' id='word_1_475' title='bbox 458 3348 627 3423; x_wconf 88' lang='lat' dir='ltr'><strong>possit</strong></span> <span class='ocrx_word' id='word_1_476' title='bbox 666 3346 957 3421; x_wconf 89' lang='lat' dir='ltr'><strong>aliquando</strong></span> <span class='ocrx_word' id='word_1_477' title='bbox 998 3346 1251 3404; x_wconf 86' lang='lat' dir='ltr'><strong>transire.</strong></span> <span class='ocrx_word' id='word_1_478' title='bbox 1298 3347 1437 3417; x_wconf 84' lang='lat' dir='ltr'><strong>Qua</strong></span> <span class='ocrx_word' id='word_1_479' title='bbox 1483 3347 1828 3407; x_wconf 88' lang='lat' dir='ltr'><strong>deﬁnitiones</strong></span> <span class='ocrx_word' id='word_1_480' title='bbox 1860 3351 2058 3423; x_wconf 87' lang='lat' dir='ltr'><strong>quibus</strong></span> 
     </span>
    </p>
   </div>
   <div class='ocr_carea' id='block_1_64' title="bbox 458 3442 2057 3521">
    <p class='ocr_par' dir='ltr' id='par_1_64' title="bbox 458 3442 2057 3521">
     <span class='ocr_line' id='line_1_64' title="bbox 458 3442 2057 3521; baseline 0 -16"><span class='ocrx_word' id='word_1_481' title='bbox 458 3445 832 3521; x_wconf 89' lang='lat' dir='ltr'><strong>principalium</strong></span> <span class='ocrx_word' id='word_1_482' title='bbox 884 3442 1159 3500; x_wconf 90' lang='lat' dir='ltr'><strong>bonorum</strong></span> <span class='ocrx_word' id='word_1_483' title='bbox 1212 3450 1410 3499; x_wconf 90' lang='lat' dir='ltr'><strong>natura</strong></span> <span class='ocrx_word' id='word_1_484' title='bbox 1470 3442 1813 3516; x_wconf 87' lang='lat' dir='ltr'><strong>discernitur,</strong></span> <span class='ocrx_word' id='word_1_485' title='bbox 1859 3448 2057 3505; x_wconf 90' lang='lat' dir='ltr'><strong>ascribi</strong></span> 
     </span>
    </p>
   </div>
   <div class='ocr_carea' id='block_1_65' title="bbox 450 3537 2056 3614">
    <p class='ocr_par' dir='ltr' id='par_1_65' title="bbox 450 3537 2056 3614">
     <span class='ocr_line' id='line_1_65' title="bbox 450 3537 2056 3614; baseline -0.001 -16"><span class='ocrx_word' id='word_1_486' title='bbox 450 3541 677 3614; x_wconf 88' lang='lat' dir='ltr'><strong>jejuniis</strong></span> <span class='ocrx_word' id='word_1_487' title='bbox 705 3537 932 3595; x_wconf 90' lang='lat' dir='ltr'><strong>omnino</strong></span> <span class='ocrx_word' id='word_1_488' title='bbox 956 3551 1069 3592; x_wconf 93' lang='lat' dir='ltr'><strong>non</strong></span> <span class='ocrx_word' id='word_1_489' title='bbox 1097 3545 1340 3607; x_wconf 88' lang='lat' dir='ltr'><strong>possunt.</strong></span> <span class='ocrx_word' id='word_1_490' title='bbox 1371 3538 1564 3608; x_wconf 86' lang='lat' dir='ltr'><strong>Neque</strong></span> <span class='ocrx_word' id='word_1_491' title='bbox 1590 3539 1739 3595; x_wconf 91' lang='lat' dir='ltr'><strong>enim</strong></span> <span class='ocrx_word' id='word_1_492' title='bbox 1762 3555 1830 3595; x_wconf 89' lang='lat' dir='ltr'><strong>ex</strong></span> <span class='ocrx_word' id='word_1_493' title='bbox 1856 3550 2056 3598; x_wconf 86' lang='lat' dir='ltr'><strong>semet-</strong></span> 
     </span>
    </p>
   </div>
   <div class='ocr_carea' id='block_1_66' title="bbox 456 3627 2056 3707">
    <p class='ocr_par' dir='ltr' id='par_1_66' title="bbox 456 3627 2056 3707">
     <span class='ocr_line' id='line_1_66' title="bbox 456 3627 2056 3707; baseline -0.003 -16"><span class='ocrx_word' id='word_1_494' title='bbox 456 3634 584 3707; x_wconf 89' lang='lat' dir='ltr'><strong>ipsis</strong></span> <span class='ocrx_word' id='word_1_495' title='bbox 613 3633 778 3699; x_wconf 88' lang='lat' dir='ltr'><strong>bona,</strong></span> <span class='ocrx_word' id='word_1_496' title='bbox 803 3637 898 3686; x_wconf 90' lang='lat' dir='ltr'><strong>aut</strong></span> <span class='ocrx_word' id='word_1_497' title='bbox 920 3637 1141 3702; x_wconf 88' lang='lat' dir='ltr'><strong>propter</strong></span> <span class='ocrx_word' id='word_1_498' title='bbox 1165 3643 1226 3684; x_wconf 91' lang='lat' dir='ltr'><strong>se</strong></span> <span class='ocrx_word' id='word_1_499' title='bbox 1247 3627 1551 3684; x_wconf 87' lang='lat' dir='ltr'><strong>necessaria</strong></span> <span class='ocrx_word' id='word_1_500' title='bbox 1591 3635 1741 3696; x_wconf 90' lang='lat' dir='ltr'><strong>sunt,</strong></span> <span class='ocrx_word' id='word_1_501' title='bbox 1776 3644 1901 3701; x_wconf 89' lang='lat' dir='ltr'><strong>qua</strong></span> <span class='ocrx_word' id='word_1_502' title='bbox 1920 3646 2056 3703; x_wconf 92' lang='lat' dir='ltr'><strong>pro-</strong></span> 
     </span>
    </p>
   </div>
   <div class='ocr_carea' id='block_1_67' title="bbox 455 3720 2055 3800">
    <p class='ocr_par' dir='ltr' id='par_1_67' title="bbox 455 3720 2055 3800">
     <span class='ocr_line' id='line_1_67' title="bbox 455 3720 2055 3800; baseline -0.004 -16"><span class='ocrx_word' id='word_1_503' title='bbox 455 3736 574 3800; x_wconf 92' lang='lat' dir='ltr'><strong>pter</strong></span> <span class='ocrx_word' id='word_1_504' title='bbox 596 3721 984 3798; x_wconf 88' lang='lat' dir='ltr'><strong>acquirendam</strong></span> <span class='ocrx_word' id='word_1_505' title='bbox 1022 3720 1201 3778; x_wconf 90' lang='lat' dir='ltr'><strong>cordis</strong></span> <span class='ocrx_word' id='word_1_506' title='bbox 1231 3728 1287 3776; x_wconf 90' lang='lat' dir='ltr'><strong>et</strong></span> <span class='ocrx_word' id='word_1_507' title='bbox 1312 3720 1560 3793; x_wconf 89' lang='lat' dir='ltr'><strong>corporis</strong></span> <span class='ocrx_word' id='word_1_508' title='bbox 1580 3720 1873 3793; x_wconf 89' lang='lat' dir='ltr'><strong>puritatem</strong></span> <span class='ocrx_word' id='word_1_509' title='bbox 1904 3722 2055 3779; x_wconf 88' lang='lat' dir='ltr'><strong>salu-</strong></span> 
     </span>
    </p>
   </div>
   <div class='ocr_carea' id='block_1_68' title="bbox 454 3814 2055 3887">
    <p class='ocr_par' dir='ltr' id='par_1_68' title="bbox 454 3814 2055 3887">
     <span class='ocr_line' id='line_1_68' title="bbox 454 3814 2055 3887; baseline -0.002 -9"><span class='ocrx_word' id='word_1_510' title='bbox 454 3821 624 3878; x_wconf 90' lang='lat' dir='ltr'><strong>briter</strong></span> <span class='ocrx_word' id='word_1_511' title='bbox 674 3825 1018 3887; x_wconf 82' lang='lat' dir='ltr'><strong>exercentur,</strong></span> <span class='ocrx_word' id='word_1_512' title='bbox 1065 3824 1147 3885; x_wconf 92' lang='lat' dir='ltr'><strong>ut,</strong></span> <span class='ocrx_word' id='word_1_513' title='bbox 1172 3814 1372 3872; x_wconf 89' lang='lat' dir='ltr'><strong>aculeis</strong></span> <span class='ocrx_word' id='word_1_514' title='bbox 1414 3815 1593 3872; x_wconf 90' lang='lat' dir='ltr'><strong>carnis</strong></span> <span class='ocrx_word' id='word_1_515' title='bbox 1629 3814 1861 3886; x_wconf 91' lang='lat' dir='ltr'><strong>obtusis,</strong></span> <span class='ocrx_word' id='word_1_516' title='bbox 1899 3833 2055 3875; x_wconf 90' lang='lat' dir='ltr'><strong>mens</strong></span> 
     </span>
    </p>
   </div>
   <div class='ocr_carea' id='block_1_69' title="bbox 455 3907 2056 3988">
    <p class='ocr_par' dir='ltr' id='par_1_69' title="bbox 455 3907 2056 3988">
     <span class='ocr_line' id='line_1_69' title="bbox 455 3907 2056 3988; baseline -0.003 -15"><span class='ocrx_word' id='word_1_517' title='bbox 455 3915 673 3988; x_wconf 88' lang='lat' dir='ltr'><strong>paciﬁca</strong></span> <span class='ocrx_word' id='word_1_518' title='bbox 700 3929 801 3971; x_wconf 91' lang='lat' dir='ltr'><strong>suo</strong></span> <span class='ocrx_word' id='word_1_519' title='bbox 847 3910 1165 3967; x_wconf 90' lang='lat' dir='ltr'><strong>concilietur</strong></span> <span class='ocrx_word' id='word_1_520' title='bbox 1209 3908 1470 3977; x_wconf 81' lang='lat' dir='ltr'><strong>Auctori;</strong></span> <span class='ocrx_word' id='word_1_521' title='bbox 1512 3924 1615 3964; x_wconf 90' lang='lat' dir='ltr'><strong>nec</strong></span> <span class='ocrx_word' id='word_1_522' title='bbox 1648 3907 2056 3969; x_wconf 87' lang='lat' dir='ltr'><strong>immutabiliter</strong></span> 
     </span>
    </p>
   </div>
   <div class='ocr_carea' id='block_1_70' title="bbox 452 4001 2050 4082">
    <p class='ocr_par' dir='ltr' id='par_1_70' title="bbox 452 4001 2050 4082">
     <span class='ocr_line' id='line_1_70' title="bbox 452 4001 2050 4082; baseline -0.004 -14"><span class='ocrx_word' id='word_1_523' title='bbox 452 4022 775 4082; x_wconf 86' lang='lat' dir='ltr'><strong>semperque</strong></span> <span class='ocrx_word' id='word_1_524' title='bbox 802 4013 931 4063; x_wconf 88' lang='lat' dir='ltr'><strong>sunt</strong></span> <span class='ocrx_word' id='word_1_525' title='bbox 954 4004 1123 4071; x_wconf 88' lang='lat' dir='ltr'><strong>bona,</strong></span> <span class='ocrx_word' id='word_1_526' title='bbox 1151 4004 1274 4076; x_wconf 91' lang='lat' dir='ltr'><strong>quia</strong></span> <span class='ocrx_word' id='word_1_527' title='bbox 1308 4001 1627 4075; x_wconf 89' lang='lat' dir='ltr'><strong>plerumque</strong></span> <span class='ocrx_word' id='word_1_528' title='bbox 1650 4018 1844 4060; x_wconf 90' lang='lat' dir='ltr'><strong>eorum</strong></span> <span class='ocrx_word' id='word_1_529' title='bbox 1880 4006 2050 4063; x_wconf 86' lang='lat' dir='ltr'><strong>inter-</strong></span> 
     </span>
    </p>
   </div>
   <div class='ocr_carea' id='block_1_71' title="bbox 452 4093 2040 4169">
    <p class='ocr_par' dir='ltr' id='par_1_71' title="bbox 452 4093 2040 4169">
     <span class='ocr_line' id='line_1_71' title="bbox 452 4093 2040 4169; baseline 0 -11"><span class='ocrx_word' id='word_1_530' title='bbox 452 4101 712 4159; x_wconf 87' lang='lat' dir='ltr'><strong>missione</strong></span> <span class='ocrx_word' id='word_1_531' title='bbox 745 4113 857 4155; x_wconf 91' lang='lat' dir='ltr'><strong>non</strong></span> <span class='ocrx_word' id='word_1_532' title='bbox 904 4095 1169 4163; x_wconf 87' lang='lat' dir='ltr'><strong>ladimur,</strong></span> <span class='ocrx_word' id='word_1_533' title='bbox 1215 4094 1390 4151; x_wconf 92' lang='lat' dir='ltr'><strong>immo</strong></span> <span class='ocrx_word' id='word_1_534' title='bbox 1430 4093 1596 4151; x_wconf 89' lang='lat' dir='ltr'><strong>etiam</strong></span> <span class='ocrx_word' id='word_1_535' title='bbox 1645 4094 1702 4151; x_wconf 91' lang='lat' dir='ltr'><strong>in</strong></span> <span class='ocrx_word' id='word_1_536' title='bbox 1744 4097 2040 4169; x_wconf 89' lang='lat' dir='ltr'><strong>perniciem</strong></span> 
     </span>
    </p>
   </div>
   <div class='ocr_carea' id='block_1_72' title="bbox 448 4183 2036 4259">
    <p class='ocr_par' dir='ltr' id='par_1_72' title="bbox 448 4183 2036 4259">
     <span class='ocr_line' id='line_1_72' title="bbox 448 4183 2036 4259; baseline -0.003 -9"><span class='ocrx_word' id='word_1_537' title='bbox 448 4190 728 4250; x_wconf 89' lang='lat' dir='ltr'><strong>interdum</strong></span> <span class='ocrx_word' id='word_1_538' title='bbox 780 4187 980 4245; x_wconf 87' lang='lat' dir='ltr'><strong>anima</strong></span> <span class='ocrx_word' id='word_1_539' title='bbox 1010 4184 1381 4259; x_wconf 89' lang='lat' dir='ltr'><strong>importunius</strong></span> <span class='ocrx_word' id='word_1_540' title='bbox 1421 4183 1689 4241; x_wconf 87' lang='lat' dir='ltr'><strong>celebrata</strong></span> <span class='ocrx_word' id='word_1_541' title='bbox 1731 4195 2036 4246; x_wconf 87' lang='lat' dir='ltr'><strong>vertuntur.</strong></span> 
     </span>
    </p>
   </div>
   <div class='ocr_carea' id='block_1_73' title="bbox 2160 3259 3774 3334">
    <p class='ocr_par' dir='ltr' id='par_1_73' title="bbox 2160 3259 3774 3334">
     <span class='ocr_line' id='line_1_73' title="bbox 2160 3259 3774 3334; baseline -0.002 -16"><span class='ocrx_word' id='word_1_542' title='bbox 2160 3261 2461 3334; x_wconf 91' lang='lat' dir='ltr'><strong>injustitia,</strong></span> <span class='ocrx_word' id='word_1_543' title='bbox 2507 3260 2898 3333; x_wconf 89' lang='lat' dir='ltr'><strong>impatientia,</strong></span> <span class='ocrx_word' id='word_1_544' title='bbox 2954 3260 3146 3330; x_wconf 75' lang='lat' dir='ltr'><strong>furori,</strong></span> <span class='ocrx_word' id='word_1_545' title='bbox 3204 3259 3574 3332; x_wconf 81' lang='lat' dir='ltr'><strong>impudicitia,</strong></span> <span class='ocrx_word' id='word_1_546' title='bbox 3631 3260 3774 3315; x_wconf 82' lang='lat' dir='ltr'><strong>invi-</strong></span> 
     </span>
    </p>
   </div>
   <div class='ocr_carea' id='block_1_74' title="bbox 2162 3353 3771 3427">
    <p class='ocr_par' dir='ltr' id='par_1_74' title="bbox 2162 3353 3771 3427">
     <span class='ocr_line' id='line_1_74' title="bbox 2162 3353 3771 3427; baseline -0.002 -16"><span class='ocrx_word' id='word_1_547' title='bbox 2162 3354 2267 3413; x_wconf 90' lang='lat' dir='ltr'><strong>dia</strong></span> <span class='ocrx_word' id='word_1_548' title='bbox 2290 3363 2452 3427; x_wconf 89' lang='lat' dir='ltr'><strong>atque</strong></span> <span class='ocrx_word' id='word_1_549' title='bbox 2476 3354 2745 3427; x_wconf 88' lang='lat' dir='ltr'><strong>superbia</strong></span> <span class='ocrx_word' id='word_1_550' title='bbox 2782 3354 3002 3410; x_wconf 86' lang='lat' dir='ltr'><strong>libertas</strong></span> <span class='ocrx_word' id='word_1_551' title='bbox 3028 3353 3325 3426; x_wconf 89' lang='lat' dir='ltr'><strong>aliquando</strong></span> <span class='ocrx_word' id='word_1_552' title='bbox 3373 3353 3639 3426; x_wconf 88' lang='lat' dir='ltr'><strong>permissa</strong></span> <span class='ocrx_word' id='word_1_553' title='bbox 3664 3360 3771 3409; x_wconf 86' lang='lat' dir='ltr'><strong>est.</strong></span> 
     </span>
    </p>
   </div>
   <div class='ocr_carea' id='block_1_75' title="bbox 2740 3448 3230 3505">
    <p class='ocr_par' dir='ltr' id='par_1_75' title="bbox 2740 3448 3230 3505">
     <span class='ocr_line' id='line_1_75' title="bbox 2740 3448 3230 3505; baseline -0.004 0"><span class='ocrx_word' id='word_1_554' title='bbox 2740 3448 2983 3505; x_wconf 84' lang='lat' dir='ltr'><strong>CAPUT</strong></span> <span class='ocrx_word' id='word_1_555' title='bbox 3020 3449 3230 3504; x_wconf 79' lang='lat' dir='ltr'><strong>XVIII.</strong></span> 
     </span>
    </p>
   </div>
   <div class='ocr_carea' id='block_1_76' title="bbox 2407 3542 3511 3615">
    <p class='ocr_par' dir='ltr' id='par_1_76' title="bbox 2407 3542 3511 3615">
     <span class='ocr_line' id='line_1_76' title="bbox 2407 3542 3511 3615; baseline -0.005 -13"><span class='ocrx_word' id='word_1_556' title='bbox 2407 3546 2525 3603; x_wconf 86' lang='lat' dir='ltr'><strong>Non</strong></span> <span class='ocrx_word' id='word_1_557' title='bbox 2543 3558 2749 3615; x_wconf 83' lang='lat' dir='ltr'><strong>semper</strong></span> <span class='ocrx_word' id='word_1_558' title='bbox 2772 3558 3061 3613; x_wconf 85' lang='lat' dir='ltr'><strong>congruum</strong></span> <span class='ocrx_word' id='word_1_559' title='bbox 3084 3556 3194 3599; x_wconf 85' lang='lat' dir='ltr'><strong>esse</strong></span> <span class='ocrx_word' id='word_1_560' title='bbox 3207 3542 3511 3613; x_wconf 82' lang='lat' dir='ltr'><strong>jejunium.</strong></span> 
     </span>
    </p>
   </div>
   <div class='ocr_carea' id='block_1_77' title="bbox 2231 3628 3767 3704">
    <p class='ocr_par' dir='ltr' id='par_1_77' title="bbox 2231 3628 3767 3704">
     <span class='ocr_line' id='line_1_77' title="bbox 2231 3628 3767 3704; baseline -0.001 -16"><span class='ocrx_word' id='word_1_561' title='bbox 2231 3633 2600 3702; x_wconf 87' lang='lat' dir='ltr'><strong>Quamobrem</strong></span> <span class='ocrx_word' id='word_1_562' title='bbox 2650 3630 2734 3688; x_wconf 89' lang='lat' dir='ltr'><strong>his</strong></span> <span class='ocrx_word' id='word_1_563' title='bbox 2772 3629 2841 3687; x_wconf 91' lang='lat' dir='ltr'><strong>de</strong></span> <span class='ocrx_word' id='word_1_564' title='bbox 2862 3629 3062 3704; x_wconf 89' lang='lat' dir='ltr'><strong>jejunii</strong></span> <span class='ocrx_word' id='word_1_565' title='bbox 3120 3628 3383 3701; x_wconf 86' lang='lat' dir='ltr'><strong>qualitate</strong></span> <span class='ocrx_word' id='word_1_566' title='bbox 3432 3629 3767 3701; x_wconf 71' lang='lat' dir='ltr'><strong>praemissis,</strong></span> 
     </span>
    </p>
   </div>
   <div class='ocr_carea' id='block_1_78' title="bbox 2159 3724 3774 3797">
    <p class='ocr_par' dir='ltr' id='par_1_78' title="bbox 2159 3724 3774 3797">
     <span class='ocr_line' id='line_1_78' title="bbox 2159 3724 3774 3797; baseline 0 -15"><span class='ocrx_word' id='word_1_567' title='bbox 2159 3724 2441 3783; x_wconf 90' lang='lat' dir='ltr'><strong>subdenda</strong></span> <span class='ocrx_word' id='word_1_568' title='bbox 2488 3725 2668 3782; x_wconf 88' lang='lat' dir='ltr'><strong>adhuc</strong></span> <span class='ocrx_word' id='word_1_569' title='bbox 2711 3734 3022 3782; x_wconf 88' lang='lat' dir='ltr'><strong>sanctarum</strong></span> <span class='ocrx_word' id='word_1_570' title='bbox 3077 3724 3479 3797; x_wconf 88' lang='lat' dir='ltr'><strong>Scripturarum</strong></span> <span class='ocrx_word' id='word_1_571' title='bbox 3545 3724 3774 3781; x_wconf 89' lang='lat' dir='ltr'><strong>videtur</strong></span> 
     </span>
    </p>
   </div>
   <div class='ocr_carea' id='block_1_79' title="bbox 2159 3816 3772 3892">
    <p class='ocr_par' dir='ltr' id='par_1_79' title="bbox 2159 3816 3772 3892">
     <span class='ocr_line' id='line_1_79' title="bbox 2159 3816 3772 3892; baseline -0.001 -17"><span class='ocrx_word' id='word_1_572' title='bbox 2159 3820 2473 3887; x_wconf 87' lang='lat' dir='ltr'><strong>auctoritas,</strong></span> <span class='ocrx_word' id='word_1_573' title='bbox 2521 3835 2617 3892; x_wconf 90' lang='lat' dir='ltr'><strong>per</strong></span> <span class='ocrx_word' id='word_1_574' title='bbox 2645 3834 2811 3892; x_wconf 89' lang='lat' dir='ltr'><strong>quam</strong></span> <span class='ocrx_word' id='word_1_575' title='bbox 2868 3819 3202 3892; x_wconf 88' lang='lat' dir='ltr'><strong>approbetur</strong></span> <span class='ocrx_word' id='word_1_576' title='bbox 3242 3816 3585 3874; x_wconf 83' lang='lat' dir='ltr'><strong>manifestius</strong></span> <span class='ocrx_word' id='word_1_577' title='bbox 3604 3818 3772 3891; x_wconf 83' lang='lat' dir='ltr'><strong>jeju-</strong></span> 
     </span>
    </p>
   </div>
   <div class='ocr_carea' id='block_1_80' title="bbox 2159 3911 3773 3984">
    <p class='ocr_par' dir='ltr' id='par_1_80' title="bbox 2159 3911 3773 3984">
     <span class='ocr_line' id='line_1_80' title="bbox 2159 3911 3773 3984; baseline 0.001 -16"><span class='ocrx_word' id='word_1_578' title='bbox 2159 3912 2312 3969; x_wconf 91' lang='lat' dir='ltr'><strong>nium</strong></span> <span class='ocrx_word' id='word_1_579' title='bbox 2350 3921 2608 3984; x_wconf 90' lang='lat' dir='ltr'><strong>perpetuo</strong></span> <span class='ocrx_word' id='word_1_580' title='bbox 2643 3911 2908 3970; x_wconf 90' lang='lat' dir='ltr'><strong>custodiri</strong></span> <span class='ocrx_word' id='word_1_581' title='bbox 2948 3928 3051 3969; x_wconf 92' lang='lat' dir='ltr'><strong>nec</strong></span> <span class='ocrx_word' id='word_1_582' title='bbox 3095 3912 3294 3971; x_wconf 87' lang='lat' dir='ltr'><strong>debere</strong></span> <span class='ocrx_word' id='word_1_583' title='bbox 3339 3927 3444 3968; x_wconf 77' lang='lat' dir='ltr'><strong>nec</strong></span> <span class='ocrx_word' id='word_1_584' title='bbox 3481 3927 3671 3984; x_wconf 85' lang='lat' dir='ltr'><strong>posse.</strong></span> <span class='ocrx_word' id='word_1_585' title='bbox 3702 3915 3773 3969; x_wconf 86' lang='lat' dir='ltr'><strong>In</strong></span> 
     </span>
    </p>
   </div>
   <div class='ocr_carea' id='block_1_81' title="bbox 2158 4004 3769 4079">
    <p class='ocr_par' dir='ltr' id='par_1_81' title="bbox 2158 4004 3769 4079">
     <span class='ocr_line' id='line_1_81' title="bbox 2158 4004 3769 4079; baseline 0.001 -18"><span class='ocrx_word' id='word_1_586' title='bbox 2158 4005 2840 4078; x_wconf 85' lang='lat' dir='ltr'><strong>Evangeliojejunantibus</strong></span> <span class='ocrx_word' id='word_1_587' title='bbox 2864 4004 3155 4063; x_wconf 87' lang='lat' dir='ltr'><strong>Pbarisais</strong></span> <span class='ocrx_word' id='word_1_588' title='bbox 3181 4020 3286 4062; x_wconf 89' lang='lat' dir='ltr'><strong>una</strong></span> <span class='ocrx_word' id='word_1_589' title='bbox 3314 4020 3445 4061; x_wconf 89' lang='lat' dir='ltr'><strong>cum</strong></span> <span class='ocrx_word' id='word_1_590' title='bbox 3483 4004 3769 4079; x_wconf 84' lang='lat' dir='ltr'><strong>discipulis</strong></span> 
     </span>
    </p>
   </div>
   <div class='ocr_carea' id='block_1_82' title="bbox 2156 4099 3770 4173">
    <p class='ocr_par' dir='ltr' id='par_1_82' title="bbox 2156 4099 3770 4173">
     <span class='ocr_line' id='line_1_82' title="bbox 2156 4099 3770 4173; baseline 0.001 -18"><span class='ocrx_word' id='word_1_591' title='bbox 2156 4100 2388 4158; x_wconf 88' lang='lat' dir='ltr'><strong>Joannis</strong></span> <span class='ocrx_word' id='word_1_592' title='bbox 2423 4100 2702 4173; x_wconf 89' lang='lat' dir='ltr'><strong>Baptista,</strong></span> <span class='ocrx_word' id='word_1_593' title='bbox 2721 4115 2853 4156; x_wconf 91' lang='lat' dir='ltr'><strong>cum</strong></span> <span class='ocrx_word' id='word_1_594' title='bbox 2871 4100 3130 4173; x_wconf 89' lang='lat' dir='ltr'><strong>apostoli,</strong></span> <span class='ocrx_word' id='word_1_595' title='bbox 3155 4108 3345 4173; x_wconf 89' lang='lat' dir='ltr'><strong>utpote</strong></span> <span class='ocrx_word' id='word_1_596' title='bbox 3370 4099 3534 4156; x_wconf 89' lang='lat' dir='ltr'><strong>amici</strong></span> <span class='ocrx_word' id='word_1_597' title='bbox 3561 4107 3619 4156; x_wconf 87' lang='lat' dir='ltr'><strong>et</strong></span> <span class='ocrx_word' id='word_1_598' title='bbox 3634 4116 3770 4156; x_wconf 89' lang='lat' dir='ltr'><strong>con-</strong></span> 
     </span>
    </p>
   </div>
   <div class='ocr_carea' id='block_1_83' title="bbox 2159 4191 3766 4266">
    <p class='ocr_par' dir='ltr' id='par_1_83' title="bbox 2159 4191 3766 4266">
     <span class='ocr_line' id='line_1_83' title="bbox 2159 4191 3766 4266; baseline 0.002 -20"><span class='ocrx_word' id='word_1_599' title='bbox 2159 4191 2293 4249; x_wconf 80' lang='lat' dir='ltr'><strong>viva</strong></span> <span class='ocrx_word' id='word_1_600' title='bbox 2310 4191 2550 4249; x_wconf 73' lang='lat' dir='ltr'><strong>calcatis</strong></span> <span class='ocrx_word' id='word_1_601' title='bbox 2578 4191 2724 4250; x_wconf 90' lang='lat' dir='ltr'><strong>illius</strong></span> <span class='ocrx_word' id='word_1_602' title='bbox 2758 4191 2955 4264; x_wconf 90' lang='lat' dir='ltr'><strong>Sponsi</strong></span> <span class='ocrx_word' id='word_1_603' title='bbox 2973 4233 2991 4263; x_wconf 90' lang='lat'><strong>,</strong></span> <span class='ocrx_word' id='word_1_604' title='bbox 3018 4192 3253 4251; x_wconf 89' lang='lat' dir='ltr'><strong>necdum</strong></span> <span class='ocrx_word' id='word_1_605' title='bbox 3286 4192 3627 4266; x_wconf 86' lang='lat' dir='ltr'><strong>jejuniorum</strong></span> <span class='ocrx_word' id='word_1_606' title='bbox 3655 4192 3766 4250; x_wconf 87' lang='lat' dir='ltr'><strong>ob-</strong></span> 
     </span>
    </p>
   </div>
   <div class='ocr_carea' id='block_1_84' title="bbox 1534 4312 2650 4376">
    <p class='ocr_par' dir='ltr' id='par_1_84' title="bbox 1534 4312 2650 4376">
     <span class='ocr_line' id='line_1_84' title="bbox 1534 4312 2650 4376; baseline 0.009 -10"><span class='ocrx_word' id='word_1_607' title='bbox 1534 4312 1792 4369; x_wconf 81' lang='lat' dir='ltr'><strong>ALARDI</strong></span> <span class='ocrx_word' id='word_1_608' title='bbox 1830 4314 2056 4375; x_wconf 69' lang='lat' dir='ltr'><strong>GAZEI</strong></span> <span class='ocrx_word' id='word_1_609' title='bbox 2094 4319 2650 4376; x_wconf 76' lang='lat' dir='ltr'><strong>COMMENTARIUS.</strong></span> 
     </span>
    </p>
   </div>
   <div class='ocr_carea' id='block_1_85' title="bbox 525 4439 2051 4509">
    <p class='ocr_par' dir='ltr' id='par_1_85' title="bbox 525 4439 2051 4509">
     <span class='ocr_line' id='line_1_85' title="bbox 525 4439 2051 4509; baseline 0.014 -32"><span class='ocrx_word' id='word_1_610' title='bbox 525 4439 845 4496; x_wconf 68' lang='lat' dir='ltr'><strong>.Nimirum</strong></span> <span class='ocrx_word' id='word_1_611' title='bbox 875 4452 974 4509; x_wconf 90' lang='lat' dir='ltr'><strong>per</strong></span> <span class='ocrx_word' id='word_1_612' title='bbox 999 4450 1080 4504; x_wconf 93' lang='lat' dir='ltr'><strong>se,</strong></span> <span class='ocrx_word' id='word_1_613' title='bbox 1107 4443 1162 4492; x_wconf 93' lang='lat' dir='ltr'><strong>et</strong></span> <span class='ocrx_word' id='word_1_614' title='bbox 1193 4450 1271 4509; x_wconf 80' lang='lat' dir='ltr'><strong>ex</strong></span> <span class='ocrx_word' id='word_1_615' title='bbox 1307 4443 1500 4509; x_wconf 85' lang='lat' dir='ltr'><strong>natura</strong></span> <span class='ocrx_word' id='word_1_616' title='bbox 1538 4452 1657 4505; x_wconf 85' lang='lat' dir='ltr'><strong>sua,</strong></span> <span class='ocrx_word' id='word_1_617' title='bbox 1697 4439 1843 4496; x_wconf 90' lang='lat' dir='ltr'><strong>sicut</strong></span> <span class='ocrx_word' id='word_1_618' title='bbox 1874 4441 2051 4500; x_wconf 86' lang='lat' dir='ltr'><strong>Judai</strong></span> 
     </span>
    </p>
   </div>
   <div class='ocr_carea' id='block_1_86' title="bbox 454 4506 2054 4584">
    <p class='ocr_par' dir='ltr' id='par_1_86' title="bbox 454 4506 2054 4584">
     <span class='ocr_line' id='line_1_86' title="bbox 454 4506 2054 4584; baseline 0 -15"><span class='ocrx_word' id='word_1_619' title='bbox 454 4514 737 4584; x_wconf 79' lang='lat' dir='ltr'><strong>putabant.</strong></span> <span class='ocrx_word' id='word_1_620' title='bbox 765 4506 954 4564; x_wconf 77' lang='lat' dir='ltr'><strong>Potest</strong></span> <span class='ocrx_word' id='word_1_621' title='bbox 978 4512 1166 4584; x_wconf 83' lang='lat' dir='ltr'><strong>tamen</strong></span> <span class='ocrx_word' id='word_1_622' title='bbox 1189 4506 1468 4584; x_wconf 76' lang='lat' dir='ltr'><strong>inquinare</strong></span> <span class='ocrx_word' id='word_1_623' title='bbox 1496 4509 1705 4584; x_wconf 82' lang='lat' dir='ltr'><strong>ratione</strong></span> <span class='ocrx_word' id='word_1_624' title='bbox 1734 4511 2054 4569; x_wconf 89' lang='lat' dir='ltr'><strong>inobedien-</strong></span> 
     </span>
    </p>
   </div>
   <div class='ocr_carea' id='block_1_87' title="bbox 447 4577 2053 4661">
    <p class='ocr_par' dir='ltr' id='par_1_87' title="bbox 447 4577 2053 4661">
     <span class='ocr_line' id='line_1_87' title="bbox 447 4577 2053 4661; baseline -0.001 -19"><span class='ocrx_word' id='word_1_625' title='bbox 447 4577 537 4661; x_wconf 79' lang='lat' dir='ltr'><strong>tia</strong></span> <span class='ocrx_word' id='word_1_626' title='bbox 565 4590 661 4640; x_wconf 90' lang='lat' dir='ltr'><strong>aut</strong></span> <span class='ocrx_word' id='word_1_627' title='bbox 704 4578 1138 4661; x_wconf 79' lang='lat' dir='ltr'><strong>intemperantia</strong></span> <span class='ocrx_word' id='word_1_628' title='bbox 1163 4577 1280 4647; x_wconf 80' lang='lat' dir='ltr'><strong>qua</strong></span> <span class='ocrx_word' id='word_1_629' title='bbox 1304 4577 1566 4661; x_wconf 75' lang='lat' dir='ltr'><strong>sumitur;</strong></span> <span class='ocrx_word' id='word_1_630' title='bbox 1601 4579 1745 4635; x_wconf 91' lang='lat' dir='ltr'><strong>sicut</strong></span> <span class='ocrx_word' id='word_1_631' title='bbox 1772 4590 1949 4661; x_wconf 75' lang='lat' dir='ltr'><strong>petest</strong></span> <span class='ocrx_word' id='word_1_632' title='bbox 1965 4600 2053 4661; x_wconf 46' lang='lat' dir='ltr'><strong>ra:</strong></span> 
     </span>
    </p>
   </div>
   <div class='ocr_carea' id='block_1_88' title="bbox 448 4647 2053 4729">
    <p class='ocr_par' dir='ltr' id='par_1_88' title="bbox 448 4647 2053 4729">
     <span class='ocr_line' id='line_1_88' title="bbox 448 4647 2053 4729; baseline -0.002 -16"><span class='ocrx_word' id='word_1_633' title='bbox 448 4657 605 4729; x_wconf 77' lang='lat' dir='ltr'><strong>tione</strong></span> <span class='ocrx_word' id='word_1_634' title='bbox 650 4647 901 4729; x_wconf 71' lang='lat' dir='ltr'><strong>scandali</strong></span> <span class='ocrx_word' id='word_1_635' title='bbox 934 4664 1064 4729; x_wconf 78' lang='lat' dir='ltr'><strong>cum</strong></span> <span class='ocrx_word' id='word_1_636' title='bbox 1111 4664 1219 4729; x_wconf 91' lang='lat' dir='ltr'><strong>quo</strong></span> <span class='ocrx_word' id='word_1_637' title='bbox 1262 4647 1549 4729; x_wconf 66' lang='lat' dir='ltr'><strong>sumitur:</strong></span> <span class='ocrx_word' id='word_1_638' title='bbox 1594 4647 2053 4729; x_wconf 68' lang='lat' dir='ltr'><strong>quomodovesci</strong></span> 
     </span>
    </p>
   </div>
   <div class='ocr_carea' id='block_1_89' title="bbox 444 4717 2053 4793">
    <p class='ocr_par' dir='ltr' id='par_1_89' title="bbox 444 4717 2053 4793">
     <span class='ocr_line' id='line_1_89' title="bbox 444 4717 2053 4793; baseline -0.001 -9"><span class='ocrx_word' id='word_1_639' title='bbox 444 4726 699 4784; x_wconf 88' lang='lat' dir='ltr'><strong>carnibus</strong></span> <span class='ocrx_word' id='word_1_640' title='bbox 721 4723 811 4781; x_wconf 91' lang='lat' dir='ltr'><strong>die</strong></span> <span class='ocrx_word' id='word_1_641' title='bbox 830 4720 1027 4793; x_wconf 87' lang='lat' dir='ltr'><strong>jejunii</strong></span> <span class='ocrx_word' id='word_1_642' title='bbox 1046 4717 1371 4793; x_wconf 79' lang='lat' dir='ltr'><strong>coinquinat</strong></span> <span class='ocrx_word' id='word_1_643' title='bbox 1396 4717 1668 4793; x_wconf 81' lang='lat' dir='ltr'><strong>animam;</strong></span> <span class='ocrx_word' id='word_1_644' title='bbox 1699 4721 1933 4793; x_wconf 85' lang='lat' dir='ltr'><strong>alioquin</strong></span> <span class='ocrx_word' id='word_1_645' title='bbox 1950 4742 2053 4783; x_wconf 92' lang='lat' dir='ltr'><strong>nec</strong></span> 
     </span>
    </p>
   </div>
   <div class='ocr_carea' id='block_1_90' title="bbox 443 4789 2052 4868">
    <p class='ocr_par' dir='ltr' id='par_1_90' title="bbox 443 4789 2052 4868">
     <span class='ocr_line' id='line_1_90' title="bbox 443 4789 2052 4868; baseline -0.001 -13"><span class='ocrx_word' id='word_1_646' title='bbox 443 4799 694 4863; x_wconf 86' lang='lat' dir='ltr'><strong>ebrietas,</strong></span> <span class='ocrx_word' id='word_1_647' title='bbox 726 4789 1599 4868; x_wconf 37' lang='lat' dir='ltr'><strong>necin&#39;gurgitatio’coinquinaret</strong></span> <span class='ocrx_word' id='word_1_648' title='bbox 1617 4789 1881 4865; x_wconf 82' lang='lat' dir='ltr'><strong>animam,</strong></span> <span class='ocrx_word' id='word_1_649' title='bbox 1904 4798 2052 4868; x_wconf 90' lang='lat' dir='ltr'><strong>quod</strong></span> 
     </span>
    </p>
   </div>
   <div class='ocr_carea' id='block_1_91' title="bbox 441 4864 1108 4925">
    <p class='ocr_par' dir='ltr' id='par_1_91' title="bbox 441 4864 1108 4925">
     <span class='ocr_line' id='line_1_91' title="bbox 441 4864 1108 4925; baseline -0.013 0"><span class='ocrx_word' id='word_1_650' title='bbox 441 4885 542 4925; x_wconf 91' lang='lat' dir='ltr'><strong>nec</strong></span> <span class='ocrx_word' id='word_1_651' title='bbox 569 4867 858 4924; x_wconf 83' lang='lat' dir='ltr'><strong>hareticus</strong></span> <span class='ocrx_word' id='word_1_652' title='bbox 894 4864 1108 4919; x_wconf 85' lang='lat' dir='ltr'><strong>dixerit.</strong></span> 
     </span>
    </p>
   </div>
   <div class='ocr_carea' id='block_1_92' title="bbox 511 4932 2041 5019">
    <p class='ocr_par' dir='ltr' id='par_1_92' title="bbox 511 4932 2041 5019">
     <span class='ocr_line' id='line_1_92' title="bbox 511 4932 2041 5019; baseline 0 -25"><span class='ocrx_word' id='word_1_653' title='bbox 511 4936 861 5019; x_wconf 37' lang='lat' dir='ltr'><strong>{Quomodo</strong></span> <span class='ocrx_word' id='word_1_654' title='bbox 890 4932 1400 5019; x_wconf 35' lang='lat' dir='ltr'><strong>dicaturnjustitia,</strong></span> <span class='ocrx_word' id='word_1_655' title='bbox 1427 4932 1716 5019; x_wconf 83' lang='lat' dir='ltr'><strong>patientia;</strong></span> <span class='ocrx_word' id='word_1_656' title='bbox 1739 4934 2041 5019; x_wconf 79' lang='lat' dir='ltr'><strong>sobrietati,</strong></span> 
     </span>
    </p>
   </div>
   <div class='ocr_carea' id='block_1_93' title="bbox 440 5004 2044 5083">
    <p class='ocr_par' dir='ltr' id='par_1_93' title="bbox 440 5004 2044 5083">
     <span class='ocr_line' id='line_1_93' title="bbox 440 5004 2044 5083; baseline -0.001 -17"><span class='ocrx_word' id='word_1_657' title='bbox 440 5004 733 5083; x_wconf 74' lang='lat' dir='ltr'><strong>pudicitia,</strong></span> <span class='ocrx_word' id='word_1_658' title='bbox 763 5004 1023 5083; x_wconf 57' lang='lat' dir='ltr'><strong>charitati</strong></span> <span class='ocrx_word' id='word_1_659' title='bbox 1048 5004 1228 5083; x_wconf 78' lang='lat' dir='ltr'><strong>nullus</strong></span> <span class='ocrx_word' id='word_1_660' title='bbox 1275 5005 1471 5083; x_wconf 85' lang='lat' dir='ltr'><strong>modus</strong></span> <span class='ocrx_word' id='word_1_661' title='bbox 1507 5015 1905 5083; x_wconf 68' lang='lat' dir='ltr'><strong>esseetatutus,</strong></span> <span class='ocrx_word' id='word_1_662' title='bbox 1934 5004 2044 5064; x_wconf 84' lang='lat' dir='ltr'><strong>non</strong></span> 
     </span>
    </p>
   </div>
   <div class='ocr_carea' id='block_1_94' title="bbox 439 5074 2040 5156">
    <p class='ocr_par' dir='ltr' id='par_1_94' title="bbox 439 5074 2040 5156">
     <span class='ocr_line' id='line_1_94' title="bbox 439 5074 2040 5156; baseline -0.002 -17"><span class='ocrx_word' id='word_1_663' title='bbox 439 5074 588 5139; x_wconf 72' lang='lat' dir='ltr'><strong>caret</strong></span> <span class='ocrx_word' id='word_1_664' title='bbox 605 5079 780 5150; x_wconf 87' lang='lat' dir='ltr'><strong>aliqua</strong></span> <span class='ocrx_word' id='word_1_665' title='bbox 793 5074 1138 5156; x_wconf 74' lang='lat' dir='ltr'><strong>difﬁcultate.</strong></span> <span class='ocrx_word' id='word_1_666' title='bbox 1170 5077 1240 5154; x_wconf 73' lang='lat' dir='ltr'><strong>Et</strong></span> <span class='ocrx_word' id='word_1_667' title='bbox 1262 5074 1481 5156; x_wconf 78' lang='lat' dir='ltr'><strong>quidem</strong></span> <span class='ocrx_word' id='word_1_668' title='bbox 1507 5075 1575 5156; x_wconf 92' lang='lat' dir='ltr'><strong>de</strong></span> <span class='ocrx_word' id='word_1_669' title='bbox 1611 5074 1899 5156; x_wconf 75' lang='lat' dir='ltr'><strong>charitate,</strong></span> <span class='ocrx_word' id='word_1_670' title='bbox 1917 5095 2040 5150; x_wconf 87' lang='lat' dir='ltr'><strong>qua</strong></span> 
     </span>
    </p>
   </div>
   <div class='ocr_carea' id='block_1_95' title="bbox 437 5149 2035 5220">
    <p class='ocr_par' dir='ltr' id='par_1_95' title="bbox 437 5149 2035 5220">
     <span class='ocr_line' id='line_1_95' title="bbox 437 5149 2035 5220; baseline -0.004 -9"><span class='ocrx_word' id='word_1_671' title='bbox 437 5163 614 5210; x_wconf 84' lang='lat' dir='ltr'><strong>mater</strong></span> <span class='ocrx_word' id='word_1_672' title='bbox 637 5149 721 5207; x_wconf 76' lang='lat' dir='ltr'><strong>est</strong></span> <span class='ocrx_word' id='word_1_673' title='bbox 752 5155 813 5204; x_wconf 86' lang='lat' dir='ltr'><strong>&#39;et</strong></span> <span class='ocrx_word' id='word_1_674' title='bbox 849 5149 1030 5220; x_wconf 77' lang='lat' dir='ltr'><strong>regina</strong></span> <span class='ocrx_word' id='word_1_675' title='bbox 1061 5149 1331 5220; x_wconf 70' lang='lat' dir='ltr'><strong>omnium</strong></span> <span class='ocrx_word' id='word_1_676' title='bbox 1372 5149 1656 5220; x_wconf 77' lang='lat' dir='ltr'><strong>virtutum,</strong></span> <span class='ocrx_word' id='word_1_677' title='bbox 1691 5149 1770 5204; x_wconf 90' lang='lat' dir='ltr'><strong>sic</strong></span> <span class='ocrx_word' id='word_1_678' title='bbox 1802 5149 2035 5220; x_wconf 82' lang='lat' dir='ltr'><strong>loquun-</strong></span> 
     </span>
    </p>
   </div>
   <div class='ocr_carea' id='block_1_96' title="bbox 437 5215 2034 5287">
    <p class='ocr_par' dir='ltr' id='par_1_96' title="bbox 437 5215 2034 5287">
     <span class='ocr_line' id='line_1_96' title="bbox 437 5215 2034 5287; baseline -0.004 -6"><span class='ocrx_word' id='word_1_679' title='bbox 437 5235 530 5283; x_wconf 88' lang='lat' dir='ltr'><strong>tur</strong></span> <span class='ocrx_word' id='word_1_680' title='bbox 566 5222 736 5281; x_wconf 87' lang='lat' dir='ltr'><strong>Paula</strong></span> <span class='ocrx_word' id='word_1_681' title='bbox 774 5227 828 5274; x_wconf 89' lang='lat' dir='ltr'><strong>et</strong></span> <span class='ocrx_word' id='word_1_682' title='bbox 856 5215 1217 5274; x_wconf 78' lang='lat' dir='ltr'><strong>Eustochium</strong></span> <span class='ocrx_word' id='word_1_683' title='bbox 1256 5215 1313 5271; x_wconf 91' lang='lat' dir='ltr'><strong>in</strong></span> <span class='ocrx_word' id='word_1_684' title='bbox 1344 5216 1566 5287; x_wconf 90' lang='lat' dir='ltr'><strong>epistola</strong></span> <span class='ocrx_word' id='word_1_685' title='bbox 1608 5215 1676 5273; x_wconf 88' lang='lat' dir='ltr'><strong>ad</strong></span> <span class='ocrx_word' id='word_1_686' title='bbox 1721 5215 2034 5276; x_wconf 76' lang='lat' dir='ltr'><strong>Marcellam</strong></span> 
     </span>
    </p>
   </div>
   <div class='ocr_carea' id='block_1_97' title="bbox 437 5289 2032 5369">
    <p class='ocr_par' dir='ltr' id='par_1_97' title="bbox 437 5289 2032 5369">
     <span class='ocr_line' id='line_1_97' title="bbox 437 5289 2032 5369; baseline -0.014 -14"><span class='ocrx_word' id='word_1_687' title='bbox 437 5300 638 5369; x_wconf 80' lang='lat' dir='ltr'><strong>(Epist.</strong></span> <span class='ocrx_word' id='word_1_688' title='bbox 668 5301 728 5351; x_wconf 82' lang='lat'><strong>1‘7</strong></span> <span class='ocrx_word' id='word_1_689' title='bbox 761 5291 1084 5369; x_wconf 44' lang='grc' dir='ltr'><strong>ἡκεν-βμετ.</strong></span> <span class='ocrx_word' id='word_1_690' title='bbox 1111 5289 2032 5369; x_wconf 42' lang='lat' dir='ltr'><strong>yierongmiiiltfensurgmpharf-</strong></span> 
     </span>
    </p>
   </div>
   <div class='ocr_carea' id='block_1_98' title="bbox 437 5356 2034 5430">
    <p class='ocr_par' dir='ltr' id='par_1_98' title="bbox 437 5356 2034 5430">
     <span class='ocr_line' id='line_1_98' title="bbox 437 5356 2034 5430; baseline -0.002 -9"><span class='ocrx_word' id='word_1_691' title='bbox 437 5356 526 5423; x_wconf 73' lang='grc' dir='ltr'><strong>ἐαέ</strong></span> <span class='ocrx_word' id='word_1_692' title='bbox 551 5385 655 5424; x_wconf 88' lang='lat' dir='ltr'><strong>non</strong></span> <span class='ocrx_word' id='word_1_693' title='bbox 698 5365 873 5421; x_wconf 85' lang='lat' dir='ltr'><strong>habet.</strong></span> <span class='ocrx_word' id='word_1_694' title='bbox 904 5356 975 5415; x_wconf 71' lang='lat' dir='ltr'><strong>Et</strong></span> <span class='ocrx_word' id='word_1_695' title='bbox 1010 5361 1078 5413; x_wconf 94' lang='lat' dir='ltr'><strong>D.</strong></span> <span class='ocrx_word' id='word_1_696' title='bbox 1111 5358 1421 5414; x_wconf 82' lang='lat' dir='ltr'><strong>Bernardus</strong></span> <span class='ocrx_word' id='word_1_697' title='bbox 1464 5356 1610 5430; x_wconf 82' lang='lat' dir='ltr'><strong>(Lib.</strong></span> <span class='ocrx_word' id='word_1_698' title='bbox 1646 5359 1711 5414; x_wconf 88' lang='lat' dir='ltr'><strong>de</strong></span> <span class='ocrx_word' id='word_1_699' title='bbox 1748 5362 2034 5430; x_wconf 82' lang='lat' dir='ltr'><strong>Diligme</strong></span> 
     </span>
    </p>
   </div>
   <div class='ocr_carea' id='block_1_99' title="bbox 436 5429 2028 5507">
    <p class='ocr_par' dir='ltr' id='par_1_99' title="bbox 436 5429 2028 5507">
     <span class='ocr_line' id='line_1_99' title="bbox 436 5429 2028 5507; baseline 0 -16"><span class='ocrx_word' id='word_1_700' title='bbox 436 5438 559 5507; x_wconf 89' lang='lat' dir='ltr'><strong>Deo)</strong></span> <span class='ocrx_word' id='word_1_701' title='bbox 595 5458 606 5490; x_wconf 92' lang='lat'><strong>:</strong></span> <span class='ocrx_word' id='word_1_702' title='bbox 648 5437 836 5494; x_wconf 86' lang='lat' dir='ltr'><strong>Modus</strong></span> <span class='ocrx_word' id='word_1_703' title='bbox 870 5431 1135 5507; x_wconf 71' lang='lat' dir='ltr'><strong>diligendi</strong></span> <span class='ocrx_word' id='word_1_704' title='bbox 1160 5434 1329 5507; x_wconf 65' lang='lat' dir='ltr'><strong>Deum</strong></span> <span class='ocrx_word' id='word_1_705' title='bbox 1357 5432 1434 5507; x_wconf 71' lang='lat' dir='ltr'><strong>est</strong></span> <span class='ocrx_word' id='word_1_706' title='bbox 1461 5429 1685 5507; x_wconf 78' lang='lat' dir='ltr'><strong>diligere</strong></span> <span class='ocrx_word' id='word_1_707' title='bbox 1718 5432 1829 5487; x_wconf 85' lang='lat' dir='ltr'><strong>sine</strong></span> <span class='ocrx_word' id='word_1_708' title='bbox 1853 5429 2028 5507; x_wconf 77' lang='lat' dir='ltr'><strong>modo.</strong></span> 
     </span>
    </p>
   </div>
   <div class='ocr_carea' id='block_1_100' title="bbox 441 5499 2032 5576">
    <p class='ocr_par' dir='ltr' id='par_1_100' title="bbox 441 5499 2032 5576">
     <span class='ocr_line' id='line_1_100' title="bbox 441 5499 2032 5576; baseline 0.003 -17"><span class='ocrx_word' id='word_1_709' title='bbox 441 5508 482 5559; x_wconf 85' lang='grc' dir='ltr'><strong>Ε.</strong></span> <span class='ocrx_word' id='word_1_710' title='bbox 532 5499 743 5564; x_wconf 84' lang='lat' dir='ltr'><strong>diverso</strong></span> <span class='ocrx_word' id='word_1_711' title='bbox 772 5515 855 5563; x_wconf 89' lang='lat' dir='ltr'><strong>est</strong></span> <span class='ocrx_word' id='word_1_712' title='bbox 905 5499 1123 5560; x_wconf 72' lang='lat' dir='ltr'><strong>axioma</strong></span> <span class='ocrx_word' id='word_1_713' title='bbox 1170 5499 1639 5576; x_wconf 57' lang='lat' dir='ltr'><strong>pbdosopliicum,</strong></span> <span class='ocrx_word' id='word_1_714' title='bbox 1684 5519 1792 5576; x_wconf 93' lang='lat' dir='ltr'><strong>quo</strong></span> <span class='ocrx_word' id='word_1_715' title='bbox 1831 5504 2032 5563; x_wconf 88' lang='lat' dir='ltr'><strong>dicitur</strong></span> 
     </span>
    </p>
   </div>
   <div class='ocr_carea' id='block_1_101' title="bbox 433 5572 2029 5648">
    <p class='ocr_par' dir='ltr' id='par_1_101' title="bbox 433 5572 2029 5648">
     <span class='ocr_line' id='line_1_101' title="bbox 433 5572 2029 5648; baseline 0.001 -18"><span class='ocrx_word' id='word_1_716' title='bbox 433 5578 607 5648; x_wconf 75' lang='lat' dir='ltr'><strong>virtus</strong></span> <span class='ocrx_word' id='word_1_717' title='bbox 644 5580 702 5629; x_wconf 85' lang='lat' dir='ltr'><strong>in</strong></span> <span class='ocrx_word' id='word_1_718' title='bbox 723 5578 894 5632; x_wconf 87' lang='lat' dir='ltr'><strong>medio</strong></span> <span class='ocrx_word' id='word_1_719' title='bbox 916 5577 1218 5648; x_wconf 72' lang='lat' dir='ltr'><strong>consistere.</strong></span> <span class='ocrx_word' id='word_1_720' title='bbox 1250 5573 1322 5648; x_wconf 59' lang='lat' dir='ltr'><strong>Et</strong></span> <span class='ocrx_word' id='word_1_721' title='bbox 1342 5574 1411 5627; x_wconf 89' lang='lat' dir='ltr'><strong>D.</strong></span> <span class='ocrx_word' id='word_1_722' title='bbox 1439 5572 1809 5648; x_wconf 71' lang='lat' dir='ltr'><strong>Hieronymus</strong></span> <span class='ocrx_word' id='word_1_723' title='bbox 1825 5578 1909 5643; x_wconf 85' lang='lat' dir='ltr'><strong>(In</strong></span> <span class='ocrx_word' id='word_1_724' title='bbox 1930 5582 2029 5648; x_wconf 80' lang='lat' dir='ltr'><strong>epi-</strong></span> 
     </span>
    </p>
   </div>
   <div class='ocr_carea' id='block_1_102' title="bbox 434 5642 2028 5719">
    <p class='ocr_par' dir='ltr' id='par_1_102' title="bbox 434 5642 2028 5719">
     <span class='ocr_line' id='line_1_102' title="bbox 434 5642 2028 5719; baseline -0.002 -14"><span class='ocrx_word' id='word_1_725' title='bbox 434 5647 617 5719; x_wconf 74' lang='lat' dir='ltr'><strong>taphio</strong></span> <span class='ocrx_word' id='word_1_726' title='bbox 640 5648 845 5712; x_wconf 72' lang='lat' dir='ltr'><strong>Paulae)</strong></span> <span class='ocrx_word' id='word_1_727' title='bbox 871 5643 1225 5719; x_wconf 76' lang='lat' dir='ltr'><strong>commendat</strong></span> <span class='ocrx_word' id='word_1_728' title='bbox 1251 5643 1393 5719; x_wconf 84' lang='lat' dir='ltr'><strong>illam</strong></span> <span class='ocrx_word' id='word_1_729' title='bbox 1430 5642 1879 5719; x_wconf 75' lang='lat' dir='ltr'><strong>philosophorum</strong></span> <span class='ocrx_word' id='word_1_730' title='bbox 1908 5642 2028 5719; x_wconf 49' lang='lat' dir='ltr'><strong>seu:</strong></span> 
     </span>
    </p>
   </div>
   <div class='ocr_carea' id='block_1_103' title="bbox 431 5711 2027 5785">
    <p class='ocr_par' dir='ltr' id='par_1_103' title="bbox 431 5711 2027 5785">
     <span class='ocr_line' id='line_1_103' title="bbox 431 5711 2027 5785; baseline -0.004 -9"><span class='ocrx_word' id='word_1_731' title='bbox 431 5711 660 5776; x_wconf 56' lang='lat' dir='ltr'><strong>tentiam</strong></span> <span class='ocrx_word' id='word_1_732' title='bbox 702 5731 716 5769; x_wconf 87' lang='lat'><strong>:</strong></span> <span class='ocrx_word' id='word_1_733' title='bbox 764 5711 973 5785; x_wconf 58' lang='grc' dir='ltr'><strong>μεᾲότης</strong></span> <span class='ocrx_word' id='word_1_734' title='bbox 998 5715 1030 5778; x_wconf 81' lang='grc' dir='ltr'><strong>ἡ</strong></span> <span class='ocrx_word' id='word_1_735' title='bbox 1063 5711 1231 5785; x_wconf 72' lang='grc' dir='ltr'>ἀρετὴ,</span> <span class='ocrx_word' id='word_1_736' title='bbox 1262 5714 1407 5785; x_wconf 46' lang='grc' dir='ltr'>κακία</span> <span class='ocrx_word' id='word_1_737' title='bbox 1433 5711 1679 5785; x_wconf 52' lang='grc' dir='ltr'><strong>ὑπερϐολῆ</strong></span> <span class='ocrx_word' id='word_1_738' title='bbox 1709 5715 1938 5779; x_wconf 79' lang='grc' dir='ltr'><strong>πέλεται,</strong></span> <span class='ocrx_word' id='word_1_739' title='bbox 1973 5717 2027 5773; x_wconf 88' lang='lat' dir='ltr'><strong>id</strong></span> 
     </span>
    </p>
   </div>
   <div class='ocr_carea' id='block_1_104' title="bbox 432 5782 2017 5860">
    <p class='ocr_par' dir='ltr' id='par_1_104' title="bbox 432 5782 2017 5860">
     <span class='ocr_line' id='line_1_104' title="bbox 432 5782 2017 5860; baseline -0.003 -15"><span class='ocrx_word' id='word_1_740' title='bbox 432 5797 535 5860; x_wconf 86' lang='lat' dir='ltr'><strong>est,</strong></span> <span class='ocrx_word' id='word_1_741' title='bbox 558 5782 775 5843; x_wconf 73' lang='lat' dir='ltr'><strong>modus</strong></span> <span class='ocrx_word' id='word_1_742' title='bbox 808 5783 977 5837; x_wconf 86' lang='lat' dir='ltr'><strong>virtus</strong></span> <span class='ocrx_word' id='word_1_743' title='bbox 1015 5790 1116 5848; x_wconf 88' lang='lat' dir='ltr'><strong>est,</strong></span> <span class='ocrx_word' id='word_1_744' title='bbox 1159 5782 1621 5852; x_wconf 63' lang='lat' dir='ltr'><strong>nimietasyitium</strong></span> <span class='ocrx_word' id='word_1_745' title='bbox 1652 5800 1666 5838; x_wconf 91' lang='lat'><strong>:</strong></span> <span class='ocrx_word' id='word_1_746' title='bbox 1712 5787 1856 5854; x_wconf 86' lang='lat' dir='ltr'><strong>quod</strong></span> <span class='ocrx_word' id='word_1_747' title='bbox 1903 5802 2017 5852; x_wconf 78' lang='lat' dir='ltr'><strong>nos,</strong></span> 
     </span>
    </p>
   </div>
   <div class='ocr_carea' id='block_1_105' title="bbox 2161 4442 3763 4520">
    <p class='ocr_par' dir='ltr' id='par_1_105' title="bbox 2161 4442 3763 4520">
     <span class='ocr_line' id='line_1_105' title="bbox 2161 4442 3763 4520; baseline 0.001 -21"><span class='ocrx_word' id='word_1_748' title='bbox 2161 4442 2363 4520; x_wconf 78' lang='lat' dir='ltr'><strong>inquit,</strong></span> <span class='ocrx_word' id='word_1_749' title='bbox 2384 4460 2498 4520; x_wconf 69' lang='lat' dir='ltr'><strong>una</strong></span> <span class='ocrx_word' id='word_1_750' title='bbox 2524 4450 2575 4520; x_wconf 82' lang='lat' dir='ltr'><strong>et</strong></span> <span class='ocrx_word' id='word_1_751' title='bbox 2595 4446 2743 4502; x_wconf 83' lang='lat' dir='ltr'><strong>brevi</strong></span> <span class='ocrx_word' id='word_1_752' title='bbox 2755 4447 3079 4520; x_wconf 79' lang='lat' dir='ltr'><strong>sententiola</strong></span> <span class='ocrx_word' id='word_1_753' title='bbox 3098 4450 3399 4519; x_wconf 64' lang='lat' dir='ltr'><strong>cmprimere</strong></span> <span class='ocrx_word' id='word_1_754' title='bbox 3421 4462 3709 4520; x_wconf 82' lang='lat' dir='ltr'><strong>possumus</strong></span> <span class='ocrx_word' id='word_1_755' title='bbox 3742 4463 3763 4501; x_wconf 94' lang='lat'><strong><em>:</em></strong></span> 
     </span>
    </p>
   </div>
   <div class='ocr_carea' id='block_1_106' title="bbox 2161 4517 3759 4590">
    <p class='ocr_par' dir='ltr' id='par_1_106' title="bbox 2161 4517 3759 4590">
     <span class='ocr_line' id='line_1_106' title="bbox 2161 4517 3759 4590; baseline 0.001 -19"><span class='ocrx_word' id='word_1_756' title='bbox 2161 4517 2596 4590; x_wconf 31' lang='lat' dir='ltr'><strong>Ne’guidhnimis</strong></span> <span class='ocrx_word' id='word_1_757' title='bbox 2625 4519 2797 4590; x_wconf 76' lang='lat' dir='ltr'><strong>(Vide</strong></span> <span class='ocrx_word' id='word_1_758' title='bbox 2821 4520 2878 4576; x_wconf 90' lang='lat' dir='ltr'><strong>S.</strong></span> <span class='ocrx_word' id='word_1_759' title='bbox 2913 4517 3182 4590; x_wconf 13' lang='lat' dir='ltr'><strong>That-72,—</strong></span> <span class='ocrx_word' id='word_1_760' title='bbox 3207 4536 3264 4590; x_wconf 85' lang='lat' dir='ltr'><strong>q.</strong></span> <span class='ocrx_word' id='word_1_761' title='bbox 3305 4526 3379 4577; x_wconf 84' lang='grc'><strong>64</strong></span> <span class='ocrx_word' id='word_1_762' title='bbox 3421 4517 3536 4590; x_wconf 67' lang='lat'><strong>21.1</strong></span> <span class='ocrx_word' id='word_1_763' title='bbox 3575 4525 3624 4574; x_wconf 80' lang='lat' dir='ltr'><strong>et</strong></span> <span class='ocrx_word' id='word_1_764' title='bbox 3674 4524 3759 4583; x_wconf 84' lang='grc'><strong>4).</strong></span> 
     </span>
    </p>
   </div>
   <div class='ocr_carea' id='block_1_107' title="bbox 2164 4586 3766 4658">
    <p class='ocr_par' dir='ltr' id='par_1_107' title="bbox 2164 4586 3766 4658">
     <span class='ocr_line' id='line_1_107' title="bbox 2164 4586 3766 4658; baseline 0.001 -16"><span class='ocrx_word' id='word_1_765' title='bbox 2164 4586 2279 4658; x_wconf 86' lang='lat' dir='ltr'><strong>Sed</strong></span> <span class='ocrx_word' id='word_1_766' title='bbox 2319 4586 2492 4643; x_wconf 89' lang='lat' dir='ltr'><strong>facilis</strong></span> <span class='ocrx_word' id='word_1_767' title='bbox 2513 4588 2798 4658; x_wconf 88' lang='lat' dir='ltr'><strong>responsio</strong></span> <span class='ocrx_word' id='word_1_768' title='bbox 2835 4597 2938 4655; x_wconf 88' lang='lat' dir='ltr'><strong>est,</strong></span> <span class='ocrx_word' id='word_1_769' title='bbox 2966 4588 3103 4645; x_wconf 89' lang='lat' dir='ltr'><strong>nihil</strong></span> <span class='ocrx_word' id='word_1_770' title='bbox 3131 4586 3279 4648; x_wconf 70' lang='lat' dir='ltr'><strong>alind</strong></span> <span class='ocrx_word' id='word_1_771' title='bbox 3303 4590 3439 4646; x_wconf 86' lang='lat' dir='ltr'><strong>velle</strong></span> <span class='ocrx_word' id='word_1_772' title='bbox 3478 4589 3624 4646; x_wconf 84' lang='lat' dir='ltr'><strong>hunc</strong></span> <span class='ocrx_word' id='word_1_773' title='bbox 3659 4591 3766 4643; x_wconf 84' lang='lat' dir='ltr'><strong>ab-</strong></span> 
     </span>
    </p>
   </div>
   <div class='ocr_carea' id='block_1_108' title="bbox 2085 4657 3753 4751">
    <p class='ocr_par' dir='ltr' id='par_1_108' title="bbox 2085 4657 3753 4751">
     <span class='ocr_line' id='line_1_108' title="bbox 2085 4657 3753 4751; baseline 0 -38"><span class='ocrx_word' id='word_1_774' title='bbox 2085 4688 2134 4751; x_wconf 79' lang='lat' dir='ltr'><strong>D</strong></span> <span class='ocrx_word' id='word_1_775' title='bbox 2162 4657 2560 4751; x_wconf 68' lang='lat' dir='ltr'><strong>batem,&quot;quam</strong></span> <span class='ocrx_word' id='word_1_776' title='bbox 2586 4657 2831 4751; x_wconf 34' lang='lat' dir='ltr'><strong>j’ustitia,</strong></span> <span class='ocrx_word' id='word_1_777' title='bbox 2843 4661 3149 4751; x_wconf 66' lang='lat' dir='ltr'><strong>patientia,</strong></span> <span class='ocrx_word' id='word_1_778' title='bbox 3188 4669 3246 4717; x_wconf 88' lang='lat' dir='ltr'><strong>et</strong></span> <span class='ocrx_word' id='word_1_779' title='bbox 3287 4661 3493 4751; x_wconf 70' lang='lat' dir='ltr'><strong>cateris</strong></span> <span class='ocrx_word' id='word_1_780' title='bbox 3518 4659 3753 4751; x_wconf 36' lang='lat' dir='ltr'><strong>lvirtuti-</strong></span> 
     </span>
    </p>
   </div>
   <div class='ocr_carea' id='block_1_109' title="bbox 2162 4726 3761 4809">
    <p class='ocr_par' dir='ltr' id='par_1_109' title="bbox 2162 4726 3761 4809">
     <span class='ocr_line' id='line_1_109' title="bbox 2162 4726 3761 4809; baseline -0.001 -27"><span class='ocrx_word' id='word_1_781' title='bbox 2162 4726 2265 4809; x_wconf 76' lang='lat' dir='ltr'><strong>bus</strong></span> <span class='ocrx_word' id='word_1_782' title='bbox 2292 4726 2501 4809; x_wconf 79' lang='lat' dir='ltr'><strong>nullum</strong></span> <span class='ocrx_word' id='word_1_783' title='bbox 2540 4726 2658 4809; x_wconf 68' lang='lat' dir='ltr'><strong>esse</strong></span> <span class='ocrx_word' id='word_1_784' title='bbox 2694 4726 2963 4787; x_wconf 65' lang='lat' dir='ltr'><strong>sumtum</strong></span> <span class='ocrx_word' id='word_1_785' title='bbox 2992 4726 3221 4787; x_wconf 85' lang='lat' dir='ltr'><strong>modum</strong></span> <span class='ocrx_word' id='word_1_786' title='bbox 3239 4749 3316 4809; x_wconf 84' lang='lat' dir='ltr'><strong>_ex</strong></span> <span class='ocrx_word' id='word_1_787' title='bbox 3341 4738 3498 4809; x_wconf 70' lang='lat' dir='ltr'><strong>parte</strong></span> <span class='ocrx_word' id='word_1_788' title='bbox 3518 4736 3761 4809; x_wconf 71' lang='lat' dir='ltr'><strong>tenipo-</strong></span> 
     </span>
    </p>
   </div>
   <div class='ocr_carea' id='block_1_110' title="bbox 2158 4798 3763 4883">
    <p class='ocr_par' dir='ltr' id='par_1_110' title="bbox 2158 4798 3763 4883">
     <span class='ocr_line' id='line_1_110' title="bbox 2158 4798 3763 4883; baseline -0.001 -28"><span class='ocrx_word' id='word_1_789' title='bbox 2158 4798 2235 4883; x_wconf 75' lang='lat' dir='ltr'><strong>ris</strong></span> <span class='ocrx_word' id='word_1_790' title='bbox 2272 4818 2285 4854; x_wconf 93' lang='lat'><strong>:</strong></span> <span class='ocrx_word' id='word_1_791' title='bbox 2318 4799 2449 4883; x_wconf 69' lang='lat' dir='ltr'><strong>quia</strong></span> <span class='ocrx_word' id='word_1_792' title='bbox 2476 4802 2688 4883; x_wconf 79' lang='lat' dir='ltr'><strong>nullum</strong></span> <span class='ocrx_word' id='word_1_793' title='bbox 2717 4809 2800 4857; x_wconf 88' lang='lat' dir='ltr'><strong>est</strong></span> <span class='ocrx_word' id='word_1_794' title='bbox 2834 4809 3050 4883; x_wconf 71' lang='lat' dir='ltr'><strong>tempus</strong></span> <span class='ocrx_word' id='word_1_795' title='bbox 3076 4817 3186 4883; x_wconf 70' lang='lat' dir='ltr'><strong>quo</strong></span> <span class='ocrx_word' id='word_1_796' title='bbox 3229 4798 3763 4883; x_wconf 36' lang='lat' dir='ltr'><strong>j.usti&#39;tiam,_patien_-</strong></span> 
     </span>
    </p>
   </div>
   <div class='ocr_carea' id='block_1_111' title="bbox 2157 4870 3765 4944">
    <p class='ocr_par' dir='ltr' id='par_1_111' title="bbox 2157 4870 3765 4944">
     <span class='ocr_line' id='line_1_111' title="bbox 2157 4870 3765 4944; baseline 0.001 -20"><span class='ocrx_word' id='word_1_797' title='bbox 2157 4870 2312 4936; x_wconf 90' lang='lat' dir='ltr'><strong>tiam,</strong></span> <span class='ocrx_word' id='word_1_798' title='bbox 2334 4870 2717 4944; x_wconf 75' lang='lat' dir='ltr'><strong>sobrietatem,</strong></span> <span class='ocrx_word' id='word_1_799' title='bbox 2745 4870 3082 4944; x_wconf 80' lang='lat' dir='ltr'><strong>pudicitiam,</strong></span> <span class='ocrx_word' id='word_1_800' title='bbox 3093 4870 3427 4929; x_wconf 59' lang='lat' dir='ltr'><strong>&#39;cbaritatem</strong></span> <span class='ocrx_word' id='word_1_801' title='bbox 3452 4870 3631 4944; x_wconf 78' lang='lat' dir='ltr'><strong>colere</strong></span> <span class='ocrx_word' id='word_1_802' title='bbox 3643 4910 3684 4944; x_wconf 25' lang='grc' dir='ltr'><strong>..Α</strong></span> <span class='ocrx_word' id='word_1_803' title='bbox 3699 4879 3765 4944; x_wconf 79' lang='lat' dir='ltr'><strong>et</strong></span> 
     </span>
    </p>
   </div>
   <div class='ocr_carea' id='block_1_112' title="bbox 2152 4942 3765 5016">
    <p class='ocr_par' dir='ltr' id='par_1_112' title="bbox 2152 4942 3765 5016">
     <span class='ocr_line' id='line_1_112' title="bbox 2152 4942 3765 5016; baseline 0 -20"><span class='ocrx_word' id='word_1_804' title='bbox 2152 4942 2421 5016; x_wconf 82' lang='lat' dir='ltr'><strong>contraria</strong></span> <span class='ocrx_word' id='word_1_805' title='bbox 2482 4942 2610 5016; x_wconf 80' lang='lat' dir='ltr'><strong>vitia</strong></span> <span class='ocrx_word' id='word_1_806' title='bbox 2672 4942 2841 5016; x_wconf 77' lang='lat' dir='ltr'><strong>vitare</strong></span> <span class='ocrx_word' id='word_1_807' title='bbox 2881 4959 2995 5016; x_wconf 86' lang='lat' dir='ltr'><strong>non</strong></span> <span class='ocrx_word' id='word_1_808' title='bbox 3042 4942 3342 5016; x_wconf 83' lang='lat' dir='ltr'><strong>debeamus</strong></span> <span class='ocrx_word' id='word_1_809' title='bbox 3393 4964 3406 5000; x_wconf 90' lang='lat'>:</span> <span class='ocrx_word' id='word_1_810' title='bbox 3449 4942 3597 5016; x_wconf 83' lang='lat' dir='ltr'><strong>quod</strong></span> <span class='ocrx_word' id='word_1_811' title='bbox 3635 4942 3765 4997; x_wconf 87' lang='lat' dir='ltr'><strong>aliis</strong></span> 
     </span>
    </p>
   </div>
   <div class='ocr_carea' id='block_1_113' title="bbox 2151 5012 3761 5084">
    <p class='ocr_par' dir='ltr' id='par_1_113' title="bbox 2151 5012 3761 5084">
     <span class='ocr_line' id='line_1_113' title="bbox 2151 5012 3761 5084; baseline -0.001 -18"><span class='ocrx_word' id='word_1_812' title='bbox 2151 5012 2328 5067; x_wconf 90' lang='lat' dir='ltr'><strong>verbis</strong></span> <span class='ocrx_word' id='word_1_813' title='bbox 2381 5012 2847 5084; x_wconf 86' lang='lat' dir='ltr'><strong>pracedentibus,</strong></span> <span class='ocrx_word' id='word_1_814' title='bbox 2891 5014 2984 5070; x_wconf 87' lang='lat' dir='ltr'><strong>sed</strong></span> <span class='ocrx_word' id='word_1_815' title='bbox 3035 5014 3230 5070; x_wconf 89' lang='lat' dir='ltr'><strong>eodem</strong></span> <span class='ocrx_word' id='word_1_816' title='bbox 3273 5030 3435 5070; x_wconf 89' lang='lat' dir='ltr'><strong>sensu</strong></span> <span class='ocrx_word' id='word_1_817' title='bbox 3462 5012 3488 5081; x_wconf 70' lang='grc' dir='ltr'><em>ζ</em></span> <span class='ocrx_word' id='word_1_818' title='bbox 3517 5014 3761 5081; x_wconf 68' lang='lat' dir='ltr'><strong>dixerat,</strong></span> 
     </span>
    </p>
   </div>
   <div class='ocr_carea' id='block_1_114' title="bbox 2149 5086 3762 5156">
    <p class='ocr_par' dir='ltr' id='par_1_114' title="bbox 2149 5086 3762 5156">
     <span class='ocr_line' id='line_1_114' title="bbox 2149 5086 3762 5156; baseline 0.001 -20"><span class='ocrx_word' id='word_1_819' title='bbox 2149 5097 2444 5156; x_wconf 73' lang='lat' dir='ltr'><strong>numquam</strong></span> <span class='ocrx_word' id='word_1_820' title='bbox 2459 5087 2537 5139; x_wconf 83' lang='lat' dir='ltr'><strong>ita</strong></span> <span class='ocrx_word' id='word_1_821' title='bbox 2567 5086 2868 5154; x_wconf 72' lang='lat' dir='ltr'><strong>emceptioni</strong></span> <span class='ocrx_word' id='word_1_822' title='bbox 2896 5090 3193 5155; x_wconf 82' lang='lat' dir='ltr'><strong>temporum</strong></span> <span class='ocrx_word' id='word_1_823' title='bbox 3219 5087 3330 5141; x_wconf 65' lang='lat' dir='ltr'><strong>haec</strong></span> <span class='ocrx_word' id='word_1_824' title='bbox 3362 5086 3655 5156; x_wconf 79' lang='lat' dir='ltr'><strong>subjacere,</strong></span> <span class='ocrx_word' id='word_1_825' title='bbox 3690 5090 3762 5138; x_wconf 73' lang='lat' dir='ltr'><strong>ut</strong></span> 
     </span>
    </p>
   </div>
   <div class='ocr_carea' id='block_1_115' title="bbox 2144 5155 3765 5225">
    <p class='ocr_par' dir='ltr' id='par_1_115' title="bbox 2144 5155 3765 5225">
     <span class='ocr_line' id='line_1_115' title="bbox 2144 5155 3765 5225; baseline 0.004 -19"><span class='ocrx_word' id='word_1_826' title='bbox 2144 5155 2419 5208; x_wconf 85' lang='lat' dir='ltr'><strong>interdum</strong></span> <span class='ocrx_word' id='word_1_827' title='bbox 2453 5161 2549 5211; x_wconf 80' lang='lat' dir='ltr'><strong>aut</strong></span> <span class='ocrx_word' id='word_1_828' title='bbox 2576 5171 2695 5225; x_wconf 79' lang='lat' dir='ltr'><strong>quae</strong></span> <span class='ocrx_word' id='word_1_829' title='bbox 2731 5158 2903 5210; x_wconf 78' lang='lat' dir='ltr'><strong>vetita</strong></span> <span class='ocrx_word' id='word_1_830' title='bbox 2932 5161 3057 5211; x_wconf 81' lang='lat' dir='ltr'><strong>sunt</strong></span> <span class='ocrx_word' id='word_1_831' title='bbox 3080 5158 3203 5225; x_wconf 75' lang='lat' dir='ltr'><strong>ﬁmi</strong></span> <span class='ocrx_word' id='word_1_832' title='bbox 3231 5155 3478 5219; x_wconf 75' lang='lat' dir='ltr'><strong>debeant.</strong></span> <span class='ocrx_word' id='word_1_833' title='bbox 3507 5160 3597 5210; x_wconf 83' lang='lat' dir='ltr'><strong>aut</strong></span> <span class='ocrx_word' id='word_1_834' title='bbox 3617 5170 3765 5224; x_wconf 67' lang='lat' dir='ltr'><strong>qua!</strong></span> 
     </span>
    </p>
   </div>
   <div class='ocr_carea' id='block_1_116' title="bbox 2146 5225 3762 5300">
    <p class='ocr_par' dir='ltr' id='par_1_116' title="bbox 2146 5225 3762 5300">
     <span class='ocr_line' id='line_1_116' title="bbox 2146 5225 3762 5300; baseline 0.001 -23"><span class='ocrx_word' id='word_1_835' title='bbox 2146 5225 2575 5300; x_wconf 80' lang='lat' dir='ltr'><strong>imperata__sunt</strong></span> <span class='ocrx_word' id='word_1_836' title='bbox 2595 5228 2956 5300; x_wconf 69' lang='lat' dir='ltr'><strong>praetermitti.</strong></span> <span class='ocrx_word' id='word_1_837' title='bbox 2998 5226 3223 5283; x_wconf 82' lang='lat' dir='ltr'><strong>Confert</strong></span> <span class='ocrx_word' id='word_1_838' title='bbox 3268 5227 3418 5300; x_wconf 83' lang='lat' dir='ltr'><strong>enim</strong></span> <span class='ocrx_word' id='word_1_839' title='bbox 3453 5226 3762 5300; x_wconf 80' lang='lat' dir='ltr'><strong>jejunium,</strong></span> 
     </span>
    </p>
   </div>
   <div class='ocr_carea' id='block_1_117' title="bbox 2142 5296 3767 5368">
    <p class='ocr_par' dir='ltr' id='par_1_117' title="bbox 2142 5296 3767 5368">
     <span class='ocr_line' id='line_1_117' title="bbox 2142 5296 3767 5368; baseline 0.002 -20"><span class='ocrx_word' id='word_1_840' title='bbox 2142 5296 2293 5368; x_wconf 83' lang='lat' dir='ltr'><strong>velut</strong></span> <span class='ocrx_word' id='word_1_841' title='bbox 2314 5296 2557 5353; x_wconf 88' lang='lat' dir='ltr'><strong>medium</strong></span> <span class='ocrx_word' id='word_1_842' title='bbox 2579 5296 2852 5368; x_wconf 80' lang='lat' dir='ltr'><strong>quoddam</strong></span> <span class='ocrx_word' id='word_1_843' title='bbox 2892 5297 3120 5365; x_wconf 89' lang='lat' dir='ltr'><strong>bonum,</strong></span> <span class='ocrx_word' id='word_1_844' title='bbox 3149 5314 3275 5353; x_wconf 90' lang='lat' dir='ltr'><strong>cum</strong></span> <span class='ocrx_word' id='word_1_845' title='bbox 3322 5296 3539 5354; x_wconf 77' lang='lat' dir='ltr'><strong>duobus</strong></span> <span class='ocrx_word' id='word_1_846' title='bbox 3565 5306 3767 5352; x_wconf 85' lang='lat' dir='ltr'><strong>extre-</strong></span> 
     </span>
    </p>
   </div>
   <div class='ocr_carea' id='block_1_118' title="bbox 2141 5366 3763 5438">
    <p class='ocr_par' dir='ltr' id='par_1_118' title="bbox 2141 5366 3763 5438">
     <span class='ocr_line' id='line_1_118' title="bbox 2141 5366 3763 5438; baseline 0.002 -19"><span class='ocrx_word' id='word_1_847' title='bbox 2141 5366 2269 5438; x_wconf 86' lang='lat' dir='ltr'><strong>mis,</strong></span> <span class='ocrx_word' id='word_1_848' title='bbox 2314 5383 2509 5438; x_wconf 90' lang='lat' dir='ltr'><strong>nempe</strong></span> <span class='ocrx_word' id='word_1_849' title='bbox 2548 5366 2838 5424; x_wconf 79' lang='lat' dir='ltr'><strong>virtutibus</strong></span> <span class='ocrx_word' id='word_1_850' title='bbox 2863 5376 2918 5424; x_wconf 90' lang='lat' dir='ltr'><strong>et</strong></span> <span class='ocrx_word' id='word_1_851' title='bbox 2958 5368 3103 5423; x_wconf 88' lang='lat' dir='ltr'><strong>vitiis</strong></span> <span class='ocrx_word' id='word_1_852' title='bbox 3151 5368 3239 5424; x_wconf 89' lang='lat' dir='ltr'><strong>hic</strong></span> <span class='ocrx_word' id='word_1_853' title='bbox 3276 5369 3763 5435; x_wconf 84' lang='lat' dir='ltr'><strong>commemoratis,</strong></span> 
     </span>
    </p>
   </div>
   <div class='ocr_carea' id='block_1_119' title="bbox 2141 5435 3762 5512">
    <p class='ocr_par' dir='ltr' id='par_1_119' title="bbox 2141 5435 3762 5512">
     <span class='ocr_line' id='line_1_119' title="bbox 2141 5435 3762 5512; baseline 0 -21"><span class='ocrx_word' id='word_1_854' title='bbox 2141 5435 2408 5512; x_wconf 82' lang='lat' dir='ltr'><strong>docetque</strong></span> <span class='ocrx_word' id='word_1_855' title='bbox 2444 5435 2681 5512; x_wconf 34' lang='lat' dir='ltr'><strong>ivirtutes</strong></span> <span class='ocrx_word' id='word_1_856' title='bbox 2714 5454 2929 5510; x_wconf 89' lang='lat' dir='ltr'><strong>semper</strong></span> <span class='ocrx_word' id='word_1_857' title='bbox 2983 5447 3037 5494; x_wconf 91' lang='lat' dir='ltr'><strong>et</strong></span> <span class='ocrx_word' id='word_1_858' title='bbox 3067 5439 3227 5512; x_wconf 74' lang='lat' dir='ltr'><strong>omni</strong></span> <span class='ocrx_word' id='word_1_859' title='bbox 3273 5448 3527 5512; x_wconf 77' lang='lat' dir='ltr'><strong>tempore</strong></span> <span class='ocrx_word' id='word_1_860' title='bbox 3560 5439 3762 5512; x_wconf 75' lang='lat' dir='ltr'><strong>coleu-</strong></span> 
     </span>
    </p>
   </div>
   <div class='ocr_carea' id='block_1_120' title="bbox 2140 5506 3765 5591">
    <p class='ocr_par' dir='ltr' id='par_1_120' title="bbox 2140 5506 3765 5591">
     <span class='ocr_line' id='line_1_120' title="bbox 2140 5506 3765 5591; baseline 0.001 -28"><span class='ocrx_word' id='word_1_861' title='bbox 2140 5506 2256 5589; x_wconf 78' lang='lat' dir='ltr'><strong>das,</strong></span> <span class='ocrx_word' id='word_1_862' title='bbox 2292 5506 2372 5590; x_wconf 41' lang='lat' dir='ltr'><strong>.et</strong></span> <span class='ocrx_word' id='word_1_863' title='bbox 2410 5508 2534 5565; x_wconf 87' lang='lat' dir='ltr'><strong>vitia</strong></span> <span class='ocrx_word' id='word_1_864' title='bbox 2570 5526 2786 5591; x_wconf 85' lang='lat' dir='ltr'><strong>semper</strong></span> <span class='ocrx_word' id='word_1_865' title='bbox 2822 5506 2878 5564; x_wconf 78' lang='lat' dir='ltr'><strong>et</strong></span> <span class='ocrx_word' id='word_1_866' title='bbox 2917 5510 3110 5591; x_wconf 81' lang='lat' dir='ltr'><strong>quovis</strong></span> <span class='ocrx_word' id='word_1_867' title='bbox 3131 5506 3410 5591; x_wconf 42' lang='lat' dir='ltr'><strong>.temporé</strong></span> <span class='ocrx_word' id='word_1_868' title='bbox 3438 5510 3765 5591; x_wconf 77' lang='lat' dir='ltr'><strong>fugienda,</strong></span> 
     </span>
    </p>
   </div>
   <div class='ocr_carea' id='block_1_121' title="bbox 2160 5578 3768 5653">
    <p class='ocr_par' dir='ltr' id='par_1_121' title="bbox 2160 5578 3768 5653">
     <span class='ocr_line' id='line_1_121' title="bbox 2160 5578 3768 5653; baseline 0.002 -20"><span class='ocrx_word' id='word_1_869' title='bbox 2160 5578 2404 5653; x_wconf 80' lang='lat' dir='ltr'><strong>ejunium</strong></span> <span class='ocrx_word' id='word_1_870' title='bbox 2425 5596 2551 5637; x_wconf 90' lang='lat' dir='ltr'><strong>vero</strong></span> <span class='ocrx_word' id='word_1_871' title='bbox 2575 5578 2738 5637; x_wconf 85' lang='lat' dir='ltr'><strong>certis</strong></span> <span class='ocrx_word' id='word_1_872' title='bbox 2766 5578 3103 5653; x_wconf 78' lang='lat' dir='ltr'><strong>temporibus</strong></span> <span class='ocrx_word' id='word_1_873' title='bbox 3131 5578 3371 5653; x_wconf 67' lang='lat' dir='ltr'><strong>legitime</strong></span> <span class='ocrx_word' id='word_1_874' title='bbox 3397 5590 3453 5638; x_wconf 90' lang='lat' dir='ltr'><strong>et</strong></span> <span class='ocrx_word' id='word_1_875' title='bbox 3479 5578 3611 5637; x_wconf 77' lang='lat' dir='ltr'><strong>cum</strong></span> <span class='ocrx_word' id='word_1_876' title='bbox 3646 5581 3768 5636; x_wconf 87' lang='lat' dir='ltr'><strong>de-</strong></span> 
     </span>
    </p>
   </div>
   <div class='ocr_carea' id='block_1_122' title="bbox 2176 5651 3771 5720">
    <p class='ocr_par' dir='ltr' id='par_1_122' title="bbox 2176 5651 3771 5720">
     <span class='ocr_line' id='line_1_122' title="bbox 2176 5651 3771 5720; baseline 0.003 -16"><span class='ocrx_word' id='word_1_877' title='bbox 2176 5651 2249 5705; x_wconf 88' lang='lat' dir='ltr'><strong>ita</strong></span> <span class='ocrx_word' id='word_1_878' title='bbox 2288 5667 2543 5707; x_wconf 90' lang='lat' dir='ltr'><strong>mensura</strong></span> <span class='ocrx_word' id='word_1_879' title='bbox 2603 5660 2661 5708; x_wconf 89' lang='lat' dir='ltr'><strong>et</strong></span> <span class='ocrx_word' id='word_1_880' title='bbox 2705 5651 3081 5708; x_wconf 86' lang='lat' dir='ltr'><strong>moderatione</strong></span> <span class='ocrx_word' id='word_1_881' title='bbox 3130 5651 3557 5720; x_wconf 81' lang='lat' dir='ltr'><strong>assumendum;</strong></span> <span class='ocrx_word' id='word_1_882' title='bbox 3611 5653 3771 5709; x_wconf 82' lang='lat' dir='ltr'><strong>alias</strong></span> 
     </span>
    </p>
   </div>
   <div class='ocr_carea' id='block_1_123' title="bbox 2138 5718 3769 5796">
    <p class='ocr_par' dir='ltr' id='par_1_123' title="bbox 2138 5718 3769 5796">
     <span class='ocr_line' id='line_1_123' title="bbox 2138 5718 3769 5796; baseline 0.005 -24"><span class='ocrx_word' id='word_1_883' title='bbox 2138 5718 2644 5796; x_wconf 64' lang='lat' dir='ltr'><strong>intermittendum,</strong></span> <span class='ocrx_word' id='word_1_884' title='bbox 2671 5730 2794 5796; x_wconf 90' lang='lat' dir='ltr'><strong>_aut</strong></span> <span class='ocrx_word' id='word_1_885' title='bbox 2840 5722 3196 5796; x_wconf 80' lang='lat' dir='ltr'><strong>relaxandum</strong></span> <span class='ocrx_word' id='word_1_886' title='bbox 3220 5762 3254 5796; x_wconf 25' lang='grc' dir='ltr'><strong>,Α</strong></span> <span class='ocrx_word' id='word_1_887' title='bbox 3281 5732 3341 5796; x_wconf 87' lang='lat' dir='ltr'><strong>ut</strong></span> <span class='ocrx_word' id='word_1_888' title='bbox 3384 5724 3448 5796; x_wconf 88' lang='lat' dir='ltr'><strong>ﬁt</strong></span> <span class='ocrx_word' id='word_1_889' title='bbox 3492 5718 3769 5796; x_wconf 81' lang='lat' dir='ltr'><strong>tempore</strong></span> 
     </span>
    </p>
   </div>
   <div class='ocr_carea' id='block_1_124' title="bbox 2136 5790 3552 5868">
    <p class='ocr_par' dir='ltr' id='par_1_124' title="bbox 2136 5790 3552 5868">
     <span class='ocr_line' id='line_1_124' title="bbox 2136 5790 3552 5868; baseline 0.002 -21"><span class='ocrx_word' id='word_1_890' title='bbox 2136 5790 2628 5866; x_wconf 77' lang='lat' dir='ltr'><strong>Quinquagesima,</strong></span> <span class='ocrx_word' id='word_1_891' title='bbox 2653 5792 2723 5850; x_wconf 93' lang='lat' dir='ltr'><strong>de</strong></span> <span class='ocrx_word' id='word_1_892' title='bbox 2744 5808 2854 5867; x_wconf 91' lang='lat' dir='ltr'><strong>quo</strong></span> <span class='ocrx_word' id='word_1_893' title='bbox 2882 5793 3219 5867; x_wconf 88' lang='lat' dir='ltr'><strong>peculiariter</strong></span> <span class='ocrx_word' id='word_1_894' title='bbox 3241 5792 3329 5851; x_wconf 88' lang='lat' dir='ltr'><strong>hic</strong></span> <span class='ocrx_word' id='word_1_895' title='bbox 3351 5795 3552 5868; x_wconf 78' lang='lat' dir='ltr'><strong>agitur.</strong></span> 
     </span>
    </p>
   </div>
  </div>
