4014 6202
238 288 248 298 ”
301 280 438 336 1193

1041 269 1386 336 COLLATIO
1423 269 1558 324 XXI.
1596 295 1671 310 --
1705 265 1796 321 DE
1833 261 2242 320 REMISSIONE
2277 265 2879 334 QUINQUAGESlM/E.

3480 279 3615 333 1194

297 403 630 462 servantiam
655 397 1010 467 custodirent,
1037 397 1287 470 discipuli
1317 403 1506 453 autem
1535 391 1761 450 Joannis
1801 390 1896 462 qui
1925 393 1980 457 Α
2007 389 2224 462 gesimo
2259 390 2685 448 resurrectionis
2707 391 2828 464 ejus
2855 399 2972 448 acta
3003 399 3088 448 est
3127 390 3238 464 die,
3269 397 3503 467 apostoli
3531 415 3617 456 re-

298 509 573 554 summam
597 492 826 566 justitiaa
853 506 914 550 se
937 489 1008 548 de
1031 490 1258 564 jejuniis
1283 487 1564 562 possidere
1589 483 1900 551 credebant,

296 589 496 663 quippe
567 587 708 644 illius
770 593 1070 644 sectatores
1115 585 1210 657 qui
1275 581 1523 640 eximius
1563 577 1902 653 poenitentia:

297 681 623 757 prmdieator
649 681 725 737 ita
749 679 964 738 cunctis
993 677 1208 752 populis
1237 675 1475 734 formam
1501 688 1603 732 suo
1625 671 1902 746 praebebat

297 775 548 849 exemplo
563 815 577 841 ,
608 782 670 832 ut
695 788 809 831 non
853 771 1037 830 solum
1071 772 1218 830 varia
1264 783 1514 828 escarum
1553 781 1746 841 genera
1777 781 1900 839 qum

299 868 554 927 humanis
580 867 772 926 usibus
799 873 1188 940 suggeruntur,
1213 864 1497 934 abnueret,
1515 876 1710 919 verum
1733 859 1900 918 etiam

298 976 649 1020 communem
673 962 825 1035 panis
847 961 1016 1034 ipsius
1037 975 1195 1018 esum
1221 959 1441 1032 penitus
1467 958 1760 1032 ignoraret,
1777 957 1899 1013 Do-

299 1055 450 1113 mino
472 1062 902 1128 conquerantur,
929 1053 1199 1120 dicentes,
1227 1053 1403 1121 Quare
1434 1066 1529 1108 nos
1555 1055 1606 1108 et
1633 1051 1903 1107 PhanZuei

289 1149 606 1222 ieiunamus
626 1151 954 1222 frequenter,
972 1148 1233 1219 discipuli
1245 1151 1427 1203 autem
1441 1147 1527 1202 tui
1535 1143 1899 1216 nonjejunant

301 1241 518 1314 (Matth.
562 1243 688 1316 lx)?
715 1241 927 1314 Quibus
971 1239 1307 1315 respondens
1327 1237 1604 1296 Dominus
1627 1234 1899 1294 evidenter

299 1337 557 1407 ostendit,
579 1351 693 1393 non
711 1336 864 1394 omni
880 1344 1128 1410 tempore
1155 1347 1460 1408 congruum
1485 1347 1604 1389 esse
1621 1329 1896 1404 jejunium

298 1433 356 1484 et
389 1426 781 1496 necessarium,
805 1441 934 1483 cum
971 1425 1157 1498 aliqua
1182 1421 1492 1482 festivitatis
1530 1429 1779 1492 tempore
1813 1419 1895 1476 vel

296 1519 662 1578 interveniens
701 1519 984 1578 cbaritatis
1029 1519 1265 1586 occasio,
1315 1515 1712 1589 indulgentiam
1755 1512 1894 1571 refe-

294 1611 500 1669 ctionis
520 1611 809 1670 admiserit
831 1633 846 1670 :
879 1617 906 1647 ⁸
927 1613 1204 1690 Numquid
1222 1615 1472 1684 possunt,
1495 1609 1770 1682 inquiens,
1792 1609 1901 1679 ﬁlii

291 1713 492 1784 Sponsi
527 1713 710 1782 lugere
741 1713 1009 1782 quamdiu
1057 1725 1177 1767 cum
1209 1712 1322 1766 illis
1367 1714 1448 1766 est
1481 1711 1756 1781 Sponsus?
1788 1709 1890 1765 Ve-

2009 481 2149 539 versi
2172 481 2244 540 de
2269 491 2461 540 monte
2491 483 2714 554 Oliveti,
2737 485 2794 542 in
2820 501 2931 556 quo
2962 499 3020 542 se
3039 484 3110 542 ad
3137 487 3356 545 Patrem
3385 505 3615 562 pergens

2009 575 2244 647 praebuit
2285 574 2630 646 intuendum,
2655 576 2799 634 sicut
2827 577 2998 637 etiam
3041 581 3285 636 Actuum
3323 583 3614 655 Apostolo-

2008 684 2136 726 rum
2163 670 2324 729 lectio
2349 679 2691 730 contestatur
2721 673 2876 744 (Cap.
2916 675 2982 742 i),
3025 673 3255 746 ingressi
3289 677 3610 752 Hierosoly-

2009 777 2184 834 mam,
2203 763 2398 822 decem
2429 765 2625 824 diebus
2646 763 2938 823 adventum
2962 766 3198 839 Spiritus
3226 770 3398 825 sancti
3423 786 3608 844 exspe-

2007 866 2182 916 ctasse
2236 858 2572 930 referuntur,
2625 859 2826 934 quibus
2871 861 3120 935 expletis,
3166 863 3609 938 quinquagesima

2007 968 2136 1010 eum
2171 952 2260 1011 die
2288 969 2416 1011 eum
2439 953 2638 1027 gaudio
2663 965 3044 1028 susceperunt,
3075 964 3133 1014 et
3153 957 3229 1014 ita
3264 966 3348 1014 est
3373 975 3472 1031 per
3491 959 3609 1018 hinc

2007 1044 2313 1105 festivitatis
2336 1047 2499 1120 hujus
2525 1064 2796 1106 numerus
2821 1049 3100 1108 evidenter
3133 1052 3402 1124 impletus.
3432 1056 3608 1125 Quem

2004 1139 2062 1195 in
2085 1140 2250 1197 veteri
2275 1156 2496 1214 quoque
2534 1144 2886 1203 Testamento
2922 1144 3160 1216 legimus
3185 1145 3484 1220 ﬁguraliter
3509 1148 3606 1205 ad-

2003 1239 2352 1308 umbratum,
2373 1239 2429 1296 in
2471 1255 2582 1314 quo
2607 1246 2844 1310 (Denter.
2871 1246 3022 1310 va),
3048 1244 3447 1300 consummatis
3468 1243 3607 1302 heb-

2005 1331 2330 1390 domadibus
2358 1341 2592 1405 septem,
2620 1332 2982 1406 primitiarum
3001 1333 3160 1406 panis
3189 1349 3286 1406 per
3302 1335 3608 1394 sacerdotes

2003 1427 2247 1484 Domino
2287 1425 2590 1499 jubebatur
2647 1424 2866 1501 offerri,
2934 1427 3026 1500 qui
3094 1428 3438 1486 veracissime
3507 1445 3607 1502 per

2001 1526 2379 1598 apostolorum
2409 1525 2871 1598 praedicationem,
2898 1541 3004 1597 qua
3049 1527 3103 1582 in
3133 1526 3226 1584 illo
3259 1527 3346 1584 die
3387 1528 3605 1586 concio-

2001 1621 2114 1677 nati
2143 1620 2400 1694 leguntur
2440 1619 2510 1676 ad
2532 1618 2824 1692 populum,
2847 1619 3066 1676 oblatus
3091 1620 3335 1676 Domino
3357 1635 3607 1694 compro-

2003 1711 2192 1784 batur,
2224 1728 2386 1770 verus
2420 1712 2630 1770 scilicet
2679 1711 3050 1784 primitiarum
3100 1712 3256 1784 panis
3305 1713 3421 1785 qui,
3449 1729 3606 1772 novat

284 1807 440 1862 nient
467 1809 650 1862 autem
695 1799 808 1861 dies
865 1819 983 1861 cum
1031 1805 1314 1874 auferetur
1353 1804 1424 1859 ab
1451 1805 1526 1859 eis
1559 1803 1813 1873 Sponsus,
1843 1806 1895 1857 et
1921 1810 1969 1873 Β
2001 1805 2264 1864 doctrinm
2289 1805 2627 1863 institutione
2665 1805 2945 1878 prolatus,
2975 1805 3216 1890 quinque
3237 1806 3478 1864 millibus
3519 1807 3604 1864 vi-

281 1905 416 1956 tunc
431 1899 761 1972 jejunabunt
789 1901 994 1972 (Ibid).
1019 1891 1050 1933 δ
1065 1903 1205 1970 Quae
1225 1898 1391 1954 verba
1410 1897 1542 1954 licet
1562 1905 1689 1954 ante
1705 1912 1894 1954 resur-

278 1998 589 2057 rectionem
629 1998 829 2056 dixerit
855 1995 1106 2069 corporis
1131 1995 1236 2066 sui,
1264 2003 1449 2052 tamen
1477 1995 1694 2067 proprie
1719 1993 1888 2066 Quin-

277 2091 624 2164 quagesimm
656 2098 874 2162 tempus
919 2085 1239 2156 ostendunt,
1269 2085 1328 2141 in
1353 2100 1466 2157 quo
1498 2093 1622 2158 post
1645 2101 1890 2143 resurre-

273 2185 526 2243 ctionem
551 2199 648 2256 per
667 2181 1027 2256 quadraginta
1053 2179 1173 2238 dies
1199 2179 1442 2236 Domino
1465 2193 1594 2236 cum
1615 2176 1890 2250 discipulis

269 2279 557 2353 epulante,
590 2278 842 2352 jejunare
885 2276 1011 2335 illos
1059 2273 1394 2350 quotidianae
1421 2273 1538 2348 ejus
1581 2273 1888 2348 praesentiae

268 2370 552 2448 gaudium
576 2385 688 2428 non
718 2370 957 2428 sinebat.
1020 2364 1026 2370 ’

861 2471 1104 2529 CAPUT
1153 2470 1315 2528 XIX.

269 2565 637 2636 Interrogatio
673 2580 770 2622 cur
813 2566 1366 2692 totisggmt'r‘tgqtzgginta
1401 2564 1590 2622 diebus
1608 2559 1885 2636 jejunium

345 2733 700 2792 Germanus:
731 2733 916 2806 Quare
940 2731 1103 2806 igitur
1126 2739 1242 2788 tota
1267 2729 1728 2804 Quinquagesima
1757 2729 1882 2787 abs-

264 2827 529 2885 tinentiae
570 2825 812 2898 rigorem
861 2824 1103 2898 prandiis
1145 2825 1486 2892 relaxamus;
1523 2838 1653 2881 cum
1697 2823 1884 2895 utique

265 2919 535 2978 Christus
569 2917 925 2991 quadraginta
963 2925 1182 2974 tantum
1209 2915 1401 2975 diebus
1446 2923 1568 2989 post
1610 2930 1882 2973 resurrec-

263 3011 486 3070 tionem
517 3024 646 3066 cum
681 3009 960 3081 discipulis
985 3009 1102 3065 suis
1127 3009 1292 3064 fuerit
1312 3015 1708 3065 commoratus.

883 3107 1122 3164 CAPUT
1157 3108 1294 3163 XX.
1461 3097 1466 3102 ’

936 3203 1241 3271 Responsio.

339 3296 606 3354 Theonas
651 3312 666 3348 :
698 3297 826 3351 Non
863 3293 1162 3366 incongrue
1189 3293 1540 3367 interrogatio
1571 3303 1745 3351 vestra
1789 3311 1881 3352 ra-

253 3391 490 3449 tionem
545 3387 913 3460 integerrima
973 3386 1213 3444 veritatis
1273 3395 1515 3445 meretur
1567 3403 1877 3461 agnoscere.

333 3491 357 3518 ο
385 3482 534 3537 Post
560 3479 934 3536 ascensionem
962 3479 1258 3536 Salvatoris
1283 3481 1484 3550 nostri,
1507 3495 1632 3554 quae
1653 3483 1880 3554 quadra-

2001 1915 2192 1957 rorum
2221 1913 2360 1958 escis
2401 1915 2516 1958 sum
2547 1915 2778 1957 munere
2802 1899 3030 1969 satiatis,
3058 1899 3396 1972 primitivum
3416 1900 3484 1957 de
3499 1903 3528 1955 J
3537 1917 3602 1958 u-

1999 1994 2132 2053 dmis
2179 1994 2618 2052 Christianorum
2661 1995 2930 2068 populum
2977 1995 3221 2051 Domino
3243 1989 3601 2052 consecravit.

1998 2091 2072 2147 Et
2101 2089 2308 2147 idcirco
2340 2088 2397 2144 hi
2443 2104 2663 2162 quoque
2697 2087 2890 2146 decem
2931 2087 3050 2145 dies
3072 2103 3204 2144 cum
3229 2086 3602 2160 superioribus

1999 2181 2364 2256 quadraginta
2409 2181 2526 2254 pari
2575 2181 2920 2238 solemnitate
2963 2189 3092 2238 sunt
3131 2197 3196 2238 ac
3247 2181 3432 2239 laetitia
3461 2181 3604 2238 cele—

1997 2274 2211 2332 brandi.
2233 2275 2261 2312 ει
2289 2274 2457 2348 Cujus
2497 2272 2808 2332 festivitatis
2843 2273 3102 2344 traditio,
3141 2290 3237 2346 per
3271 2273 3601 2348 apostolicos

1995 2368 2144 2426 viros
2164 2367 2235 2425 ad
2255 2383 2359 2425 nos
2383 2383 2556 2440 usque
2581 2369 2906 2424 transmissa
2935 2367 3132 2424 eodem
3159 2373 3355 2424 tenore
3374 2381 3600 2424 servan-

1995 2461 2064 2519 da
2101 2471 2202 2518 est.
2249 2461 2384 2518 ldeo
2425 2476 2664 2532 namque
2705 2460 2760 2514 in
2801 2459 2918 2515 istis
2967 2459 3160 2516 diebus
3203 2475 3305 2516 nec
3345 2476 3518 2532 genua
3541 2459 3598 2519 in

1995 2553 2242 2610 oratione
2267 2562 2584 2621 curvantur,
2625 2552 2750 2624 quia
2781 2551 3005 2608 inﬂexio
3030 2567 3276 2624 genuum
3303 2553 3450 2609 velut
3474 2569 3600 2625 poe-

1994 2647 2240 2704 nitentia:
2261 2661 2328 2702 ac
2348 2645 2524 2702 luctus
2547 2643 2806 2701 indicium
2835 2652 2940 2701 est.
2972 2644 3136 2702 Unde
3163 2647 3334 2702 etiam
3354 2661 3451 2718 per
3471 2659 3600 2702 om-

1992 2738 2080 2794 nia
2108 2739 2358 2796 eamdem
2384 2739 2444 2795 in
2472 2737 2578 2794 illis
2596 2737 3002 2794 solemnitatem
3027 2753 3192 2810 quam
3211 2739 3297 2794 die
3324 2738 3598 2796 dominica

1990 2831 2363 2900 custodimu,
2403 2831 2459 2886 in
2507 2846 2614 2902 qua
2667 2829 2904 2903 majores
2943 2831 3150 2899 nostri,
3197 2847 3301 2888 nec
3329 2832 3596 2905 jejunium

1989 2925 2285 2998 agendum,
2311 2939 2412 2981 nec
2446 2939 2594 2996 genu
2625 2939 2744 2980 esse
2763 2924 3119 2995 ﬂectendum,
3142 2925 3214 2982 ob
3237 2925 3594 2983 reverentiam

1991 3018 2406 3076 resurrectionis
2429 3017 2738 3074 Dominicaa
2765 3017 3125 3076 tradiderunt.

2562 3123 2806 3180 CAPUT
2831 3123 2996 3178 ΧΧΙ.

1916 3187 1962 3250 C
1990 3223 2346 3291 Interrogatio
2389 3226 2576 3277 utrum
2611 3223 2944 3279 abstinentia
2971 3223 3175 3294 jejunii
3202 3225 3454 3279 relaxata
3485 3237 3593 3278 non

2435 3294 2576 3347 obsit
2599 3296 2835 3363 corporis
2863 3295 3143 3348 castitati?

2060 3392 2366 3448 Germanus
2413 3408 2428 3445 :
2473 3394 2727 3446 Potestne
2763 3388 2882 3446 haec
2937 3405 3064 3446 caro
3101 3390 3334 3446 insolitis
3379 3389 3592 3446 blandi-

1989 3483 2192 3540 mentis
2229 3491 2345 3540 tam
2385 3483 2564 3556 longa:
2612 3481 2921 3540 festivitatis
2965 3482 3139 3540 illecta
3169 3497 3284 3538 non
3312 3490 3333 3514 °
3385 3481 3590 3554 aliquid

1378 3590 1632 3647 ALARDI
1671 3591 1896 3648 GAZ/EI
1932 3590 2486 3649 COMMENTARIUS.

330 3706 360 3734 δ
398 3695 668 3768 Apposite
714 3695 784 3768 ad
819 3695 981 3768 hunc
1025 3697 1210 3755 locum
1250 3697 1632 3766 elucidandum
1691 3700 1878 3756 scribit

246 3771 324 3824 Β.
342 3767 728 3842 Hieronymus
743 3767 799 3842 in
816 3767 934 3842 inec
953 3768 1112 3824 verba
1128 3772 1212 3842 (in
1234 3774 1506 3826 comment.
1528 3772 1719 3827 Matth.
1751 3773 1835 3842 ιχ)
1857 3790 1871 3827 :

239 3838 750 3925 Νρηηῖιιζίρυὲίξηί
774 3840 1254 3925 Priamustua
1275 3842 1646 3925 quadraginta
1657 3838 1874 3925 Ρίξεείὸ-

239 3910 583 3980 nisjejunia
600 3909 787 3962 debere
804 3909 1083 3971 committi,
1111 3911 1232 3964 licet
1253 3909 1443 3965 statim
1460 3909 1574 3966 dies
1599 3909 1875 3968 Pentecos-

238 3988 334 4058 tes
356 3984 416 4034 et
438 3979 688 4058 Spiritus
709 3982 922 4058 sanctus
938 3979 1228 4058 adueniens
1248 3979 1488 4058 indicent
1498 3982 1649 4058 nobis
1668 3983 1876 4058 festivi.

237 4055 454 4108 tatem.
500 4049 576 4104 Et
619 4063 688 4102 ea:
725 4047 886 4117 hujus
924 4051 1193 4104 occasione
1237 4053 1530 4104 testimonii
1567 4047 1873 4116 Montanus,

232 4124 450 4181 Prisca
480 4121 535 4173 et
577 4119 892 4175 Maximilla
921 4123 1082 4174 etiam
1108 4123 1234 4190 post
1277 4123 1610 4176 Pentecoste):
1657 4124 1876 4190 faciunt

233 4190 951 4263 Quadragesimam,quod
971 4191 1149 4245 ablato
1175 4191 1397 4260 Spe-nso,
1427 4193 1534 4261 ﬁlii
1561 4194 1753 4262 Sponsi
1779 4195 1877 4250 de-

233 4259 420 4320 beant
437 4259 722 4334 jejunare.
752 4261 996 4316 Ecclesia:
1031 4259 1556 4334 autem’consuetudo
1576 4259 1650 4318 ad
1670 4267 1877 4334 passio-

227 4351 370 4392 nem
402 4333 637 4388 Domini
659 4335 710 4386 et
737 4334 1172 4388 resurrectionem
1193 4348 1293 4403 per
1317 4333 1685 4389 humilitatem
1696 4338 1876 4392 carnis

224 4408 421 4473 venit,
464 4407 537 4458 ut
573 4403 855 4476 spirituali
880 4406 1086 4472 saginis
1107 4405 1344 4476 corporis
1371 4405 1585 4476 jejunio
1605 4421 1873 4476 prepare.

1983 3701 2178 3758 diebus
2211 3700 2445 3758 addendi
2477 3699 2626 3756 fuere
2648 3699 2728 3755 illi
2769 3699 2960 3771 decem
2991 3698 3126 3764 dies,
3155 3698 3234 3771 ob
3255 3698 3580 3771 promissio-

1981 3787 2110 3828 nem
2164 3779 2221 3828 et
2271 3771 2753 3842 exspectationem,
2792 3770 3055 3842 adventus
3102 3769 3330 3842 Spiritus
3357 3770 3574 3842 Asancti,

2017 3841 2098 3898 ari
2143 3836 2490 3900 solemnitate
2517 3851 2572 3898 et
2601 3841 2792 3898 latitia
2830 3836 3160 3908 celebrandi,
3191 3847 3254 3896 ut
3289 3836 3432 3894 infra
3473 3836 3578 3898 haé

2019 3923 2162 3970 etur.

2055 3994 2076 4021 °
2099 3983 2310 4040 Eodem
2329 3983 2444 4040 fere
2470 3982 2640 4040 modo
2667 3986 2738 4038 D.
2767 3981 3094 4038 Ambrosius
3121 3999 3134 4036 :
3157 3984 3360 4044 Instar,
3383 3981 3579 4053 inquit,

1984 4053 2263 4108 dominicae
2305 4059 2415 4108 tota
2439 4055 2896 4122 Quinquagesima
2917 4055 3134 4107 dierum
3160 4053 3427 4108 curricula
3449 4053 3583 4108 cele-

1987 4125 2236 4186 brantur,
2257 4129 2308 4178 et
2321 4139 2496 4178 omnes
2523 4125 2622 4176 isti
2642 4123 2757 4176 dies
2783 4123 2928 4176 uelut
2952 4123 3208 4176 dominici
3225 4124 3576 4190 deputantur.

1983 4196 2310 4250 Resurrectio
2336 4196 2476 4248 enim
2504 4193 2787 4249 Dominica
2823 4197 2922 4248 est.
2952 4194 3092 4248 Nam
3117 4195 3176 4247 in
3201 4193 3468 4248 dominica
3489 4208 3580 4248 re-

1981 4280 2204 4334 surgens
2229 4265 2480 4322 Salvator
2503 4278 2744 4319 reversus
2767 4263 2842 4318 ad
2871 4265 3104 4318 homines
3141 4268 3237 4332 est,
3270 4267 3320 4318 et
3345 4268 3465 4334 post
3489 4279 3578 4319 re-

1980 4338 2362 4392 surrectionem
2377 4339 2488 4390 tota
2507 4336 2964 4404 Quinquagesima
2981 4351 3100 4390 cum
3127 4335 3428 4390 hominibus
3440 4350 3578 4390 com~

1981 4412 2224 4462 morat-us
2243 4411 2339 4463 est.
2365 4407 2607 4476 £qualis
2635 4421 2766 4475 erga
2789 4421 2970 4461 eorum
2989 4409 3339 4462 necessarium
3362 4412 3425 4462 ut
3445 4411 3578 4462 esset

223 4491 395 4556 mur.
423 4473 1288 4556 Hmcﬂieronymussuggillans
1314 4473 1556 4556 Montani
1580 4473 1635 4531 et
1658 4473 1867 4556 Monta-
1894 4493 1946 4556 Ι)
1977 4473 2521 4556 {estioitas,_quoi_um
2545 4473 2930 4556 (equalisesset
2951 4482 3002 4532 et
3026 4482 3300 4556 sanctitas.
3323 4479 3412 4556 §ic
3432 4481 3574 4556 enim

218 4548 537 4624 nistayum
583 4543 869 4624 ineptiam,
898 4544 1008 4624 qui
1042 4543 1204 4624 Hujus
1253 4545 1539 4624 occasione
1583 4549 1866 4624 sententiae
1894 4543 1941 4556 ⁴¹
1975 4543 2242 4624 disposuit
2259 4543 2536 4624 Dominus,
2562 4543 2624 4624 ut
2651 4550 2788 4603 sicut
2813 4549 2926 4618 ejus
2947 4551 3198 4624 passione
3237 4551 3294 4602 in
3317 4549 3572 4624 Quadra-

217 4617 754 4696 Quadragesimam
805 4623 928 4696 post
971 4618 1326 4696 Pentecosten
1373 4618 1746 4696 celebrabant,
1777 4621 1864 4675 ni-
1971 4617 2182 4696 gesimce
2198 4621 2412 4691 jejunio
2437 4617 2904 4696 contristaremur,
2932 4617 3150 4696 itaejus
3176 4621 3574 4696 resurrectione

211 4683 463 4747 mirum
486 4683 836 4762 sublationem
879 4685 1108 4762 Domini
1132 4695 1193 4762 et_
1225 4687 1432 4762 Sponsi
1449 4683 1868 4762 interpretantes
1971 4683 2440 4762 Quinquagesimw
2465 4693 2619 4758 feriis
2648 4683 2970 4762 lwtaremur.
2998 4683 3133 4745 Haec
3159 4687 3502 4762 Ambrosius.

213 4761 430 4834 ipsam
461 4757 885 4834 Ascensionem,
910 4771 1039 4812 cum
1068 4756 1308 4834 Ecclesia
1331 4756 1646 4834 catholicae
1671 4763 1871 4834 Spiritu

212 4826 445 4889 s'ancto
487 4826 696 4881 melius
723 4826 1038 4902 edoctaper
1078 4827 1410 4902 ablutionem
1439 4831 1636 4900 Sponsi
1661 4826 1870 4902 passio-

207 4915 366 4960 nem
402 4905 472 4952 et
501 4903 742 4976 mortem
771 4898 988 4976 Domini
1009 4898 1194 4976 nostri
1223 4898 1622 4976 interpretetur,
1653 4898 1708 4976 et
1735 4902 1870 4976 ideo

206 4981 379 5042 tunc,
399 4966 634 5036 majora
665 4966 866 5035 jejunis
893 4967 1146 5024 instituat
1169 4985 1297 5042 cum
1327 4966 1499 5042 ipsam
1527 4966 1869 5028 Dominicam

251 5039 586 5118 assignant
611 5039 1410 5118 commemorareaggrediujr,
1439 5058 1535 5113 per
1557 5043 1869 5118 quinetiam

198 5104 452 5190 jejunia
508 5104 588 5161 ad
616 5105 928 5190 spiritalem.
969 5104 1246 5179 saginam,
1268 5111 1348 5190 id
1395 5104 1510 5180 est,
1564 5104 1869 5190 paschalem

205 5177 631 5242 refectionem
655 5185 712 5234 et
745 5177 990 5250 synaxim
1018 5177 1384 5250 praeparatur;
1414 5177 1544 5238 nam
1565 5177 1867 5240 secundum

203 5255 534 5325 rationem
580 5249 1050 5325 Montanistarum
1081 5257 1401 5325 sequeretur
1427 5254 1592 5325 omni
1621 5263 1868 5325 tempore

193 5321 620 5402 jejunandum
667 5335 784 5402 esse
817 5321 953 5377 citra
997 5319 1053 5377 id
1095 5319 1360 5392 temporis
1400 5339 1509 5396 quo
1537 5319 1784 5382 Christus
1812 5325 1870 5382 in

197 5389 448 5457 ἱξῶΙυῐη
482 5389 766 5448 ascendit.

282 5471 318 5508 ι’
345 5467 468 5525 Illa
503 5461 720 5539 scilicet
747 5481 761 5516 :
792 5465 1068 5539 Numquid
1099 5469 1328 5539 possunt
1352 5467 1692 5539 ﬁliiSponsi
1715 5469 1868 5539 jeju-

195 5556 380 5614 nare,
421 5533 723 5614 quamdiu
756 5548 878 5614 cum
899 5533 1012 5592 illis
1034 5533 1120 5591 est
1451 5533 1664 5614 Quibus
1686 5533 1870 5614 verbis

193 5613 288 5669 ait
313 5603 580 5683 proprie
609 5603 882 5683 designari
920 5613 1134 5683 tempus
1162 5603 1658 5683 Quinquagesimm,
1684 5610 1737 5683 in
1757 5626 1867 5683 quo

192 5676 497 5742 Christus
557 5680 688 5746 post
731 5676 1378 5752 resurrectionem'suam
1421 5676 1556 5736 cum
1593 5676 1868 5752 discipulis

189 5754 618 5812 conversatus
629 5759 738 5868 iper
754 5746 868 5801 dies
883 5747 1258 5870 geuadragt'nta
1275 5768 1545 5824 apparens
1565 5754 1658 5819 eis,
1680 5746 1868 5807 et'con-

190 5838 468 5870 νικηθῇ-ς-
529 5819 594 5870 et
647 5831 844 5870 οαιιθηε
995 5833 1156 5870 reano
1188 5822 1284 5870 Dei
1311 5825 1327 5870 ί
1336 5827 1513 5870 Antor-
1544 5828 1610 5870 ll-
1661 5822 1868 5870 ﬁnibus

190 5838 468 5886 υεεορηε,
529 5819 594 5872 et
629 5819 844 5884 loquens
883 5819 950 5874 de
995 5833 1156 5889 regno
1186 5822 1284 5878 Dei
1308 5819 1514 5896 (Actor.
1544 5828 1611 5892 1).
1661 5822 1868 5897 Quibus

461 5908 759 5963 Euam.
799 5906 1014 5962 XLIX.

2048 4749 2077 4794 ά
2106 4749 2190 4832 5e
2227 4749 2342 4817 "hac
2381 4749 2602 4832 antiqua
2650 4760 3018 4832 traditioneua
3060 4759 3308 4832 Patribus
3353 4763 3572 4828 accepta

1979 4833 2110 4888 satis
2135 4831 2340 4887 dictum
2367 4832 2423 4885 in
2453 4829 2884 4902 praecedentibus
2907 4830 3058 4899 (Cap.
3099 4829 3199 4897 ll).

2052 4909 2074 4934 ⁸
2114 4897 2531 4962 εθητῑιοειιγηίίά
2576 4911 2678 4966 est,
2717 4897 3038 4972 spinosum]
3068 4897 3436 4969 metaphorice
3473 4914 3572 4970 pro

1977 4971 2178 5028 vitioso
2219 4973 2470 5028 sumitur.
2501 4976 2577 5026 De
2602 4973 2711 5042 illo
2753 4971 3007 5042 quamvis
3054 4971 3279 5026 abscisso
3319 4972 3570 5042 uitiorum

1976 5045 2185 5110 fomite,
2227 5043 2285 5098 id
2323 5051 2435 5104 est,
2463 5041 2640 5097 carnis
2689 5040 2938 5111 lascivia,
2968 5042 3081 5098 sive
3107 5040 3569 5112 concupiscentia,

1978 5129 2076 5185 per
2109 5114 2337 5186 longam
2375 5112 2758 5186 abstinentiam
2809 5113 2960 5186 prius
2989 5112 3254 5186 edomita;
3285 5111 3571 5181 concupis-

1977 5183 2390 5241 centiam'enim
2434 5184 2682 5239 fomitem
2717 5183 2935 5256 peccati
2965 5192 3117 5239 vocat
3145 5183 3313 5256 etiam
3349 5186 3415 5237 Ι).
3451 5190 3570 5237 Au-

1977 5257 2222 5327 gustinus
2247 5257 2338 5312 lib.
2365 5271 2387 5311 Ῑ
2415 5255 2483 5327 de
2529 5253 2744 5327 Peccat'.
2769 5255 2968 5327 Meritis
2995 5271 3116 5327 cap.
3149 5253 3368 5327 ultimo,
3404 5259 3473 5327 et
3491 5267 3568 5327 ex

1976 5323 2042 5382 eo
2081 5327 2322 5400 synodus
2348 5326 2686 5394 Tridentina,
2717 5326 2850 5400 dum
2879 5325 2955 5379 ait
2984 5323 3138 5395 (Sess.
3173 5331 3212 5400 5‘
3237 5341 3281 5379 c.
3307 5323 3366 5400 Δ5)
3399 5339 3415 5377 :
3447 5326 3566 5400 lita-

1975 5396 2194 5454 nere'in
2241 5400 2533 5468 baptiz‘atis
2571 5398 3042 5467 concupiscentiam
3085 5401 3137 5450 et
3181 5397 3422 5468 fomitem
3457 5396 3569 5450 haec

1975 5473 2159 5523 sancta
2173 5467 2408 5538 synodus
2439 5471 2648 5536 fatetur
2675 5472 2726 5524 et
2749 5471 2912 5522 sentit
2938 5483 3091 5536 :qute
3106 5483 3224 5522 cum
3247 5467 3321 5521 ad
3348 5481 3570 5534 agonem

1977 5541 2165 5594 relicta
2181 5543 2274 5606 sit,
2299 5556 2485 5595 noce-re
2502 5557 2610 5595 non
2626 5540 3091 5602 consentientibus,
3117 5539 3210 5593 sed
3227 5539 3460 5594 uiriliter
3472 5553 3572 5608 per

1977 5611 2183 5680 Christi
2215 5615 2339 5666 Iesu
2364 5614 2600 5680 gratiam
2627 5611 2993 5666 resistentibus
3018 5627 3124 5665 non
3149 5611 3312 5665 valet.
3345 5612 3413 5664 Et
3446 5608 3570 5680 qui-

1976 5679 2079 5737 bus
2109 5679 2634 5755 verbisuintelligitur
2662 5681 2968 5755 imprOprie.
2985 5680 3285 5755 admodum
3325 5689 3381 5755 et
3409 5679 3568 5731 sara-

1974 5758 2254 5823 χρηστικῶς
2272 5753 2380 5809 dici
2403 5752 2548 5810 hunc
2575 5752 2830 5810 fomitem
2851 5753 3165 5822 abscissum,
3183 5767 3309 5809 cum
3332 5753 3388 5806 in
3419 5758 3570 5803 rena-

1976 5823 2050 5881 tis
2077 5831 2296 5884 maneat
2321 5833 2444 5898 post
2472 5825 2826 5900 baptismum.

3227 5913 3297 5962 88
