4014 6202
461 248 596 304 “93

1538 241 1822 301 JOANNIS
1855 240 2159 298 cassum
2193 224 2683 301 COLLATIONES.

3637 240 3767 295 H96

456 378 778 428 sentuosum
801 368 868 426 de
896 368 1013 435 illa,
1043 366 1288 439 quamvis
1312 367 1575 435 abscisso,
1609 367 1868 423 vitiorum
1891 365 2052 423 fami-
2082 371 2135 433 Α
2162 362 2371 422 cimctis
2421 360 2756 430 errantibus,
2804 357 2955 419 solus
2996 357 3107 431 ipse
3140 373 3250 414 non
3288 357 3519 415 fallitur.
3553 367 3575 395 ε
3601 361 3773 425 Omni

458 471 513 521 te
536 461 860 536 germinare,
889 468 984 516 aut
1006 475 1167 517 mens
1198 459 1546 533 praesumptis
1578 459 1722 516 ultra
1755 460 2055 515 consuetu-

458 556 642 614 dinem
687 553 920 627 dapibus
957 562 1180 610 onerata
1208 568 1325 610 non
1372 568 1499 626 erga
1538 550 1810 608 famulum
1858 566 2059 624 corpus

456 651 697 725 rigorem
716 649 1107 706 dominationis
1128 664 1243 706 suae
1269 649 1569 714 inﬂectere,
1596 647 1903 721 prmsértim
1932 662 2056 703 cum

457 745 515 802 in
543 744 706 802 nobis
750 742 975 800 viridior
1013 749 1146 800 aetas
1179 741 1290 798 cito
1324 740 1398 797 ad
1440 741 1793 799 rebellionem
1842 739 2057 797 subdita

455 839 631 912 possit
657 837 904 895 membra
927 836 1273 908 compellere,
1310 835 1353 891 si
1384 835 1473 892 vel
1509 851 1656 892 escas
1680 836 1870 892 solitas
1893 834 2058 891 abun-

457 933 694 1002 dantius,
726 933 809 990 vel
837 938 982 989 certe
1000 930 1245 987 insolitas
1274 929 1524 986 licentius
1551 933 1989 1002 prmsumamus?

968 1009 972 1013 “
1029 1025 1267 1081 CAPUT
1302 1025 1491 1080 xxn.
1848 1064 1853 1073 .

491 1123 777 1192 Responsio
803 1120 869 1176 de
892 1120 1213 1175 reservanda
1232 1120 1566 1174 continentia
1588 1121 2020 1188 temperamento.

525 1214 780 1271 Theonas
826 1231 839 1266 :
884 1212 941 1267 Si
996 1211 1240 1267 universa
1289 1222 1412 1281 quae
1459 1210 1700 1282 gerimus
1748 1209 2058 1266 rationabili

457 1308 656 1365 mentis
692 1305 1068 1379 appendamus
1111 1304 1382 1372 examine,
1414 1314 1467 1360 et
1496 1304 1563 1361 de
1605 1306 1841 1376 puritate
1878 1304 2061 1361 cordis

453 1402 630 1458 nostri
674 1416 785 1457 non
825 1399 1061 1455 aliorum
1087 1398 1383 1470 judicium,
1427 1399 1521 1455 sed
1562 1408 1815 1455 nostram
1844 1414 2061 1471 semper

453 1496 850 1556 conscientiam
876 1494 1248 1561 consulamus,
1269 1501 1480 1551 certum
1508 1503 1591 1551 est
1617 1495 1781 1551 istam
1806 1493 2059 1551 refectio-

457 1593 548 1651 nis
597 1588 1059 1662 intercapedinem
1100 1588 1250 1661 juste
1292 1588 1649 1646 'districtioni-
1694 1588 1887 1646 obesse
1949 1604 2061 1646 non

456 1700 636 1759 posse,
668 1685 713 1741 si
745 1682 935 1752 modo,
978 1690 1040 1738 ut
1066 1680 1277 1738 dictum
1318 1689 1423 1751 est,
1462 1697 1682 1755 mquam
1711 1681 2057 1755 indulgentiae

453 1776 914 1849 continentiaque
964 1790 1282 1832 mensuram
1331 1775 1447 1848 pari
1496 1775 1648 1833 lance
1701 1775 2058 1849 perpendens,

454 1881 483 1909 ³
524 1880 818 1944 utramque
860 1868 1115 1927 similiter
1152 1869 1492 1927 nimietatem
1533 1880 1693 1927 mens
1742 1871 2060 1944 incorrupta

454 1965 718 2038 castiget;
745 1972 799 2021 et
821 1972 1009 2021 utrum
1047 1963 1303 2035 spiritum
1332 1972 1587 2021 nostrum
1613 1964 1928 2021 deliciarum
1960 1963 2056 2023 de-

457 2060 661 2132 primat
694 2058 926 2131 pondus,
964 2073 1036 2115 an
1079 2073 1209 2115 vero
1255 2058 1522 2126 alteram,
1566 2058 1675 2114 hoc
1702 2066 1787 2114 est
1811 2058 2060 2131 corporis

457 2159 670 2224 partem
689 2191 704 2218 ,
746 2151 922 2223 major
948 2150 1286 2207 abstinentia:
1313 2150 1542 2207 inclinet
1566 2150 1868 2208 austeritas
1888 2191 1904 2219 ,
1934 2165 2057 2209 vera

453 2243 783 2301 discretione
818 2241 1155 2313 distinguat,
1198 2241 1349 2298 illam
1395 2242 1476 2299 vel
1532 2242 1930 2317 comprimens,
1975 2243 2058 2300 vel

453 2336 745 2395 sublevans
771 2336 1100 2406 portionem,
1132 2350 1299 2408 quam
1327 2336 1409 2393 vel
1455 2337 1635 2394 extolli
1674 2338 1909 2394 senserit
1931 2378 1949 2407 ,
1977 2337 2057 2394 vel

458 2429 686 2506 gravari.
709 2429 852 2487 Nihil
879 2430 1028 2485 enim
1050 2429 1326 2485 Dominus
1347 2438 1534 2487 noster
1557 2430 1627 2487 ad
1654 2430 1863 2490 cultum
1896 2441 2060 2503 atque

458 2524 727 2584 honorem
753 2538 916 2580 suum
931 2522 1137 2593 absque
1152 2521 1346 2595 judicii
1368 2522 1755 2581 moderatione
1778 2525 1897 2581 vult
1916 2524 2058 2598 ﬁeri,

452 2621 580 2693 quia
615 2623 791 2676 Honor
816 2621 960 2689 regis
983 2619 1253 2689 judicium
1292 2619 1477 2689 diligit
1507 2618 1672 2691 (Psal.
1715 2624 1956 2690 xcvut).
1992 2623 2060 2676 Et

455 2714 661 2772 idcirco
699 2713 1134 2786 sapientissimus
1157 2713 1440 2780 Salomon,
1470 2720 1536 2769 ut
1563 2712 1617 2768 in
1641 2716 1893 2770 neutram
1931 2729 2059 2786 par-

450 2817 566 2867 tem
617 2816 874 2881 vergente
909 2805 1115 2879 judicio
1142 2806 1511 2874 declinemus,
1555 2807 1819 2864 admonet
1850 2807 2060 2877 dicens,

449 2907 668 2961 Honora
692 2906 859 2959 Deum
882 2903 950 2958 de
969 2903 1084 2957 tuis
1109 2901 1280 2972 justis
1316 2902 1608 2971 laboribus,
1630 2907 1683 2957 et
1704 2903 1886 2959 deliba
1914 2904 1965 2957 ei
1992 2902 2058 2958 de

447 2998 720 3065 fructibus
756 2996 994 3066 justitice
1033 2998 1142 3049 tum
1168 2997 1355 3058 (Prov.
1385 2993 1501 3064 ιιι).
1525 2995 1551 3029 ι’
1596 2993 1809 3049 Etenim
1854 2993 2059 3051 residet

450 3089 509 3146 in
547 3089 875 3146 conscientia
910 3096 1097 3144 nostra
1141 3088 1492 3158 incorruptus
1528 3087 1747 3159 quidam
1789 3103 1853 3144 ac
1895 3104 2057 3145 verus

2162 461 2313 519 enim
2336 446 2614 517 .cauﬁone
2664 466 2828 531 atque
2881 454 3103 513 solertia
3134 453 3252 528 jugi
3307 454 3354 510 si
3393 454 3773 528 circumspecti

2163 555 2349 613 cordis
2390 560 2638 611 servetur
2663 551 2898 608 intentio
2914 591 2931 619 ,
2965 547 3248 622 quomodo
3265 588 3283 617 ,
3319 546 3531 620 judicio
3567 557 3772 610 nostra

2165 646 2515 707 discretionis
2541 653 2799 714 errante;
2845 651 2940 701 aut
2972 641 3392 711 inconsiderata
3419 644 3773 705 continentia

2165 741 2461 815 cupiditate
2498 738 2769 808 succensi,
2800 745 2897 795 aut
2915 736 3184 795 desiderio
3213 736 3408 793 nimia;
3432 738 3773 799 remissionis

2167 835 2359 904 illecti,
2402 833 2767 892 substantiam
2803 831 3004 888 virium
3033 838 3352 889 nostrarum
3383 830 3586 902 iniqua
3618 833 3772 891 truti-

2165 938 2254 990 nm
2306 929 2706 990 examinatione
2756 928 3036 1009 libremus,
3086 924 3185 982 sed
3224 924 3284 981 in
3334 924 3503 982 altera
3548 926 3773 1000 quidem

2168 1026 2321 1083 lance
2350 1026 2550 1084 anima:
2581 1024 2877 1099 puritatem
2892 1064 2908 1092 ,
2935 1022 2994 1079 in
3019 1020 3188 1077 altera
3206 1019 3354 1076 vires
3377 1022 3772 1094 corporiscol-

2168 1120 2429 1190 lomn‘te's,
2460 1120 2536 1178 ita
2568 1132 2699 1176 vero
2733 1114 3084 1175 conscientia:
3122 1113 3336 1188 judicio
3361 1124 3594 1189 utraque
3634 1130 3770 1189 pcn-

2168 1214 2387 1283 damus,
2418 1214 2555 1272 utin
2584 1219 2837 1270 neutram
2866 1217 3078 1284 partem
3106 1208 3270 1266 unius
3296 1208 3375 1265 rei
3403 1208 3615 1269 affectu
3638 1225 3770 1283 prat-

2169 1306 2505 1379 ponderante
2547 1305 2810 1377 penversi,
2846 1302 2933 1359 vel
2981 1301 3052 1359 ad
3097 1299 3461 1358 immodicam
3487 1301 3771 1361 districtio

2169 1412 2321 1469 nem,
2339 1400 2423 1458 vel
2450 1398 2520 1457 ad
2543 1399 2771 1456 nimiam
2792 1396 3201 1463 remissionem,
3227 1396 3555 1469 aequalitatis
3578 1396 3770 1454 libram

2169 1495 2486 1567 propensius
2511 1493 2856 1561 inclinemus,
2900 1499 2957 1550 et
2985 1489 3121 1547 illud
3145 1489 3307 1546 nobi
3341 1491 3427 1547 vel
3452 1506 3554 1562 pro
3593 1492 3771 1549 remis

2158 1585 2445 1645 sionisuvel
2476 1602 2574 1659 pro
2598 1585 2953 1642 districtionis
2975 1582 3254 1639 nimietate
3278 1583 3510 1652 dicatur,
3529 1583 3559 1621 ⁴¹
3584 1587 3771 1643 Nonne

2169 1684 2221 1738 si
2240 1686 2389 1738 recte
2436 1681 2670 1749 afferas,
2713 1694 2820 1735 non
2864 1681 3047 1737 autem
3080 1682 3218 1733 recte
3258 1677 3487 1742 dividas,
3529 1683 3772 1750 peccasti

2090 1767 2137 1831 B
2170 1775 2319 1843 (Gen.
2336 1788 2425 1842 1v,
2441 1780 2547 1830 s’ec.‘
2560 1774 2770 1842 LXX)?
2784 1772 2912 1829 Illas
2929 1770 3138 1829 etenim
3146 1769 3482 1844 jejuniorum
3492 1772 3767 1839 victimas,

2169 1886 2304 1946 quas
2323 1870 2483 1927 nobis
2513 1868 2748 1925 violenta
2772 1867 3045 1925 viscerum
3079 1865 3433 1923 convulsione
3453 1865 3769 1925 inconside-

2167 1973 2284 2023 rate
2328 1969 2715 2036 extorquentes
2754 1961 2995 2019 Domino
3039 1966 3187 2018 recte
3215 1957 3419 2017 offerre
3442 1975 3541 2017 nos
3582 1959 3767 2018 credi-

2168 2075 2328 2127 mus,
2374 2058 2463 2116 ille
2508 2059 2605 2133 qui
2660 2057 2836 2130 diligit
2888 2055 3326 2115 misericordiam
3385 2063 3444 2112 et
3486 2056 3769 2129 judicium,

2168 2161 2482 2213 exsecratur
2518 2152 2734 2221 dicens,
2775 2155 2892 2223 Ego
2919 2154 3180 2210 Dominus
3204 2150 3441 2221 diligens
3468 2152 3771 2223 judiciznn,

2170 2254 2222 2307 et
2254 2250 2389 2306 adio.
2412 2249 2611 2306 habens
2647 2251 2900 2319 rapinam
2938 2249 2997 2302 in
3035 2247 3408 2315 holocaustum
3452 2248 3579 2319 (Isa.
3629 2247 3769 2320 LXI).

2170 2343 2298 2400 illos
2324 2343 2487 2400 etiam
2516 2343 2608 2414 qui
2636 2340 2994 2411 oblationem,
3024 2340 3080 2397 id
3108 2349 3214 2409 est,
3242 2340 3566 2398 olciorum
3610 2351 3773 2416 atque

2168 2445 2391 2494 actuum
2418 2451 2645 2493 suorum
2668 2435 2939 2509 praecipua
2968 2434 3042 2493 ad
3054 2434 3233 2493 fotum
3253 2435 3439 2492 carnis
3466 2445 3633 2510 atque
3650 2452 3773 2494 usus

2168 2530 2415 2604 proprios
2445 2537 2862 2603 praesumentes,
2903 2529 3163 2601 reliquias
3197 2544 3397 2587 eorum
3426 2530 3676 2587 Domino
3719 2546 3774 2587 ar

2167 2625 2461 2684 minimam
2498 2622 2751 2680 delerunt
2780 2623 3115 2695 portionem,
3144 2622 3292 2680 velut
3314 2625 3600 2694 operarios
3634 2623 3777 2683 frau-

2166 2715 2419 2775 dulentos
2460 2716 2905 2775 sermo-divinus
2943 2717 3018 2773 ita
3064 2715 3412 2784 condemnat,
3456 2720 3777 2776 Haledictus

2168 2814 2268 2881 qui
2300 2812 2440 2878 facit
2466 2824 2599 2882 opus
2627 2812 2847 2867 Domini
2873 2810 3254 2878 fraudulenter
3274 2814 3473 2877 (Ivem.
3523 2817 3776 2879 nun).

2165 2903 2290 2958 Non
2317 2917 2448 2975 ergo
2486 2901 2771 2958 immerito
2795 2916 2926 2959 eum
2954 2902 3044 2975 qui
3075 2917 3139 2959 se
3162 2903 3240 2959 ita
3263 2900 3446 2973 iniquo
3473 2901 3625 2959 iallit
3663 2914 3779 2962 esa-

2165 2994 2336 3060 mine,
2380 2994 2628 3067 increpat
2666 2996 2942 3052 Dominus
2962 2995 3154 3052 dicens
3187 3015 3201 3052 :
3237 2998 3632 3054 Verumtamen
3656 3003 3781 3055 cani

2162 3089 2270 3157 ﬁlii
2292 3089 2582 3152 hominum,
2608 3088 2887 3145 mendaces
2908 3089 3016 3158 ﬁlii
3042 3090 3322 3145 hominum
3345 3091 3409 3145 in
3440 3095 3692 3160 steteris,
3721 3098 3776 3148 ut

440 3181 739 3254 judex,qui
766 3196 1185 3252 nonnumquam
1203 3195 1365 3251 super
1384 3188 1530 3237 statu
1554 3180 1798 3251 puritatis
1817 3190 2042 3247 nostra,
2080 3166 2126 3230 (ἓ
2156 3180 2426 3250 decipiant
2482 3180 2644 3251 (Psal.
2680 3180 2825 3251 ut).
2874 3183 2945 3237 Et
2985 3179 3192 3237 idcirco
3220 3181 3414 3239 beatus
3459 3186 3775 3264 Apostolus,

1354 3282 1357 3285 λ
1416 3283 1423 3291 ⁷
1538 3286 1793 3343 ALARDI
1829 3288 2055 3344 GAZ/El
2094 3287 2647 3345 COMMENTARIUS.

519 3411 546 3438 ⁸
573 3400 665 3457 Sic
703 3395 870 3453 abbas
908 3396 1129 3467 Moyses
1160 3394 1341 3450 collat.
1391 3401 1423 3451 2
1451 3411 1579 3467 cap.
1622 3400 1685 3451 l6
1715 3414 1727 3451 :
1756 3398 1934 3460 Omni,
1964 3396 2055 3452 in-

450 3472 589 3545 quit.
611 3474 805 3545 conatu
828 3467 982 3522 debet
999 3467 1334 3545 discretionis
1357 3467 1549 3545 bonum
1573 3469 1773 3545 uirtute
1787 3469 2058 3545 humilita-

453 3537 524 3599 tis
543 3542 777 3610 acquiri,
800 3553 920 3607 qua:
934 3552 1027 3591 nas
1045 3538 1240 3590 illaesos
1260 3537 1329 3590 ab
1348 3542 1577 3606 utraque
1596 3543 1770 3610 potest
1787 3541 2059 3610 uiritietate

452 3608 682 3670 servare.
717 3611 880 3666 Vetus
918 3622 1146 3676 namque
1167 3610 1432 3661 sententia
1459 3614 1559 3673 est,
1591 3608 1856 3677 ἀκρότητες
1884 3608 2058 3676 ἰσότη-

452 3701 552 3747 τες,
576 3683 748 3748 idest,
769 3681 1071 3734 nimietates
1093 3678 1431 3747 aqualitates
1446 3684 1589 3734 sunt.
1618 3680 1711 3735 Ad
1727 3696 1898 3735 unum
1914 3683 2058 3735 enim

454 3758 613 3826 ﬁnem
625 3749 1103 3826 nimietasjejunii
1123 3754 1174 3826 et
1200 3751 1467 3826 voracitas
1488 3752 1749 3826 pervenit,
1777 3752 2058 3826 eademque

455 3820 740 3896 dispendio
769 3821 1086 3896 vigiliarum
1125 3820 1482 3896 immoderata
1508 3823 1847 3896 continuatio
1866 3836 2058 3876 mona-

455 3892 615 3952 chum
641 3909 746 3964 qua
783 3894 956 3946 somni
979 3893 1492 3964 gravissimitarpar
1520 3892 1758 3946 involvit.
1793 3894 1942 3964 Nam,
1958 3908 2059 3964 per

456 3961 726 4024 emcessum
762 3963 1103 4017 continentia:
1132 3961 1477 4015 debilitatum
1504 3976 1774 4031 quemque.
1802 3962 1878 4016 ad
1903 3961 2059 4018 illum

454 4043 660 4095 statum
694 4035 939 4103 rwocari
968 4045 1169 4087 necesse
1191 4037 1288 4093 est,
1315 4033 1380 4104 in;
1400 4046 1505 4102 qua
1539 4033 1812 4104 negligens
1836 4036 2061 4104 quisque

451 4125 551 4180 per
572 4108 838 4180 incuriam
870 4100 1156 4180 detinetur.
1190 4104 1322 4180 Haec
1349 4100 1455 4180 ille.
1490 4101 1630 4158 Vide
1656 4103 1731 4159 ibi
1752 4100 2059 4160 natationes

454 4173 671 4236 nostras
694 4176 860 4243 (Vide
887 4174 981 4229 lib.
1008 4187 1072 4227 v1
1097 4176 1226 4229 Inst.
1247 4188 1288 4228 c.
1322 4173 1474 4239 ult.).
1784 4186 1787 4191 '

528 4245 556 4284 δ
585 4250 737 4305 Idem
785 4247 963 4301 collat.
1009 4249 1083 4298 20
1112 4260 1161 4298 (ε.
1193 4252 1224 4298 5
1256 4262 1269 4298 :
1304 4246 1625 4299 Verissimus
1666 4246 1891 4315 quidam
1928 4261 2062 4302 ema-

457 4324 694 4376 minator
707 4318 1034 4388 panitentim
1049 4319 1101 4388 et
1114 4315 1466 4388 indulgentia:
1469 4316 1500 4384 j
1502 4316 1651 4370 adea:
1666 4318 2061 4373 inramtscientia

461 4390 659 4445 residet
681 4386 882 4452 nostra,
904 4388 1000 4454 qui
1026 4386 1409 4440 absolutionem
1431 4391 1612 4441 reatus
1641 4390 1814 4442 nostri
1831 4393 1957 4443 ante
1984 4404 2062 4443 co-

462 4460 723 4530 gnitionis
752 4456 1048 4530 etJjudicii
1088 4454 1229 4530 diem
1274 4456 1451 4530 adhuc
1489 4458 1639 4511 nobis
1668 4460 1730 4513 in
1766 4459 1869 4513 hac
1908 4474 2062 4515 carne

459 4526 909 4587 commorantibus
931 4526 1146 4593 detegit,
1172 4531 1223 4580 et
1258 4528 1645 4592 satisfactianis
1672 4530 1838 4596 ﬁnem
1874 4531 1947 4584 ad
1970 4545 2059 4585 re-

459 4603 732 4658 missionis
754 4599 994 4672 gratiam
1008 4597 1226 4667 pandit.
1250 4596 1388 4664 Qute
1409 4597 1692 4668 quomodo
1708 4598 2060 4672 intelligenda

459 4674 586 4736 sint.
621 4672 693 4728 ibi
721 4668 804 4727 est
830 4668 1183 4739 explicatum.

532 4755 553 4783 °
580 4743 788 4802 Similia
818 4738 945 4796 sunt
980 4738 1092 4794 loca
1127 4738 1223 4794 lib.
1252 4754 1289 4793 v
1317 4738 1557 4794 Institut.
1588 4754 1707 4810 cap.
1739 4741 1792 4806 8,
1822 4746 1856 4796 9
1876 4748 1936 4797 et
1964 4748 2061 4809 22;

462 4817 648 4873 collat.
687 4822 718 4869 2
758 4830 875 4882 cap.
907 4818 974 4867 22
1013 4821 1067 4866 et
1102 4814 1193 4866 26.

464 4887 646 4943 tentia:
669 4881 1045 4954 astipulantur.
1068 4881 1505 4955 Basiliuslih._de
1533 4882 1672 4937 Vera
1703 4883 2059 4955 Virginitate:

465 4960 615 5015 Sicut
633 4958 693 5009 in
720 4956 861 5023 gulae
885 4956 1365 5023 intemperantiam
1376 4953 1651 5025 (declinare
1666 4953 1827 5023 graue
1845 4960 1897 5009 et
1917 4958 2065 5025 peri-

2166 3396 2637 3484 Ρ¹ἓ¹ἓ9ηίελεί²ιάία
2652 3400 2737 3484 ειὲ
2749 3398 3116 3484 ροξεετηυξε-
3135 3396 3517 3484 mergamus.
3534 3400 3597 3456 in
3616 3401 3770 3484 ερίειι

2166 3468 2233 3544 ad
2260 3468 2624 3544 Nepotianum
2657 3470 2852 3539 (Epist.
2878 3472 2954 3536 ll)
2975 3490 2990 3544 :_
3012 3472 3246 3525 Tantum
3391 3472 3612 3544 modum
3624 3468 3773 3544 igua-

2165 3542 2377 3594 uiarum
2404 3543 2644 3614 impone,
2666 3544 2930 3614 quantum
2956 3542 3101 3607 ferre
3126 3545 3299 3610 potes.
3331 3543 3455 3598 Sint
3480 3543 3589 3597 tibi
3610 3542 3776 3614 pura,

2165 3616 2347 3685 casta,
2361 3611 2657 3685 simplicia,
2686 3611 2990 3676 moderata,
3019 3616 3074 3685 et
3101 3626 3207 3685 non
3233 3611 3631 3681 superstitiosa
3642 3616 3779 3685 jeju-

2165 3682 2288 3754 nia._
2308 3683 2376 3735 Et
2403 3685 2468 3736 ad
2497 3681 2791 3741 Rusticum
2817 3680 3151 3754 monachum
3184 3680 3373 3752 (Epist.
3406 3685 3493 3751 tv)
3514 3703 3530 3739 :
3554 3680 3777 3754 Jej'unia

2164 3751 2443 3808 moderata
2463 3755 2596 3815 sint,
2626 3768 2690 3807 ne
2707 3754 2881 3806 nimia
2906 3752 3184 3808 debilitent
3210 3751 3549 3815 stomachum,
3573 3751 3632 3809 et
3652 3773 3779 3811 ma.-

2155 3822 2332 3891 jorem
2356 3824 2700 3890 refectionem
2726 3826 3004 3893 poscentia
3032 3829 3309 3894 erumpant
3328 3825 3387 3877 in
3413 3824 3779 3890 cruditatem,

2164 3908 2287 3962 quae
2303 3909 2505 3963 parens
2519 3894 2810 3948 libidinum
2832 3899 2928 3949 est.
2955 3897 3195 3952 Modicus
3209 3899 3256 3950 et
3271 3899 3595 3964 temperatus
3623 3898 3780 3953 cibus

2165 3968 2218 4019 et
2244 3967 2398 4020 carni
2422 3969 2474 4020 et
2502 3967 2703 4021 anima:
2730 3966 2881 4020 utilis
2909 3970 3008 4021 est.

2234 4034 2266 4071 ά
2289 4053 2292 4056 ’
2313 4038 2395 4092 Ita
2442 4035 2744 4092 secundum
2775 4036 3029 4111 Graecam
3060 4035 3472 4111 translationem
3510 4038 3775 4111 Septuag.

2167 4106 2551 4176 lnterpretum,
2590 4121 2756 4177 quam
2795 4107 3044 4178 plerique
3064 4107 3252 4162 Patres
3285 4109 3454 4163 secuti
3479 4106 3647 4175 sunt;
3687 4106 3780 4166 at-

2167 4191 2280 4252 que
2300 4178 2442 4252 inter
2471 4178 2607 4252 alios
2632 4177 2968 4252 Augustinus
2996 4177 3091 4233 lib.
3133 4193 3199 4233 xv
3226 4181 3310 4252 De
3337 4179 3499 4235 Civit.
3527 4180 3628 4236 Dei
3648 4197 3773 4252 cap.

2168 4254 2199 4302 7
2228 4262 2241 4303 :
2264 4251 2327 4304 In
2349 4250 2470 4320 hac,
2495 4248 2695 4319 inquit,
2712 4249 3074 4304 admonitione
3095 4264 3263 4318 quam
3277 4251 3418 4305 Deus
3439 4252 3676 4320 protulit
3699 4248 3777 4305 (id

2168 4320 2320 4381 Cain,
2339 4319 2478 4375 illud
2500 4320 2716 4389 quidem
2739 4320 2885 4389 quod
2902 4320 3105 4374 dictum
3126 4323 3204 4375 est
3231 4339 3250 4374 :
3270 4319 3459 4378 Nonne
3470 4325 3672 4378 simis
3682 4325 3775 4390 af-

2168 4390 2339 4457 feras,
2370 4395 2507 4446 recte
2518 4395 2822 4445 autemnon
2840 4391 3074 4454 dividas,
3086 4394 3358 4461 peccasti?
3378 4395 3505 4462 quia
3522 4407 3636 4446 non
3658 4394 3776 4447 elu-

2169 4466 2250 4515 cet
2271 4477 2367 4516 cur
2391 4463 2476 4516 uel
2490 4462 2630 4517 unde
2657 4463 2731 4516 sit
2754 4461 2978 4529 dictum,
2999 4462 3193 4517 multos
3220 4461 3403 4518 sensus
3428 4463 3777 4533 peperitejus

2169 4533 2486 4595 obscuritas,
2513 4548 2632 4587 cum
2661 4533 2973 4604 diuinarum
2994 4534 3402 4603 Seripturamm
3414 4537 3638 4604 quisque
3663 4540 3779 4589 tra-

2168 4607 2343 4658 ctator
2365 4604 2655 4658 secundum
2681 4603 2813 4672 ﬁdei
2833 4604 3077 4672 regulam
3111 4604 3175 4658 id
3201 4610 3424 4659 canatur
3447 4603 3771 4674 exprimere.

2097 4698 2143 4760 ι)
2171 4677 2327 4760 necte
2354 4676 2554 4758 una
2569 4676 2823 4760 ,οννῖεττυν
2852 4677 3210 4760 semidam»
3243 4691 3359 4760 εμεη
3392 4677 3624 4760 ρίίεςειμτ
3650 4676 3775 4760 Deo

2169 4759 2313 4809 nera,
2340 4748 2429 4799 cui
2444 4748 2545 4800 uni
2562 4746 2929 4800 tantummodo
2955 4745 3362 4814 sacriﬁcandum:
3386 4748 3479 4797 est.
3506 4745 3625 4799 Non
3654 4759 3777 4799 au-

1227 4810 1438 4880 Quibus
1474 4819 1529 4865 et
1566 4811 1658 4866 SS.
1691 4812 1914 4867 Patrum
1944 4815 2067 4869 Sen-
2172 4820 2276 4871 tem
2305 4822 2445 4872 recte
2471 4817 2759 4880 diuiditur,
2786 4817 2916 4871 dum
2951 4832 3057 4871 nan
3095 4810 3467 4872 discernuntur
3491 4820 3635 4869 recte
3684 4817 3781 4871 vel

2171 4888 2304 4953 loca,
2333 4889 2416 4943 vel
2432 4894 2688 4958 tempora,
2702 4888 2786 4942 vel
2809 4903 2893 4942 res
2918 4890 3053 4957 ipsa
3069 4903 3190 4957 qua:
3217 4889 3548 4954 offeruntur,
3565 4887 3652 4941 uel
3672 4888 3781 4957 qui

2169 4959 2347 5026 oﬂ'ert,
2372 4959 2456 5013 vel
2481 4960 2578 5029 qui
2589 4958 2848 5026 offertur,
2867 4959 2949 5013 uel
2972 4960 3039 5013 hi
3048 4960 3246 5029 quibus
3264 4960 3342 5013 ad
3352 4958 3667 5013 vescendum
3679 4958 3781 5012 di-

465 5030 703 5086 culosum
728 5030 824 5090 est,
854 5026 934 5099 ita
956 5026 1303 5099 pernimium
1329 5024 1710 5099 abstinentiam
1729 5024 2067 5096 corpusatte-
2168 5024 2463 5084 stribuitur
2483 5024 2627 5099 quod
2649 5024 2892 5084 ablatum
2918 5034 3029 5097 est,
3056 5024 3125 5084 ut
3147 5030 3461 5085 divisionem
3482 5029 3779 5097 intelliga-

465 5117 583 5159 rere
629 5103 681 5155 et
706 5095 904 5150 inutile
940 5093 1167 5148 reddere
1204 5096 1352 5148 amni
1382 5096 1626 5163 profecta
1658 5093 1866 5152 ratione
1897 5102 2060 5151 caret.

465 5177 649 5245 Neque
666 5170 803 5227 enim
823 5167 1149 5245 abstinere‘a
1175 5166 1447 5245 uoluptate
1463 5169 1716 5245 gulaeper
1738 5182 1791 5222 se
1813 5171 2063 5245 adpeten-

465 5234 597 5301 dum
625 5248 731 5304 est,
758 5239 849 5295 sed
877 5239 1004 5307 quia
1033 5234 1109 5291 ad
1146 5238 1363 5291 virtutis
1390 5234 1796 5304 acquisitionem
1836 5234 2058 5304 confert.

466 5317 619 5383 Quod
640 5316 691 5369 si
717 5311 857 5367 illud
883 5307 1036 5383 Cujus
1070 5310 1254 5376 gratia
1281 5308 1519 5383 ciborum
1546 5308 1928 5383 abstinentiam
1962 5311 2060 5364 cli-

462 5379 658 5452 qimus,
682 5400 785 5456 (per
813 5379 1216 5456 immoderatam
1241 5379 1576 5456 negligamus
1596 5379 1851 5456 inediam,
1874 5385 2063 5456 contra

466 5462 627 5523 atque
651 5452 989 5510 instituimus
1010 5453 1240 5519 agimus.
1269 5453 1404 5506 Nam
1425 5452 1602 5523 fracto
1628 5453 1959 5522 contritaque
1979 5455 2063 5508 in-

464 5521 774 5588 strumento,
796 5540 966 5594 neque
987 5527 1093 5580 Deo
1128 5523 1388 5577 inharere
1407 5537 1508 5592 per
1537 5521 1774 5579 lectionis
1800 5530 1851 5579 et
1867 5521 2065 5579 aratio-

462 5596 551 5649 nis
571 5596 807 5648 studium
826 5610 1127 5663 passumus,
1145 5595 1396 5664 nequead
1412 5597 1656 5659 fratrum
1670 5594 2061 5665 beneﬁcentiam

463 5667 820 5734 humanitatis
842 5668 1081 5731 ofﬁcium
1100 5667 1247 5720 obire
1297 5667 1478 5733 Igitur
1498 5669 1548 5718 et
1570 5670 1804 5734 corporis
1824 5682 1951 5721 cura
1972 5681 2063 5719 ne-

457 5736 691 5794 cessario
722 5732 964 5802 habenda
982 5740 1078 5798 est,
1097 5751 1203 5788 non
1220 5738 1392 5802 ipsius
1415 5737 1620 5801 gratia,
1650 5732 1743 5790 Sed
1766 5742 1827 5791 ut
1846 5738 2063 5791 servitio

460 5811 610 5864 illius
643 5805 716 5858 ad
741 5801 1087 5872 philosophia:
1129 5804 1204 5868 (id
1238 5801 1353 5866 est,
1381 5802 1657 5871 sapientiae
1684 5805 1767 5859 vel
1809 5814 2061 5861 contem-

2169 5114 2289 5154 mus
2319 5102 2727 5169 discretionem;
2747 5102 2857 5156 sive
2873 5117 2991 5156 cum
3017 5101 3241 5170 offertur
3267 5102 3368 5155 ubi
3400 5116 3506 5155 non
3530 5104 3781 5168 oportet;

2168 5173 2278 5226 sive
2312 5186 2431 5226 eum
2466 5172 2691 5241 affertur
2713 5173 2932 5241 quando
2968 5188 3075 5226 non
3112 5175 3339 5242 oportet,
3370 5178 3470 5226 aut
3496 5170 3638 5242 quod
3661 5186 3782 5225 non

2171 5244 2585 5317 tunc,sedalias
2608 5247 2845 5313 oportet;
2876 5246 2987 5317 sive
3000 5259 3122 5317 eum
3138 5241 3199 5317 id
3219 5242 3453 5317 offertur
3475 5241 3620 5317 quod
3642 5256 3781 5296 nus-

2168 5329 2333 5382 quam
2361 5320 2413 5381 et
2432 5313 2733 5384 numquam
2754 5316 2972 5384 penitus
2999 5315 3211 5381 debuit;
3242 5316 3355 5369 sive
3377 5330 3496 5368 cum
3518 5313 3787 5368 cluuiaru

2167 5384 2274 5438 sibi
2293 5384 2529 5454 ejusdem
2553 5388 2758 5454 generis
2786 5401 2966 5440 rerum
2994 5390 3133 5440 tenet
3161 5386 3335 5450 homo,
3363 5400 3530 5454 quam
3564 5386 3693 5439 sint
3716 5399 3789 5438 ea

2168 5456 2289 5524 qua:
2324 5458 2496 5524 affert
2524 5460 2660 5523 Dea;
2691 5460 2801 5511 sive
2839 5472 2957 5511 cum
2985 5455 3101 5525 ejus
3133 5459 3215 5511 rei
3242 5471 3365 5525 quae
3391 5456 3573 5510 oblata
3598 5460 3691 5509 est
3722 5457 3792 5524 ﬁt

2160 5529 2433 5599 particeps
2454 5530 2745 5599 profanus,
2767 5533 2864 5582 aut
2884 5528 3113 5597 quilibet
3127 5543 3284 5599 quem
3302 5530 3396 5599 fas
3410 5542 3519 5599 non
3533 5531 3611 5580 ωε
3631 5528 3790 5599 ﬁa-i.

2168 5598 2257 5652 Sic
2287 5597 2638 5670 Augustinus.
2671 5603 2837 5656 Porro
2865 5600 3093 5670 Vulgata
3118 5597 3289 5670 versio
3316 5597 3426 5670 divi
3446 5597 3793 5670 Hieronymi

2172 5683 2202 5723 a
2247 5666 2483 5726 concilio
2514 5669 2833 5726 Tridentino
2870 5666 3166 5740 approbata
3212 5668 3289 5723 sic
3342 5667 3506 5723 habet
3541 5669 3804 5724 :Nonne

2170 5742 2222 5794 si
2249 5742 2373 5797 bene
2396 5745 2581 5812 egeris,
2604 5744 2854 5812 recipies;
2882 5744 2968 5797 sin
2995 5746 3175 5797 autem
3197 5740 3362 5802 male,
3389 5741 3577 5794 statim
3602 5741 3677 5794 in
3704 5742 3802 5807 fa-

2168 5812 2318 5868 ribus
2343 5819 2619 5883 peccatum
2648 5814 2829 5869 aderit
2854 5814 3004 5880 (Gen.
3032 5816 3141 5881 Π).
