4014 6202
1758 136 1781 167 ί

332 232 487 288 1197

1103 228 1442 288 COLLATIO
1480 229 1617 286 XXI.
1653 256 1730 307 -τ
1765 229 1856 285 ns
1892 227 1941 285 Β

2052 227 2300 285 lSSIONE
2336 228 2936 299 ρυῐΝΩυΑΕΕΞΙΜλΕ.

3537 242 3674 299 H98

346 366 430 428 ut,
467 356 808 416 discretionis
837 355 1215 417 moderamina
1255 355 1578 421 retinentes,
1620 355 1678 413 in
1699 363 1954 411 neutram
1982 358 2039 423 Α
2069 354 2334 425 Domino,
2364 369 2429 412 eo
2458 355 2610 427 quod
2655 363 2885 414 steteras
2920 357 3141 416 dolosas
3174 373 3237 416 ac
3264 374 3550 420 mensuras
3572 362 3673 421 du-

347 458 566 525 partem
591 448 753 505 illecti
776 449 1059 506 nimietate
1087 463 1382 522 vergamus
1410 446 1693 513 admonet,
1722 445 1909 504 dicens
1938 466 1952 501 :

340 541 698 609 .Rationabile
708 544 1017 615 obsequium
1032 547 1270 599 vestrum
1286 541 1457 613 (Rom.
1482 546 1613 608 ιιι).
1637 541 1817 610 Quam
1838 555 1958 597 rem

354 636 523 707 etiam
568 637 849 710 legislath
871 637 1125 703 similiter
1158 636 1447 704 interdicit,
1479 636 1553 693 ita
1597 634 1953 707 prmeipiens:

354 731 574 789 Statera
602 730 779 801 justa,
811 736 864 788 et
906 748 1065 803 requa
1084 734 1198 788 sint
1223 729 1487 802 pondera,
1508 729 1698 801 justus
1723 728 1956 794 modius,

355 839 650 896 (equusque
674 828 955 882 sextarius
978 828 1165 892 (Leuit.
1212 824 1387 894 tux);
1425 825 1716 881 Salomone
1743 838 1959 894 quoque

353 932 542 990 parem
578 933 739 991 super
769 919 875 975 hoc
902 918 1227 976 sententiam
1269 916 1583 992 proferente
1616 935 1631 974 :
1665 920 1693 951 ⁸
1739 916 1961 974 Pondus

349 1002 612 1082 magnum
631 1018 684 1068 et
711 1014 998 1085 pusillum,
1024 1018 1076 1069 et
1094 1029 1361 1070 mensura
1382 1012 1649 1084 duplices,
1677 1010 1959 1067 immunda

352 1110 480 1160 sunt
497 1105 649 1177 apud
673 1108 957 1163 Dominum
984 1111 1237 1178 utraque,
1260 1112 1313 1163 et
1334 1108 1435 1177 qui
1461 1104 1600 1174 facit
1627 1121 1690 1160 ea
1712 1106 1771 1160 in
1798 1105 1956 1160 adin-

347 1203 685 1283 ventionibus
714 1204 827 1258 suis
854 1202 1413 1283 compedietur(Prov.
1432 1199 1560 1270 xx).
1591 1197 1824 1256 Proinde
1841 1213 1956 1253 non

351 1280 531 1351 solum
556 1282 649 1352 illo
676 1312 784 1369 quo
803 1286 1073 1365 diximus,
1095 1294 1191 1353 sed
1216 1280 1381 1352 etiam
1409 1294 1516 1351 hoc
1540 1290 1711 1349 modo
1727 1289 1952 1347 studen-

351 1386 487 1459 dum
516 1399 597 1447 est
638 1390 910 1459 nobis,,ut
945 1407 1050 1469 nec
1091 1389 1552 1469 iniqua,pondera
1605 1386 1661 1443 in
1697 1384 1955 1443 cordibus

330 1468 576 1549 nostris,
605 1501 706 1541 nec
734 1487 791 1542 in
818 1468 1028 1543 horreis
1052 1474 1406 1547 conscientia
1434 1489 1637 1538 nostra
1663 1493 1953 1536 mensuras

346 1574 591 1648 duplices
618 1570 950 1647 habeamus;
977 1578 1033 1657 id
1061 1585 1166 1647 est,
1204 1593 1273 1635 ne
1301 1592 1364 1634 ea
1393 1576 1499 1648 ipsi
1523 1590 1645 1648 quae
1670 1571 1952 1631 districtio-

345 1667 432 1723 nis
479 1670 723 1742 regulam
752 1660 1005 1727 molliunt
1035 1670 1346 1727 remissiore
1382 1667 1713 1741 indulgentia
1742 1680 1949 1738 praesu-

346 1766 595 1826 mentes,
638 1774 734 1815 eos
782 1758 986 1831 quibus
1031 1759 1262 1815 verbum
1320 1758 1547 1814 Domini
1591 1755 1955 1828 praedicamus
1983 1759 2033 1823 Β

343 1848 774 1908 districtioribus
819 1852 1102 1925 praeceptis
1152 1860 1208 1908 et
1249 1850 1596 1926 gravioribus
1639 1863 1807 1921 quam
1849 1847 1952 1920 ipsi

341 1934 591 2017 perferre
612 1931 885 2019 possimus
921 1944 1255 2020 penderibus
1281 1946 1599 2003 obruamus.
1628 1943 1790 2016 Quod
1820 1959 1951 2000 cum

339 2035 605 2105 facimus,
634 2037 768 2108 quid
813 2038 924 2093 nisi
971 2038 1172 2110 duplici
1219 2037 1457 2110 pondere
1490 2045 1653 2110 atque
1694 2052 1950 2093 mensura

342 2139 744 2203 praeceptorum
763 2132 993 2188 Domini
1020 2146 1261 2190 mercem
1287 2131 1611 2205 frugemque
1626 2131 1709 2188 vel
1740 2146 1947 2204 appen-

337 2224 530 2303 dimus
559 2224 639 2281 vel
680 2226 979 2283 metimur?
1022 2226 1080 2283 Si
1122 2227 1269 2283 enim
1299 2225 1461 2283 aliter
1487 2240 1549 2281 ea
1584 2224 1769 2295 nobis,
1796 2224 1951 2281 aliter

337 2317 550 2375 nostris
587 2316 848 2377 fratribus
887 2319 1295 2392 dispensemus,
1337 2328 1497 2385 recte,
1534 2320 1875 2392 increpamur
1914 2335 1947 2377 a

2067 448 2232 522 plices
2275 445 2596 514 habeamus,
2626 448 2928 506 secundum
2953 449 3104 509 illam
3151 453 3485 510 sententiam
3512 455 3674 513 Salo-

2064 543 2249 600 monis
2275 557 2381 615 qua
2416 541 2638 613 dicitur,
2684 545 3034 601 Abominatio
3063 550 3146 601 est.
3188 550 3416 605 Domino
3456 551 3672 620 pondus

2066 637 2293 708 duplam,
2338 640 2390 692 et
2423 641 2627 693 statera
2675 637 2858 694 dolosa
2884 653 2992 694 non
3015 643 3093 694 est
3131 639 3268 696 bona
3306 642 3365 697 in
3389 649 3673 714 conspectu

2041 731 2182 801 ejus
2205 729 2417 799 (Ibid).
2448 734 2568 787 Hoc
2590 730 2757 788 etiam
2780 731 2951 788 modo
2974 739 3191 793 reatum
3216 732 3393 791 dolosi
3415 736 3673 807 ponderis

2065 821 2406 896 duplicisque
2449 838 2725 882 mensurae
2773 824 3054 885 evidenter
3096 824 3457 895 incurrimus,
3496 829 3541 884 si
3580 829 3672 887 di-

2067 917 2342 976 strictiora
2370 918 2625 992 quaedam
2643 934 2766 992 quae
2789 920 3045 993 privatim
3073 936 3171 994 per
3208 930 3426 979 nostras
3451 924 3671 982 cellulas

2067 1000 2322 1068 exercere
2374 1013 2763 1070 consuevimus
2822 1013 3082 1072 humanae
3130 1015 3303 1073 laudis
3363 1016 3668 1090 cupiditate

2062 1119 2255 1189 cqram
2302 1105 2554 1162 fratribus
2590 1113 2957 1173 ostentemus,
2997 1108 3418 1167 abstinentiores
3462 1112 3672 1168 scilicet

2059 1204 2114 1253 et
2161 1198 2461 1254 sanctiores
2506 1214 2767 1271 apparere
2812 1199 3131 1257 affectantes
3159 1202 3402 1259 humano
3440 1219 3672 1276 conspe-

2061 1287 2173 1345 ctui
2207 1304 2374 1361 quam
2399 1287 2608 1359 divino.
2639 1291 2744 1360 Qui
2778 1291 3006 1348 morbus
3035 1294 3307 1371 praecipue
3345 1310 3461 1351 non
3498 1296 3669 1354 modo

2060 1381 2333 1451 vitandus,
2356 1397 2549 1440 verum
2585 1383 2752 1439 etiam
2787 1382 3193 1443 abominandae
3234 1393 3318 1443 est
3358 1387 3536 1446 nobis.
3560 1389 3669 1448 Sed

2057 1475 2281 1532 interim
2306 1492 2337 1532 a
2360 1476 2662 1549 quaestione
2682 1479 2961 1551 proposita
2992 1480 3155 1551 paulo
3184 1481 3400 1556 longius
3425 1484 3659 1556 evagati,

2058 1569 2129 1628 ad
2153 1569 2404 1628 eamdem
2428 1586 2459 1627 a
2482 1586 2590 1643 qua
2624 1570 3001 1643 discessimus,
3017 1582 3376 1632 revertamur.

2592 1667 2835 1725 CAPUT
2893 1671 3110 1725 XXIII.

2275 1760 2353 1814 De
2376 1758 2687 1824 refectionis
2715 1762 2947 1830 tempore
2974 1765 3140 1831 atque
3160 1775 3434 1818 mensura.

2131 1851 2308 1923 Igitur
2331 1849 2719 1922 pradictorum
2736 1850 2953 1908 dierum
2982 1852 3055 1908 ita
3075 1860 3159 1908 est
3189 1852 3547 1912 custodienda
3571 1871 3662 1913 so-

2057 1944 2326 2007 lemnitas,
2354 1951 2416 2000 ut
2441 1927 2685 2015 corporis
2712 1951 2873 2017 atque
2900 1944 3103 2003 anima:
3129 1945 3297 2004 cultui
3328 1948 3503 2019 prosit
3534 1962 3660 2005 ma-

2055 2038 2137 2111 gis
2178 2037 2383 2094 indulta
2426 2052 2594 2109 quam
2630 2032 2849 2103 noceat;
2875 2038 3002 2110 quia
3035 2055 3135 2096 nec
3164 2040 3309 2096 illius
3346 2039 3659 2100 festivitatis

2054 2130 2316 2205 gaudium
2359 2130 2582 2186 aculeos
2621 2130 2797 2187 carnis
2848 2130 3192 2205 obtundere,
3220 2149 3322 2190 nec
3347 2135 3374 2170 ⁸³
3425 2136 3657 2207 immitis

2055 2226 2146 2284 ille
2173 2223 2510 2282 adversarius
2533 2223 2751 2280 dierum
2775 2225 2928 2281 novit
2950 2225 3248 2282 reverentia
3281 2226 3544 2299 mitigari.
3575 2231 3657 2285 Ut

2053 2332 2182 2392 ergo
2211 2327 2268 2375 et
2306 2317 2496 2374 diebus
2533 2316 2747 2373 festivis
2771 2326 2994 2374 statutae
3020 2319 3359 2375 consuetudo
3387 2320 3655 2377 solemni-

1437 2466 1693 2521 ALARDI
1718 2465 1959 2555 ‘GAZEI
1996 2463 2555 2521 COMMENTARIUS.

411 2598 438 2629 ³
470 2594 733 2667 Vulgatus
757 2603 940 2654 textus
967 2616 979 2652 :
1017 2598 1230 2656 Pondus
1253 2604 1304 2655 et
1342 2600 1572 2669 pondus,
1612 2613 1868 2656 mensura
1896 2604 1949 2654 et

332 2683 620 2743 mensura,
644 2669 1302 2743 utrumqueabominabile
1322 2676 1399 2726 est
1415 2672 1564 2743 apud
1578 2673 1745 2725 Deum
1765 2670 1944 2743 (Prov.

332 2739 679 2815 χιχ-(ξωυέ
716 2740 1000 2815 sententiae
1025 2741 1288 2810 triplicem
1326 2739 1726 2815 espésitionem
1770 2739 1947 2796 mora-

330 2811 449 2865 lem
484 2806 759 2881 hic'affert
797 2814 1037 2881 Anctor,
1061 2806 1221 2881 a—qua
1250 2818 1364 2868 non
1397 2806 1640 2868 multum
1666 2812 1942 2881 discrepat

329 2883 408 2952 Ι).
438 2880 757 2952 Hieronymi
785 2881 1005 2952 gemina
1026 2880 1217 2941 itidem
1232 2882 1498 2952 espositio
1521 2883 1574 2937 in
1601 2881 1721 2936 haec
1738 2880 1935 2936 verba:

329 2897 408 2936 υ.
438 2897 1005 3005 uteronynnndgemlna
1026 2897 1217 2941 lucem
1232 2897 1498 2962 expositio
1521 2898 1574 2937 In
1601 2897 1721 2936 naec
1738 2897 1935 2936 verna:

328 2950 556 3032 Ppndus
578 2955 629 3011 et
653 2966 740 3032 po“
798 2967 883 3032 us,
912 2953 1006 3007 hoc
1030 2956 1130 3032 est,
1157 2968 1341 3032 majus,
1362 2957 1413 3009 et
1446 2955 1628 3032 minus
1650 2967 1939 3032 ;mensura

329 3027 387 3077 et
406 3035 678 3092 mensura,
694 3021 945 3092 similiter
958 3021 1132 3090 major
1150 3028 1199 3075 et
1217 3022 1411 3089 minor,
1424 3030 1713 3092 utrumque
1735 3024 1941 3077 abomi-

329 3091 522 3147 nabile
569 3093 646 3144 est
686 3090 837 3159 apud
863 3093 1051 3145 Deum.
1101 3092 1386 3161 Prwpositi
1420 3095 1561 3146 enim
1601 3090 1661 3145 in
1704 3092 1941 3148 Ecclesia

324 3177 511 3234 prave
527 3162 756 3215 viventes
785 3161 885 3216 ha's
913 3162 1151 3234 duplices
1170 3177 1448 3217 mensuras
1472 3165 1533 3217 in
1559 3162 1829 3227 domibus,
1846 3164 1941 3217 hoc

331 3240 439 3297 est,
458 3234 795 3288 conscientiis
811 3234 926 3288 suis
937 3233 1152 3296 habent,
1173 3236 1306 3302 quia
1324 3234 1516 3287 bonum
1530 3234 1675 3303 quod
1692 3235 1821 3287 aliis
1841 3236 1943 3288 im-

321 3308 536 3375 perant
554 3304 662 3373 ipsi
690 3305 908 3357 minime
927 3304 1169 3370 faciunt,
1183 3307 1242 3375 et_
1243 3303 1445 3358 malum
1469 3304 1614 3373 quod
1638 3305 1696 3375 in
1713 3304 1943 3359 subditis

326 3373 608 3430 damnant
630 3375 740 3442 ipsi
750 3378 1060 3443 perpetrare
1079 3389 1184 3427 non
1205 3373 1473 3429 desinunt.
1488 3374 1715 3433 (Pondus
1738 3378 1790 3429 et
1806 3390 1941 3444 pon-

329 3417 467 3505 dus,
482 3417 790 3497 mensuram
804 3417 1190 3506 et‘mensuram,
1208 3428 1502 3514 hypocrita
1517 3452 1681 3515 atque
1708 3417 1946 3501 heretici
1977 3417 2022 3480 θ

329 3516 396 3570 in
417 3514 809 3576 domibus,hoc
825 3518 919 3573 est.
943 3515 1247 3585 insensibus
1268 3517 1381 3571 suis
1410 3514 1628 3581 habent,
1642 3517 1701 3569 in
1720 3531 1777 3570 eo
1799 3517 1945 3585 quod

327 3600 391 3642 se
420 3585 653 3641 mundos
676 3587 735 3641 in
769 3587 1094 3655 cogitatione
1115 3590 1166 3640 et
1186 3601 1355 3655 puros
1392 3588 1450 3641 in
1478 3589 1685 3642 actione
1709 3602 1809 3641 sua
1835 3602 1944 3643 esse

325 3658 701 3722 mentiuntur,
722 3662 937 3712 caeteros
953 3672 1073 3712 vero
1090 3656 1234 3717 velut
1257 3656 1501 3713 sordidos
1526 3662 1689 3727 atque
1703 3663 1939 3727 peccato-

321 3742 417 3783 res
470 3734 743 3799 respuunt
771 3731 825 3782 et
850 3732 1210 3799 contemnunt,
1238 3731 1399 3797 quasi
1430 3733 1634 3784 statera
1677 3730 1863 3783 dolosa
1889 3733 1941 3785 et

320 3797 594 3854 mensura
611 3797 821 3868 duplici
836 3798 996 3854 aliter
1020 3814 1122 3869 sua
1135 3803 1185 3853 et
1208 3799 1371 3853 aliter
1395 3801 1548 3866 facta
1564 3802 1940 3871 proximorum

464 3873 586 3936 ant,
633 3884 695 3924 ac
732 3885 851 3941 per!
870 3870 966 3924 hoc
1010 3874 1070 3925 in
1099 3875 1324 3941 utroque
1368 3870 1765 3926 abominabiles
1792 3871 1941 3940 apud

464 3885 586 3936 ant,
633 3885 695 3924 ac
732 3885 831 3938 per
870 3885 966 3924 hoc
1010 3886 1070 3925 in
1099 3885 1324 3939 utroque
1368 3885 1546 3926 auom:
1565 3885 1765 3926 naoues
1792 3885 1938 3940 apud

309 3885 508 3997 mm
522 3942 792 3993 existunt:
814 3939 1083 3999 diversum
1097 3934 1330 4009 namque
1344 3941 1559 4008 pondus
1574 3943 1632 3993 in
1642 3943 1795 3994 domo
1816 3957 1938 4005 sua,

274 4068 291 4073 ..
312 4012 614 4069 diversam
632 4008 787 4065 habet
805 4024 1131 4073 mensuram,
1149 4014 1212 4065 ut
1240 4011 1401 4063 aliter
1420 4010 1663 4064 videlicet
1686 4012 1745 4062 in
1760 4018 1940 4066 semet-

280 4126 285 4133 .
313 4084 475 4153 ipso,
510 4081 673 4134 aliter
700 4081 996 4153 mentiatur
1026 4082 1087 4135 in
1107 4082 1378 4153 proximo,
1404 4082 1501 4150 qui
1519 4083 1578 4135 in
1599 4082 1715 4136 suis
1733 4095 1939 4151 semper

314 4143 551 4209 dotibus
580 4166 702 4220 qua:
732 4150 967 4217 laudari,
995 4153 1054 4205 in
1089 4143 1323 4205 dliorum
1346 4143 1469 4206 vero
1494 4166 1615 4221 qua:
1639 4143 1942 4221 vituperari

303 4225 565 4296 possint,
591 4223 846 4296 rimatur.
871 4224 940 4277 Et
962 4221 1079 4287 ideo
1109 4222 1267 4276 talem
1293 4222 1442 4296 juste
1476 4224 1819 4296 abominatur
1835 4227 1939 4280 Do-

311 4293 538 4354 minus,
556 4293 685 4363 quia
696 4294 959 4346 nimirum
982 4297 1245 4363 quantum
1260 4294 1473 4363 sibiinet
1494 4296 1604 4364 ipsi
1624 4294 1823 4362 absque
1837 4309 1938 4349 me-

310 4367 455 4422 ritis
465 4364 673 4436 placet,
692 4367 903 4418 tantum
917 4378 1144 4436 superno
1162 4366 1447 4435 inspectori
1460 4367 1650 4420 merito
1668 4365 1935 4434 displicet.

307 4435 753 4507 Haeceleganter
780 4436 844 4488 D.
875 4435 1270 4507 Hieronymus,
1297 4450 1421 4507 quae
1448 4436 1493 4490 si
1512 4451 1637 4491 cum
1660 4443 1806 4491 textu
1829 4451 1932 4491 no-

306 4515 443 4565 stro
503 4504 883 4572 conferantur,
931 4504 1099 4578 plane
1142 4504 1329 4562 eidem’
1371 4515 1730 4563 consentanea
1781 4522 1934 4578 repe-

303 4578 518 4635 riuntu
529 4588 574 4629 r.
839 4614 842 4617 η
948 4602 954 4607 ι
1408 4600 1411 4603 -

389 4649 418 4684 ιι
462 4644 607 4719 Mihi
641 4644 890 4719 videntur
916 4644 1154 4719 haecgde
1190 4646 1389 4719 triplici
1434 4648 1740 4719 adversario
1786 4664 1945 4719 posse

303 4716 560 4792 eXponi.
610 4726 740 4792 puta
774 4716 862 4792 de!
895 4716 1135 4779 diabolo.
1175 4717 1242 4792 de
1273 4716 1470 4792 carne,
1498 4718 1566 4792 de
1606 4716 1932 4792 conscientia

300 4787 545 4861 nostra.
583 4792 662 4861 De
689 4788 905 4844 diabolo
931 4792 1150 4861 exponit
1176 4787 1469 4861 Dionysius
1499 4789 1597 4847 hac
1622 4790 1931 4861 paraphrasi

303 4862 497 4933 hujus
525 4858 630 4912 loci
664 4874 679 4911 :
708 4861 797 4916 Sic
812 4860 1078 4915 servanda
1107 4864 1186 4915 est
1210 4859 1520 4915 solemnitas
1544 4858 1934 4930 praedictorum

297 4933 572 5002 dierum,
593 4933 654 4981 ut
672 4943 907 4983 concessa
921 4934 1159 4987 remissio
1177 4934 1350 5002 prosit
1373 4934 1549 5000 magis
1567 4948 1732 5001 quam
1751 4938 1937 4988 noceat

298 5003 504 5061 cultui
513 5000 630 5052 sive
634 5002 919 5073 pro/iectui
933 5006 1113 5056 carnis
1124 5000 1414 5066 et'ammat,
1432 5005 1561 5073 quia
1573 5000 1678 5057 inec
1688 5006 1938 5059 stimulus

296 5074 512 5132 carm's
538 5084 715 5144 neque
731 5070 985 5144 diabolus
1004 5076 1288 5142 mitigatur
1309 5070 1508 5143 gaudio
1536 5074 1767 5144 alicujus
1794 5078 1941 5144 festi-

298 5145 520 5202 vitatis
543 5145 644 5195 aut
678 5140 886 5217 dierum
921 5140 1148 5217 honore;
1162 5145 1248 5199 Sic
1287 5140 1422 5217 ipse;
1450 5160 1612 5217 quem
1643 5140 1697 5200 et
1739 5140 1941 5201 Lavar-

299 5218 487 5272 dinus
542 5211 701 5281 sequi
732 5212 962 5286 videtur.
1006 5217 1090 5286 De
1136 5213 1240 5269 hoc
1278 5211 1483 5286 quippe
1518 5215 1822 5271 adversario
1867 5217 1942 5273 ait

296 5289 524 5346 Petrus
568 5283 864 5353 Apostolus
894 5303 907 5338 :
937 5283 1306 5342 Adversarius
1327 5283 1498 5341 vester
1526 5286 1790 5349 diabolus,
1810 5294 1942 5343 tam-

290 5372 493 5431 quam
525 5355 609 5407 leo
628 5357 843 5431 rugiens
860 5358 1052 5431 circuit
1075 5372 1316 5431 quaerens
1343 5375 1499 5428 quem
1523 5359 1737 5431 devoret
1766 5361 1936 5429 (lPet.

301 5424 387 5502 iv).
430 5435 629 5494 Atque
664 5424 750 5480 hic
775 5424 1114 5502 adversarius
1162 5424 1390 5502 immitis
1424 5438 1480 5485 et
1528 5424 1949 5502 crudelis'nulla

292 5497 547 5561 dierum
580 5497 876 5572 reverentia
915 5499 1213 5572 mitigatur,
1242 5500 1296 5555 id
1320 5509 1422 5564 est,
1445 5501 1592 5556 nulla
1611 5501 1939 5559 solemnita-

295 5584 436 5631 tum
501 5567 814 5645 reverentia
864 5578 915 5623 et
948 5567 1206 5645 religione
1245 5572 1503 5645 tangitur,
1549 5581 1612 5645 ut
1657 5582 1937 5645 propterea

294 5639 709 5720 conquiescat,
740 5646 794 5720 et
823 5655 925 5695 nos
954 5639 1268 5720 impfugnare
1287 5639 1380 5720 seu
1408 5644 1477 5699 ad
1503 5639 1707 5720 malum
1738 5639 1942 5720 sollici-

295 5727 428 5774 tare
441 5710 732 5769 'desistat:
753 5710 930 5784 immo
961 5710 1071 5784 quo
1102 5710 1446 5771 remissiores
1462 5723 1517 5771 et
1544 5716 1830 5784 liberiores
1851 5715 1939 5772 of-

294 5786 521 5852 fendit,
573 5797 641 5837 eo
678 5781 943 5840 audacius
979 5781 1041 5840 et
1078 5783 1437 5858 importunius
1476 5782 1828 5859 aggreditur';
1869 5787 1938 5844 de

2054 2612 2217 2670 carne
2243 2596 2411 2653 etiam
2446 2611 2543 2652 seu
2569 2596 2744 2670 carnis
2772 2595 3068 2670 cupiditate
3105 2602 3286 2670 potest
3309 2597 3554 2670 intelligi,
3585 2614 3651 2656 eo

2057 2612 2217 2655 carne
2243 2612 2411 2653 etiam
2446 2612 2543 2652 seu
2569 2612 2744 2653 carnis
2772 2612 3068 2722 auxiliante
3105 2612 3286 2668 pctest
3309 2612 3554 2670 Intelllgl,
3585 2614 3647 2656 eo

2057 2668 2223 2725 modo
2252 2684 2362 2739 quo
2386 2683 2415 2722 a
2444 2667 2717 2723 nonnullis
2742 2669 2840 2736 (At
2915 2673 3215 2739 nas.qq.62,
3248 2669 3284 2739 ζ.
3322 2684 3345 2725 1
3372 2672 3526 2739 epist.
3554 2677 3647 2734 80,

2055 2737 2316 2796 Iuvencus
2346 2755 2405 2793 in
2432 2742 2620 2801 carm.)
2651 2748 2998 2809 exponuntur
3036 2737 3125 2793 illa
3163 2737 3325 2794 verba
3354 2737 3651 2798 salvatoris

2056 2810 2255 2865 Matth.
2288 2826 2318 2860 v
2349 2831 2361 2865 :
2401 2812 2529 2865 Esto
2556 2812 2882 2865 consentiens
2910 2809 3220 2864 adversario
3248 2815 3338 2865 tuo
3363 2811 3486 2873 cito,
3520 2812 3650 2868 dum

2047 2896 2100 2935 es
2120 2897 2240 2936 cum
2267 2896 2326 2936 eo
2343 2883 2402 2936 in
2426 2883 2539 2949 via,
2560 2890 2668 2952 etc.
2693 2882 2816 2950 Quo
2831 2880 3048 2952 quidem
3072 2880 3130 2934 in
3152 2880 3292 2943 loco,
3310 2880 3388 2936 ait
3408 2881 3648 2939 Isidorus

2046 2953 2368 3017 Pelusiotes,
2384 2968 2483 3022 per
2500 2951 2889 3024 adversarium,
2920 2952 3160 3024 corporis
3168 2953 3525 3024 cupiditatem
3533 2957 3649 3024 spi-

2043 3024 2184 3077 ritui
2227 3027 2615 3093 repugnantem
2643 3022 2827 3077 divine
2851 3023 3131 3091 intelligit.
3163 3022 3320 3077 Viam
3354 3029 3535 3079 autem
3553 3022 3647 3080 hic

2044 3096 2211 3147 vitam
2236 3099 2408 3162 vocat,
2451 3109 2572 3162 quae
2601 3109 2636 3147 a
2661 3108 2850 3163 genere
2876 3108 3059 3149 nostro
3083 3095 3200 3148 sine
3233 3095 3348 3148 ulla
3374 3096 3648 3153 institione

2044 3169 2385 3233 peragratur.
2413 3164 2732 3220 Consensum
2756 3165 2985 3235 denique
3003 3180 3066 3219 ac
3089 3164 3497 3220 benevolentiam
3519 3181 3647 3236 erga

2047 3249 2256 3304 corpus,
2299 3237 2629 3302 agnitionem
2673 3236 2977 3291 rebellionis
3022 3237 3193 3305 ipsius
3236 3237 3498 3306 appellat,
3524 3254 3645 3307 quae

2050 3308 2330 3376 confestim
2343 3308 2584 3373 perspici
2591 3306 2775 3360 debet:
2793 3322 2858 3360 ne
2884 3307 3110 3374 alioqui,
3132 3307 3182 3360 si
3205 3308 3376 3374 ipsius
3404 3306 3646 3376 imperiis

2052 3375 2504 3440 succubuerimus,
2515 3389 2578 3446 ac
2595 3389 2680 3446 res
2704 3390 2937 3446 superna
2949 3377 3217 3446 vocatione
3246 3375 3499 3444 indignas
3512 3392 3644 3446 per-

2052 3446 2461 3513 petraverimus,
2490 3443 2560 3496 ab
2597 3444 2695 3497 illa
2730 3444 2914 3499 Judici
2938 3447 3054 3498 tum
3094 3443 3381 3509 dedamur,
3411 3443 3533 3500 cuni
3568 3450 3644 3505 ad

2177 3530 2213 3568 a
2237 3519 2428 3569 nostra
2454 3519 2505 3569 et
2527 3529 2786 3569 sermones
2806 3514 3131 3584 colligendos
3156 3518 3384 3579 venerit,
3413 3516 3642 3574 redden-

2088 3588 2284 3655 umque
2299 3586 2586 3655 unicuique
2600 3584 2770 3653 juxta
2808 3600 2939 3655 Opus
2971 3601 3146 3641 suum.
3187 3585 3275 3641 Sic
3302 3585 3392 3642 ille
3416 3602 3480 3642 ex
3516 3604 3642 3646 ver-

2048 3656 2202 3728 sione
2231 3655 2478 3712 Billiana.
2505 3659 2721 3728 Verum~
2754 3657 2880 3728 haec;
2908 3656 3177 3728 expositio
3206 3657 3387 3713 minus
3412 3657 3645 3718 fortasse

2049 3727 2247 3784 ido‘nea
2299 3735 2355 3781 et
2386 3726 2679 3787 commoda
2710 3726 2842 3800 huic
2869 3726 3200 3800 locouvideri
3236 3729 3407 3800 possit
3449 3729 3533 3800 (ut
3571 3733 3643 3788 de

2048 3807 2199 3854 textu
2247 3807 2300 3853 et
2337 3813 2501 3869 sensu
2547 3797 2857 3867 evangelico
2894 3796 3037 3869 nihil
3090 3796 3308 3866 dicam),
3353 3796 3499 3869 quod
3536 3800 3641 3857 hoc

2048 3871 2215 3941 modo
2262 3885 2375 3924 non
2427 3868 2852 3941 distingueretur
2893 3867 3012 3941 haec
3056 3869 3323 3941 sententia
3366 3867 3399 3923 ἐι
3433 3884 3640 3940 prace-

2046 3940 2413 4011 dente,qcum
2453 3939 2543 3996 hic
2584 3937 2919 4011 adversarius
2956 3937 3104 3995 idem
3150 3938 3220 3995 sit
3260 3954 3387 4011 cum
3434 3937 3641 3998 aculeis

2046 4012 2225 4067 carnis
2243 4009 2263 4078 ς’
2314 4010 2755 4082 proindenulla
2796 4009 2995 4082 fuisset
3046 4026 3185 4082 opus
3225 4010 3569 4082 distinctione
3622 4035 3635 4070 :

2046 4079 2456 4151 quamvis'vere
2495 4080 2659 4135 etiam
2705 4080 2807 4151 dici
2842 4080 3024 4151 possit
3064 4079 3153 4135 hic
3188 4080 3552 4151 adversarius,
3585 4083 3640 4140 id

2045 4148 2145 4223 est,
2173 4151 2348 4206 carnis
2376 4150 2637 4223 stimulus
2659 4150 2806 4223 nulla
2827 4149 3036 4223 dierum
3061 4148 3361 4223 reverentia
3376 4152 3638 4223 mitigari,

2045 4220 2100 4276 id
2124 4230 2225 4288 est,
2249 4221 2657 4290 conquiescere,
2689 4220 2784 4289 qui
2810 4219 2977 4275 etiam
3002 4222 3066 4291 Β,
3097 4221 3266 4275 Paulo
3280 4221 3472 4291 quovis
3497 4219 3638 4279 tem?

2044 4306 2177 4363 pore
2222 4289 2641 4364 molestuserat
2692 4291 2741 4358 (I
2778 4291 2894 4364 cor.
2938 4289 3093 4364 xw).
3138 4289 3320 4364 Tertia
3350 4293 3637 4364 expositio,

2043 4360 2166 4435 qua:
2194 4362 2325 4435 mihi
2364 4362 2540 4431 magis
2564 4362 2769 4435 placet,
2799 4360 2866 4418 de
2894 4362 3255 4432 conscientia,
3280 4360 3536 4435 qum‘nos
3576 4360 3640 4422 ut

2041 4432 2396 4505 gravissimus
2425 4432 2768 4489 adversarius
2793 4441 3040 4499 accusat;
3065 4448 3242 4558 neque
3266 4432 3525 4506 mitigari,
3556 4452 3640 4508 pa-

2042 4506 2154 4558 cari
2186 4515 2239 4558 et
2263 4520 2452 4558 secura
2476 4520 2591 4558 esse
2620 4513 2815 4558 notest.
2845 4504 2891 4558 si
2929 4520 3030 4558 nos
3049 4505 3105 4558 in
3173 4505 3328 4558 iebus
3352 4506 3638 4558 Ouinana-

2042 4504 2160 4578 Cari
2186 4515 2239 4560 et
2263 4520 2452 4562 secura
2476 4520 2591 4578 esse
2620 4513 2815 4575 potest,
2845 4504 2891 4559 si
2929 4520 3030 4578 nos
3049 4505 3112 4578 ing
3133 4504 3328 4578 diebus
3352 4504 3638 4578 Quinqua-

2051 4577 2297 4648 gesimae,
2331 4584 2425 4632 aut
2454 4577 2559 4632 alia
2585 4574 2947 4648 sOlemnitate,
2978 4574 3271 4648 nimiauti
3297 4574 3538 4644 licentia,
3563 4577 3638 4632 in-

2051 4646 2456 4720 temperantia,
2485 4648 2566 4703 vel
2619 4647 2942 4720 remissione
2969 4646 3243 4720 _senserit,
3288 4661 3412 4716 qua:
3462 4648 3634 4704 cultui

2049 4717 2461 4790 sive'profectui
2492 4718 2739 4789 corporis
2783 4718 2861 4790 vel
2891 4717 3091 4790 anima:
3121 4725 3341 4790 noceat,
3379 4724 3442 4772 ut
3482 4732 3640 4790 supe-

1961 4774 2012 4836 Ῑ)
2041 4774 2152 4846 rius
2174 4774 2380 4847 dictum
2404 4799 2501 4844 est.
2537 4774 2628 4860 De
2646 4804 2756 4860 quo
2785 4786 3098 4860 adversario
3127 4774 3433 4860 eodemque
3455 4774 3638 4860 Jud'ice

2041 4876 2105 4918 ac
2148 4862 2356 4916 vindice
2388 4876 2553 4929 supra
2600 4858 2737 4914 diXit
2785 4859 2932 4929 (Cap.
2976 4863 3065 4924 22)
3103 4876 3116 4911 :
3153 4858 3368 4915 Residet
3406 4858 3472 4913 in
3510 4875 3636 4915 con-

2041 4934 2265 4987 scientia
2282 4935 2465 4986 noxtra
2488 4932 2828 5000 incorruptus
2843 4930 3062 5003 quidam
3071 4945 3135 4985 ac
3153 4945 3308 4984 verus
3323 4930 3522 4999 judem,
3543 4934 3643 5003 qui

2043 5017 2445 5072 nonnumquam
2463 5016 2621 5070 super
2647 5005 2794 5055 statu
2816 5002 3077 5071 puritatis
3096 5006 3297 5056 nostra:
3321 5005 3526 5057 cunctis
3560 5019 3638 5058 er-

2044 5075 2289 5129 rantibus
2316 5074 2456 5128 solus
2483 5075 2599 5142 ipse
2633 5089 2739 5127 non
2762 5073 2998 5141 fallitur.
3029 5073 3095 5127 Et
3122 5072 3252 5128 alibi
3294 5081 3455 5127 vocat
3493 5075 3638 5129 arbi-

2047 5150 2210 5211 tram,
2236 5161 2340 5199 non
2366 5145 2537 5199 solum
2563 5148 2798 5206 actuum,
2828 5144 2920 5200 sed
2947 5148 2998 5199 et
3018 5146 3405 5213 cogitationum
3426 5148 3640 5199 nostra-

2044 5233 2167 5271 rum
2197 5218 2565 5286 conscientiam
2591 5216 2797 5284 (Collat.
2832 5221 2917 5282 tl,
2946 5215 3168 5286 capsit).
3193 5215 3374 5283 Quam
3404 5217 3473 5269 D.
3503 5214 3641 5270 Hie-

2046 5304 2312 5360 ronymus
2349 5285 2671 5360 cvvrﬁpqctv,
2720 5285 3292 5360 vulgus_synderesim
3339 5294 3637 5360 nuncupat.

2045 5356 2225 5430 Atq'ue
2246 5360 2352 5414 hoc
2380 5359 2549 5414 modo
2577 5358 2741 5430 etiam
2768 5356 2840 5412 Df
2856 5356 3186 5430 Athanasius
3206 5358 3423 5424 (Quasi.
3450 5362 3540 5422 62)
3563 5357 3644 5413 lo-

2045 5427 2171 5484 cum
2202 5431 2350 5484 illum
2386 5429 2653 5500 Evangelii
2689 5428 2902 5489 (Matth.
2931 5427 2993 5499 ν)
3023 5428 3415 5500 interpretatur
3450 5446 3463 5482 :
3490 5431 3640 5485 Dici-

2047 5506 2155 5563 tur,
2183 5501 2379 5570 inquit,
2421 5499 2586 5556 etiam
2631 5501 2953 5555 conscientia
2994 5499 3359 5554 adversarius.
3391 5501 3527 5555 Nam
3564 5514 3645 5555 oc-

2045 5574 2183 5627 culte
2202 5587 2297 5626 nos
2320 5574 2378 5626 in
2407 5571 2561 5627 corde
2584 5576 2764 5626 nostra
2790 5571 3093 5639 redarguit,
3128 5576 3320 5627 coercet
3349 5586 3382 5625 a
3406 5572 3568 5633 malo,
3597 5575 3648 5626 et

2046 5646 2099 5698 si
2118 5645 2285 5699 simus
2310 5643 2691 5707 inobedientes,
2714 5642 2929 5696 tandem
2943 5656 3036 5696 nos
3055 5642 3130 5696 ad
3160 5646 3257 5700 Dei
3274 5643 3522 5698 tribunal
3538 5644 3647 5696 sis—

2047 5716 2245 5777 tit,ubi
2257 5720 2307 5770 et
2328 5730 2514 5785 plenas
2543 5714 2816 5779 dabimus,
2835 5718 2950 5767 tum
2973 5717 3266 5770 enormith
3288 5719 3645 5785 peccatorum,
3707 5742 3720 5755 -

2047 5792 2164 5842 tum
2190 5788 2352 5843 etiam
2381 5788 2577 5843 levium
2605 5790 2656 5842 et
2684 5786 3048 5840 minimarum.
