  <div class='ocr_page' id='page_1' title='image "/cluster/home/n/w/nwhite01/storage/ocr_20150623/49/hvd.32044096580709/608.png"; bbox 0 0 4014 6202; ppageno 0'>
   <div class='ocr_carea' id='block_1_1' title="bbox 332 306 459 362">
    <p class='ocr_par' dir='ltr' id='par_1_1' title="bbox 332 306 459 362">
     <span class='ocr_line' id='line_1_1' title="bbox 332 306 459 362; baseline 0.016 -2"><span class='ocrx_word' id='word_1_1' title='bbox 332 306 459 362; x_wconf 77' lang='grc'><strong>1201</strong></span> 
     </span>
    </p>
   </div>
   <div class='ocr_carea' id='block_1_2' title="bbox 1063 307 2895 378">
    <p class='ocr_par' dir='ltr' id='par_1_2' title="bbox 1063 307 2895 378">
     <span class='ocr_line' id='line_1_2' title="bbox 1063 307 2895 378; baseline -0.001 -10"><span class='ocrx_word' id='word_1_2' title='bbox 1063 308 1398 368; x_wconf 81' lang='lat' dir='ltr'><strong>COLLATIO</strong></span> <span class='ocrx_word' id='word_1_3' title='bbox 1436 311 1573 366; x_wconf 83' lang='lat' dir='ltr'><strong>XXI.</strong></span> <span class='ocrx_word' id='word_1_4' title='bbox 1609 339 1684 351; x_wconf 91' lang='lat'><strong><em>—</em></strong></span> <span class='ocrx_word' id='word_1_5' title='bbox 1720 310 1808 366; x_wconf 89' lang='lat' dir='ltr'><strong>DE</strong></span> <span class='ocrx_word' id='word_1_6' title='bbox 1847 307 2254 367; x_wconf 83' lang='lat' dir='ltr'><strong>REMISSIONE</strong></span> <span class='ocrx_word' id='word_1_7' title='bbox 2291 310 2895 378; x_wconf 67' lang='lat' dir='ltr'><strong>QUINQUAGESIME.</strong></span> 
     </span>
    </p>
   </div>
   <div class='ocr_carea' id='block_1_3' title="bbox 3501 313 3638 372">
    <p class='ocr_par' dir='ltr' id='par_1_3' title="bbox 3501 313 3638 372">
     <span class='ocr_line' id='line_1_3' title="bbox 3501 313 3638 372; baseline 0.044 -6"><span class='ocrx_word' id='word_1_8' title='bbox 3501 316 3522 366; x_wconf 82' lang='lat' dir='ltr'><strong>l</strong></span> <span class='ocrx_word' id='word_1_9' title='bbox 3533 313 3638 372; x_wconf 89' lang='grc'><strong>202</strong></span> 
     </span>
    </p>
   </div>
   <div class='ocr_carea' id='block_1_4' title="bbox 325 433 3634 508">
    <p class='ocr_par' dir='ltr' id='par_1_4' title="bbox 325 433 3634 508">
     <span class='ocr_line' id='line_1_4' title="bbox 325 433 3634 508; baseline 0.001 -19"><span class='ocrx_word' id='word_1_10' title='bbox 325 447 660 506; x_wconf 90' lang='lat' dir='ltr'><strong>operumque</strong></span> <span class='ocrx_word' id='word_1_11' title='bbox 682 441 1002 491; x_wconf 90' lang='lat' dir='ltr'><strong>nostrorum</strong></span> <span class='ocrx_word' id='word_1_12' title='bbox 1035 433 1278 491; x_wconf 82' lang='lat' dir='ltr'><strong>decimas</strong></span> <span class='ocrx_word' id='word_1_13' title='bbox 1307 433 1626 503; x_wconf 86' lang='lat' dir='ltr'><strong>offeramus,</strong></span> <span class='ocrx_word' id='word_1_14' title='bbox 1647 449 1773 506; x_wconf 61' lang='lat' dir='ltr'><strong>quae</strong></span> <span class='ocrx_word' id='word_1_15' title='bbox 1799 449 1924 508; x_wconf 91' lang='lat' dir='ltr'><strong>pro-</strong></span> <span class='ocrx_word' id='word_1_16' title='bbox 1951 438 2004 503; x_wconf 84' lang='grc' dir='ltr'><strong>Α</strong></span> <span class='ocrx_word' id='word_1_17' title='bbox 2034 435 2246 492; x_wconf 88' lang='lat' dir='ltr'><strong>nendos</strong></span> <span class='ocrx_word' id='word_1_18' title='bbox 2271 435 2319 492; x_wconf 93' lang='lat' dir='ltr'><strong>ei</strong></span> <span class='ocrx_word' id='word_1_19' title='bbox 2349 434 2590 508; x_wconf 84' lang='lat' dir='ltr'><strong>hymnos</strong></span> <span class='ocrx_word' id='word_1_20' title='bbox 2615 435 2795 508; x_wconf 89' lang='lat' dir='ltr'><strong>primo</strong></span> <span class='ocrx_word' id='word_1_21' title='bbox 2816 435 3088 492; x_wconf 87' lang='lat' dir='ltr'><strong>lahiorum</strong></span> <span class='ocrx_word' id='word_1_22' title='bbox 3121 436 3356 492; x_wconf 86' lang='lat' dir='ltr'><strong>claustra</strong></span> <span class='ocrx_word' id='word_1_23' title='bbox 3383 450 3634 494; x_wconf 87' lang='lat' dir='ltr'><strong>reseran-</strong></span> 
     </span>
    </p>
   </div>
   <div class='ocr_carea' id='block_1_5' title="bbox 328 523 1932 601">
    <p class='ocr_par' dir='ltr' id='par_1_5' title="bbox 328 523 1932 601">
     <span class='ocr_line' id='line_1_5' title="bbox 328 523 1932 601; baseline 0.002 -21"><span class='ocrx_word' id='word_1_24' title='bbox 328 523 470 584; x_wconf 87' lang='lat' dir='ltr'><strong>fecto</strong></span> <span class='ocrx_word' id='word_1_25' title='bbox 499 527 555 582; x_wconf 92' lang='lat' dir='ltr'><strong>in</strong></span> <span class='ocrx_word' id='word_1_26' title='bbox 583 529 973 600; x_wconf 82' lang='lat' dir='ltr'><strong>supputatione</strong></span> <span class='ocrx_word' id='word_1_27' title='bbox 1014 527 1454 601; x_wconf 68' lang='lat' dir='ltr'><strong>Quadragesimae</strong></span> <span class='ocrx_word' id='word_1_28' title='bbox 1506 527 1786 585; x_wconf 82' lang='lat' dir='ltr'><strong>evidenter</strong></span> <span class='ocrx_word' id='word_1_29' title='bbox 1826 529 1932 584; x_wconf 89' lang='lat' dir='ltr'><strong>im-</strong></span> 
     </span>
    </p>
   </div>
   <div class='ocr_carea' id='block_1_6' title="bbox 327 618 1932 696">
    <p class='ocr_par' dir='ltr' id='par_1_6' title="bbox 327 618 1932 696">
     <span class='ocr_line' id='line_1_6' title="bbox 327 618 1932 696; baseline 0.003 -22"><span class='ocrx_word' id='word_1_30' title='bbox 327 618 560 690; x_wconf 87' lang='lat' dir='ltr'><strong>plentur.</strong></span> <span class='ocrx_word' id='word_1_31' title='bbox 597 621 867 678; x_wconf 88' lang='lat' dir='ltr'><strong>Omnium</strong></span> <span class='ocrx_word' id='word_1_32' title='bbox 891 621 1042 678; x_wconf 91' lang='lat' dir='ltr'><strong>enim</strong></span> <span class='ocrx_word' id='word_1_33' title='bbox 1067 620 1282 680; x_wconf 90' lang='lat' dir='ltr'><strong>dierum</strong></span> <span class='ocrx_word' id='word_1_34' title='bbox 1317 637 1582 680; x_wconf 88' lang='lat' dir='ltr'><strong>numerus</strong></span> <span class='ocrx_word' id='word_1_35' title='bbox 1609 621 1811 696; x_wconf 87' lang='lat' dir='ltr'><strong>quibus</strong></span> <span class='ocrx_word' id='word_1_36' title='bbox 1839 637 1932 679; x_wconf 90' lang='lat' dir='ltr'><strong>re-</strong></span> 
     </span>
    </p>
   </div>
   <div class='ocr_carea' id='block_1_7' title="bbox 330 713 1932 790">
    <p class='ocr_par' dir='ltr' id='par_1_7' title="bbox 330 713 1932 790">
     <span class='ocr_line' id='line_1_7' title="bbox 330 713 1932 790; baseline 0.004 -22"><span class='ocrx_word' id='word_1_37' title='bbox 330 713 552 770; x_wconf 84' lang='lat' dir='ltr'><strong>volutus</strong></span> <span class='ocrx_word' id='word_1_38' title='bbox 598 715 656 770; x_wconf 92' lang='lat' dir='ltr'><strong>in</strong></span> <span class='ocrx_word' id='word_1_39' title='bbox 703 715 896 772; x_wconf 89' lang='lat' dir='ltr'><strong>orbem</strong></span> <span class='ocrx_word' id='word_1_40' title='bbox 937 733 1114 774; x_wconf 89' lang='lat' dir='ltr'><strong>annus</strong></span> <span class='ocrx_word' id='word_1_41' title='bbox 1154 717 1470 788; x_wconf 82' lang='lat' dir='ltr'><strong>includitur,</strong></span> <span class='ocrx_word' id='word_1_42' title='bbox 1520 721 1541 748; x_wconf 82' lang='grc'><strong>⁸</strong></span> <span class='ocrx_word' id='word_1_43' title='bbox 1579 717 1800 790; x_wconf 81' lang='lat' dir='ltr'><strong>triginta</strong></span> <span class='ocrx_word' id='word_1_44' title='bbox 1839 732 1932 774; x_wconf 83' lang='lat' dir='ltr'><strong>sex</strong></span> 
     </span>
    </p>
   </div>
   <div class='ocr_carea' id='block_1_8' title="bbox 327 805 1932 882">
    <p class='ocr_par' dir='ltr' id='par_1_8' title="bbox 327 805 1932 882">
     <span class='ocr_line' id='line_1_8' title="bbox 327 805 1932 882; baseline 0.002 -20"><span class='ocrx_word' id='word_1_45' title='bbox 327 805 499 862; x_wconf 86' lang='lat' dir='ltr'><strong>semis</strong></span> <span class='ocrx_word' id='word_1_46' title='bbox 546 805 760 864; x_wconf 88' lang='lat' dir='ltr'><strong>dierum</strong></span> <span class='ocrx_word' id='word_1_47' title='bbox 795 825 1029 868; x_wconf 90' lang='lat' dir='ltr'><strong>numero</strong></span> <span class='ocrx_word' id='word_1_48' title='bbox 1071 810 1392 868; x_wconf 87' lang='lat' dir='ltr'><strong>decimatur.</strong></span> <span class='ocrx_word' id='word_1_49' title='bbox 1437 813 1504 866; x_wconf 93' lang='lat' dir='ltr'><strong>In</strong></span> <span class='ocrx_word' id='word_1_50' title='bbox 1553 818 1764 882; x_wconf 86' lang='lat' dir='ltr'><strong>septem</strong></span> <span class='ocrx_word' id='word_1_51' title='bbox 1806 825 1932 866; x_wconf 90' lang='lat' dir='ltr'><strong>vero</strong></span> 
     </span>
    </p>
   </div>
   <div class='ocr_carea' id='block_1_9' title="bbox 332 895 1935 973">
    <p class='ocr_par' dir='ltr' id='par_1_9' title="bbox 332 895 1935 973">
     <span class='ocr_line' id='line_1_9' title="bbox 332 895 1935 973; baseline 0.004 -20"><span class='ocrx_word' id='word_1_52' title='bbox 332 895 786 973; x_wconf 86' lang='lat' dir='ltr'><strong>hebdomadibus,</strong></span> <span class='ocrx_word' id='word_1_53' title='bbox 836 903 884 960; x_wconf 88' lang='lat' dir='ltr'><strong>si</strong></span> <span class='ocrx_word' id='word_1_54' title='bbox 913 903 1028 961; x_wconf 90' lang='lat' dir='ltr'><strong>dies</strong></span> <span class='ocrx_word' id='word_1_55' title='bbox 1073 904 1334 961; x_wconf 88' lang='lat' dir='ltr'><strong>dominici</strong></span> <span class='ocrx_word' id='word_1_56' title='bbox 1359 913 1416 961; x_wconf 90' lang='lat' dir='ltr'><strong>et</strong></span> <span class='ocrx_word' id='word_1_57' title='bbox 1450 903 1676 962; x_wconf 89' lang='lat' dir='ltr'><strong>sabbata</strong></span> <span class='ocrx_word' id='word_1_58' title='bbox 1723 903 1935 962; x_wconf 87' lang='lat' dir='ltr'><strong>subtra-</strong></span> 
     </span>
    </p>
   </div>
   <div class='ocr_carea' id='block_1_10' title="bbox 334 988 1936 1070">
    <p class='ocr_par' dir='ltr' id='par_1_10' title="bbox 334 988 1936 1070">
     <span class='ocr_line' id='line_1_10' title="bbox 334 988 1936 1070; baseline 0.004 -25"><span class='ocrx_word' id='word_1_59' title='bbox 334 988 552 1062; x_wconf 88' lang='lat' dir='ltr'><strong>hantur,</strong></span> <span class='ocrx_word' id='word_1_60' title='bbox 579 994 817 1068; x_wconf 90' lang='lat' dir='ltr'><strong>quinque</strong></span> <span class='ocrx_word' id='word_1_61' title='bbox 857 1004 913 1054; x_wconf 93' lang='lat' dir='ltr'><strong>et</strong></span> <span class='ocrx_word' id='word_1_62' title='bbox 956 997 1180 1070; x_wconf 81' lang='lat' dir='ltr'><strong>triginta</strong></span> <span class='ocrx_word' id='word_1_63' title='bbox 1224 1006 1522 1069; x_wconf 83' lang='lat' dir='ltr'><strong>supersunt</strong></span> <span class='ocrx_word' id='word_1_64' title='bbox 1557 997 1671 1054; x_wconf 90' lang='lat' dir='ltr'><strong>dies</strong></span> <span class='ocrx_word' id='word_1_65' title='bbox 1711 997 1936 1070; x_wconf 91' lang='lat' dir='ltr'><strong>jejuniis</strong></span> 
     </span>
    </p>
   </div>
   <div class='ocr_carea' id='block_1_11' title="bbox 331 1079 1936 1163">
    <p class='ocr_par' dir='ltr' id='par_1_11' title="bbox 331 1079 1936 1163">
     <span class='ocr_line' id='line_1_11' title="bbox 331 1079 1936 1163; baseline 0.006 -27"><span class='ocrx_word' id='word_1_66' title='bbox 331 1079 603 1156; x_wconf 86' lang='lat' dir='ltr'><strong>deputati;</strong></span> <span class='ocrx_word' id='word_1_67' title='bbox 635 1085 734 1143; x_wconf 88' lang='lat' dir='ltr'><strong>sed</strong></span> <span class='ocrx_word' id='word_1_68' title='bbox 762 1081 788 1121; x_wconf 74' lang='grc' dir='ltr'>δ</span> <span class='ocrx_word' id='word_1_69' title='bbox 817 1087 1024 1162; x_wconf 87' lang='lat' dir='ltr'><strong>adjecta</strong></span> <span class='ocrx_word' id='word_1_70' title='bbox 1053 1091 1144 1146; x_wconf 92' lang='lat' dir='ltr'><strong>illa</strong></span> <span class='ocrx_word' id='word_1_71' title='bbox 1173 1089 1480 1163; x_wconf 76' lang='lat' dir='ltr'><strong>vigiliarum</strong></span> <span class='ocrx_word' id='word_1_72' title='bbox 1504 1090 1610 1158; x_wconf 90' lang='lat' dir='ltr'><strong>die,</strong></span> <span class='ocrx_word' id='word_1_73' title='bbox 1641 1107 1746 1162; x_wconf 85' lang='lat' dir='ltr'><strong>qua</strong></span> <span class='ocrx_word' id='word_1_74' title='bbox 1763 1105 1936 1162; x_wconf 84' lang='lat' dir='ltr'><strong>usque</strong></span> 
     </span>
    </p>
   </div>
   <div class='ocr_carea' id='block_1_12' title="bbox 333 1171 1934 1258">
    <p class='ocr_par' dir='ltr' id='par_1_12' title="bbox 333 1171 1934 1258">
     <span class='ocr_line' id='line_1_12' title="bbox 333 1171 1934 1258; baseline 0.006 -29"><span class='ocrx_word' id='word_1_75' title='bbox 333 1171 389 1229; x_wconf 87' lang='lat' dir='ltr'><strong>in</strong></span> <span class='ocrx_word' id='word_1_76' title='bbox 417 1175 685 1247; x_wconf 84' lang='lat' dir='ltr'><strong>gallorum</strong></span> <span class='ocrx_word' id='word_1_77' title='bbox 709 1190 953 1251; x_wconf 90' lang='lat' dir='ltr'><strong>cantum,</strong></span> <span class='ocrx_word' id='word_1_78' title='bbox 986 1183 1331 1242; x_wconf 87' lang='lat' dir='ltr'><strong>illucescente</strong></span> <span class='ocrx_word' id='word_1_79' title='bbox 1346 1185 1646 1252; x_wconf 87' lang='lat' dir='ltr'><strong>dominica,</strong></span> <span class='ocrx_word' id='word_1_80' title='bbox 1665 1185 1934 1258; x_wconf 90' lang='lat' dir='ltr'><strong>jejunium</strong></span> 
     </span>
    </p>
   </div>
   <div class='ocr_carea' id='block_1_13' title="bbox 337 1266 1936 1351">
    <p class='ocr_par' dir='ltr' id='par_1_13' title="bbox 337 1266 1936 1351">
     <span class='ocr_line' id='line_1_13' title="bbox 337 1266 1936 1351; baseline 0.008 -29"><span class='ocrx_word' id='word_1_81' title='bbox 337 1266 549 1326; x_wconf 86' lang='lat' dir='ltr'><strong>sabbati</strong></span> <span class='ocrx_word' id='word_1_82' title='bbox 577 1273 892 1344; x_wconf 90' lang='lat' dir='ltr'><strong>protelatur,</strong></span> <span class='ocrx_word' id='word_1_83' title='bbox 919 1291 1036 1334; x_wconf 91' lang='lat' dir='ltr'><strong>non</strong></span> <span class='ocrx_word' id='word_1_84' title='bbox 1059 1277 1241 1334; x_wconf 90' lang='lat' dir='ltr'><strong>solum</strong></span> <span class='ocrx_word' id='word_1_85' title='bbox 1263 1294 1356 1336; x_wconf 88' lang='lat' dir='ltr'><strong>sex</strong></span> <span class='ocrx_word' id='word_1_86' title='bbox 1386 1286 1444 1335; x_wconf 90' lang='lat' dir='ltr'><strong>et</strong></span> <span class='ocrx_word' id='word_1_87' title='bbox 1475 1278 1689 1351; x_wconf 81' lang='lat' dir='ltr'><strong>triginta</strong></span> <span class='ocrx_word' id='word_1_88' title='bbox 1721 1277 1936 1334; x_wconf 90' lang='lat' dir='ltr'><strong>dierum</strong></span> 
     </span>
    </p>
   </div>
   <div class='ocr_carea' id='block_1_14' title="bbox 334 1367 1933 1444">
    <p class='ocr_par' dir='ltr' id='par_1_14' title="bbox 334 1367 1933 1444">
     <span class='ocr_line' id='line_1_14' title="bbox 334 1367 1933 1444; baseline 0.008 -27"><span class='ocrx_word' id='word_1_89' title='bbox 334 1375 594 1423; x_wconf 91' lang='lat' dir='ltr'><strong>numerus</strong></span> <span class='ocrx_word' id='word_1_90' title='bbox 610 1367 960 1441; x_wconf 89' lang='lat' dir='ltr'><strong>adimpletur,</strong></span> <span class='ocrx_word' id='word_1_91' title='bbox 977 1385 1172 1428; x_wconf 88' lang='lat' dir='ltr'><strong>verum</strong></span> <span class='ocrx_word' id='word_1_92' title='bbox 1199 1371 1366 1430; x_wconf 90' lang='lat' dir='ltr'><strong>etiam</strong></span> <span class='ocrx_word' id='word_1_93' title='bbox 1407 1387 1507 1444; x_wconf 90' lang='lat' dir='ltr'><strong>pro</strong></span> <span class='ocrx_word' id='word_1_94' title='bbox 1533 1371 1756 1428; x_wconf 87' lang='lat' dir='ltr'><strong>decimis</strong></span> <span class='ocrx_word' id='word_1_95' title='bbox 1774 1371 1933 1444; x_wconf 93' lang='lat' dir='ltr'><strong>quin-</strong></span> 
     </span>
    </p>
   </div>
   <div class='ocr_carea' id='block_1_15' title="bbox 340 1457 1936 1534">
    <p class='ocr_par' dir='ltr' id='par_1_15' title="bbox 340 1457 1936 1534">
     <span class='ocr_line' id='line_1_15' title="bbox 340 1457 1936 1534; baseline 0.004 -21"><span class='ocrx_word' id='word_1_96' title='bbox 340 1470 446 1528; x_wconf 88' lang='lat' dir='ltr'><strong>que</strong></span> <span class='ocrx_word' id='word_1_97' title='bbox 469 1457 679 1516; x_wconf 89' lang='lat' dir='ltr'><strong>dierum</strong></span> <span class='ocrx_word' id='word_1_98' title='bbox 710 1461 803 1534; x_wconf 90' lang='lat' dir='ltr'><strong>qui</strong></span> <span class='ocrx_word' id='word_1_99' title='bbox 829 1463 1034 1520; x_wconf 88' lang='lat' dir='ltr'><strong>residui</strong></span> <span class='ocrx_word' id='word_1_100' title='bbox 1054 1463 1398 1532; x_wconf 83' lang='lat' dir='ltr'><strong>videbantur,</strong></span> <span class='ocrx_word' id='word_1_101' title='bbox 1417 1464 1463 1520; x_wconf 90' lang='lat' dir='ltr'><strong>si</strong></span> <span class='ocrx_word' id='word_1_102' title='bbox 1502 1462 1636 1520; x_wconf 90' lang='lat' dir='ltr'><strong>illud</strong></span> <span class='ocrx_word' id='word_1_103' title='bbox 1663 1463 1812 1534; x_wconf 90' lang='lat' dir='ltr'><strong>quod</strong></span> <span class='ocrx_word' id='word_1_104' title='bbox 1839 1479 1936 1520; x_wconf 89' lang='lat' dir='ltr'><strong>su-</strong></span> 
     </span>
    </p>
   </div>
   <div class='ocr_carea' id='block_1_16' title="bbox 339 1553 1938 1630">
    <p class='ocr_par' dir='ltr' id='par_1_16' title="bbox 339 1553 1938 1630">
     <span class='ocr_line' id='line_1_16' title="bbox 339 1553 1938 1630; baseline 0.004 -24"><span class='ocrx_word' id='word_1_105' title='bbox 339 1560 534 1622; x_wconf 89' lang='lat' dir='ltr'><strong>perest,</strong></span> <span class='ocrx_word' id='word_1_106' title='bbox 575 1553 851 1626; x_wconf 87' lang='lat' dir='ltr'><strong>adjectum</strong></span> <span class='ocrx_word' id='word_1_107' title='bbox 883 1557 1062 1614; x_wconf 90' lang='lat' dir='ltr'><strong>noctis</strong></span> <span class='ocrx_word' id='word_1_108' title='bbox 1084 1556 1324 1629; x_wconf 88' lang='lat' dir='ltr'><strong>spatium</strong></span> <span class='ocrx_word' id='word_1_109' title='bbox 1364 1565 1734 1628; x_wconf 83' lang='lat' dir='ltr'><strong>computetur,</strong></span> <span class='ocrx_word' id='word_1_110' title='bbox 1759 1556 1938 1630; x_wconf 90' lang='lat' dir='ltr'><strong>pleni-</strong></span> 
     </span>
    </p>
   </div>
   <div class='ocr_carea' id='block_1_17' title="bbox 337 1641 1606 1717">
    <p class='ocr_par' dir='ltr' id='par_1_17' title="bbox 337 1641 1606 1717">
     <span class='ocr_line' id='line_1_17' title="bbox 337 1641 1606 1717; baseline 0.006 -20"><span class='ocrx_word' id='word_1_111' title='bbox 337 1641 513 1717; x_wconf 76' lang='lat' dir='ltr'><strong>tudini</strong></span> <span class='ocrx_word' id='word_1_112' title='bbox 539 1646 702 1702; x_wconf 89' lang='lat' dir='ltr'><strong>totius</strong></span> <span class='ocrx_word' id='word_1_113' title='bbox 727 1663 963 1704; x_wconf 61' lang='lat' dir='ltr'><strong>summa</strong></span> <span class='ocrx_word' id='word_1_114' title='bbox 990 1649 1220 1704; x_wconf 90' lang='lat' dir='ltr'><strong>omnino</strong></span> <span class='ocrx_word' id='word_1_115' title='bbox 1251 1648 1385 1704; x_wconf 84' lang='lat' dir='ltr'><strong>nihil</strong></span> <span class='ocrx_word' id='word_1_116' title='bbox 1412 1648 1606 1706; x_wconf 88' lang='lat' dir='ltr'><strong>deerit.</strong></span> 
     </span>
    </p>
   </div>
   <div class='ocr_carea' id='block_1_18' title="bbox 887 1785 1384 1842">
    <p class='ocr_par' dir='ltr' id='par_1_18' title="bbox 887 1785 1384 1842">
     <span class='ocr_line' id='line_1_18' title="bbox 887 1785 1384 1842; baseline 0 -2"><span class='ocrx_word' id='word_1_117' title='bbox 887 1785 1130 1842; x_wconf 85' lang='lat' dir='ltr'><strong>CAPUT</strong></span> <span class='ocrx_word' id='word_1_118' title='bbox 1167 1785 1384 1842; x_wconf 80' lang='lat' dir='ltr'>XXVI.</span> 
     </span>
    </p>
   </div>
   <div class='ocr_carea' id='block_1_19' title="bbox 337 1907 1940 1983">
    <p class='ocr_par' dir='ltr' id='par_1_19' title="bbox 337 1907 1940 1983">
     <span class='ocr_line' id='line_1_19' title="bbox 337 1907 1940 1983; baseline 0.005 -19"><span class='ocrx_word' id='word_1_119' title='bbox 337 1907 606 1975; x_wconf 82' lang='lat' dir='ltr'><strong>Quomodo</strong></span> <span class='ocrx_word' id='word_1_120' title='bbox 653 1913 818 1967; x_wconf 85' lang='lat' dir='ltr'><strong>etiam</strong></span> <span class='ocrx_word' id='word_1_121' title='bbox 851 1915 1128 1983; x_wconf 77' lang='lat' dir='ltr'><strong>primitias</strong></span> <span class='ocrx_word' id='word_1_122' title='bbox 1172 1919 1382 1970; x_wconf 84' lang='lat' dir='ltr'><strong>nostras</strong></span> <span class='ocrx_word' id='word_1_123' title='bbox 1414 1917 1636 1971; x_wconf 86' lang='lat' dir='ltr'><strong>Domino</strong></span> <span class='ocrx_word' id='word_1_124' title='bbox 1664 1915 1940 1972; x_wconf 83' lang='lat' dir='ltr'><strong>debeamus</strong></span> 
     </span>
    </p>
   </div>
   <div class='ocr_carea' id='block_1_20' title="bbox 1026 1985 1250 2051">
    <p class='ocr_par' dir='ltr' id='par_1_20' title="bbox 1026 1985 1250 2051">
     <span class='ocr_line' id='line_1_20' title="bbox 1026 1985 1250 2051; baseline 0.009 -14"><span class='ocrx_word' id='word_1_125' title='bbox 1026 1985 1250 2051; x_wconf 78' lang='lat' dir='ltr'><strong>offerre.</strong></span> 
     </span>
    </p>
   </div>
   <div class='ocr_carea' id='block_1_21' title="bbox 409 2105 1940 2186">
    <p class='ocr_par' dir='ltr' id='par_1_21' title="bbox 409 2105 1940 2186">
     <span class='ocr_line' id='line_1_21' title="bbox 409 2105 1940 2186; baseline 0.005 -23"><span class='ocrx_word' id='word_1_126' title='bbox 409 2107 558 2177; x_wconf 85' lang='lat' dir='ltr'><strong>Quid</strong></span> <span class='ocrx_word' id='word_1_127' title='bbox 583 2105 607 2132; x_wconf 84' lang='lat'><strong><em>°</em></strong></span> <span class='ocrx_word' id='word_1_128' title='bbox 631 2125 756 2165; x_wconf 91' lang='lat' dir='ltr'><strong>vero</strong></span> <span class='ocrx_word' id='word_1_129' title='bbox 793 2109 860 2166; x_wconf 92' lang='lat' dir='ltr'><strong>de</strong></span> <span class='ocrx_word' id='word_1_130' title='bbox 899 2111 1156 2184; x_wconf 88' lang='lat' dir='ltr'><strong>primitiis</strong></span> <span class='ocrx_word' id='word_1_131' title='bbox 1183 2112 1386 2181; x_wconf 90' lang='lat' dir='ltr'><strong>dicam,</strong></span> <span class='ocrx_word' id='word_1_132' title='bbox 1426 2129 1560 2186; x_wconf 90' lang='lat' dir='ltr'><strong>quas</strong></span> <span class='ocrx_word' id='word_1_133' title='bbox 1587 2113 1657 2170; x_wconf 87' lang='lat' dir='ltr'><strong>ab</strong></span> <span class='ocrx_word' id='word_1_134' title='bbox 1689 2114 1940 2171; x_wconf 90' lang='lat' dir='ltr'><strong>omnibus</strong></span> 
     </span>
    </p>
   </div>
   <div class='ocr_carea' id='block_1_22' title="bbox 331 2200 1946 2278">
    <p class='ocr_par' dir='ltr' id='par_1_22' title="bbox 331 2200 1946 2278">
     <span class='ocr_line' id='line_1_22' title="bbox 331 2200 1946 2278; baseline 0.006 -21"><span class='ocrx_word' id='word_1_135' title='bbox 331 2201 432 2272; x_wconf 89' lang='lat' dir='ltr'><strong>qui</strong></span> <span class='ocrx_word' id='word_1_136' title='bbox 467 2200 684 2258; x_wconf 90' lang='lat' dir='ltr'><strong>Christo</strong></span> <span class='ocrx_word' id='word_1_137' title='bbox 712 2203 946 2261; x_wconf 88' lang='lat' dir='ltr'><strong>ﬁdeliter</strong></span> <span class='ocrx_word' id='word_1_138' title='bbox 987 2203 1344 2276; x_wconf 83' lang='lat' dir='ltr'><strong>famulantur,</strong></span> <span class='ocrx_word' id='word_1_139' title='bbox 1365 2206 1607 2278; x_wconf 85' lang='lat' dir='ltr'><strong>quotidie</strong></span> <span class='ocrx_word' id='word_1_140' title='bbox 1629 2215 1841 2264; x_wconf 89' lang='lat' dir='ltr'><strong>certum</strong></span> <span class='ocrx_word' id='word_1_141' title='bbox 1861 2217 1946 2266; x_wconf 86' lang='lat' dir='ltr'><strong>est</strong></span> 
     </span>
    </p>
   </div>
   <div class='ocr_carea' id='block_1_23' title="bbox 331 2293 1944 2372">
    <p class='ocr_par' dir='ltr' id='par_1_23' title="bbox 331 2293 1944 2372">
     <span class='ocr_line' id='line_1_23' title="bbox 331 2293 1944 2372; baseline 0.004 -21"><span class='ocrx_word' id='word_1_142' title='bbox 331 2293 628 2354; x_wconf 75' lang='lat' dir='ltr'><strong>exhiberi?</strong></span> <span class='ocrx_word' id='word_1_143' title='bbox 652 2299 796 2353; x_wconf 91' lang='lat' dir='ltr'><strong>Nam</strong></span> <span class='ocrx_word' id='word_1_144' title='bbox 833 2314 959 2354; x_wconf 91' lang='lat' dir='ltr'><strong>cum</strong></span> <span class='ocrx_word' id='word_1_145' title='bbox 993 2298 1352 2372; x_wconf 78' lang='lat' dir='ltr'><strong>expergefacti</strong></span> <span class='ocrx_word' id='word_1_146' title='bbox 1379 2315 1410 2356; x_wconf 93' lang='lat' dir='ltr'><strong>a</strong></span> <span class='ocrx_word' id='word_1_147' title='bbox 1449 2315 1673 2367; x_wconf 86' lang='lat' dir='ltr'><strong>somno,</strong></span> <span class='ocrx_word' id='word_1_148' title='bbox 1711 2308 1763 2357; x_wconf 92' lang='lat' dir='ltr'><strong>et</strong></span> <span class='ocrx_word' id='word_1_149' title='bbox 1791 2301 1944 2372; x_wconf 91' lang='lat' dir='ltr'><strong>quasi</strong></span> 
     </span>
    </p>
   </div>
   <div class='ocr_carea' id='block_1_24' title="bbox 335 2389 1948 2468">
    <p class='ocr_par' dir='ltr' id='par_1_24' title="bbox 335 2389 1948 2468">
     <span class='ocr_line' id='line_1_24' title="bbox 335 2389 1948 2468; baseline 0.004 -22"><span class='ocrx_word' id='word_1_150' title='bbox 335 2389 586 2446; x_wconf 89' lang='lat' dir='ltr'><strong>rediviva</strong></span> <span class='ocrx_word' id='word_1_151' title='bbox 640 2400 766 2464; x_wconf 90' lang='lat' dir='ltr'><strong>post</strong></span> <span class='ocrx_word' id='word_1_152' title='bbox 807 2408 1064 2466; x_wconf 89' lang='lat' dir='ltr'><strong>soporem</strong></span> <span class='ocrx_word' id='word_1_153' title='bbox 1115 2393 1392 2451; x_wconf 85' lang='lat' dir='ltr'><strong>alacritate</strong></span> <span class='ocrx_word' id='word_1_154' title='bbox 1431 2403 1736 2468; x_wconf 84' lang='lat' dir='ltr'><strong>surgentes,</strong></span> <span class='ocrx_word' id='word_1_155' title='bbox 1779 2396 1948 2468; x_wconf 88' lang='lat' dir='ltr'><strong>prius-</strong></span> 
     </span>
    </p>
   </div>
   <div class='ocr_carea' id='block_1_25' title="bbox 331 2487 1946 2560">
    <p class='ocr_par' dir='ltr' id='par_1_25' title="bbox 331 2487 1946 2560">
     <span class='ocr_line' id='line_1_25' title="bbox 331 2487 1946 2560; baseline 0.001 -18"><span class='ocrx_word' id='word_1_156' title='bbox 331 2499 512 2558; x_wconf 87' lang='lat' dir='ltr'><strong>quam</strong></span> <span class='ocrx_word' id='word_1_157' title='bbox 549 2494 766 2544; x_wconf 92' lang='lat' dir='ltr'><strong>motum</strong></span> <span class='ocrx_word' id='word_1_158' title='bbox 816 2501 1010 2544; x_wconf 90' lang='lat' dir='ltr'><strong>sensus</strong></span> <span class='ocrx_word' id='word_1_159' title='bbox 1054 2487 1216 2544; x_wconf 91' lang='lat' dir='ltr'><strong>ullius</strong></span> <span class='ocrx_word' id='word_1_160' title='bbox 1259 2487 1425 2546; x_wconf 91' lang='lat' dir='ltr'><strong>corde</strong></span> <span class='ocrx_word' id='word_1_161' title='bbox 1471 2489 1816 2560; x_wconf 85' lang='lat' dir='ltr'><strong>concipiant,</strong></span> <span class='ocrx_word' id='word_1_162' title='bbox 1865 2488 1946 2544; x_wconf 86' lang='lat' dir='ltr'><strong>vel</strong></span> 
     </span>
    </p>
   </div>
   <div class='ocr_carea' id='block_1_26' title="bbox 330 2580 1948 2666">
    <p class='ocr_par' dir='ltr' id='par_1_26' title="bbox 330 2580 1948 2666">
     <span class='ocr_line' id='line_1_26' title="bbox 330 2580 1948 2666; baseline 0.002 -31"><span class='ocrx_word' id='word_1_163' title='bbox 330 2580 672 2638; x_wconf 85' lang='lat' dir='ltr'><strong>memoriam</strong></span> <span class='ocrx_word' id='word_1_164' title='bbox 709 2589 805 2639; x_wconf 90' lang='lat' dir='ltr'><strong>aut</strong></span> <span class='ocrx_word' id='word_1_165' title='bbox 839 2595 1028 2640; x_wconf 89' lang='lat' dir='ltr'><strong>curam</strong></span> <span class='ocrx_word' id='word_1_166' title='bbox 1055 2584 1134 2640; x_wconf 85' lang='lat' dir='ltr'><strong>rei</strong></span> <span class='ocrx_word' id='word_1_167' title='bbox 1165 2581 1456 2640; x_wconf 84' lang='lat' dir='ltr'><strong>familiaris</strong></span> <span class='ocrx_word' id='word_1_168' title='bbox 1493 2581 1814 2666; x_wconf 82' lang='lat' dir='ltr'><strong>admittant,</strong></span> <span class='ocrx_word' id='word_1_169' title='bbox 1861 2597 1948 2638; x_wconf 85' lang='lat' dir='ltr'><strong>co-</strong></span> 
     </span>
    </p>
   </div>
   <div class='ocr_carea' id='block_1_27' title="bbox 330 2671 1972 2748">
    <p class='ocr_par' dir='ltr' id='par_1_27' title="bbox 330 2671 1972 2748">
     <span class='ocr_line' id='line_1_27' title="bbox 330 2671 1972 2748; baseline 0.002 -21"><span class='ocrx_word' id='word_1_170' title='bbox 330 2671 672 2744; x_wconf 87' lang='lat' dir='ltr'><strong>gitationum</strong></span> <span class='ocrx_word' id='word_1_171' title='bbox 719 2690 942 2732; x_wconf 91' lang='lat' dir='ltr'><strong>suarum</strong></span> <span class='ocrx_word' id='word_1_172' title='bbox 1005 2683 1158 2732; x_wconf 87' lang='lat' dir='ltr'><strong>ortus</strong></span> <span class='ocrx_word' id='word_1_173' title='bbox 1213 2683 1377 2747; x_wconf 88' lang='lat' dir='ltr'><strong>atque</strong></span> <span class='ocrx_word' id='word_1_174' title='bbox 1426 2674 1688 2748; x_wconf 87' lang='lat' dir='ltr'><strong>principia</strong></span> <span class='ocrx_word' id='word_1_175' title='bbox 1752 2673 1972 2731; x_wconf 78' lang='lat' dir='ltr'><strong>divinis.</strong></span> 
     </span>
    </p>
   </div>
   <div class='ocr_carea' id='block_1_28' title="bbox 335 2766 1949 2840">
    <p class='ocr_par' dir='ltr' id='par_1_28' title="bbox 335 2766 1949 2840">
     <span class='ocr_line' id='line_1_28' title="bbox 335 2766 1949 2840; baseline 0.002 -20"><span class='ocrx_word' id='word_1_176' title='bbox 335 2775 662 2822; x_wconf 86' lang='lat' dir='ltr'><strong>consecrant</strong></span> <span class='ocrx_word' id='word_1_177' title='bbox 677 2766 1027 2836; x_wconf 88' lang='lat' dir='ltr'><strong>holocaustis,</strong></span> <span class='ocrx_word' id='word_1_178' title='bbox 1054 2767 1187 2839; x_wconf 90' lang='lat' dir='ltr'><strong>quid</strong></span> <span class='ocrx_word' id='word_1_179' title='bbox 1227 2767 1334 2824; x_wconf 91' lang='lat' dir='ltr'><strong>nisi</strong></span> <span class='ocrx_word' id='word_1_180' title='bbox 1374 2767 1640 2840; x_wconf 86' lang='lat' dir='ltr'><strong>primitias</strong></span> <span class='ocrx_word' id='word_1_181' title='bbox 1671 2782 1796 2824; x_wconf 90' lang='lat' dir='ltr'><strong>vere</strong></span> <span class='ocrx_word' id='word_1_182' title='bbox 1821 2781 1949 2824; x_wconf 83' lang='lat' dir='ltr'><strong>suo-</strong></span> 
     </span>
    </p>
   </div>
   <div class='ocr_carea' id='block_1_29' title="bbox 334 2858 1946 2934">
    <p class='ocr_par' dir='ltr' id='par_1_29' title="bbox 334 2858 1946 2934">
     <span class='ocr_line' id='line_1_29' title="bbox 334 2858 1946 2934; baseline 0 -18"><span class='ocrx_word' id='word_1_183' title='bbox 334 2874 470 2916; x_wconf 88' lang='lat' dir='ltr'><strong>rum</strong></span> <span class='ocrx_word' id='word_1_184' title='bbox 505 2858 814 2928; x_wconf 77' lang='lat' dir='ltr'><strong>fructuum,</strong></span> <span class='ocrx_word' id='word_1_185' title='bbox 859 2877 958 2934; x_wconf 87' lang='lat' dir='ltr'><strong>per</strong></span> <span class='ocrx_word' id='word_1_186' title='bbox 1017 2876 1305 2918; x_wconf 89' lang='lat' dir='ltr'><strong>summum</strong></span> <span class='ocrx_word' id='word_1_187' title='bbox 1360 2860 1701 2918; x_wconf 90' lang='lat' dir='ltr'><strong>sacerdotem</strong></span> <span class='ocrx_word' id='word_1_188' title='bbox 1755 2863 1946 2917; x_wconf 90' lang='lat' dir='ltr'><strong>Jesum</strong></span> 
     </span>
    </p>
   </div>
   <div class='ocr_carea' id='block_1_30' title="bbox 334 2951 1946 3028">
    <p class='ocr_par' dir='ltr' id='par_1_30' title="bbox 334 2951 1946 3028">
     <span class='ocr_line' id='line_1_30' title="bbox 334 2951 1946 3028; baseline 0.001 -20"><span class='ocrx_word' id='word_1_189' title='bbox 334 2951 644 3021; x_wconf 86' lang='lat' dir='ltr'><strong>Christum,</strong></span> <span class='ocrx_word' id='word_1_190' title='bbox 667 2969 770 3023; x_wconf 90' lang='lat' dir='ltr'><strong>pro</strong></span> <span class='ocrx_word' id='word_1_191' title='bbox 796 2969 905 3010; x_wconf 85' lang='lat' dir='ltr'><strong>usu</strong></span> <span class='ocrx_word' id='word_1_192' title='bbox 926 2955 1050 3010; x_wconf 79' lang='lat' dir='ltr'><strong>vitae</strong></span> <span class='ocrx_word' id='word_1_193' title='bbox 1077 2955 1240 3027; x_wconf 87' lang='lat' dir='ltr'><strong>hujus</strong></span> <span class='ocrx_word' id='word_1_194' title='bbox 1268 2963 1324 3011; x_wconf 88' lang='lat' dir='ltr'><strong>et</strong></span> <span class='ocrx_word' id='word_1_195' title='bbox 1349 2954 1587 3028; x_wconf 81' lang='lat' dir='ltr'><strong>imagine</strong></span> <span class='ocrx_word' id='word_1_196' title='bbox 1613 2951 1946 3025; x_wconf 71' lang='lat' dir='ltr'><strong>quotidianae</strong></span> 
     </span>
    </p>
   </div>
   <div class='ocr_carea' id='block_1_31' title="bbox 333 3045 1944 3118">
    <p class='ocr_par' dir='ltr' id='par_1_31' title="bbox 333 3045 1944 3118">
     <span class='ocr_line' id='line_1_31' title="bbox 333 3045 1944 3118; baseline -0.001 -16"><span class='ocrx_word' id='word_1_197' title='bbox 333 3045 758 3102; x_wconf 88' lang='lat' dir='ltr'><strong>resurrectionis</strong></span> <span class='ocrx_word' id='word_1_198' title='bbox 807 3047 1132 3103; x_wconf 84' lang='lat' dir='ltr'><strong>exsolvunt?</strong></span> <span class='ocrx_word' id='word_1_199' title='bbox 1191 3047 1402 3118; x_wconf 89' lang='lat' dir='ltr'><strong>Quique</strong></span> <span class='ocrx_word' id='word_1_200' title='bbox 1451 3047 1617 3102; x_wconf 88' lang='lat' dir='ltr'><strong>etiam</strong></span> <span class='ocrx_word' id='word_1_201' title='bbox 1664 3061 1696 3102; x_wconf 90' lang='lat' dir='ltr'><strong>a</strong></span> <span class='ocrx_word' id='word_1_202' title='bbox 1749 3061 1944 3102; x_wconf 89' lang='lat' dir='ltr'><strong>somno</strong></span> 
     </span>
    </p>
   </div>
   <div class='ocr_carea' id='block_1_32' title="bbox 333 3137 1948 3212">
    <p class='ocr_par' dir='ltr' id='par_1_32' title="bbox 333 3137 1948 3212">
     <span class='ocr_line' id='line_1_32' title="bbox 333 3137 1948 3212; baseline -0.001 -14"><span class='ocrx_word' id='word_1_203' title='bbox 333 3140 584 3206; x_wconf 81' lang='lat' dir='ltr'><strong>excitati,</strong></span> <span class='ocrx_word' id='word_1_204' title='bbox 625 3137 861 3196; x_wconf 89' lang='lat' dir='ltr'><strong>hostiam</strong></span> <span class='ocrx_word' id='word_1_205' title='bbox 882 3139 1222 3212; x_wconf 88' lang='lat' dir='ltr'><strong>jubilationis</strong></span> <span class='ocrx_word' id='word_1_206' title='bbox 1245 3154 1362 3197; x_wconf 63' lang='lat' dir='ltr'><strong>sua:</strong></span> <span class='ocrx_word' id='word_1_207' title='bbox 1394 3141 1504 3196; x_wconf 90' lang='lat' dir='ltr'><strong>Deo</strong></span> <span class='ocrx_word' id='word_1_208' title='bbox 1545 3139 1794 3196; x_wconf 86' lang='lat' dir='ltr'><strong>similiter</strong></span> <span class='ocrx_word' id='word_1_209' title='bbox 1817 3139 1948 3196; x_wconf 83' lang='lat' dir='ltr'><strong>offe-</strong></span> 
     </span>
    </p>
   </div>
   <div class='ocr_carea' id='block_1_33' title="bbox 2039 527 3638 609">
    <p class='ocr_par' dir='ltr' id='par_1_33' title="bbox 2039 527 3638 609">
     <span class='ocr_line' id='line_1_33' title="bbox 2039 527 3638 609; baseline 0 -23"><span class='ocrx_word' id='word_1_210' title='bbox 2039 537 2143 599; x_wconf 89' lang='lat' dir='ltr'><strong>tes,</strong></span> <span class='ocrx_word' id='word_1_211' title='bbox 2167 529 2461 586; x_wconf 89' lang='lat' dir='ltr'><strong>immolant</strong></span> <span class='ocrx_word' id='word_1_212' title='bbox 2487 531 2604 586; x_wconf 88' lang='lat' dir='ltr'><strong>Deo</strong></span> <span class='ocrx_word' id='word_1_213' title='bbox 2635 529 2721 585; x_wconf 92' lang='lat' dir='ltr'><strong>sui</strong></span> <span class='ocrx_word' id='word_1_214' title='bbox 2769 529 2880 586; x_wconf 88' lang='lat' dir='ltr'><strong>oris</strong></span> <span class='ocrx_word' id='word_1_215' title='bbox 2928 527 3132 609; x_wconf 77' lang='lat' dir='ltr'><strong>ofﬁcia.</strong></span> <span class='ocrx_word' id='word_1_216' title='bbox 3177 530 3278 586; x_wconf 92' lang='lat' dir='ltr'><strong>Cui</strong></span> <span class='ocrx_word' id='word_1_217' title='bbox 3311 529 3478 586; x_wconf 90' lang='lat' dir='ltr'><strong>etiam</strong></span> <span class='ocrx_word' id='word_1_218' title='bbox 3521 531 3638 603; x_wconf 90' lang='lat' dir='ltr'><strong>pari</strong></span> 
     </span>
    </p>
   </div>
   <div class='ocr_carea' id='block_1_34' title="bbox 2039 619 3638 694">
    <p class='ocr_par' dir='ltr' id='par_1_34' title="bbox 2039 619 3638 694">
     <span class='ocr_line' id='line_1_34' title="bbox 2039 619 3638 694; baseline 0.001 -16"><span class='ocrx_word' id='word_1_219' title='bbox 2039 619 2294 678; x_wconf 78' lang='lat' dir='ltr'><strong>deferunt</strong></span> <span class='ocrx_word' id='word_1_220' title='bbox 2317 619 2484 678; x_wconf 91' lang='lat' dir='ltr'><strong>modo</strong></span> <span class='ocrx_word' id='word_1_221' title='bbox 2507 619 2680 692; x_wconf 91' lang='lat' dir='ltr'><strong>prima</strong></span> <span class='ocrx_word' id='word_1_222' title='bbox 2707 636 2973 678; x_wconf 90' lang='lat' dir='ltr'><strong>manuum</strong></span> <span class='ocrx_word' id='word_1_223' title='bbox 2997 637 3222 678; x_wconf 91' lang='lat' dir='ltr'><strong>suarum</strong></span> <span class='ocrx_word' id='word_1_224' title='bbox 3247 637 3638 694; x_wconf 86' lang='lat' dir='ltr'><strong>gressuumque</strong></span> 
     </span>
    </p>
   </div>
   <div class='ocr_carea' id='block_1_35' title="bbox 2039 712 3634 788">
    <p class='ocr_par' dir='ltr' id='par_1_35' title="bbox 2039 712 3634 788">
     <span class='ocr_line' id='line_1_35' title="bbox 2039 712 3634 788; baseline 0.002 -18"><span class='ocrx_word' id='word_1_225' title='bbox 2039 712 2332 783; x_wconf 89' lang='lat' dir='ltr'><strong>libamina,</strong></span> <span class='ocrx_word' id='word_1_226' title='bbox 2359 729 2489 770; x_wconf 91' lang='lat' dir='ltr'><strong>cum</strong></span> <span class='ocrx_word' id='word_1_227' title='bbox 2516 729 2547 771; x_wconf 82' lang='grc' dir='ltr'>θ</span> <span class='ocrx_word' id='word_1_228' title='bbox 2573 713 2842 772; x_wconf 91' lang='lat' dir='ltr'><strong>cubilibus</strong></span> <span class='ocrx_word' id='word_1_229' title='bbox 2887 723 3275 788; x_wconf 88' lang='lat' dir='ltr'><strong>consurgentes</strong></span> <span class='ocrx_word' id='word_1_230' title='bbox 3303 715 3357 771; x_wconf 93' lang='lat' dir='ltr'><strong>in</strong></span> <span class='ocrx_word' id='word_1_231' title='bbox 3385 717 3634 773; x_wconf 89' lang='lat' dir='ltr'><strong>oratione</strong></span> 
     </span>
    </p>
   </div>
   <div class='ocr_carea' id='block_1_36' title="bbox 2039 807 3642 882">
    <p class='ocr_par' dir='ltr' id='par_1_36' title="bbox 2039 807 3642 882">
     <span class='ocr_line' id='line_1_36' title="bbox 2039 807 3642 882; baseline 0.002 -18"><span class='ocrx_word' id='word_1_232' title='bbox 2039 808 2366 878; x_wconf 88' lang='lat' dir='ltr'><strong>consistunt,</strong></span> <span class='ocrx_word' id='word_1_233' title='bbox 2395 816 2451 865; x_wconf 93' lang='lat' dir='ltr'><strong>et</strong></span> <span class='ocrx_word' id='word_1_234' title='bbox 2470 808 2790 882; x_wconf 89' lang='lat' dir='ltr'><strong>priusquam</strong></span> <span class='ocrx_word' id='word_1_235' title='bbox 2822 809 2876 864; x_wconf 93' lang='lat' dir='ltr'><strong>in</strong></span> <span class='ocrx_word' id='word_1_236' title='bbox 2901 807 3136 882; x_wconf 86' lang='lat' dir='ltr'><strong>propriis</strong></span> <span class='ocrx_word' id='word_1_237' title='bbox 3165 809 3342 867; x_wconf 87' lang='lat' dir='ltr'><strong>causis</strong></span> <span class='ocrx_word' id='word_1_238' title='bbox 3365 810 3642 867; x_wconf 89' lang='lat' dir='ltr'><strong>membro-</strong></span> 
     </span>
    </p>
   </div>
   <div class='ocr_carea' id='block_1_37' title="bbox 2041 900 3640 975">
    <p class='ocr_par' dir='ltr' id='par_1_37' title="bbox 2041 900 3640 975">
     <span class='ocr_line' id='line_1_37' title="bbox 2041 900 3640 975; baseline 0.001 -17"><span class='ocrx_word' id='word_1_239' title='bbox 2041 916 2166 958; x_wconf 89' lang='lat' dir='ltr'><strong>rum</strong></span> <span class='ocrx_word' id='word_1_240' title='bbox 2190 917 2420 961; x_wconf 86' lang='lat' dir='ltr'><strong>suorum</strong></span> <span class='ocrx_word' id='word_1_241' title='bbox 2435 901 2734 975; x_wconf 80' lang='lat' dir='ltr'><strong>fungantur</strong></span> <span class='ocrx_word' id='word_1_242' title='bbox 2760 901 2940 960; x_wconf 86' lang='lat' dir='ltr'><strong>ofﬁcio</strong></span> <span class='ocrx_word' id='word_1_243' title='bbox 2959 943 2976 972; x_wconf 91' lang='lat'><strong>,</strong></span> <span class='ocrx_word' id='word_1_244' title='bbox 3007 900 3138 959; x_wconf 88' lang='lat' dir='ltr'><strong>nihil</strong></span> <span class='ocrx_word' id='word_1_245' title='bbox 3169 902 3274 960; x_wconf 89' lang='lat' dir='ltr'><strong>sibi</strong></span> <span class='ocrx_word' id='word_1_246' title='bbox 3298 902 3365 959; x_wconf 90' lang='lat' dir='ltr'><strong>de</strong></span> <span class='ocrx_word' id='word_1_247' title='bbox 3392 902 3640 960; x_wconf 87' lang='lat' dir='ltr'><strong>ministe-</strong></span> 
     </span>
    </p>
   </div>
   <div class='ocr_carea' id='block_1_38' title="bbox 2041 993 3646 1068">
    <p class='ocr_par' dir='ltr' id='par_1_38' title="bbox 2041 993 3646 1068">
     <span class='ocr_line' id='line_1_38' title="bbox 2041 993 3646 1068; baseline 0.001 -18"><span class='ocrx_word' id='word_1_248' title='bbox 2041 993 2123 1050; x_wconf 90' lang='lat' dir='ltr'><strong>rio</strong></span> <span class='ocrx_word' id='word_1_249' title='bbox 2147 1009 2342 1052; x_wconf 88' lang='lat' dir='ltr'><strong>eorum</strong></span> <span class='ocrx_word' id='word_1_250' title='bbox 2387 1003 2514 1050; x_wconf 87' lang='lat' dir='ltr'><strong>ante</strong></span> <span class='ocrx_word' id='word_1_251' title='bbox 2556 994 2876 1068; x_wconf 88' lang='lat' dir='ltr'><strong>decerpunt,</strong></span> <span class='ocrx_word' id='word_1_252' title='bbox 2906 995 3004 1052; x_wconf 91' lang='lat' dir='ltr'><strong>sed</strong></span> <span class='ocrx_word' id='word_1_253' title='bbox 3053 995 3124 1052; x_wconf 92' lang='lat' dir='ltr'><strong>ad</strong></span> <span class='ocrx_word' id='word_1_254' title='bbox 3168 994 3336 1068; x_wconf 89' lang='lat' dir='ltr'><strong>ipsius</strong></span> <span class='ocrx_word' id='word_1_255' title='bbox 3374 995 3646 1054; x_wconf 88' lang='lat' dir='ltr'><strong>honorem</strong></span> 
     </span>
    </p>
   </div>
   <div class='ocr_carea' id='block_1_39' title="bbox 2043 1087 3649 1160">
    <p class='ocr_par' dir='ltr' id='par_1_39' title="bbox 2043 1087 3649 1160">
     <span class='ocr_line' id='line_1_39' title="bbox 2043 1087 3649 1160; baseline 0.001 -18"><span class='ocrx_word' id='word_1_256' title='bbox 2043 1094 2366 1158; x_wconf 90' lang='lat' dir='ltr'><strong>promovent</strong></span> <span class='ocrx_word' id='word_1_257' title='bbox 2407 1102 2658 1158; x_wconf 80' lang='lat' dir='ltr'><strong>gressum</strong></span> <span class='ocrx_word' id='word_1_258' title='bbox 2678 1129 2694 1156; x_wconf 96' lang='lat'><strong>,</strong></span> <span class='ocrx_word' id='word_1_259' title='bbox 2731 1097 2896 1160; x_wconf 88' lang='lat' dir='ltr'><strong>atque</strong></span> <span class='ocrx_word' id='word_1_260' title='bbox 2925 1089 2981 1144; x_wconf 92' lang='lat' dir='ltr'><strong>in</strong></span> <span class='ocrx_word' id='word_1_261' title='bbox 3009 1087 3127 1160; x_wconf 88' lang='lat' dir='ltr'><strong>ejus</strong></span> <span class='ocrx_word' id='word_1_262' title='bbox 3166 1087 3480 1146; x_wconf 87' lang='lat' dir='ltr'><strong>laudatione</strong></span> <span class='ocrx_word' id='word_1_263' title='bbox 3515 1089 3649 1146; x_wconf 83' lang='lat' dir='ltr'><strong>deli-</strong></span> 
     </span>
    </p>
   </div>
   <div class='ocr_carea' id='block_1_40' title="bbox 2043 1181 3650 1256">
    <p class='ocr_par' dir='ltr' id='par_1_40' title="bbox 2043 1181 3650 1256">
     <span class='ocr_line' id='line_1_40' title="bbox 2043 1181 3650 1256; baseline 0.003 -20"><span class='ocrx_word' id='word_1_264' title='bbox 2043 1187 2212 1254; x_wconf 87' lang='lat' dir='ltr'><strong>gunt,</strong></span> <span class='ocrx_word' id='word_1_265' title='bbox 2253 1188 2309 1236; x_wconf 90' lang='lat' dir='ltr'><strong>et</strong></span> <span class='ocrx_word' id='word_1_266' title='bbox 2345 1181 2422 1237; x_wconf 91' lang='lat' dir='ltr'><strong>ita</strong></span> <span class='ocrx_word' id='word_1_267' title='bbox 2449 1189 2772 1237; x_wconf 89' lang='lat' dir='ltr'><strong>cunctorum</strong></span> <span class='ocrx_word' id='word_1_268' title='bbox 2813 1191 3067 1239; x_wconf 88' lang='lat' dir='ltr'><strong>motuum</strong></span> <span class='ocrx_word' id='word_1_269' title='bbox 3106 1198 3334 1240; x_wconf 89' lang='lat' dir='ltr'><strong>suorum</strong></span> <span class='ocrx_word' id='word_1_270' title='bbox 3378 1184 3650 1256; x_wconf 87' lang='lat' dir='ltr'><strong>primitias</strong></span> 
     </span>
    </p>
   </div>
   <div class='ocr_carea' id='block_1_41' title="bbox 2044 1274 3650 1348">
    <p class='ocr_par' dir='ltr' id='par_1_41' title="bbox 2044 1274 3650 1348">
     <span class='ocr_line' id='line_1_41' title="bbox 2044 1274 3650 1348; baseline 0.002 -16"><span class='ocrx_word' id='word_1_271' title='bbox 2044 1274 2393 1347; x_wconf 84' lang='lat' dir='ltr'><strong>protensione</strong></span> <span class='ocrx_word' id='word_1_272' title='bbox 2414 1289 2702 1342; x_wconf 89' lang='lat' dir='ltr'><strong>manuum,</strong></span> <span class='ocrx_word' id='word_1_273' title='bbox 2737 1274 3114 1332; x_wconf 89' lang='lat' dir='ltr'><strong>incurvatione</strong></span> <span class='ocrx_word' id='word_1_274' title='bbox 3137 1291 3377 1348; x_wconf 89' lang='lat' dir='ltr'><strong>genuum</strong></span> <span class='ocrx_word' id='word_1_275' title='bbox 3404 1285 3458 1333; x_wconf 87' lang='lat' dir='ltr'><strong>et</strong></span> <span class='ocrx_word' id='word_1_276' title='bbox 3479 1277 3650 1335; x_wconf 89' lang='lat' dir='ltr'><strong>totius</strong></span> 
     </span>
    </p>
   </div>
   <div class='ocr_carea' id='block_1_42' title="bbox 2041 1366 3652 1442">
    <p class='ocr_par' dir='ltr' id='par_1_42' title="bbox 2041 1366 3652 1442">
     <span class='ocr_line' id='line_1_42' title="bbox 2041 1366 3652 1442; baseline 0.002 -20"><span class='ocrx_word' id='word_1_277' title='bbox 2041 1367 2285 1438; x_wconf 87' lang='lat' dir='ltr'><strong>corporis</strong></span> <span class='ocrx_word' id='word_1_278' title='bbox 2323 1366 2685 1438; x_wconf 87' lang='lat' dir='ltr'><strong>prostratione</strong></span> <span class='ocrx_word' id='word_1_279' title='bbox 2726 1368 3060 1438; x_wconf 89' lang='lat' dir='ltr'><strong>persolvunt.</strong></span> <span class='ocrx_word' id='word_1_280' title='bbox 3109 1367 3250 1424; x_wconf 91' lang='lat' dir='ltr'><strong>Illud</strong></span> <span class='ocrx_word' id='word_1_281' title='bbox 3301 1368 3449 1425; x_wconf 90' lang='lat' dir='ltr'><strong>enim</strong></span> <span class='ocrx_word' id='word_1_282' title='bbox 3501 1369 3652 1442; x_wconf 89' lang='lat' dir='ltr'><strong>quod</strong></span> 
     </span>
    </p>
   </div>
   <div class='ocr_carea' id='block_1_43' title="bbox 2043 1459 3648 1534">
    <p class='ocr_par' dir='ltr' id='par_1_43' title="bbox 2043 1459 3648 1534">
     <span class='ocr_line' id='line_1_43' title="bbox 2043 1459 3648 1534; baseline 0.002 -18"><span class='ocrx_word' id='word_1_283' title='bbox 2043 1459 2368 1516; x_wconf 90' lang='lat' dir='ltr'><strong>decantatur</strong></span> <span class='ocrx_word' id='word_1_284' title='bbox 2397 1461 2456 1514; x_wconf 91' lang='lat' dir='ltr'><strong>in</strong></span> <span class='ocrx_word' id='word_1_285' title='bbox 2498 1459 2731 1531; x_wconf 90' lang='lat' dir='ltr'><strong>psalmo,</strong></span> <span class='ocrx_word' id='word_1_286' title='bbox 2761 1459 2896 1516; x_wconf 89' lang='lat' dir='ltr'><strong>alias</strong></span> <span class='ocrx_word' id='word_1_287' title='bbox 2938 1460 3166 1532; x_wconf 91' lang='lat' dir='ltr'><strong>implere</strong></span> <span class='ocrx_word' id='word_1_288' title='bbox 3187 1477 3298 1518; x_wconf 92' lang='lat' dir='ltr'><strong>non</strong></span> <span class='ocrx_word' id='word_1_289' title='bbox 3326 1477 3648 1534; x_wconf 88' lang='lat' dir='ltr'><strong>possumus,</strong></span> 
     </span>
    </p>
   </div>
   <div class='ocr_carea' id='block_1_44' title="bbox 2046 1555 3648 1626">
    <p class='ocr_par' dir='ltr' id='par_1_44' title="bbox 2046 1555 3648 1626">
     <span class='ocr_line' id='line_1_44' title="bbox 2046 1555 3648 1626; baseline 0.002 -17"><span class='ocrx_word' id='word_1_290' title='bbox 2046 1556 2294 1610; x_wconf 75' lang='lat' dir='ltr'><strong>Praeveni</strong></span> <span class='ocrx_word' id='word_1_291' title='bbox 2328 1555 2386 1608; x_wconf 88' lang='lat' dir='ltr'><strong>in</strong></span> <span class='ocrx_word' id='word_1_292' title='bbox 2404 1556 2727 1609; x_wconf 73' lang='lat' dir='ltr'><strong>maturitate</strong></span> <span class='ocrx_word' id='word_1_293' title='bbox 2759 1557 2810 1608; x_wconf 89' lang='lat' dir='ltr'><strong>et</strong></span> <span class='ocrx_word' id='word_1_294' title='bbox 2845 1555 3076 1609; x_wconf 81' lang='lat' dir='ltr'><strong>clamavi</strong></span> <span class='ocrx_word' id='word_1_295' title='bbox 3107 1556 3278 1622; x_wconf 87' lang='lat' dir='ltr'><strong>(Psal.</strong></span> <span class='ocrx_word' id='word_1_296' title='bbox 3299 1555 3544 1626; x_wconf 83' lang='lat' dir='ltr'><strong>cxvm);</strong></span> <span class='ocrx_word' id='word_1_297' title='bbox 3572 1561 3648 1624; x_wconf 85' lang='lat' dir='ltr'><strong>et,</strong></span> 
     </span>
    </p>
   </div>
   <div class='ocr_carea' id='block_1_45' title="bbox 2045 1647 3652 1712">
    <p class='ocr_par' dir='ltr' id='par_1_45' title="bbox 2045 1647 3652 1712">
     <span class='ocr_line' id='line_1_45' title="bbox 2045 1647 3652 1712; baseline -0.001 -9"><span class='ocrx_word' id='word_1_298' title='bbox 2045 1651 2426 1704; x_wconf 75' lang='lat' dir='ltr'><strong>Prcevenerunt</strong></span> <span class='ocrx_word' id='word_1_299' title='bbox 2450 1649 2596 1702; x_wconf 80' lang='lat' dir='ltr'><strong>oculi</strong></span> <span class='ocrx_word' id='word_1_300' title='bbox 2633 1648 2740 1702; x_wconf 89' lang='lat' dir='ltr'><strong>mei</strong></span> <span class='ocrx_word' id='word_1_301' title='bbox 2766 1647 2842 1702; x_wconf 87' lang='lat' dir='ltr'><strong>ad</strong></span> <span class='ocrx_word' id='word_1_302' title='bbox 2871 1651 2921 1702; x_wconf 87' lang='lat' dir='ltr'><strong>te</strong></span> <span class='ocrx_word' id='word_1_303' title='bbox 2961 1647 3224 1712; x_wconf 77' lang='lat' dir='ltr'><strong>diluculo,</strong></span> <span class='ocrx_word' id='word_1_304' title='bbox 3256 1653 3320 1704; x_wconf 80' lang='lat' dir='ltr'><strong>ut</strong></span> <span class='ocrx_word' id='word_1_305' title='bbox 3355 1649 3652 1704; x_wconf 79' lang='lat' dir='ltr'><strong>meditarer</strong></span> 
     </span>
    </p>
   </div>
   <div class='ocr_carea' id='block_1_46' title="bbox 2046 1739 3651 1822">
    <p class='ocr_par' dir='ltr' id='par_1_46' title="bbox 2046 1739 3651 1822">
     <span class='ocr_line' id='line_1_46' title="bbox 2046 1739 3651 1822; baseline -0.001 -26"><span class='ocrx_word' id='word_1_306' title='bbox 2046 1741 2254 1812; x_wconf 83' lang='lat' dir='ltr'><strong>eloquia</strong></span> <span class='ocrx_word' id='word_1_307' title='bbox 2285 1745 2381 1796; x_wconf 90' lang='lat' dir='ltr'><strong>tua</strong></span> <span class='ocrx_word' id='word_1_308' title='bbox 2407 1739 2676 1814; x_wconf 88' lang='lat' dir='ltr'><strong>(Ibidem),</strong></span> <span class='ocrx_word' id='word_1_309' title='bbox 2701 1749 2779 1811; x_wconf 90' lang='lat' dir='ltr'><strong>et,</strong></span> <span class='ocrx_word' id='word_1_310' title='bbox 2808 1742 2968 1798; x_wconf 82' lang='lat' dir='ltr'><strong>Mane</strong></span> <span class='ocrx_word' id='word_1_311' title='bbox 3003 1743 3178 1796; x_wconf 76' lang='lat' dir='ltr'><strong>oratio</strong></span> <span class='ocrx_word' id='word_1_312' title='bbox 3206 1757 3326 1822; x_wconf 79' lang='lat' dir='ltr'><strong>mea</strong></span> <span class='ocrx_word' id='word_1_313' title='bbox 3353 1742 3651 1813; x_wconf 50' lang='lat' dir='ltr'><strong>praeveniet</strong></span> 
     </span>
    </p>
   </div>
   <div class='ocr_carea' id='block_1_47' title="bbox 1965 1827 3638 1906">
    <p class='ocr_par' dir='ltr' id='par_1_47' title="bbox 1965 1827 3638 1906">
     <span class='ocr_line' id='line_1_47' title="bbox 1965 1827 3638 1906; baseline -0.001 -17"><span class='ocrx_word' id='word_1_314' title='bbox 1965 1827 2015 1889; x_wconf 92' lang='lat' dir='ltr'><strong>B</strong></span> <span class='ocrx_word' id='word_1_315' title='bbox 2047 1836 2098 1888; x_wconf 90' lang='lat' dir='ltr'><strong>te</strong></span> <span class='ocrx_word' id='word_1_316' title='bbox 2138 1835 2310 1901; x_wconf 88' lang='lat' dir='ltr'><strong>(Psal.</strong></span> <span class='ocrx_word' id='word_1_317' title='bbox 2351 1834 2647 1905; x_wconf 81' lang='lat' dir='ltr'><strong>Lxxxvn);</strong></span> <span class='ocrx_word' id='word_1_318' title='bbox 2693 1833 2798 1890; x_wconf 90' lang='lat' dir='ltr'><strong>nisi</strong></span> <span class='ocrx_word' id='word_1_319' title='bbox 2829 1842 2890 1890; x_wconf 92' lang='lat' dir='ltr'><strong>ut</strong></span> <span class='ocrx_word' id='word_1_320' title='bbox 2927 1843 3052 1906; x_wconf 91' lang='lat' dir='ltr'><strong>post</strong></span> <span class='ocrx_word' id='word_1_321' title='bbox 3084 1833 3324 1906; x_wconf 86' lang='lat' dir='ltr'><strong>quietem</strong></span> <span class='ocrx_word' id='word_1_322' title='bbox 3351 1834 3534 1890; x_wconf 87' lang='lat' dir='ltr'><strong>somni</strong></span> <span class='ocrx_word' id='word_1_323' title='bbox 3579 1833 3638 1888; x_wconf 92' lang='lat' dir='ltr'><strong>in</strong></span> 
     </span>
    </p>
   </div>
   <div class='ocr_carea' id='block_1_48' title="bbox 2047 1925 3644 2001">
    <p class='ocr_par' dir='ltr' id='par_1_48' title="bbox 2047 1925 3644 2001">
     <span class='ocr_line' id='line_1_48' title="bbox 2047 1925 3644 2001; baseline 0.001 -20"><span class='ocrx_word' id='word_1_324' title='bbox 2047 1925 2187 1982; x_wconf 89' lang='lat' dir='ltr'><strong>hanc</strong></span> <span class='ocrx_word' id='word_1_325' title='bbox 2215 1927 2416 1996; x_wconf 89' lang='lat' dir='ltr'><strong>lucem,</strong></span> <span class='ocrx_word' id='word_1_326' title='bbox 2457 1935 2519 1984; x_wconf 91' lang='lat' dir='ltr'><strong>ut</strong></span> <span class='ocrx_word' id='word_1_327' title='bbox 2557 1942 2724 2001; x_wconf 88' lang='lat' dir='ltr'><strong>supra</strong></span> <span class='ocrx_word' id='word_1_328' title='bbox 2762 1925 3025 1997; x_wconf 83' lang='lat' dir='ltr'><strong>diximus,</strong></span> <span class='ocrx_word' id='word_1_329' title='bbox 3054 1926 3202 1984; x_wconf 88' lang='lat' dir='ltr'><strong>velut</strong></span> <span class='ocrx_word' id='word_1_330' title='bbox 3228 1942 3258 1984; x_wconf 88' lang='lat' dir='ltr'><strong>e</strong></span> <span class='ocrx_word' id='word_1_331' title='bbox 3305 1927 3542 1984; x_wconf 88' lang='lat' dir='ltr'><strong>tenebris</strong></span> <span class='ocrx_word' id='word_1_332' title='bbox 3588 1935 3644 1982; x_wconf 91' lang='lat' dir='ltr'><strong>et</strong></span> 
     </span>
    </p>
   </div>
   <div class='ocr_carea' id='block_1_49' title="bbox 2046 2019 3658 2093">
    <p class='ocr_par' dir='ltr' id='par_1_49' title="bbox 2046 2019 3658 2093">
     <span class='ocr_line' id='line_1_49' title="bbox 2046 2019 3658 2093; baseline 0 -17"><span class='ocrx_word' id='word_1_333' title='bbox 2046 2021 2364 2093; x_wconf 85' lang='lat' dir='ltr'><strong>imaginaria</strong></span> <span class='ocrx_word' id='word_1_334' title='bbox 2412 2020 2440 2057; x_wconf 75' lang='grc' dir='ltr'><strong>ιι</strong></span> <span class='ocrx_word' id='word_1_335' title='bbox 2471 2029 2652 2077; x_wconf 89' lang='lat' dir='ltr'><strong>morte</strong></span> <span class='ocrx_word' id='word_1_336' title='bbox 2691 2020 2962 2092; x_wconf 80' lang='lat' dir='ltr'><strong>revocati,</strong></span> <span class='ocrx_word' id='word_1_337' title='bbox 3017 2019 3090 2078; x_wconf 90' lang='lat' dir='ltr'><strong>de</strong></span> <span class='ocrx_word' id='word_1_338' title='bbox 3140 2020 3408 2078; x_wconf 90' lang='lat' dir='ltr'><strong>universis</strong></span> <span class='ocrx_word' id='word_1_339' title='bbox 3460 2019 3658 2076; x_wconf 81' lang='lat' dir='ltr'><strong>ofﬁciis</strong></span> 
     </span>
    </p>
   </div>
   <div class='ocr_carea' id='block_1_50' title="bbox 2049 2113 3658 2186">
    <p class='ocr_par' dir='ltr' id='par_1_50' title="bbox 2049 2113 3658 2186">
     <span class='ocr_line' id='line_1_50' title="bbox 2049 2113 3658 2186; baseline -0.001 -14"><span class='ocrx_word' id='word_1_340' title='bbox 2049 2114 2253 2172; x_wconf 90' lang='lat' dir='ltr'><strong>mentis</strong></span> <span class='ocrx_word' id='word_1_341' title='bbox 2284 2120 2340 2170; x_wconf 92' lang='lat' dir='ltr'><strong>et</strong></span> <span class='ocrx_word' id='word_1_342' title='bbox 2378 2113 2628 2186; x_wconf 91' lang='lat' dir='ltr'><strong>corporis</strong></span> <span class='ocrx_word' id='word_1_343' title='bbox 2653 2113 2793 2170; x_wconf 91' lang='lat' dir='ltr'><strong>nihil</strong></span> <span class='ocrx_word' id='word_1_344' title='bbox 2841 2113 3065 2172; x_wconf 83' lang='lat' dir='ltr'><strong>Omnino</strong></span> <span class='ocrx_word' id='word_1_345' title='bbox 3104 2115 3159 2170; x_wconf 91' lang='lat' dir='ltr'><strong>in</strong></span> <span class='ocrx_word' id='word_1_346' title='bbox 3204 2115 3408 2171; x_wconf 89' lang='lat' dir='ltr'><strong>nostris</strong></span> <span class='ocrx_word' id='word_1_347' title='bbox 3443 2129 3658 2186; x_wconf 69' lang='lat' dir='ltr'><strong>praesu-</strong></span> 
     </span>
    </p>
   </div>
   <div class='ocr_carea' id='block_1_51' title="bbox 2051 2205 3658 2276">
    <p class='ocr_par' dir='ltr' id='par_1_51' title="bbox 2051 2205 3658 2276">
     <span class='ocr_line' id='line_1_51' title="bbox 2051 2205 3658 2276; baseline -0.002 -13"><span class='ocrx_word' id='word_1_348' title='bbox 2051 2221 2205 2264; x_wconf 86' lang='lat' dir='ltr'><strong>mere</strong></span> <span class='ocrx_word' id='word_1_349' title='bbox 2240 2205 2660 2262; x_wconf 87' lang='lat' dir='ltr'><strong>necessitatibus</strong></span> <span class='ocrx_word' id='word_1_350' title='bbox 2704 2205 3027 2264; x_wconf 88' lang='lat' dir='ltr'><strong>audeamus.</strong></span> <span class='ocrx_word' id='word_1_351' title='bbox 3073 2206 3269 2263; x_wconf 87' lang='lat' dir='ltr'><strong>Nullus</strong></span> <span class='ocrx_word' id='word_1_352' title='bbox 3311 2221 3552 2276; x_wconf 89' lang='lat' dir='ltr'><strong>namque</strong></span> <span class='ocrx_word' id='word_1_353' title='bbox 3575 2213 3658 2263; x_wconf 89' lang='lat' dir='ltr'><strong>est</strong></span> 
     </span>
    </p>
   </div>
   <div class='ocr_carea' id='block_1_52' title="bbox 2051 2298 3660 2372">
    <p class='ocr_par' dir='ltr' id='par_1_52' title="bbox 2051 2298 3660 2372">
     <span class='ocr_line' id='line_1_52' title="bbox 2051 2298 3660 2372; baseline 0 -18"><span class='ocrx_word' id='word_1_354' title='bbox 2051 2298 2191 2355; x_wconf 90' lang='lat' dir='ltr'><strong>alius</strong></span> <span class='ocrx_word' id='word_1_355' title='bbox 2235 2314 2399 2371; x_wconf 91' lang='lat' dir='ltr'><strong>quem</strong></span> <span class='ocrx_word' id='word_1_356' title='bbox 2427 2306 2521 2355; x_wconf 91' lang='lat' dir='ltr'><strong>aut</strong></span> <span class='ocrx_word' id='word_1_357' title='bbox 2548 2298 2807 2371; x_wconf 77' lang='lat' dir='ltr'><strong>propheta</strong></span> <span class='ocrx_word' id='word_1_358' title='bbox 2834 2299 3162 2372; x_wconf 65' lang='lat' dir='ltr'><strong>praevenerit</strong></span> <span class='ocrx_word' id='word_1_359' title='bbox 3206 2299 3532 2368; x_wconf 89' lang='lat' dir='ltr'><strong>matutinus,</strong></span> <span class='ocrx_word' id='word_1_360' title='bbox 3559 2305 3660 2356; x_wconf 85' lang='lat' dir='ltr'><strong>aut</strong></span> 
     </span>
    </p>
   </div>
   <div class='ocr_carea' id='block_1_53' title="bbox 2052 2391 3657 2465">
    <p class='ocr_par' dir='ltr' id='par_1_53' title="bbox 2052 2391 3657 2465">
     <span class='ocr_line' id='line_1_53' title="bbox 2052 2391 3657 2465; baseline 0 -17"><span class='ocrx_word' id='word_1_361' title='bbox 2052 2407 2154 2448; x_wconf 92' lang='lat' dir='ltr'><strong>nos</strong></span> <span class='ocrx_word' id='word_1_362' title='bbox 2180 2392 2479 2465; x_wconf 62' lang='lat' dir='ltr'><strong>praevenire</strong></span> <span class='ocrx_word' id='word_1_363' title='bbox 2515 2393 2766 2449; x_wconf 87' lang='lat' dir='ltr'><strong>similiter</strong></span> <span class='ocrx_word' id='word_1_364' title='bbox 2807 2391 3127 2462; x_wconf 88' lang='lat' dir='ltr'><strong>debeamus,</strong></span> <span class='ocrx_word' id='word_1_365' title='bbox 3151 2392 3256 2450; x_wconf 91' lang='lat' dir='ltr'><strong>nisi</strong></span> <span class='ocrx_word' id='word_1_366' title='bbox 3287 2401 3383 2449; x_wconf 91' lang='lat' dir='ltr'><strong>aut</strong></span> <span class='ocrx_word' id='word_1_367' title='bbox 3409 2401 3657 2449; x_wconf 91' lang='lat' dir='ltr'><strong>nosmet-</strong></span> 
     </span>
    </p>
   </div>
   <div class='ocr_carea' id='block_1_54' title="bbox 2053 2484 3660 2559">
    <p class='ocr_par' dir='ltr' id='par_1_54' title="bbox 2053 2484 3660 2559">
     <span class='ocr_line' id='line_1_54' title="bbox 2053 2484 3660 2559; baseline 0.001 -17"><span class='ocrx_word' id='word_1_368' title='bbox 2053 2487 2224 2559; x_wconf 87' lang='lat' dir='ltr'><strong>ipsos,</strong></span> <span class='ocrx_word' id='word_1_369' title='bbox 2251 2486 2310 2543; x_wconf 93' lang='lat' dir='ltr'><strong>id</strong></span> <span class='ocrx_word' id='word_1_370' title='bbox 2334 2494 2438 2556; x_wconf 90' lang='lat' dir='ltr'><strong>est,</strong></span> <span class='ocrx_word' id='word_1_371' title='bbox 2469 2487 2853 2558; x_wconf 88' lang='lat' dir='ltr'><strong>occupationes</strong></span> <span class='ocrx_word' id='word_1_372' title='bbox 2881 2494 3097 2544; x_wconf 89' lang='lat' dir='ltr'><strong>nostras</strong></span> <span class='ocrx_word' id='word_1_373' title='bbox 3132 2493 3188 2542; x_wconf 90' lang='lat' dir='ltr'><strong>et</strong></span> <span class='ocrx_word' id='word_1_374' title='bbox 3212 2484 3445 2542; x_wconf 88' lang='lat' dir='ltr'><strong>affectus</strong></span> <span class='ocrx_word' id='word_1_375' title='bbox 3467 2501 3660 2544; x_wconf 88' lang='lat' dir='ltr'><strong>curas-</strong></span> 
     </span>
    </p>
   </div>
   <div class='ocr_carea' id='block_1_55' title="bbox 2054 2579 3661 2654">
    <p class='ocr_par' dir='ltr' id='par_1_55' title="bbox 2054 2579 3661 2654">
     <span class='ocr_line' id='line_1_55' title="bbox 2054 2579 3661 2654; baseline -0.002 -17"><span class='ocrx_word' id='word_1_376' title='bbox 2054 2597 2160 2654; x_wconf 91' lang='lat' dir='ltr'><strong>que</strong></span> <span class='ocrx_word' id='word_1_377' title='bbox 2187 2582 2484 2648; x_wconf 89' lang='lat' dir='ltr'><strong>mortales,</strong></span> <span class='ocrx_word' id='word_1_378' title='bbox 2529 2579 2645 2636; x_wconf 88' lang='lat' dir='ltr'><strong>sine</strong></span> <span class='ocrx_word' id='word_1_379' title='bbox 2689 2579 2890 2652; x_wconf 91' lang='lat' dir='ltr'><strong>quibus</strong></span> <span class='ocrx_word' id='word_1_380' title='bbox 2917 2594 3035 2636; x_wconf 88' lang='lat' dir='ltr'><strong>esse</strong></span> <span class='ocrx_word' id='word_1_381' title='bbox 3063 2595 3176 2636; x_wconf 91' lang='lat' dir='ltr'><strong>non</strong></span> <span class='ocrx_word' id='word_1_382' title='bbox 3205 2593 3518 2653; x_wconf 89' lang='lat' dir='ltr'><strong>possumus,</strong></span> <span class='ocrx_word' id='word_1_383' title='bbox 3565 2586 3661 2636; x_wconf 90' lang='lat' dir='ltr'><strong>aut</strong></span> 
     </span>
    </p>
   </div>
   <div class='ocr_carea' id='block_1_56' title="bbox 2054 2672 3660 2748">
    <p class='ocr_par' dir='ltr' id='par_1_56' title="bbox 2054 2672 3660 2748">
     <span class='ocr_line' id='line_1_56' title="bbox 2054 2672 3660 2748; baseline 0 -18"><span class='ocrx_word' id='word_1_384' title='bbox 2054 2674 2424 2748; x_wconf 86' lang='lat' dir='ltr'><strong>suggestiones</strong></span> <span class='ocrx_word' id='word_1_385' title='bbox 2451 2672 2841 2731; x_wconf 85' lang='lat' dir='ltr'><strong>subtilissimas</strong></span> <span class='ocrx_word' id='word_1_386' title='bbox 2873 2673 3102 2745; x_wconf 91' lang='lat' dir='ltr'><strong>inimici,</strong></span> <span class='ocrx_word' id='word_1_387' title='bbox 3133 2689 3268 2746; x_wconf 88' lang='lat' dir='ltr'><strong>quas</strong></span> <span class='ocrx_word' id='word_1_388' title='bbox 3297 2674 3454 2732; x_wconf 89' lang='lat' dir='ltr'><strong>nobis</strong></span> <span class='ocrx_word' id='word_1_389' title='bbox 3481 2673 3660 2730; x_wconf 87' lang='lat' dir='ltr'><strong>adhuc</strong></span> 
     </span>
    </p>
   </div>
   <div class='ocr_carea' id='block_1_57' title="bbox 2055 2767 3661 2842">
    <p class='ocr_par' dir='ltr' id='par_1_57' title="bbox 2055 2767 3661 2842">
     <span class='ocr_line' id='line_1_57' title="bbox 2055 2767 3661 2842; baseline -0.001 -16"><span class='ocrx_word' id='word_1_390' title='bbox 2055 2769 2461 2842; x_wconf 87' lang='lat' dir='ltr'><strong>quiescentibus</strong></span> <span class='ocrx_word' id='word_1_391' title='bbox 2503 2783 2570 2824; x_wconf 92' lang='lat' dir='ltr'><strong>ac</strong></span> <span class='ocrx_word' id='word_1_392' title='bbox 2615 2783 2813 2840; x_wconf 89' lang='lat' dir='ltr'><strong>sopore</strong></span> <span class='ocrx_word' id='word_1_393' title='bbox 2858 2767 3152 2836; x_wconf 90' lang='lat' dir='ltr'><strong>demersis,</strong></span> <span class='ocrx_word' id='word_1_394' title='bbox 3195 2783 3291 2839; x_wconf 91' lang='lat' dir='ltr'><strong>per</strong></span> <span class='ocrx_word' id='word_1_395' title='bbox 3351 2767 3661 2839; x_wconf 89' lang='lat' dir='ltr'><strong>phantasias</strong></span> 
     </span>
    </p>
   </div>
   <div class='ocr_carea' id='block_1_58' title="bbox 2053 2861 3662 2933">
    <p class='ocr_par' dir='ltr' id='par_1_58' title="bbox 2053 2861 3662 2933">
     <span class='ocr_line' id='line_1_58' title="bbox 2053 2861 3662 2933; baseline 0 -14"><span class='ocrx_word' id='word_1_396' title='bbox 2053 2863 2301 2919; x_wconf 90' lang='lat' dir='ltr'><strong>inanium</strong></span> <span class='ocrx_word' id='word_1_397' title='bbox 2355 2862 2705 2920; x_wconf 90' lang='lat' dir='ltr'><strong>somniorum</strong></span> <span class='ocrx_word' id='word_1_398' title='bbox 2755 2861 2954 2918; x_wconf 84' lang='lat' dir='ltr'><strong>inferre</strong></span> <span class='ocrx_word' id='word_1_399' title='bbox 2998 2868 3253 2931; x_wconf 90' lang='lat' dir='ltr'><strong>conatur,</strong></span> <span class='ocrx_word' id='word_1_400' title='bbox 3310 2863 3510 2933; x_wconf 90' lang='lat' dir='ltr'><strong>quibus</strong></span> <span class='ocrx_word' id='word_1_401' title='bbox 3557 2875 3662 2919; x_wconf 89' lang='lat' dir='ltr'><strong>nos</strong></span> 
     </span>
    </p>
   </div>
   <div class='ocr_carea' id='block_1_59' title="bbox 2053 2955 3662 3030">
    <p class='ocr_par' dir='ltr' id='par_1_59' title="bbox 2053 2955 3662 3030">
     <span class='ocr_line' id='line_1_59' title="bbox 2053 2955 3662 3030; baseline 0 -18"><span class='ocrx_word' id='word_1_402' title='bbox 2053 2972 2185 3014; x_wconf 88' lang='lat' dir='ltr'><strong>mox</strong></span> <span class='ocrx_word' id='word_1_403' title='bbox 2209 2956 2560 3030; x_wconf 89' lang='lat' dir='ltr'><strong>evigilaturos</strong></span> <span class='ocrx_word' id='word_1_404' title='bbox 2580 2963 2812 3028; x_wconf 90' lang='lat' dir='ltr'><strong>occupet</strong></span> <span class='ocrx_word' id='word_1_405' title='bbox 2836 2963 2892 3013; x_wconf 89' lang='lat' dir='ltr'><strong>et</strong></span> <span class='ocrx_word' id='word_1_406' title='bbox 2917 2955 3178 3024; x_wconf 86' lang='lat' dir='ltr'><strong>involvat,</strong></span> <span class='ocrx_word' id='word_1_407' title='bbox 3207 2963 3268 3012; x_wconf 88' lang='lat' dir='ltr'><strong>ut</strong></span> <span class='ocrx_word' id='word_1_408' title='bbox 3297 2955 3662 3028; x_wconf 87' lang='lat' dir='ltr'><strong>primitiarum</strong></span> 
     </span>
    </p>
   </div>
   <div class='ocr_carea' id='block_1_60' title="bbox 2052 3048 3660 3122">
    <p class='ocr_par' dir='ltr' id='par_1_60' title="bbox 2052 3048 3660 3122">
     <span class='ocr_line' id='line_1_60' title="bbox 2052 3048 3660 3122; baseline -0.001 -16"><span class='ocrx_word' id='word_1_409' title='bbox 2052 3058 2366 3106; x_wconf 88' lang='lat' dir='ltr'><strong>nostrarum</strong></span> <span class='ocrx_word' id='word_1_410' title='bbox 2403 3049 2586 3122; x_wconf 89' lang='lat' dir='ltr'><strong>opima</strong></span> <span class='ocrx_word' id='word_1_411' title='bbox 2641 3048 2918 3106; x_wconf 85' lang='lat' dir='ltr'><strong>deﬂorans</strong></span> <span class='ocrx_word' id='word_1_412' title='bbox 2974 3049 3186 3122; x_wconf 85' lang='lat' dir='ltr'><strong>primus</strong></span> <span class='ocrx_word' id='word_1_413' title='bbox 3229 3049 3344 3122; x_wconf 89' lang='lat' dir='ltr'><strong>ipse</strong></span> <span class='ocrx_word' id='word_1_414' title='bbox 3385 3048 3660 3121; x_wconf 86' lang='lat' dir='ltr'><strong>decerpat.</strong></span> 
     </span>
    </p>
   </div>
   <div class='ocr_carea' id='block_1_61' title="bbox 2055 3141 3662 3214">
    <p class='ocr_par' dir='ltr' id='par_1_61' title="bbox 2055 3141 3662 3214">
     <span class='ocr_line' id='line_1_61' title="bbox 2055 3141 3662 3214; baseline 0 -18"><span class='ocrx_word' id='word_1_415' title='bbox 2055 3143 2430 3212; x_wconf 85' lang='lat' dir='ltr'><strong>Quamobrem</strong></span> <span class='ocrx_word' id='word_1_416' title='bbox 2476 3143 2628 3199; x_wconf 91' lang='lat' dir='ltr'><strong>omni</strong></span> <span class='ocrx_word' id='word_1_417' title='bbox 2666 3141 2827 3200; x_wconf 89' lang='lat' dir='ltr'><strong>nobis</strong></span> <span class='ocrx_word' id='word_1_418' title='bbox 2856 3143 3108 3200; x_wconf 88' lang='lat' dir='ltr'><strong>cautione</strong></span> <span class='ocrx_word' id='word_1_419' title='bbox 3141 3142 3444 3200; x_wconf 86' lang='lat' dir='ltr'><strong>curandum</strong></span> <span class='ocrx_word' id='word_1_420' title='bbox 3486 3149 3570 3198; x_wconf 84' lang='lat' dir='ltr'><strong>est</strong></span> <span class='ocrx_word' id='word_1_421' title='bbox 3595 3141 3662 3214; x_wconf 90' lang='lat' dir='ltr'><strong>(si</strong></span> 
     </span>
    </p>
   </div>
   <div class='ocr_carea' id='block_1_62' title="bbox 333 3221 3656 3308">
    <p class='ocr_par' dir='ltr' id='par_1_62' title="bbox 333 3221 3656 3308">
     <span class='ocr_line' id='line_1_62' title="bbox 333 3221 3656 3308; baseline 0.001 -18"><span class='ocrx_word' id='word_1_422' title='bbox 333 3239 550 3304; x_wconf 89' lang='lat' dir='ltr'><strong>rentes,</strong></span> <span class='ocrx_word' id='word_1_423' title='bbox 597 3232 773 3306; x_wconf 87' lang='lat' dir='ltr'><strong>primo</strong></span> <span class='ocrx_word' id='word_1_424' title='bbox 829 3232 1024 3306; x_wconf 65' lang='lat' dir='ltr'><strong>linguis</strong></span> <span class='ocrx_word' id='word_1_425' title='bbox 1067 3249 1182 3291; x_wconf 71' lang='lat' dir='ltr'><strong>suae</strong></span> <span class='ocrx_word' id='word_1_426' title='bbox 1234 3240 1389 3290; x_wconf 91' lang='lat' dir='ltr'><strong>motu</strong></span> <span class='ocrx_word' id='word_1_427' title='bbox 1441 3235 1619 3306; x_wconf 89' lang='lat' dir='ltr'><strong>ipsum</strong></span> <span class='ocrx_word' id='word_1_428' title='bbox 1669 3233 1942 3299; x_wconf 85' lang='lat' dir='ltr'><strong>invocant,</strong></span> <span class='ocrx_word' id='word_1_429' title='bbox 1979 3221 2022 3285; x_wconf 89' lang='lat' dir='ltr'><strong>C</strong></span> <span class='ocrx_word' id='word_1_430' title='bbox 2051 3243 2239 3291; x_wconf 89' lang='lat' dir='ltr'><strong>tamen</strong></span> <span class='ocrx_word' id='word_1_431' title='bbox 2265 3235 2382 3292; x_wconf 87' lang='lat' dir='ltr'><strong>vim</strong></span> <span class='ocrx_word' id='word_1_432' title='bbox 2411 3221 2660 3307; x_wconf 76' lang='lat' dir='ltr'><strong>praedicti</strong></span> <span class='ocrx_word' id='word_1_433' title='bbox 2701 3235 2949 3293; x_wconf 87' lang='lat' dir='ltr'><strong>versiculi</strong></span> <span class='ocrx_word' id='word_1_434' title='bbox 2995 3251 3158 3308; x_wconf 87' lang='lat' dir='ltr'><strong>opere</strong></span> <span class='ocrx_word' id='word_1_435' title='bbox 3186 3236 3442 3294; x_wconf 91' lang='lat' dir='ltr'><strong>volumus</strong></span> <span class='ocrx_word' id='word_1_436' title='bbox 3477 3235 3656 3293; x_wconf 85' lang='lat' dir='ltr'><strong>adim-</strong></span> 
     </span>
    </p>
   </div>
   <div class='ocr_carea' id='block_1_63' title="bbox 334 3325 1952 3398">
    <p class='ocr_par' dir='ltr' id='par_1_63' title="bbox 334 3325 1952 3398">
     <span class='ocr_line' id='line_1_63' title="bbox 334 3325 1952 3398; baseline 0.001 -16"><span class='ocrx_word' id='word_1_437' title='bbox 334 3325 518 3398; x_wconf 91' lang='lat' dir='ltr'><strong>ipsius</strong></span> <span class='ocrx_word' id='word_1_438' title='bbox 557 3341 763 3384; x_wconf 90' lang='lat' dir='ltr'><strong>nomen</strong></span> <span class='ocrx_word' id='word_1_439' title='bbox 787 3325 1082 3398; x_wconf 85' lang='lat' dir='ltr'><strong>laudesque</strong></span> <span class='ocrx_word' id='word_1_440' title='bbox 1123 3326 1546 3395; x_wconf 86' lang='lat' dir='ltr'><strong>concelebrant;</strong></span> <span class='ocrx_word' id='word_1_441' title='bbox 1585 3335 1746 3398; x_wconf 89' lang='lat' dir='ltr'><strong>atque</strong></span> <span class='ocrx_word' id='word_1_442' title='bbox 1773 3327 1843 3384; x_wconf 85' lang='lat' dir='ltr'><strong>ad</strong></span> <span class='ocrx_word' id='word_1_443' title='bbox 1869 3343 1952 3384; x_wconf 85' lang='lat' dir='ltr'><strong>ca-</strong></span> 
     </span>
    </p>
   </div>
   <div class='ocr_carea' id='block_1_64' title="bbox 2059 3326 3661 3400">
    <p class='ocr_par' dir='ltr' id='par_1_64' title="bbox 2059 3326 3661 3400">
     <span class='ocr_line' id='line_1_64' title="bbox 2059 3326 3661 3400; baseline 0.004 -20"><span class='ocrx_word' id='word_1_444' title='bbox 2059 3326 2254 3398; x_wconf 88' lang='lat' dir='ltr'><strong>plere),</strong></span> <span class='ocrx_word' id='word_1_445' title='bbox 2279 3335 2343 3381; x_wconf 91' lang='lat' dir='ltr'><strong>ut</strong></span> <span class='ocrx_word' id='word_1_446' title='bbox 2360 3327 2433 3381; x_wconf 88' lang='lat' dir='ltr'><strong>ita</strong></span> <span class='ocrx_word' id='word_1_447' title='bbox 2454 3328 2663 3397; x_wconf 89' lang='lat' dir='ltr'><strong>primos</strong></span> <span class='ocrx_word' id='word_1_448' title='bbox 2681 3329 3072 3384; x_wconf 88' lang='lat' dir='ltr'><strong>matutinarum</strong></span> <span class='ocrx_word' id='word_1_449' title='bbox 3085 3330 3482 3400; x_wconf 85' lang='lat' dir='ltr'><strong>cogitationum</strong></span> <span class='ocrx_word' id='word_1_450' title='bbox 3507 3338 3661 3387; x_wconf 86' lang='lat' dir='ltr'><strong>ortus</strong></span> 
     </span>
    </p>
   </div>
   <div class='ocr_carea' id='block_1_65' title="bbox 1445 3499 2632 3564">
    <p class='ocr_par' dir='ltr' id='par_1_65' title="bbox 1445 3499 2632 3564">
     <span class='ocr_line' id='line_1_65' title="bbox 1445 3499 2632 3564; baseline -0.002 -2"><span class='ocrx_word' id='word_1_451' title='bbox 1445 3509 1700 3564; x_wconf 82' lang='lat' dir='ltr'><strong>ALARDI</strong></span> <span class='ocrx_word' id='word_1_452' title='bbox 1737 3509 1964 3564; x_wconf 68' lang='lat' dir='ltr'><strong>GAZEI</strong></span> <span class='ocrx_word' id='word_1_453' title='bbox 2001 3505 2562 3563; x_wconf 82' lang='lat' dir='ltr'><strong>COMMENTARIUS.</strong></span> <span class='ocrx_word' id='word_1_454' title='bbox 2627 3499 2632 3504; x_wconf 69' lang='grc'><em>’</em></span> 
     </span>
    </p>
   </div>
   <div class='ocr_carea' id='block_1_66' title="bbox 336 3658 1948 3732">
    <p class='ocr_par' dir='ltr' id='par_1_66' title="bbox 336 3658 1948 3732">
     <span class='ocr_line' id='line_1_66' title="bbox 336 3658 1948 3732; baseline -0.001 -17"><span class='ocrx_word' id='word_1_455' title='bbox 336 3675 476 3732; x_wconf 88' lang='lat' dir='ltr'><strong>cap.</strong></span> <span class='ocrx_word' id='word_1_456' title='bbox 499 3665 586 3725; x_wconf 88' lang='lat'><strong>36,</strong></span> <span class='ocrx_word' id='word_1_457' title='bbox 609 3658 754 3714; x_wconf 90' lang='lat' dir='ltr'><strong>hunc</strong></span> <span class='ocrx_word' id='word_1_458' title='bbox 785 3658 1022 3719; x_wconf 84' lang='lat' dir='ltr'><strong>Cassiani</strong></span> <span class='ocrx_word' id='word_1_459' title='bbox 1045 3659 1230 3716; x_wconf 91' lang='lat' dir='ltr'><strong>locum</strong></span> <span class='ocrx_word' id='word_1_460' title='bbox 1265 3659 1506 3716; x_wconf 90' lang='lat' dir='ltr'><strong>imitatus</strong></span> <span class='ocrx_word' id='word_1_461' title='bbox 1532 3679 1544 3715; x_wconf 93' lang='lat'><strong>:</strong></span> <span class='ocrx_word' id='word_1_462' title='bbox 1574 3663 1732 3730; x_wconf 85' lang='lat' dir='ltr'><strong>Lege,</strong></span> <span class='ocrx_word' id='word_1_463' title='bbox 1754 3659 1948 3732; x_wconf 88' lang='lat' dir='ltr'><strong>inquit,</strong></span> 
     </span>
    </p>
   </div>
   <div class='ocr_carea' id='block_1_67' title="bbox 334 3731 1950 3801">
    <p class='ocr_par' dir='ltr' id='par_1_67' title="bbox 334 3731 1950 3801">
     <span class='ocr_line' id='line_1_67' title="bbox 334 3731 1950 3801; baseline -0.002 -13"><span class='ocrx_word' id='word_1_464' title='bbox 334 3733 498 3788; x_wconf 81' lang='lat' dir='ltr'><strong>Mosa</strong></span> <span class='ocrx_word' id='word_1_465' title='bbox 505 3733 584 3785; x_wconf 88' lang='lat' dir='ltr'><strong>ica</strong></span> <span class='ocrx_word' id='word_1_466' title='bbox 605 3733 848 3785; x_wconf 77' lang='lat' dir='ltr'><strong>universo</strong></span> <span class='ocrx_word' id='word_1_467' title='bbox 858 3733 1058 3801; x_wconf 86' lang='lat' dir='ltr'><strong>populo</strong></span> <span class='ocrx_word' id='word_1_468' title='bbox 1078 3733 1406 3800; x_wconf 76' lang='lat' dir='ltr'><strong>generaliter</strong></span> <span class='ocrx_word' id='word_1_469' title='bbox 1426 3735 1502 3785; x_wconf 91' lang='lat' dir='ltr'><strong>est</strong></span> <span class='ocrx_word' id='word_1_470' title='bbox 1514 3735 1841 3801; x_wconf 78' lang='lat' dir='ltr'><strong>prceceptum</strong></span> <span class='ocrx_word' id='word_1_471' title='bbox 1859 3731 1950 3785; x_wconf 88' lang='lat' dir='ltr'><strong>de-</strong></span> 
     </span>
    </p>
   </div>
   <div class='ocr_carea' id='block_1_68' title="bbox 327 3801 1947 3872">
    <p class='ocr_par' dir='ltr' id='par_1_68' title="bbox 327 3801 1947 3872">
     <span class='ocr_line' id='line_1_68' title="bbox 327 3801 1947 3872; baseline -0.001 -14"><span class='ocrx_word' id='word_1_472' title='bbox 327 3804 514 3858; x_wconf 85' lang='lat' dir='ltr'><strong>cimas</strong></span> <span class='ocrx_word' id='word_1_473' title='bbox 541 3805 591 3856; x_wconf 84' lang='lat' dir='ltr'><strong>et</strong></span> <span class='ocrx_word' id='word_1_474' title='bbox 605 3803 890 3871; x_wconf 75' lang='lat' dir='ltr'><strong>primitias</strong></span> <span class='ocrx_word' id='word_1_475' title='bbox 904 3804 1128 3857; x_wconf 87' lang='lat' dir='ltr'><strong>Domino</strong></span> <span class='ocrx_word' id='word_1_476' title='bbox 1147 3805 1252 3857; x_wconf 84' lang='lat' dir='ltr'><strong>Deb</strong></span> <span class='ocrx_word' id='word_1_477' title='bbox 1281 3801 1494 3871; x_wconf 72' lang='lat' dir='ltr'><strong>offerre.</strong></span> <span class='ocrx_word' id='word_1_478' title='bbox 1510 3805 1699 3872; x_wconf 81' lang='lat' dir='ltr'><strong>Itaque</strong></span> <span class='ocrx_word' id='word_1_479' title='bbox 1723 3803 1853 3856; x_wconf 88' lang='lat' dir='ltr'><strong>dum</strong></span> <span class='ocrx_word' id='word_1_480' title='bbox 1886 3803 1947 3856; x_wconf 85' lang='lat' dir='ltr'><strong>in</strong></span> 
     </span>
    </p>
   </div>
   <div class='ocr_carea' id='block_1_69' title="bbox 332 3875 1950 3943">
    <p class='ocr_par' dir='ltr' id='par_1_69' title="bbox 332 3875 1950 3943">
     <span class='ocr_line' id='line_1_69' title="bbox 332 3875 1950 3943; baseline -0.001 -14"><span class='ocrx_word' id='word_1_481' title='bbox 332 3875 445 3929; x_wconf 87' lang='lat' dir='ltr'><strong>hac</strong></span> <span class='ocrx_word' id='word_1_482' title='bbox 461 3875 724 3931; x_wconf 79' lang='lat' dir='ltr'><strong>sententia</strong></span> <span class='ocrx_word' id='word_1_483' title='bbox 732 3875 1006 3942; x_wconf 73' lang='lat' dir='ltr'><strong>principia</strong></span> <span class='ocrx_word' id='word_1_484' title='bbox 1015 3875 1353 3943; x_wconf 80' lang='lat' dir='ltr'><strong>voluntatum</strong></span> <span class='ocrx_word' id='word_1_485' title='bbox 1373 3875 1950 3943; x_wconf 84' lang='lat' dir='ltr'><strong>consummationesque</strong></span> 
     </span>
    </p>
   </div>
   <div class='ocr_carea' id='block_1_70' title="bbox 326 3941 1945 4013">
    <p class='ocr_par' dir='ltr' id='par_1_70' title="bbox 326 3941 1945 4013">
     <span class='ocr_line' id='line_1_70' title="bbox 326 3941 1945 4013; baseline 0 -16"><span class='ocrx_word' id='word_1_486' title='bbox 326 3957 565 4013; x_wconf 84' lang='lat' dir='ltr'><strong>operum</strong></span> <span class='ocrx_word' id='word_1_487' title='bbox 579 3946 883 3996; x_wconf 80' lang='lat' dir='ltr'><strong>nostrorum</strong></span> <span class='ocrx_word' id='word_1_488' title='bbox 906 3941 1108 4013; x_wconf 65' lang='lat' dir='ltr'><strong>referre</strong></span> <span class='ocrx_word' id='word_1_489' title='bbox 1121 3941 1194 4013; x_wconf 82' lang='lat' dir='ltr'><strong>ad</strong></span> <span class='ocrx_word' id='word_1_490' title='bbox 1206 3945 1304 3996; x_wconf 89' lang='lat' dir='ltr'><strong>Dei</strong></span> <span class='ocrx_word' id='word_1_491' title='bbox 1317 3945 1554 4010; x_wconf 83' lang='lat' dir='ltr'><strong>gratiam</strong></span> <span class='ocrx_word' id='word_1_492' title='bbox 1575 3941 1945 4006; x_wconf 74' lang='lat' dir='ltr'><strong>admonemur,</strong></span> 
     </span>
    </p>
   </div>
   <div class='ocr_carea' id='block_1_71' title="bbox 329 4012 1951 4081">
    <p class='ocr_par' dir='ltr' id='par_1_71' title="bbox 329 4012 1951 4081">
     <span class='ocr_line' id='line_1_71' title="bbox 329 4012 1951 4081; baseline -0.001 -13"><span class='ocrx_word' id='word_1_493' title='bbox 329 4012 400 4068; x_wconf 80' lang='lat' dir='ltr'><strong>in</strong></span> <span class='ocrx_word' id='word_1_494' title='bbox 417 4014 808 4081; x_wconf 79' lang='lat' dir='ltr'><strong>supputatione</strong></span> <span class='ocrx_word' id='word_1_495' title='bbox 822 4015 1002 4067; x_wconf 84' lang='lat' dir='ltr'><strong>tamen</strong></span> <span class='ocrx_word' id='word_1_496' title='bbox 1021 4012 1469 4080; x_wconf 75' lang='lat' dir='ltr'><strong>Quadragesima:</strong></span> <span class='ocrx_word' id='word_1_497' title='bbox 1495 4027 1708 4066; x_wconf 87' lang='lat' dir='ltr'><strong>summa</strong></span> <span class='ocrx_word' id='word_1_498' title='bbox 1733 4015 1841 4067; x_wconf 86' lang='lat' dir='ltr'><strong>ista</strong></span> <span class='ocrx_word' id='word_1_499' title='bbox 1867 4014 1951 4067; x_wconf 84' lang='lat' dir='ltr'><strong>de-</strong></span> 
     </span>
    </p>
   </div>
   <div class='ocr_carea' id='block_1_72' title="bbox 323 4083 1951 4153">
    <p class='ocr_par' dir='ltr' id='par_1_72' title="bbox 323 4083 1951 4153">
     <span class='ocr_line' id='line_1_72' title="bbox 323 4083 1951 4153; baseline -0.001 -13"><span class='ocrx_word' id='word_1_500' title='bbox 323 4086 609 4140; x_wconf 83' lang='lat' dir='ltr'><strong>ciman</strong></span> <span class='ocrx_word' id='word_1_501' title='bbox 645 4083 894 4150; x_wconf 81' lang='lat' dir='ltr'><strong>legali-um</strong></span> <span class='ocrx_word' id='word_1_502' title='bbox 921 4084 1184 4152; x_wconf 69' lang='lat' dir='ltr'><strong>empletur.</strong></span> <span class='ocrx_word' id='word_1_503' title='bbox 1216 4085 1404 4138; x_wconf 88' lang='lat' dir='ltr'><strong>Totum</strong></span> <span class='ocrx_word' id='word_1_504' title='bbox 1427 4085 1564 4137; x_wconf 86' lang='lat' dir='ltr'><strong>enim</strong></span> <span class='ocrx_word' id='word_1_505' title='bbox 1583 4085 1720 4138; x_wconf 87' lang='lat' dir='ltr'><strong>anni</strong></span> <span class='ocrx_word' id='word_1_506' title='bbox 1741 4083 1951 4153; x_wconf 75' lang='lat' dir='ltr'><strong>tempus</strong></span> 
     </span>
    </p>
   </div>
   <div class='ocr_carea' id='block_1_73' title="bbox 323 4153 1946 4221">
    <p class='ocr_par' dir='ltr' id='par_1_73' title="bbox 323 4153 1946 4221">
     <span class='ocr_line' id='line_1_73' title="bbox 323 4153 1946 4221; baseline -0.002 -9"><span class='ocrx_word' id='word_1_507' title='bbox 323 4169 568 4212; x_wconf 84' lang='lat' dir='ltr'><strong>numero</strong></span> <span class='ocrx_word' id='word_1_508' title='bbox 587 4158 655 4208; x_wconf 86' lang='lat'><strong>36</strong></span> <span class='ocrx_word' id='word_1_509' title='bbox 683 4155 892 4208; x_wconf 81' lang='lat' dir='ltr'><strong>diemm</strong></span> <span class='ocrx_word' id='word_1_510' title='bbox 903 4153 1220 4208; x_wconf 75' lang='lat' dir='ltr'><strong>(ieci-matur.</strong></span> <span class='ocrx_word' id='word_1_511' title='bbox 1249 4155 1554 4210; x_wconf 81' lang='lat' dir='ltr'><strong>Subtractis</strong></span> <span class='ocrx_word' id='word_1_512' title='bbox 1579 4156 1721 4209; x_wconf 85' lang='lat' dir='ltr'><strong>enim</strong></span> <span class='ocrx_word' id='word_1_513' title='bbox 1743 4170 1778 4209; x_wconf 91' lang='lat' dir='ltr'><strong>a</strong></span> <span class='ocrx_word' id='word_1_514' title='bbox 1803 4157 1946 4221; x_wconf 82' lang='lat' dir='ltr'><strong>Qua-</strong></span> 
     </span>
    </p>
   </div>
   <div class='ocr_carea' id='block_1_74' title="bbox 323 4223 1945 4294">
    <p class='ocr_par' dir='ltr' id='par_1_74' title="bbox 323 4223 1945 4294">
     <span class='ocr_line' id='line_1_74' title="bbox 323 4223 1945 4294; baseline -0.001 -13"><span class='ocrx_word' id='word_1_515' title='bbox 323 4226 659 4293; x_wconf 70' lang='lat' dir='ltr'><strong>dragesima</strong></span> <span class='ocrx_word' id='word_1_516' title='bbox 677 4225 863 4278; x_wconf 83' lang='lat' dir='ltr'><strong>diebus</strong></span> <span class='ocrx_word' id='word_1_517' title='bbox 885 4223 1189 4286; x_wconf 81' lang='lat' dir='ltr'><strong>dominicis,</strong></span> <span class='ocrx_word' id='word_1_518' title='bbox 1225 4225 1421 4294; x_wconf 83' lang='lat' dir='ltr'><strong>quibus</strong></span> <span class='ocrx_word' id='word_1_519' title='bbox 1438 4225 1655 4294; x_wconf 86' lang='lat' dir='ltr'><strong>jejunia</strong></span> <span class='ocrx_word' id='word_1_520' title='bbox 1674 4225 1945 4280; x_wconf 85' lang='lat' dir='ltr'><strong>resolvun-</strong></span> 
     </span>
    </p>
   </div>
   <div class='ocr_carea' id='block_1_75' title="bbox 319 4295 1948 4365">
    <p class='ocr_par' dir='ltr' id='par_1_75' title="bbox 319 4295 1948 4365">
     <span class='ocr_line' id='line_1_75' title="bbox 319 4295 1948 4365; baseline -0.001 -13"><span class='ocrx_word' id='word_1_521' title='bbox 319 4303 455 4364; x_wconf 84' lang='lat' dir='ltr'><strong>tur,</strong></span> <span class='ocrx_word' id='word_1_522' title='bbox 481 4296 576 4350; x_wconf 97' lang='lat' dir='ltr'><strong>his</strong></span> <span class='ocrx_word' id='word_1_523' title='bbox 599 4295 804 4358; x_wconf 86' lang='lat' dir='ltr'><strong>diebus,</strong></span> <span class='ocrx_word' id='word_1_524' title='bbox 831 4297 990 4364; x_wconf 88' lang='lat' dir='ltr'><strong>quasi</strong></span> <span class='ocrx_word' id='word_1_525' title='bbox 1003 4311 1106 4365; x_wconf 80' lang='lat' dir='ltr'><strong>pro</strong></span> <span class='ocrx_word' id='word_1_526' title='bbox 1125 4297 1288 4350; x_wconf 84' lang='lat' dir='ltr'><strong>totius</strong></span> <span class='ocrx_word' id='word_1_527' title='bbox 1307 4297 1442 4350; x_wconf 88' lang='lat' dir='ltr'><strong>anni</strong></span> <span class='ocrx_word' id='word_1_528' title='bbox 1469 4295 1686 4350; x_wconf 85' lang='lat' dir='ltr'><strong>decimis</strong></span> <span class='ocrx_word' id='word_1_529' title='bbox 1709 4296 1783 4350; x_wconf 84' lang='lat' dir='ltr'><strong>ad</strong></span> <span class='ocrx_word' id='word_1_530' title='bbox 1801 4297 1948 4350; x_wconf 77' lang='lat' dir='ltr'><strong>eccle~</strong></span> 
     </span>
    </p>
   </div>
   <div class='ocr_carea' id='block_1_76' title="bbox 321 4367 1948 4438">
    <p class='ocr_par' dir='ltr' id='par_1_76' title="bbox 321 4367 1948 4438">
     <span class='ocr_line' id='line_1_76' title="bbox 321 4367 1948 4438; baseline -0.002 -13"><span class='ocrx_word' id='word_1_531' title='bbox 321 4371 490 4425; x_wconf 85' lang='lat' dir='ltr'><strong>siam</strong></span> <span class='ocrx_word' id='word_1_532' title='bbox 514 4367 900 4438; x_wconf 82' lang='lat' dir='ltr'><strong>concurrimus,</strong></span> <span class='ocrx_word' id='word_1_533' title='bbox 931 4371 1254 4436; x_wconf 86' lang='lat' dir='ltr'><strong>actuumque</strong></span> <span class='ocrx_word' id='word_1_534' title='bbox 1273 4370 1572 4422; x_wconf 83' lang='lat' dir='ltr'><strong>nostrorum</strong></span> <span class='ocrx_word' id='word_1_535' title='bbox 1587 4369 1948 4438; x_wconf 81' lang='lat' dir='ltr'><strong>operationem</strong></span> 
     </span>
    </p>
   </div>
   <div class='ocr_carea' id='block_1_77' title="bbox 321 4437 1446 4507">
    <p class='ocr_par' dir='ltr' id='par_1_77' title="bbox 321 4437 1446 4507">
     <span class='ocr_line' id='line_1_77' title="bbox 321 4437 1446 4507; baseline -0.004 -10"><span class='ocrx_word' id='word_1_536' title='bbox 321 4443 444 4496; x_wconf 90' lang='lat' dir='ltr'><strong>Deo</strong></span> <span class='ocrx_word' id='word_1_537' title='bbox 468 4441 528 4491; x_wconf 87' lang='lat' dir='ltr'><strong>in</strong></span> <span class='ocrx_word' id='word_1_538' title='bbox 549 4438 780 4491; x_wconf 85' lang='lat' dir='ltr'><strong>hostiam</strong></span> <span class='ocrx_word' id='word_1_539' title='bbox 794 4437 1134 4507; x_wconf 85' lang='lat' dir='ltr'><strong>jubilationis</strong></span> <span class='ocrx_word' id='word_1_540' title='bbox 1153 4439 1446 4506; x_wconf 79' lang='lat' dir='ltr'><strong>offerimus.</strong></span> 
     </span>
    </p>
   </div>
   <div class='ocr_carea' id='block_1_78' title="bbox 393 4507 1942 4576">
    <p class='ocr_par' dir='ltr' id='par_1_78' title="bbox 393 4507 1942 4576">
     <span class='ocr_line' id='line_1_78' title="bbox 393 4507 1942 4576; baseline -0.001 -11"><span class='ocrx_word' id='word_1_541' title='bbox 393 4519 424 4544; x_wconf 76' lang='grc'><strong>⁸</strong></span> <span class='ocrx_word' id='word_1_542' title='bbox 457 4510 653 4570; x_wconf 83' lang='lat' dir='ltr'><strong>Semis,</strong></span> <span class='ocrx_word' id='word_1_543' title='bbox 685 4507 739 4563; x_wconf 94' lang='lat' dir='ltr'><strong>id</strong></span> <span class='ocrx_word' id='word_1_544' title='bbox 759 4516 862 4576; x_wconf 87' lang='lat' dir='ltr'><strong>est,</strong></span> <span class='ocrx_word' id='word_1_545' title='bbox 887 4523 1015 4563; x_wconf 91' lang='lat' dir='ltr'><strong>cum</strong></span> <span class='ocrx_word' id='word_1_546' title='bbox 1043 4507 1272 4565; x_wconf 91' lang='lat' dir='ltr'><strong>dimidio</strong></span> <span class='ocrx_word' id='word_1_547' title='bbox 1304 4526 1318 4564; x_wconf 90' lang='lat'><strong>:</strong></span> <span class='ocrx_word' id='word_1_548' title='bbox 1346 4522 1459 4564; x_wconf 91' lang='lat' dir='ltr'><strong>non</strong></span> <span class='ocrx_word' id='word_1_549' title='bbox 1493 4511 1654 4572; x_wconf 88' lang='lat' dir='ltr'><strong>senis,</strong></span> <span class='ocrx_word' id='word_1_550' title='bbox 1694 4514 1755 4564; x_wconf 92' lang='lat' dir='ltr'><strong>ut</strong></span> <span class='ocrx_word' id='word_1_551' title='bbox 1780 4523 1942 4564; x_wconf 88' lang='lat' dir='ltr'><strong>men-</strong></span> 
     </span>
    </p>
   </div>
   <div class='ocr_carea' id='block_1_79' title="bbox 318 4577 1947 4704">
    <p class='ocr_par' dir='ltr' id='par_1_79' title="bbox 318 4577 1947 4704">
     <span class='ocr_line' id='line_1_79' title="bbox 318 4577 1947 4704; baseline -0.004 -64"><span class='ocrx_word' id='word_1_552' title='bbox 318 4581 478 4640; x_wconf 87' lang='lat' dir='ltr'><strong>dose</strong></span> <span class='ocrx_word' id='word_1_553' title='bbox 509 4577 650 4660; x_wconf 78' lang='lat' dir='ltr'><strong>apud</strong></span> <span class='ocrx_word' id='word_1_554' title='bbox 675 4577 1017 4704; x_wconf 53' lang='lat' dir='ltr'><strong>Diong&#39;sium.</strong></span> <span class='ocrx_word' id='word_1_555' title='bbox 1045 4581 1188 4660; x_wconf 74' lang='lat' dir='ltr'><strong>Nam</strong></span> <span class='ocrx_word' id='word_1_556' title='bbox 1223 4577 1436 4635; x_wconf 91' lang='lat' dir='ltr'><strong>decima</strong></span> <span class='ocrx_word' id='word_1_557' title='bbox 1464 4577 1831 4661; x_wconf 81' lang='lat' dir='ltr'><strong>pars_dierum</strong></span> <span class='ocrx_word' id='word_1_558' title='bbox 1861 4587 1947 4635; x_wconf 91' lang='lat' dir='ltr'><strong>to-</strong></span> 
     </span>
     <span class='ocr_line' id='line_1_80' title="bbox 318 4653 1947 4704; baseline 0 0"><span class='ocrx_word' id='word_1_559' title='bbox 318 4653 448 4704; x_wconf 83' lang='lat' dir='ltr'><strong>tius</strong></span> <span class='ocrx_word' id='word_1_560' title='bbox 483 4665 610 4704; x_wconf 79' lang='lat' dir='ltr'><strong>annl</strong></span> <span class='ocrx_word' id='word_1_561' title='bbox 639 4663 804 4704; x_wconf 91' lang='lat' dir='ltr'><strong>secun</strong></span> <span class='ocrx_word' id='word_1_562' title='bbox 845 4664 941 4704; x_wconf 90' lang='lat' dir='ltr'><strong>um</strong></span> <span class='ocrx_word' id='word_1_563' title='bbox 970 4658 1297 4704; x_wconf 80' lang='lat' dir='ltr'><strong>exactiorem</strong></span> <span class='ocrx_word' id='word_1_564' title='bbox 1332 4658 1773 4704; x_wconf 80' lang='lat' dir='ltr'><strong>supputationem</strong></span> <span class='ocrx_word' id='word_1_565' title='bbox 1816 4665 1947 4704; x_wconf 90' lang='lat' dir='ltr'><strong>om-</strong></span> 
     </span>
    </p>
   </div>
   <div class='ocr_carea' id='block_1_80' title="bbox 318 4649 1948 4722">
    <p class='ocr_par' dir='ltr' id='par_1_80' title="bbox 318 4649 1948 4722">
     <span class='ocr_line' id='line_1_81' title="bbox 318 4649 1948 4722; baseline -0.003 -12"><span class='ocrx_word' id='word_1_566' title='bbox 318 4653 448 4710; x_wconf 86' lang='lat' dir='ltr'><strong>tius</strong></span> <span class='ocrx_word' id='word_1_567' title='bbox 483 4649 610 4706; x_wconf 89' lang='lat' dir='ltr'><strong>anni</strong></span> <span class='ocrx_word' id='word_1_568' title='bbox 639 4649 941 4722; x_wconf 83' lang='lat' dir='ltr'><strong>secundum</strong></span> <span class='ocrx_word' id='word_1_569' title='bbox 970 4649 1303 4722; x_wconf 77' lang='lat' dir='ltr'><strong>exactiorem</strong></span> <span class='ocrx_word' id='word_1_570' title='bbox 1317 4649 1773 4722; x_wconf 77' lang='lat' dir='ltr'><strong>supputationem</strong></span> <span class='ocrx_word' id='word_1_571' title='bbox 1816 4665 1948 4706; x_wconf 91' lang='lat' dir='ltr'><strong>om-</strong></span> 
     </span>
    </p>
   </div>
   <div class='ocr_carea' id='block_1_81' title="bbox 316 4717 1946 4792">
    <p class='ocr_par' dir='ltr' id='par_1_81' title="bbox 316 4717 1946 4792">
     <span class='ocr_line' id='line_1_82' title="bbox 316 4717 1946 4792; baseline -0.002 -11"><span class='ocrx_word' id='word_1_572' title='bbox 316 4723 479 4781; x_wconf 87' lang='lat' dir='ltr'><strong>nino</strong></span> <span class='ocrx_word' id='word_1_573' title='bbox 504 4719 746 4792; x_wconf 17' lang='lat' dir='ltr'><strong>,requirit</strong></span> <span class='ocrx_word' id='word_1_574' title='bbox 775 4727 830 4776; x_wconf 88' lang='lat' dir='ltr'><strong>et</strong></span> <span class='ocrx_word' id='word_1_575' title='bbox 857 4717 1237 4791; x_wconf 89' lang='lat' dir='ltr'><strong>complectitur</strong></span> <span class='ocrx_word' id='word_1_576' title='bbox 1273 4717 1417 4792; x_wconf 67' lang='lat' dir='ltr'><strong>dies&#39;</strong></span> <span class='ocrx_word' id='word_1_577' title='bbox 1435 4717 1656 4792; x_wconf 78' lang='lat' dir='ltr'><strong>triginta</strong></span> <span class='ocrx_word' id='word_1_578' title='bbox 1679 4736 1774 4776; x_wconf 85' lang='lat' dir='ltr'><strong>sex</strong></span> <span class='ocrx_word' id='word_1_579' title='bbox 1817 4736 1946 4777; x_wconf 86' lang='lat' dir='ltr'><strong>cum</strong></span> 
     </span>
    </p>
   </div>
   <div class='ocr_carea' id='block_1_82' title="bbox 317 4736 1949 4862">
    <p class='ocr_par' dir='ltr' id='par_1_82' title="bbox 317 4736 1949 4862">
     <span class='ocr_line' id='line_1_83' title="bbox 317 4736 1946 4792; baseline -0.002 -11"><span class='ocrx_word' id='word_1_580' title='bbox 317 4738 479 4781; x_wconf 76' lang='grc' dir='ltr'><strong>ωηο</strong></span> <span class='ocrx_word' id='word_1_581' title='bbox 521 4736 578 4775; x_wconf 86' lang='lat' dir='ltr'><strong>re</strong></span> <span class='ocrx_word' id='word_1_582' title='bbox 619 4736 746 4776; x_wconf 63' lang='grc' dir='ltr'><strong>ιλιι-ιι</strong></span> <span class='ocrx_word' id='word_1_583' title='bbox 775 4736 830 4776; x_wconf 80' lang='lat' dir='ltr'><strong>et</strong></span> <span class='ocrx_word' id='word_1_584' title='bbox 857 4736 1237 4791; x_wconf 80' lang='lat' dir='ltr'><strong>complecmur</strong></span> <span class='ocrx_word' id='word_1_585' title='bbox 1273 4736 1392 4775; x_wconf 83' lang='lat' dir='ltr'><strong>ales</strong></span> <span class='ocrx_word' id='word_1_586' title='bbox 1435 4736 1656 4792; x_wconf 79' lang='lat' dir='ltr'><strong>triginta</strong></span> <span class='ocrx_word' id='word_1_587' title='bbox 1679 4736 1774 4776; x_wconf 91' lang='lat' dir='ltr'><strong>sex</strong></span> <span class='ocrx_word' id='word_1_588' title='bbox 1817 4736 1946 4777; x_wconf 85' lang='lat' dir='ltr'><strong>cum</strong></span> 
     </span>
     <span class='ocr_line' id='line_1_84' title="bbox 317 4736 1949 4862; baseline -0.002 -12"><span class='ocrx_word' id='word_1_589' title='bbox 317 4736 859 4862; x_wconf 57' lang='lat' dir='ltr'><strong>dimidio?Durand.</strong></span> <span class='ocrx_word' id='word_1_590' title='bbox 891 4793 928 4846; x_wconf 84' lang='grc' dir='ltr'><strong>ι.</strong></span> <span class='ocrx_word' id='word_1_591' title='bbox 960 4806 1019 4847; x_wconf 81' lang='lat' dir='ltr'><strong>v1</strong></span> <span class='ocrx_word' id='word_1_592' title='bbox 1034 4791 1311 4848; x_wconf 84' lang='lat' dir='ltr'><strong>Rational.</strong></span> <span class='ocrx_word' id='word_1_593' title='bbox 1339 4807 1458 4860; x_wconf 85' lang='lat' dir='ltr'><strong>cap.</strong></span> <span class='ocrx_word' id='word_1_594' title='bbox 1484 4797 1580 4855; x_wconf 80' lang='lat'><strong>28;</strong></span> <span class='ocrx_word' id='word_1_595' title='bbox 1607 4792 1854 4862; x_wconf 77' lang='lat' dir='ltr'><strong>Gratum.</strong></span> <span class='ocrx_word' id='word_1_596' title='bbox 1883 4792 1949 4847; x_wconf 87' lang='lat' dir='ltr'><strong>de</strong></span> 
     </span>
    </p>
   </div>
   <div class='ocr_carea' id='block_1_83' title="bbox 319 4861 1944 4932">
    <p class='ocr_par' dir='ltr' id='par_1_83' title="bbox 319 4861 1944 4932">
     <span class='ocr_line' id='line_1_85' title="bbox 319 4861 1944 4932; baseline 0 -14"><span class='ocrx_word' id='word_1_597' title='bbox 319 4861 630 4921; x_wconf 81' lang='lat' dir='ltr'><strong>Consecra.</strong></span> <span class='ocrx_word' id='word_1_598' title='bbox 663 4862 792 4916; x_wconf 83' lang='lat' dir='ltr'><strong>dist.</strong></span> <span class='ocrx_word' id='word_1_599' title='bbox 827 4867 858 4917; x_wconf 86' lang='lat'><strong>3</strong></span> <span class='ocrx_word' id='word_1_600' title='bbox 879 4878 996 4932; x_wconf 88' lang='lat' dir='ltr'><strong>cap.</strong></span> <span class='ocrx_word' id='word_1_601' title='bbox 1029 4863 1286 4930; x_wconf 86' lang='lat' dir='ltr'><strong>Sabbati;</strong></span> <span class='ocrx_word' id='word_1_602' title='bbox 1318 4862 1583 4917; x_wconf 83' lang='lat' dir='ltr'><strong>Alcuinus</strong></span> <span class='ocrx_word' id='word_1_603' title='bbox 1609 4861 1646 4916; x_wconf 87' lang='lat' dir='ltr'><strong>l.</strong></span> <span class='ocrx_word' id='word_1_604' title='bbox 1671 4863 1736 4916; x_wconf 91' lang='lat' dir='ltr'><strong>de</strong></span> <span class='ocrx_word' id='word_1_605' title='bbox 1763 4863 1944 4918; x_wconf 84' lang='lat' dir='ltr'><strong>Divin.</strong></span> 
     </span>
    </p>
   </div>
   <div class='ocr_carea' id='block_1_84' title="bbox 319 4931 1942 5002">
    <p class='ocr_par' dir='ltr' id='par_1_84' title="bbox 319 4931 1942 5002">
     <span class='ocr_line' id='line_1_86' title="bbox 319 4931 1942 5002; baseline 0.002 -17"><span class='ocrx_word' id='word_1_606' title='bbox 319 4935 536 5002; x_wconf 81' lang='lat' dir='ltr'><strong>0fﬁc.;</strong></span> <span class='ocrx_word' id='word_1_607' title='bbox 565 4931 819 4985; x_wconf 86' lang='lat' dir='ltr'><strong>Amalar.</strong></span> <span class='ocrx_word' id='word_1_608' title='bbox 851 4948 895 5002; x_wconf 86' lang='lat' dir='ltr'><strong>c.</strong></span> <span class='ocrx_word' id='word_1_609' title='bbox 930 4936 1032 4998; x_wconf 83' lang='lat'><strong>26;</strong></span> <span class='ocrx_word' id='word_1_610' title='bbox 1063 4933 1273 4988; x_wconf 85' lang='lat' dir='ltr'><strong>Raban.</strong></span> <span class='ocrx_word' id='word_1_611' title='bbox 1307 4933 1344 4987; x_wconf 79' lang='grc' dir='ltr'><strong>ι.</strong></span> <span class='ocrx_word' id='word_1_612' title='bbox 1369 4948 1418 4988; x_wconf 89' lang='lat' dir='ltr'><strong>Il</strong></span> <span class='ocrx_word' id='word_1_613' title='bbox 1449 4933 1514 4988; x_wconf 86' lang='lat' dir='ltr'><strong>de</strong></span> <span class='ocrx_word' id='word_1_614' title='bbox 1541 4934 1720 4988; x_wconf 87' lang='lat' dir='ltr'><strong>Instit.</strong></span> <span class='ocrx_word' id='word_1_615' title='bbox 1754 4933 1942 4989; x_wconf 73' lang='lat' dir='ltr'><strong>Cierio.</strong></span> 
     </span>
    </p>
   </div>
   <div class='ocr_carea' id='block_1_85' title="bbox 313 5001 1946 5075">
    <p class='ocr_par' dir='ltr' id='par_1_85' title="bbox 313 5001 1946 5075">
     <span class='ocr_line' id='line_1_87' title="bbox 313 5001 1946 5075; baseline 0.001 -17"><span class='ocrx_word' id='word_1_616' title='bbox 313 5001 468 5075; x_wconf 68' lang='lat' dir='ltr'><strong>cap.</strong></span> <span class='ocrx_word' id='word_1_617' title='bbox 504 5005 609 5066; x_wconf 88' lang='lat'><strong>38;</strong></span> <span class='ocrx_word' id='word_1_618' title='bbox 641 5001 887 5075; x_wconf 59' lang='lat' dir='ltr'><strong>Durand.</strong></span> <span class='ocrx_word' id='word_1_619' title='bbox 909 5018 1076 5075; x_wconf 79' lang='lat' dir='ltr'><strong>supra</strong></span> <span class='ocrx_word' id='word_1_620' title='bbox 1099 5020 1142 5058; x_wconf 92' lang='lat' dir='ltr'><strong>c.</strong></span> <span class='ocrx_word' id='word_1_621' title='bbox 1165 5009 1286 5075; x_wconf 17' lang='lat'><strong>7‘8).</strong></span> <span class='ocrx_word' id='word_1_622' title='bbox 1303 5002 1361 5075; x_wconf 83' lang='lat' dir='ltr'><strong>Si</strong></span> <span class='ocrx_word' id='word_1_623' title='bbox 1391 5004 1534 5058; x_wconf 90' lang='lat' dir='ltr'><strong>enim</strong></span> <span class='ocrx_word' id='word_1_624' title='bbox 1549 5003 1946 5075; x_wconf 83' lang='lat' dir='ltr'><strong>tantummodo</strong></span> 
     </span>
    </p>
   </div>
   <div class='ocr_carea' id='block_1_86' title="bbox 315 5069 1948 5148">
    <p class='ocr_par' dir='ltr' id='par_1_86' title="bbox 315 5069 1948 5148">
     <span class='ocr_line' id='line_1_88' title="bbox 315 5069 1948 5148; baseline -0.004 -12"><span class='ocrx_word' id='word_1_625' title='bbox 315 5069 572 5148; x_wconf 72' lang='lat' dir='ltr'><strong>triginta</strong></span> <span class='ocrx_word' id='word_1_626' title='bbox 596 5087 688 5127; x_wconf 83' lang='lat' dir='ltr'><strong>sex</strong></span> <span class='ocrx_word' id='word_1_627' title='bbox 711 5069 891 5148; x_wconf 77' lang='lat' dir='ltr'><strong>decies</strong></span> <span class='ocrx_word' id='word_1_628' title='bbox 916 5069 1053 5127; x_wconf 51' lang='lat' dir='ltr'><strong>in&#39;se</strong></span> <span class='ocrx_word' id='word_1_629' title='bbox 1079 5069 1533 5143; x_wconf 82' lang='lat' dir='ltr'><strong>multiplicemur,</strong></span> <span class='ocrx_word' id='word_1_630' title='bbox 1561 5081 1626 5130; x_wconf 92' lang='lat' dir='ltr'><strong>ut</strong></span> <span class='ocrx_word' id='word_1_631' title='bbox 1651 5074 1948 5148; x_wconf 83' lang='lat' dir='ltr'><strong>Gregorius</strong></span> 
     </span>
    </p>
   </div>
   <div class='ocr_carea' id='block_1_87' title="bbox 313 5141 1946 5214">
    <p class='ocr_par' dir='ltr' id='par_1_87' title="bbox 313 5141 1946 5214">
     <span class='ocr_line' id='line_1_89' title="bbox 313 5141 1946 5214; baseline -0.003 -8"><span class='ocrx_word' id='word_1_632' title='bbox 313 5156 380 5206; x_wconf 90' lang='lat' dir='ltr'><strong>et</strong></span> <span class='ocrx_word' id='word_1_633' title='bbox 403 5141 899 5214; x_wconf 12' lang='lat' dir='ltr'><strong>&#39;Isidorusiminus</strong></span> <span class='ocrx_word' id='word_1_634' title='bbox 936 5151 1119 5214; x_wconf 81' lang='lat' dir='ltr'><strong>exacte</strong></span> <span class='ocrx_word' id='word_1_635' title='bbox 1153 5141 1464 5214; x_wconf 83' lang='lat' dir='ltr'><strong>supputant,</strong></span> <span class='ocrx_word' id='word_1_636' title='bbox 1517 5159 1626 5200; x_wconf 90' lang='lat' dir='ltr'><strong>non</strong></span> <span class='ocrx_word' id='word_1_637' title='bbox 1677 5141 1946 5201; x_wconf 74' lang='lat' dir='ltr'><strong>resultant</strong></span> 
     </span>
    </p>
   </div>
   <div class='ocr_carea' id='block_1_88' title="bbox 309 5212 1944 5288">
    <p class='ocr_par' dir='ltr' id='par_1_88' title="bbox 309 5212 1944 5288">
     <span class='ocr_line' id='line_1_90' title="bbox 309 5212 1944 5288; baseline -0.003 -12"><span class='ocrx_word' id='word_1_638' title='bbox 309 5218 436 5277; x_wconf 87' lang='lat' dir='ltr'><strong>nisi</strong></span> <span class='ocrx_word' id='word_1_639' title='bbox 469 5213 703 5288; x_wconf 76' lang='lat' dir='ltr'><strong>trecenti</strong></span> <span class='ocrx_word' id='word_1_640' title='bbox 725 5213 1006 5288; x_wconf 81' lang='lat' dir='ltr'><strong>sexaginta</strong></span> <span class='ocrx_word' id='word_1_641' title='bbox 1024 5212 1137 5288; x_wconf 75' lang='lat' dir='ltr'><strong>dies</strong></span> <span class='ocrx_word' id='word_1_642' title='bbox 1165 5235 1177 5268; x_wconf 89' lang='lat'>:</span> <span class='ocrx_word' id='word_1_643' title='bbox 1198 5212 1340 5270; x_wconf 78' lang='lat' dir='ltr'><strong>unde</strong></span> <span class='ocrx_word' id='word_1_644' title='bbox 1359 5223 1680 5288; x_wconf 79' lang='lat' dir='ltr'><strong>surpersunt</strong></span> <span class='ocrx_word' id='word_1_645' title='bbox 1701 5215 1944 5288; x_wconf 84' lang='lat' dir='ltr'><strong>quinque</strong></span> 
     </span>
    </p>
   </div>
   <div class='ocr_carea' id='block_1_89' title="bbox 311 5283 1944 5368">
    <p class='ocr_par' dir='ltr' id='par_1_89' title="bbox 311 5283 1944 5368">
     <span class='ocr_line' id='line_1_91' title="bbox 311 5283 1944 5368; baseline -0.002 -23"><span class='ocrx_word' id='word_1_646' title='bbox 311 5289 480 5368; x_wconf 70' lang='lat' dir='ltr'><strong>dies,</strong></span> <span class='ocrx_word' id='word_1_647' title='bbox 529 5285 619 5356; x_wconf 88' lang='lat' dir='ltr'><strong>qui</strong></span> <span class='ocrx_word' id='word_1_648' title='bbox 655 5283 1165 5368; x_wconf 50' lang='lat' dir='ltr'><strong>decem—dimidiatis</strong></span> <span class='ocrx_word' id='word_1_649' title='bbox 1205 5283 1684 5368; x_wconf 56' lang='lat' dir='ltr'><strong>aequantur._’Vide</strong></span> <span class='ocrx_word' id='word_1_650' title='bbox 1711 5283 1944 5358; x_wconf 76' lang='lat' dir='ltr'><strong>glossam</strong></span> 
     </span>
    </p>
   </div>
   <div class='ocr_carea' id='block_1_90' title="bbox 313 5355 1940 5499">
    <p class='ocr_par' dir='ltr' id='par_1_90' title="bbox 313 5355 1940 5499">
     <span class='ocr_line' id='line_1_92' title="bbox 313 5355 1740 5481; baseline -0.005 -63"><span class='ocrx_word' id='word_1_651' title='bbox 313 5359 622 5481; x_wconf 55' lang='lat' dir='ltr'><strong>insignem</strong></span> <span class='ocrx_word' id='word_1_652' title='bbox 649 5355 1135 5439; x_wconf 61' lang='lat' dir='ltr'><strong>apudCratianum</strong></span> <span class='ocrx_word' id='word_1_653' title='bbox 1172 5355 1469 5438; x_wconf 36' lang='lat' dir='ltr'><strong>ubi’supra.</strong></span> <span class='ocrx_word' id='word_1_654' title='bbox 1518 5355 1531 5358; x_wconf 63' lang='grc'>⁷</span> <span class='ocrx_word' id='word_1_655' title='bbox 1715 5355 1740 5358; x_wconf 76' lang='grc'><strong><em>“</em></strong></span> 
     </span>
     <span class='ocr_line' id='line_1_93' title="bbox 399 5421 1940 5499; baseline 0.005 -20"><span class='ocrx_word' id='word_1_656' title='bbox 399 5421 433 5460; x_wconf 74' lang='grc' dir='ltr'><strong>υ</strong></span> <span class='ocrx_word' id='word_1_657' title='bbox 490 5423 662 5499; x_wconf 67' lang='lat' dir='ltr'><strong>dest,</strong></span> <span class='ocrx_word' id='word_1_658' title='bbox 689 5441 721 5480; x_wconf 91' lang='lat' dir='ltr'><strong>a</strong></span> <span class='ocrx_word' id='word_1_659' title='bbox 765 5427 942 5499; x_wconf 72' lang='lat' dir='ltr'><strong>vigilia</strong></span> <span class='ocrx_word' id='word_1_660' title='bbox 985 5427 1236 5495; x_wconf 57' lang='lat' dir='ltr'><strong>Pascha,</strong></span> <span class='ocrx_word' id='word_1_661' title='bbox 1267 5443 1382 5499; x_wconf 69' lang='lat' dir='ltr'><strong>sive</strong></span> <span class='ocrx_word' id='word_1_662' title='bbox 1428 5427 1654 5485; x_wconf 88' lang='lat' dir='ltr'><strong>sabbato</strong></span> <span class='ocrx_word' id='word_1_663' title='bbox 1696 5437 1884 5486; x_wconf 91' lang='lat' dir='ltr'><strong>sancto</strong></span> <span class='ocrx_word' id='word_1_664' title='bbox 1925 5448 1940 5486; x_wconf 89' lang='lat'><strong>:</strong></span> 
     </span>
    </p>
   </div>
   <div class='ocr_carea' id='block_1_91' title="bbox 308 5494 1946 5576">
    <p class='ocr_par' dir='ltr' id='par_1_91' title="bbox 308 5494 1946 5576">
     <span class='ocr_line' id='line_1_94' title="bbox 308 5494 1946 5576; baseline 0.004 -25"><span class='ocrx_word' id='word_1_665' title='bbox 308 5515 448 5576; x_wconf 66' lang='grc' dir='ltr'><strong>φξο</strong></span> <span class='ocrx_word' id='word_1_666' title='bbox 482 5494 580 5552; x_wconf 88' lang='lat' dir='ltr'><strong>die</strong></span> <span class='ocrx_word' id='word_1_667' title='bbox 599 5509 714 5576; x_wconf 86' lang='lat' dir='ltr'><strong>non</strong></span> <span class='ocrx_word' id='word_1_668' title='bbox 741 5494 918 5552; x_wconf 74' lang='lat' dir='ltr'><strong>solum</strong></span> <span class='ocrx_word' id='word_1_669' title='bbox 937 5499 1195 5576; x_wconf 74' lang='lat' dir='ltr'><strong>Romani,</strong></span> <span class='ocrx_word' id='word_1_670' title='bbox 1225 5494 1325 5556; x_wconf 87' lang='lat' dir='ltr'><strong>sed</strong></span> <span class='ocrx_word' id='word_1_671' title='bbox 1355 5507 1419 5576; x_wconf 79' lang='lat' dir='ltr'><strong>et</strong></span> <span class='ocrx_word' id='word_1_672' title='bbox 1447 5500 1628 5557; x_wconf 69' lang='lat' dir='ltr'><strong>Grmci</strong></span> <span class='ocrx_word' id='word_1_673' title='bbox 1658 5508 1713 5558; x_wconf 90' lang='lat' dir='ltr'><strong>et</strong></span> <span class='ocrx_word' id='word_1_674' title='bbox 1741 5500 1946 5576; x_wconf 81' lang='lat' dir='ltr'><strong>O_ri_e_n-</strong></span> 
     </span>
    </p>
   </div>
   <div class='ocr_carea' id='block_1_92' title="bbox 308 5569 1948 5652">
    <p class='ocr_par' dir='ltr' id='par_1_92' title="bbox 308 5569 1948 5652">
     <span class='ocr_line' id='line_1_95' title="bbox 308 5569 1948 5652; baseline -0.001 -24"><span class='ocrx_word' id='word_1_675' title='bbox 308 5569 478 5652; x_wconf 68' lang='lat' dir='ltr'><strong>falas</strong></span> <span class='ocrx_word' id='word_1_676' title='bbox 509 5574 710 5652; x_wconf 71' lang='lat' dir='ltr'><strong>praeter</strong></span> <span class='ocrx_word' id='word_1_677' title='bbox 739 5581 959 5652; x_wconf 45' lang='lat' dir='ltr'><strong>morem‘</strong></span> <span class='ocrx_word' id='word_1_678' title='bbox 973 5570 1324 5652; x_wconf 69' lang='lat' dir='ltr'><strong>sabbatorum</strong></span> <span class='ocrx_word' id='word_1_679' title='bbox 1344 5569 1626 5652; x_wconf 63' lang='lat' dir='ltr'><strong>jejunare,</strong></span> <span class='ocrx_word' id='word_1_680' title='bbox 1659 5578 1716 5652; x_wconf 78' lang='lat' dir='ltr'><strong>et</strong></span> <span class='ocrx_word' id='word_1_681' title='bbox 1743 5569 1948 5652; x_wconf 81' lang='lat' dir='ltr'><strong>vigilias</strong></span> 
     </span>
    </p>
   </div>
   <div class='ocr_carea' id='block_1_93' title="bbox 309 5638 1946 5710">
    <p class='ocr_par' dir='ltr' id='par_1_93' title="bbox 309 5638 1946 5710">
     <span class='ocr_line' id='line_1_96' title="bbox 309 5638 1946 5710; baseline 0 -12"><span class='ocrx_word' id='word_1_682' title='bbox 309 5646 381 5703; x_wconf 87' lang='lat' dir='ltr'><strong>in</strong></span> <span class='ocrx_word' id='word_1_683' title='bbox 419 5638 663 5698; x_wconf 82' lang='lat' dir='ltr'><strong>ecclesia</strong></span> <span class='ocrx_word' id='word_1_684' title='bbox 702 5652 872 5710; x_wconf 87' lang='lat' dir='ltr'><strong>usque</strong></span> <span class='ocrx_word' id='word_1_685' title='bbox 895 5638 966 5694; x_wconf 89' lang='lat' dir='ltr'><strong>ad</strong></span> <span class='ocrx_word' id='word_1_686' title='bbox 992 5641 1227 5698; x_wconf 90' lang='lat' dir='ltr'><strong>mediam</strong></span> <span class='ocrx_word' id='word_1_687' title='bbox 1263 5638 1484 5698; x_wconf 79' lang='lat' dir='ltr'><strong>noctem</strong></span> <span class='ocrx_word' id='word_1_688' title='bbox 1523 5640 1630 5696; x_wconf 88' lang='lat' dir='ltr'><strong>diei</strong></span> <span class='ocrx_word' id='word_1_689' title='bbox 1658 5638 1946 5698; x_wconf 72' lang='lat' dir='ltr'><strong>dominica:</strong></span> 
     </span>
    </p>
   </div>
   <div class='ocr_carea' id='block_1_94' title="bbox 305 5709 1948 5786">
    <p class='ocr_par' dir='ltr' id='par_1_94' title="bbox 305 5709 1948 5786">
     <span class='ocr_line' id='line_1_97' title="bbox 305 5709 1948 5786; baseline -0.004 -12"><span class='ocrx_word' id='word_1_690' title='bbox 305 5709 922 5786; x_wconf 66' lang='lat' dir='ltr'><strong>celebraresolebant.</strong></span> <span class='ocrx_word' id='word_1_691' title='bbox 945 5710 1106 5786; x_wconf 83' lang='lat' dir='ltr'><strong>Unde</strong></span> <span class='ocrx_word' id='word_1_692' title='bbox 1146 5712 1314 5770; x_wconf 84' lang='lat' dir='ltr'><strong>Missa</strong></span> <span class='ocrx_word' id='word_1_693' title='bbox 1343 5713 1460 5786; x_wconf 77' lang='lat' dir='ltr'><strong>ejus</strong></span> <span class='ocrx_word' id='word_1_694' title='bbox 1480 5712 1690 5769; x_wconf 90' lang='lat' dir='ltr'><strong>sabbati</strong></span> <span class='ocrx_word' id='word_1_695' title='bbox 1719 5727 1834 5768; x_wconf 93' lang='lat' dir='ltr'><strong>non</strong></span> <span class='ocrx_word' id='word_1_696' title='bbox 1864 5720 1948 5786; x_wconf 91' lang='lat' dir='ltr'><strong>e_st</strong></span> 
     </span>
    </p>
   </div>
   <div class='ocr_carea' id='block_1_95' title="bbox 309 5780 1946 5862">
    <p class='ocr_par' dir='ltr' id='par_1_95' title="bbox 309 5780 1946 5862">
     <span class='ocr_line' id='line_1_98' title="bbox 309 5780 1946 5862; baseline -0.001 -20"><span class='ocrx_word' id='word_1_697' title='bbox 309 5787 520 5862; x_wconf 59' lang='lat' dir='ltr'><strong>Missa</strong></span> <span class='ocrx_word' id='word_1_698' title='bbox 547 5781 651 5862; x_wconf 87' lang='lat' dir='ltr'><strong>diei</strong></span> <span class='ocrx_word' id='word_1_699' title='bbox 678 5821 694 5848; x_wconf 93' lang='lat'><strong>,</strong></span> <span class='ocrx_word' id='word_1_700' title='bbox 739 5780 836 5839; x_wconf 91' lang='lat' dir='ltr'><strong>sed</strong></span> <span class='ocrx_word' id='word_1_701' title='bbox 867 5781 1064 5862; x_wconf 78' lang='lat' dir='ltr'><strong>noctis,</strong></span> <span class='ocrx_word' id='word_1_702' title='bbox 1097 5789 1160 5862; x_wconf 76' lang='lat' dir='ltr'><strong>ut</strong></span> <span class='ocrx_word' id='word_1_703' title='bbox 1187 5780 1390 5862; x_wconf 49' lang='lat' dir='ltr'><strong>notant</strong></span> <span class='ocrx_word' id='word_1_704' title='bbox 1415 5781 1528 5840; x_wconf 82' lang='lat' dir='ltr'><strong>fere</strong></span> <span class='ocrx_word' id='word_1_705' title='bbox 1559 5791 1842 5862; x_wconf 76' lang='lat' dir='ltr'><strong>quotquot</strong></span> <span class='ocrx_word' id='word_1_706' title='bbox 1877 5783 1946 5841; x_wconf 91' lang='lat' dir='ltr'><strong>de</strong></span> 
     </span>
    </p>
   </div>
   <div class='ocr_carea' id='block_1_96' title="bbox 354 5851 1949 5929">
    <p class='ocr_par' dir='ltr' id='par_1_96' title="bbox 354 5851 1949 5929">
     <span class='ocr_line' id='line_1_99' title="bbox 354 5851 1949 5929; baseline -0.003 -13"><span class='ocrx_word' id='word_1_707' title='bbox 354 5853 550 5916; x_wconf 69' lang='lat' dir='ltr'><strong>{liciis</strong></span> <span class='ocrx_word' id='word_1_708' title='bbox 587 5861 644 5910; x_wconf 92' lang='lat' dir='ltr'><strong>et</strong></span> <span class='ocrx_word' id='word_1_709' title='bbox 685 5851 1026 5909; x_wconf 79' lang='lat' dir='ltr'><strong>caeremoniis</strong></span> <span class='ocrx_word' id='word_1_710' title='bbox 1051 5851 1422 5912; x_wconf 88' lang='lat' dir='ltr'><strong>ecclesiasticis</strong></span> <span class='ocrx_word' id='word_1_711' title='bbox 1465 5851 1850 5929; x_wconf 77' lang='lat' dir='ltr'><strong>scripserunt:</strong></span> <span class='ocrx_word' id='word_1_712' title='bbox 1891 5863 1949 5914; x_wconf 87' lang='lat' dir='ltr'><strong>et</strong></span> 
     </span>
    </p>
   </div>
   <div class='ocr_carea' id='block_1_97' title="bbox 1979 4976 2028 5038">
    <p class='ocr_par' dir='ltr' id='par_1_97' title="bbox 1979 4976 2028 5038">
     <span class='ocr_line' id='line_1_100' title="bbox 1979 4976 2028 5038; baseline 0 0"><span class='ocrx_word' id='word_1_713' title='bbox 1979 4976 2028 5038; x_wconf 89' lang='lat' dir='ltr'><strong>D</strong></span> 
     </span>
    </p>
   </div>
   <div class='ocr_carea' id='block_1_98' title="bbox 2059 3656 3655 3733">
    <p class='ocr_par' dir='ltr' id='par_1_98' title="bbox 2059 3656 3655 3733">
     <span class='ocr_line' id='line_1_101' title="bbox 2059 3656 3655 3733; baseline 0.002 -18"><span class='ocrx_word' id='word_1_714' title='bbox 2059 3658 2191 3733; x_wconf 81' lang='lat' dir='ltr'><strong>satis</strong></span> <span class='ocrx_word' id='word_1_715' title='bbox 2219 3657 2277 3714; x_wconf 91' lang='lat' dir='ltr'><strong>id</strong></span> <span class='ocrx_word' id='word_1_716' title='bbox 2297 3656 2511 3733; x_wconf 37' lang='lat' dir='ltr'><strong>indicat.</strong></span> <span class='ocrx_word' id='word_1_717' title='bbox 2525 3657 2751 3733; x_wconf 83' lang='lat' dir='ltr'><strong>collecta</strong></span> <span class='ocrx_word' id='word_1_718' title='bbox 2776 3657 3400 3733; x_wconf 15' lang='lat' dir='ltr'><strong>eLprmfatiorejusdem,</strong></span> <span class='ocrx_word' id='word_1_719' title='bbox 3441 3659 3535 3733; x_wconf 83' lang='lat' dir='ltr'><strong>ubi</strong></span> <span class='ocrx_word' id='word_1_720' title='bbox 3558 3675 3655 3718; x_wconf 92' lang='lat' dir='ltr'><strong>no-</strong></span> 
     </span>
    </p>
   </div>
   <div class='ocr_carea' id='block_1_99' title="bbox 2061 3728 3655 3804">
    <p class='ocr_par' dir='ltr' id='par_1_99' title="bbox 2061 3728 3655 3804">
     <span class='ocr_line' id='line_1_102' title="bbox 2061 3728 3655 3804; baseline 0.003 -20"><span class='ocrx_word' id='word_1_721' title='bbox 2061 3729 2185 3804; x_wconf 81' lang='lat' dir='ltr'><strong>ctis,</strong></span> <span class='ocrx_word' id='word_1_722' title='bbox 2209 3745 2323 3804; x_wconf 82' lang='lat' dir='ltr'><strong>non</strong></span> <span class='ocrx_word' id='word_1_723' title='bbox 2351 3728 2543 3804; x_wconf 84' lang='lat' dir='ltr'><strong>di_ei_tit</strong></span> <span class='ocrx_word' id='word_1_724' title='bbox 2560 3729 2789 3804; x_wconf 75' lang='lat' dir='ltr'><strong>mentio.</strong></span> <span class='ocrx_word' id='word_1_725' title='bbox 2810 3728 2960 3804; x_wconf 71' lang='lat' dir='ltr'><strong>Hinc</strong></span> <span class='ocrx_word' id='word_1_726' title='bbox 2978 3731 3046 3786; x_wconf 93' lang='lat' dir='ltr'><strong>D.</strong></span> <span class='ocrx_word' id='word_1_727' title='bbox 3075 3728 3444 3804; x_wconf 81' lang='lat' dir='ltr'><strong>Hieronymus</strong></span> <span class='ocrx_word' id='word_1_728' title='bbox 3463 3731 3518 3786; x_wconf 91' lang='lat' dir='ltr'><strong>in</strong></span> <span class='ocrx_word' id='word_1_729' title='bbox 3539 3747 3655 3804; x_wconf 91' lang='lat' dir='ltr'><strong>cap.</strong></span> 
     </span>
    </p>
   </div>
   <div class='ocr_carea' id='block_1_100' title="bbox 2059 3799 3660 3872">
    <p class='ocr_par' dir='ltr' id='par_1_100' title="bbox 2059 3799 3660 3872">
     <span class='ocr_line' id='line_1_103' title="bbox 2059 3799 3660 3872; baseline 0.001 -17"><span class='ocrx_word' id='word_1_730' title='bbox 2059 3805 2128 3855; x_wconf 83' lang='lat'><strong>&#39;25</strong></span> <span class='ocrx_word' id='word_1_731' title='bbox 2169 3799 2416 3856; x_wconf 65' lang='lat' dir='ltr'><strong>Matthazi</strong></span> <span class='ocrx_word' id='word_1_732' title='bbox 2447 3799 2606 3854; x_wconf 84' lang='lat' dir='ltr'><strong>docet</strong></span> <span class='ocrx_word' id='word_1_733' title='bbox 2635 3800 2989 3856; x_wconf 88' lang='lat' dir='ltr'><strong>traditionem</strong></span> <span class='ocrx_word' id='word_1_734' title='bbox 3023 3815 3140 3857; x_wconf 89' lang='lat' dir='ltr'><strong>esse</strong></span> <span class='ocrx_word' id='word_1_735' title='bbox 3189 3799 3564 3872; x_wconf 75' lang='lat' dir='ltr'><strong>apostolicam,</strong></span> <span class='ocrx_word' id='word_1_736' title='bbox 3595 3799 3660 3858; x_wconf 80' lang='lat' dir='ltr'><strong>ut</strong></span> 
     </span>
    </p>
   </div>
   <div class='ocr_carea' id='block_1_101' title="bbox 2057 3871 3657 3942">
    <p class='ocr_par' dir='ltr' id='par_1_101' title="bbox 2057 3871 3657 3942">
     <span class='ocr_line' id='line_1_104' title="bbox 2057 3871 3657 3942; baseline 0.001 -16"><span class='ocrx_word' id='word_1_737' title='bbox 2057 3873 2116 3926; x_wconf 87' lang='lat' dir='ltr'><strong>in</strong></span> <span class='ocrx_word' id='word_1_738' title='bbox 2137 3871 2224 3926; x_wconf 84' lang='lat' dir='ltr'><strong>die</strong></span> <span class='ocrx_word' id='word_1_739' title='bbox 2241 3871 2558 3941; x_wconf 80' lang='lat' dir='ltr'><strong>vigiliarum</strong></span> <span class='ocrx_word' id='word_1_740' title='bbox 2575 3871 2792 3928; x_wconf 70' lang='lat' dir='ltr'><strong>Pascha:</strong></span> <span class='ocrx_word' id='word_1_741' title='bbox 2813 3877 2936 3926; x_wconf 87' lang='lat' dir='ltr'><strong>ante</strong></span> <span class='ocrx_word' id='word_1_742' title='bbox 2946 3874 3110 3926; x_wconf 84' lang='lat' dir='ltr'><strong>noctis</strong></span> <span class='ocrx_word' id='word_1_743' title='bbox 3127 3871 3416 3927; x_wconf 85' lang='lat' dir='ltr'><strong>dimidium</strong></span> <span class='ocrx_word' id='word_1_744' title='bbox 3431 3871 3657 3942; x_wconf 83' lang='lat' dir='ltr'><strong>populos</strong></span> 
     </span>
    </p>
   </div>
   <div class='ocr_carea' id='block_1_102' title="bbox 2057 3943 3656 4014">
    <p class='ocr_par' dir='ltr' id='par_1_102' title="bbox 2057 3943 3656 4014">
     <span class='ocr_line' id='line_1_105' title="bbox 2057 3943 3656 4014; baseline 0.001 -17"><span class='ocrx_word' id='word_1_745' title='bbox 2057 3943 2330 3998; x_wconf 84' lang='lat' dir='ltr'><strong>dimittere</strong></span> <span class='ocrx_word' id='word_1_746' title='bbox 2355 3957 2461 3997; x_wconf 86' lang='lat' dir='ltr'><strong>non</strong></span> <span class='ocrx_word' id='word_1_747' title='bbox 2486 3944 2666 4010; x_wconf 84' lang='lat' dir='ltr'><strong>liceat,</strong></span> <span class='ocrx_word' id='word_1_748' title='bbox 2705 3947 3075 4014; x_wconf 72' lang='lat' dir='ltr'><strong>emspectantes</strong></span> <span class='ocrx_word' id='word_1_749' title='bbox 3106 3943 3398 3998; x_wconf 84' lang='lat' dir='ltr'><strong>adventum</strong></span> <span class='ocrx_word' id='word_1_750' title='bbox 3415 3943 3626 4000; x_wconf 85' lang='lat' dir='ltr'><strong>Christi</strong></span> <span class='ocrx_word' id='word_1_751' title='bbox 3635 3963 3656 4010; x_wconf 78' lang='lat'><strong>,-</strong></span> 
     </span>
    </p>
   </div>
   <div class='ocr_carea' id='block_1_103' title="bbox 2056 4013 3660 4084">
    <p class='ocr_par' dir='ltr' id='par_1_103' title="bbox 2056 4013 3660 4084">
     <span class='ocr_line' id='line_1_106' title="bbox 2056 4013 3660 4084; baseline 0.002 -18"><span class='ocrx_word' id='word_1_752' title='bbox 2056 4017 2108 4067; x_wconf 89' lang='lat' dir='ltr'><strong>et</strong></span> <span class='ocrx_word' id='word_1_753' title='bbox 2121 4017 2408 4082; x_wconf 85' lang='lat' dir='ltr'><strong>postquam</strong></span> <span class='ocrx_word' id='word_1_754' title='bbox 2424 4013 2564 4068; x_wconf 86' lang='lat' dir='ltr'><strong>illud</strong></span> <span class='ocrx_word' id='word_1_755' title='bbox 2575 4017 2782 4083; x_wconf 85' lang='lat' dir='ltr'><strong>tempus</strong></span> <span class='ocrx_word' id='word_1_756' title='bbox 2795 4013 3093 4077; x_wconf 76' lang='lat' dir='ltr'><strong>transierit,</strong></span> <span class='ocrx_word' id='word_1_757' title='bbox 3107 4017 3389 4070; x_wconf 84' lang='lat' dir='ltr'><strong>securitate</strong></span> <span class='ocrx_word' id='word_1_758' title='bbox 3402 4029 3660 4084; x_wconf 77' lang='lat' dir='ltr'><strong>prtesum-</strong></span> 
     </span>
    </p>
   </div>
   <div class='ocr_carea' id='block_1_104' title="bbox 2051 4084 3658 4157">
    <p class='ocr_par' dir='ltr' id='par_1_104' title="bbox 2051 4084 3658 4157">
     <span class='ocr_line' id='line_1_107' title="bbox 2051 4084 3658 4157; baseline 0.004 -22"><span class='ocrx_word' id='word_1_759' title='bbox 2051 4087 2155 4157; x_wconf 83' lang='lat' dir='ltr'><strong>pta</strong></span> <span class='ocrx_word' id='word_1_760' title='bbox 2181 4084 2381 4157; x_wconf 73' lang='lat' dir='ltr'><strong>festum</strong></span> <span class='ocrx_word' id='word_1_761' title='bbox 2407 4087 2619 4137; x_wconf 89' lang='lat' dir='ltr'><strong>cunctos</strong></span> <span class='ocrx_word' id='word_1_762' title='bbox 2650 4088 2815 4157; x_wconf 76' lang='lat' dir='ltr'><strong>agere</strong></span> <span class='ocrx_word' id='word_1_763' title='bbox 2855 4085 3018 4157; x_wconf 66' lang='lat' dir='ltr'><strong>diem.</strong></span> <span class='ocrx_word' id='word_1_764' title='bbox 3067 4085 3211 4154; x_wconf 87' lang='lat' dir='ltr'><strong>Quin</strong></span> <span class='ocrx_word' id='word_1_765' title='bbox 3238 4093 3294 4140; x_wconf 91' lang='lat' dir='ltr'><strong>et</strong></span> <span class='ocrx_word' id='word_1_766' title='bbox 3316 4085 3658 4157; x_wconf 81' lang='lat' dir='ltr'><strong>_Vigilantius</strong></span> 
     </span>
    </p>
   </div>
   <div class='ocr_carea' id='block_1_105' title="bbox 2058 4151 3654 4224">
    <p class='ocr_par' dir='ltr' id='par_1_105' title="bbox 2058 4151 3654 4224">
     <span class='ocr_line' id='line_1_108' title="bbox 2058 4151 3654 4224; baseline 0.002 -19"><span class='ocrx_word' id='word_1_767' title='bbox 2058 4151 2441 4224; x_wconf 59' lang='lat' dir='ltr'><strong>haeresiarcha,</strong></span> <span class='ocrx_word' id='word_1_768' title='bbox 2471 4160 2606 4208; x_wconf 88' lang='lat' dir='ltr'><strong>teste</strong></span> <span class='ocrx_word' id='word_1_769' title='bbox 2635 4153 2830 4224; x_wconf 87' lang='lat' dir='ltr'><strong>eodem</strong></span> <span class='ocrx_word' id='word_1_770' title='bbox 2855 4151 3193 4224; x_wconf 70' lang='lat' dir='ltr'><strong>Hieronymo</strong></span> <span class='ocrx_word' id='word_1_771' title='bbox 3223 4153 3357 4220; x_wconf 87' lang='lat' dir='ltr'><strong>(Lib.</strong></span> <span class='ocrx_word' id='word_1_772' title='bbox 3397 4151 3431 4209; x_wconf 71' lang='grc' dir='ltr'><strong><em>ἵ</em></strong></span> <span class='ocrx_word' id='word_1_773' title='bbox 3441 4156 3654 4211; x_wconf 80' lang='lat' dir='ltr'><strong>advers.</strong></span> 
     </span>
    </p>
   </div>
   <div class='ocr_carea' id='block_1_106' title="bbox 2063 4222 3656 4295">
    <p class='ocr_par' dir='ltr' id='par_1_106' title="bbox 2063 4222 3656 4295">
     <span class='ocr_line' id='line_1_109' title="bbox 2063 4222 3656 4295; baseline 0.003 -17"><span class='ocrx_word' id='word_1_774' title='bbox 2063 4223 2428 4295; x_wconf 74' lang='lat' dir='ltr'><strong>Vigilantiam</strong></span> <span class='ocrx_word' id='word_1_775' title='bbox 2465 4239 2580 4295; x_wconf 77' lang='lat' dir='ltr'><strong>cap.</strong></span> <span class='ocrx_word' id='word_1_776' title='bbox 2603 4222 2682 4295; x_wconf 90' lang='lat'><strong>4_),</strong></span> <span class='ocrx_word' id='word_1_777' title='bbox 2713 4223 2793 4295; x_wconf 83' lang='lat' dir='ltr'><strong>sic</strong></span> <span class='ocrx_word' id='word_1_778' title='bbox 2820 4223 3037 4295; x_wconf 78' lang='lat' dir='ltr'><strong>_vigilias</strong></span> <span class='ocrx_word' id='word_1_779' title='bbox 3064 4222 3361 4295; x_wconf 81' lang='lat' dir='ltr'><strong>nocturnas</strong></span> <span class='ocrx_word' id='word_1_780' title='bbox 3397 4225 3656 4282; x_wconf 88' lang='lat' dir='ltr'><strong>ecclesia-</strong></span> 
     </span>
    </p>
   </div>
   <div class='ocr_carea' id='block_1_107' title="bbox 2055 4291 3656 4366">
    <p class='ocr_par' dir='ltr' id='par_1_107' title="bbox 2055 4291 3656 4366">
     <span class='ocr_line' id='line_1_110' title="bbox 2055 4291 3656 4366; baseline 0.002 -18"><span class='ocrx_word' id='word_1_781' title='bbox 2055 4291 2223 4366; x_wconf 84' lang='lat' dir='ltr'><strong>sticas</strong></span> <span class='ocrx_word' id='word_1_782' title='bbox 2243 4294 2327 4349; x_wconf 90' lang='lat' dir='ltr'><strong>sui</strong></span> <span class='ocrx_word' id='word_1_783' title='bbox 2355 4291 2600 4348; x_wconf 88' lang='lat' dir='ltr'><strong>nominis</strong></span> <span class='ocrx_word' id='word_1_784' title='bbox 2621 4291 2800 4366; x_wconf 80' lang='lat' dir='ltr'><strong>hostis</strong></span> <span class='ocrx_word' id='word_1_785' title='bbox 2814 4291 3187 4366; x_wconf 75' lang='lat' dir='ltr'><strong>impugnabat,</strong></span> <span class='ocrx_word' id='word_1_786' title='bbox 3203 4303 3257 4350; x_wconf 91' lang='lat' dir='ltr'><strong>et</strong></span> <span class='ocrx_word' id='word_1_787' title='bbox 3284 4295 3529 4366; x_wconf 90' lang='lat' dir='ltr'><strong>minuere</strong></span> <span class='ocrx_word' id='word_1_788' title='bbox 3557 4312 3656 4352; x_wconf 94' lang='lat' dir='ltr'><strong>co-</strong></span> 
     </span>
    </p>
   </div>
   <div class='ocr_carea' id='block_1_108' title="bbox 2055 4363 3658 4438">
    <p class='ocr_par' dir='ltr' id='par_1_108' title="bbox 2055 4363 3658 4438">
     <span class='ocr_line' id='line_1_111' title="bbox 2055 4363 3658 4438; baseline 0.003 -20"><span class='ocrx_word' id='word_1_789' title='bbox 2055 4363 2311 4438; x_wconf 79' lang='lat' dir='ltr'><strong>nabatur,</strong></span> <span class='ocrx_word' id='word_1_790' title='bbox 2347 4373 2408 4438; x_wconf 79' lang='lat' dir='ltr'><strong>ut</strong></span> <span class='ocrx_word' id='word_1_791' title='bbox 2431 4373 2615 4420; x_wconf 91' lang='lat' dir='ltr'><strong>tamen</strong></span> <span class='ocrx_word' id='word_1_792' title='bbox 2634 4364 2804 4438; x_wconf 74' lang='lat' dir='ltr'><strong>semel</strong></span> <span class='ocrx_word' id='word_1_793' title='bbox 2833 4363 3082 4438; x_wconf 59' lang='lat' dir='ltr'><strong>in&#39;atino,</strong></span> <span class='ocrx_word' id='word_1_794' title='bbox 3109 4366 3166 4421; x_wconf 92' lang='lat' dir='ltr'><strong>in</strong></span> <span class='ocrx_word' id='word_1_795' title='bbox 3195 4365 3429 4438; x_wconf 87' lang='lat' dir='ltr'><strong>paschali</strong></span> <span class='ocrx_word' id='word_1_796' title='bbox 3454 4367 3658 4438; x_wconf 87' lang='lat' dir='ltr'><strong>solem-</strong></span> 
     </span>
    </p>
   </div>
   <div class='ocr_carea' id='block_1_109' title="bbox 2055 4435 3656 4508">
    <p class='ocr_par' dir='ltr' id='par_1_109' title="bbox 2055 4435 3656 4508">
     <span class='ocr_line' id='line_1_112' title="bbox 2055 4435 3656 4508; baseline 0.002 -18"><span class='ocrx_word' id='word_1_797' title='bbox 2055 4435 2226 4490; x_wconf 89' lang='lat' dir='ltr'><strong>nitate</strong></span> <span class='ocrx_word' id='word_1_798' title='bbox 2264 4435 2469 4505; x_wconf 80' lang='lat' dir='ltr'><strong>vigilias</strong></span> <span class='ocrx_word' id='word_1_799' title='bbox 2496 4435 2829 4508; x_wconf 84' lang='lat' dir='ltr'><strong>peragendas</strong></span> <span class='ocrx_word' id='word_1_800' title='bbox 2843 4450 2968 4508; x_wconf 86' lang='lat' dir='ltr'><strong>esse</strong></span> <span class='ocrx_word' id='word_1_801' title='bbox 2995 4435 3242 4508; x_wconf 78' lang='lat' dir='ltr'><strong>jactaret.</strong></span> <span class='ocrx_word' id='word_1_802' title='bbox 3275 4439 3467 4508; x_wconf 83' lang='lat' dir='ltr'><strong>Exstat</strong></span> <span class='ocrx_word' id='word_1_803' title='bbox 3490 4437 3656 4494; x_wconf 87' lang='lat' dir='ltr'><strong>etiam</strong></span> 
     </span>
    </p>
   </div>
   <div class='ocr_carea' id='block_1_110' title="bbox 2056 4505 3656 4580">
    <p class='ocr_par' dir='ltr' id='par_1_110' title="bbox 2056 4505 3656 4580">
     <span class='ocr_line' id='line_1_113' title="bbox 2056 4505 3656 4580; baseline 0.004 -20"><span class='ocrx_word' id='word_1_804' title='bbox 2056 4520 2242 4580; x_wconf 84' lang='lat' dir='ltr'><strong>sermo</strong></span> <span class='ocrx_word' id='word_1_805' title='bbox 2270 4508 2342 4562; x_wconf 94' lang='lat' dir='ltr'><strong>D.</strong></span> <span class='ocrx_word' id='word_1_806' title='bbox 2360 4505 2664 4580; x_wconf 52' lang='lat' dir='ltr'><strong>Augustini</strong></span> <span class='ocrx_word' id='word_1_807' title='bbox 2688 4505 2758 4562; x_wconf 91' lang='lat' dir='ltr'><strong>de</strong></span> <span class='ocrx_word' id='word_1_808' title='bbox 2788 4505 3241 4580; x_wconf 60' lang='lat' dir='ltr'><strong>vigiliis&#39;l’aschae</strong></span> <span class='ocrx_word' id='word_1_809' title='bbox 3273 4507 3340 4564; x_wconf 92' lang='lat' dir='ltr'><strong>ab</strong></span> <span class='ocrx_word' id='word_1_810' title='bbox 3377 4509 3656 4566; x_wconf 85' lang='lat' dir='ltr'><strong>Amalario</strong></span> 
     </span>
    </p>
   </div>
   <div class='ocr_carea' id='block_1_111' title="bbox 2059 4576 3581 4650">
    <p class='ocr_par' dir='ltr' id='par_1_111' title="bbox 2059 4576 3581 4650">
     <span class='ocr_line' id='line_1_114' title="bbox 2059 4576 3581 4650; baseline 0.001 -17"><span class='ocrx_word' id='word_1_811' title='bbox 2059 4576 2444 4650; x_wconf 32' lang='grc' dir='ltr'><strong>(Αγηᾳιαῃηὶίὸ.</strong></span> <span class='ocrx_word' id='word_1_812' title='bbox 2474 4576 2500 4634; x_wconf 78' lang='grc' dir='ltr'><strong>Ῑ</strong></span> <span class='ocrx_word' id='word_1_813' title='bbox 2533 4593 2649 4648; x_wconf 85' lang='lat' dir='ltr'><strong>cap.</strong></span> <span class='ocrx_word' id='word_1_814' title='bbox 2681 4582 2768 4646; x_wconf 87' lang='lat' dir='ltr'><strong>l6)</strong></span> <span class='ocrx_word' id='word_1_815' title='bbox 2796 4576 2993 4650; x_wconf 69' lang='lat' dir='ltr'><strong>citatus</strong></span> <span class='ocrx_word' id='word_1_816' title='bbox 3020 4577 3077 4633; x_wconf 90' lang='lat' dir='ltr'><strong>in</strong></span> <span class='ocrx_word' id='word_1_817' title='bbox 3106 4577 3210 4635; x_wconf 91' lang='lat' dir='ltr'><strong>hoc</strong></span> <span class='ocrx_word' id='word_1_818' title='bbox 3237 4588 3581 4650; x_wconf 87' lang='lat' dir='ltr'><strong>argumento.</strong></span> 
     </span>
    </p>
   </div>
   <div class='ocr_carea' id='block_1_112' title="bbox 2124 4647 3652 4722">
    <p class='ocr_par' dir='ltr' id='par_1_112' title="bbox 2124 4647 3652 4722">
     <span class='ocr_line' id='line_1_115' title="bbox 2124 4647 3652 4722; baseline 0 -18"><span class='ocrx_word' id='word_1_819' title='bbox 2124 4649 2240 4704; x_wconf 83' lang='lat' dir='ltr'><strong>°Ut</strong></span> <span class='ocrx_word' id='word_1_820' title='bbox 2283 4647 2356 4722; x_wconf 93' lang='lat' dir='ltr'><strong>ill_i</strong></span> <span class='ocrx_word' id='word_1_821' title='bbox 2389 4647 2660 4722; x_wconf 66' lang='lat' dir='ltr'><strong>praecepto</strong></span> <span class='ocrx_word' id='word_1_822' title='bbox 2707 4649 3143 4722; x_wconf 72' lang='lat' dir='ltr'><strong>superius_(Cap.</strong></span> <span class='ocrx_word' id='word_1_823' title='bbox 3184 4647 3652 4722; x_wconf 27' lang='lat' dir='ltr'><strong>3__hujus_‘collat.)</strong></span> 
     </span>
    </p>
   </div>
   <div class='ocr_carea' id='block_1_113' title="bbox 2055 4717 3656 4791">
    <p class='ocr_par' dir='ltr' id='par_1_113' title="bbox 2055 4717 3656 4791">
     <span class='ocr_line' id='line_1_116' title="bbox 2055 4717 3656 4791; baseline 0.001 -19"><span class='ocrx_word' id='word_1_824' title='bbox 2055 4717 2282 4790; x_wconf 84' lang='lat' dir='ltr'><strong>allegato</strong></span> <span class='ocrx_word' id='word_1_825' title='bbox 2309 4717 2376 4774; x_wconf 89' lang='lat' dir='ltr'><strong>de</strong></span> <span class='ocrx_word' id='word_1_826' title='bbox 2390 4717 2635 4791; x_wconf 78' lang='lat' dir='ltr'><strong>decimis</strong></span> <span class='ocrx_word' id='word_1_827' title='bbox 2659 4727 2713 4774; x_wconf 90' lang='lat' dir='ltr'><strong>et</strong></span> <span class='ocrx_word' id='word_1_828' title='bbox 2739 4717 2996 4791; x_wconf 66' lang='lat' dir='ltr'><strong>primitiis</strong></span> <span class='ocrx_word' id='word_1_829' title='bbox 3023 4717 3143 4774; x_wconf 79' lang='lat' dir='ltr'><strong>Deo</strong></span> <span class='ocrx_word' id='word_1_830' title='bbox 3172 4717 3656 4791; x_wconf 35' lang='lat' dir='ltr'><strong>offer’cndistqua-</strong></span> 
     </span>
    </p>
   </div>
   <div class='ocr_carea' id='block_1_114' title="bbox 2054 4787 3656 4859">
    <p class='ocr_par' dir='ltr' id='par_1_114' title="bbox 2054 4787 3656 4859">
     <span class='ocr_line' id='line_1_117' title="bbox 2054 4787 3656 4859; baseline 0.002 -17"><span class='ocrx_word' id='word_1_831' title='bbox 2054 4787 2214 4844; x_wconf 78' lang='lat' dir='ltr'><strong>tentis</strong></span> <span class='ocrx_word' id='word_1_832' title='bbox 2238 4789 2485 4844; x_wconf 89' lang='lat' dir='ltr'><strong>naturale</strong></span> <span class='ocrx_word' id='word_1_833' title='bbox 2507 4797 2617 4854; x_wconf 88' lang='lat' dir='ltr'><strong>est,</strong></span> <span class='ocrx_word' id='word_1_834' title='bbox 2650 4798 2705 4844; x_wconf 86' lang='lat' dir='ltr'><strong>et</strong></span> <span class='ocrx_word' id='word_1_835' title='bbox 2739 4787 2810 4844; x_wconf 78' lang='lat' dir='ltr'><strong>ad</strong></span> <span class='ocrx_word' id='word_1_836' title='bbox 2836 4803 3020 4845; x_wconf 87' lang='lat' dir='ltr'><strong>mores</strong></span> <span class='ocrx_word' id='word_1_837' title='bbox 3048 4796 3300 4859; x_wconf 79' lang='lat' dir='ltr'><strong>spectans</strong></span> <span class='ocrx_word' id='word_1_838' title='bbox 3317 4830 3346 4859; x_wconf 15' lang='grc' dir='ltr'><strong>,ί</strong></span> <span class='ocrx_word' id='word_1_839' title='bbox 3363 4787 3656 4846; x_wconf 74' lang='lat' dir='ltr'><strong>satisfacia-</strong></span> 
     </span>
    </p>
   </div>
   <div class='ocr_carea' id='block_1_115' title="bbox 2057 4857 3655 4941">
    <p class='ocr_par' dir='ltr' id='par_1_115' title="bbox 2057 4857 3655 4941">
     <span class='ocr_line' id='line_1_118' title="bbox 2057 4857 3655 4941; baseline 0.002 -28"><span class='ocrx_word' id='word_1_840' title='bbox 2057 4873 2210 4941; x_wconf 75' lang='lat' dir='ltr'><strong>mus;</strong></span> <span class='ocrx_word' id='word_1_841' title='bbox 2253 4868 2452 4941; x_wconf 61' lang='lat' dir='ltr'><strong>praeter</strong></span> <span class='ocrx_word' id='word_1_842' title='bbox 2483 4859 2914 4941; x_wconf 43' lang='lat' dir='ltr'><strong>decimas&#39;totius</strong></span> <span class='ocrx_word' id='word_1_843' title='bbox 2945 4857 3097 4941; x_wconf 71' lang='lat' dir='ltr'><strong>anni,</strong></span> <span class='ocrx_word' id='word_1_844' title='bbox 3121 4875 3256 4941; x_wconf 68' lang='lat' dir='ltr'><strong>quas</strong></span> <span class='ocrx_word' id='word_1_845' title='bbox 3275 4858 3482 4941; x_wconf 76' lang='lat' dir='ltr'><strong>jejunio</strong></span> <span class='ocrx_word' id='word_1_846' title='bbox 3511 4875 3655 4941; x_wconf 76' lang='lat' dir='ltr'><strong>qua-</strong></span> 
     </span>
    </p>
   </div>
   <div class='ocr_carea' id='block_1_116' title="bbox 2055 4927 3656 5001">
    <p class='ocr_par' dir='ltr' id='par_1_116' title="bbox 2055 4927 3656 5001">
     <span class='ocr_line' id='line_1_119' title="bbox 2055 4927 3656 5001; baseline 0.002 -17"><span class='ocrx_word' id='word_1_847' title='bbox 2055 4927 2397 5001; x_wconf 82' lang='lat' dir='ltr'><strong>dragesimali</strong></span> <span class='ocrx_word' id='word_1_848' title='bbox 2429 4929 2658 5001; x_wconf 81' lang='lat' dir='ltr'><strong>persolvi</strong></span> <span class='ocrx_word' id='word_1_849' title='bbox 2683 4928 2946 5001; x_wconf 89' lang='lat' dir='ltr'><strong>diximus,</strong></span> <span class='ocrx_word' id='word_1_850' title='bbox 2987 4927 3157 5001; x_wconf 69' lang='lat' dir='ltr'><strong>docet</strong></span> <span class='ocrx_word' id='word_1_851' title='bbox 3186 4927 3462 4987; x_wconf 58' lang='lat' dir='ltr'><strong>hic&#39;abbas</strong></span> <span class='ocrx_word' id='word_1_852' title='bbox 3490 4927 3656 4987; x_wconf 79' lang='lat' dir='ltr'><strong>eiiam</strong></span> 
     </span>
    </p>
   </div>
   <div class='ocr_carea' id='block_1_117' title="bbox 2057 4997 3655 5074">
    <p class='ocr_par' dir='ltr' id='par_1_117' title="bbox 2057 4997 3655 5074">
     <span class='ocr_line' id='line_1_120' title="bbox 2057 4997 3655 5074; baseline 0.004 -22"><span class='ocrx_word' id='word_1_853' title='bbox 2057 4997 2322 5074; x_wconf 80' lang='lat' dir='ltr'><strong>primitias</strong></span> <span class='ocrx_word' id='word_1_854' title='bbox 2355 4997 2636 5074; x_wconf 68' lang='lat' dir='ltr'><strong>quasdam</strong></span> <span class='ocrx_word' id='word_1_855' title='bbox 2670 4999 2868 5074; x_wconf 83' lang='lat' dir='ltr'><strong>easque</strong></span> <span class='ocrx_word' id='word_1_856' title='bbox 2903 4997 3229 5074; x_wconf 80' lang='lat' dir='ltr'><strong>multiplices</strong></span> <span class='ocrx_word' id='word_1_857' title='bbox 3270 5001 3512 5074; x_wconf 82' lang='lat' dir='ltr'><strong>quotidie</strong></span> <span class='ocrx_word' id='word_1_858' title='bbox 3535 5005 3655 5069; x_wconf 88' lang='lat' dir='ltr'><strong>Deo</strong></span> 
     </span>
    </p>
   </div>
   <div class='ocr_carea' id='block_1_118' title="bbox 2053 5068 3654 5155">
    <p class='ocr_par' dir='ltr' id='par_1_118' title="bbox 2053 5068 3654 5155">
     <span class='ocr_line' id='line_1_121' title="bbox 2053 5068 3654 5155; baseline 0.002 -30"><span class='ocrx_word' id='word_1_859' title='bbox 2053 5068 2085 5155; x_wconf 83' lang='lat' dir='ltr'><strong>a</strong></span> <span class='ocrx_word' id='word_1_860' title='bbox 2115 5069 2281 5155; x_wconf 76' lang='lat' dir='ltr'><strong>nobis</strong></span> <span class='ocrx_word' id='word_1_861' title='bbox 2310 5068 2640 5155; x_wconf 66' lang='lat' dir='ltr'><strong>offerendas,</strong></span> <span class='ocrx_word' id='word_1_862' title='bbox 2683 5068 2848 5155; x_wconf 76' lang='lat' dir='ltr'><strong>idque</strong></span> <span class='ocrx_word' id='word_1_863' title='bbox 2888 5068 3083 5155; x_wconf 71' lang='lat' dir='ltr'><strong>primis</strong></span> <span class='ocrx_word' id='word_1_864' title='bbox 3109 5072 3260 5155; x_wconf 69' lang='lat' dir='ltr'><strong>horis</strong></span> <span class='ocrx_word' id='word_1_865' title='bbox 3281 5068 3416 5155; x_wconf 80' lang='lat' dir='ltr'><strong>diei,</strong></span> <span class='ocrx_word' id='word_1_866' title='bbox 3445 5072 3502 5130; x_wconf 90' lang='lat' dir='ltr'><strong>id</strong></span> <span class='ocrx_word' id='word_1_867' title='bbox 3538 5079 3654 5140; x_wconf 90' lang='lat' dir='ltr'><strong>est,</strong></span> 
     </span>
    </p>
   </div>
   <div class='ocr_carea' id='block_1_119' title="bbox 2054 5143 3436 5214">
    <p class='ocr_par' dir='ltr' id='par_1_119' title="bbox 2054 5143 3436 5214">
     <span class='ocr_line' id='line_1_122' title="bbox 2054 5143 3436 5214; baseline 0.004 -20"><span class='ocrx_word' id='word_1_868' title='bbox 2054 5143 2327 5214; x_wconf 73' lang='lat' dir='ltr'><strong>matutino</strong></span> <span class='ocrx_word' id='word_1_869' title='bbox 2351 5148 2598 5214; x_wconf 81' lang='lat' dir='ltr'><strong>tempore</strong></span> <span class='ocrx_word' id='word_1_870' title='bbox 2613 5183 2630 5214; x_wconf 15' lang='grc' dir='ltr'><strong>,ί</strong></span> <span class='ocrx_word' id='word_1_871' title='bbox 2655 5150 2716 5197; x_wconf 90' lang='lat' dir='ltr'><strong>ut</strong></span> <span class='ocrx_word' id='word_1_872' title='bbox 2745 5143 2994 5214; x_wconf 68' lang='lat' dir='ltr'><strong>primitiae</strong></span> <span class='ocrx_word' id='word_1_873' title='bbox 3015 5158 3139 5202; x_wconf 87' lang='lat' dir='ltr'><strong>vere</strong></span> <span class='ocrx_word' id='word_1_874' title='bbox 3169 5144 3436 5202; x_wconf 90' lang='lat' dir='ltr'><strong>dicantur.</strong></span> 
     </span>
    </p>
   </div>
   <div class='ocr_carea' id='block_1_120' title="bbox 2125 5199 2892 5287">
    <p class='ocr_par' dir='ltr' id='par_1_120' title="bbox 2125 5199 2892 5287">
     <span class='ocr_line' id='line_1_123' title="bbox 2125 5199 2892 5287; baseline 0.001 -19"><span class='ocrx_word' id='word_1_875' title='bbox 2125 5199 2150 5244; x_wconf 75' lang='grc' dir='ltr'>ά</span> <span class='ocrx_word' id='word_1_876' title='bbox 2180 5210 2242 5268; x_wconf 91' lang='lat' dir='ltr'><strong>Id</strong></span> <span class='ocrx_word' id='word_1_877' title='bbox 2265 5220 2370 5282; x_wconf 90' lang='lat' dir='ltr'><strong>est,</strong></span> <span class='ocrx_word' id='word_1_878' title='bbox 2399 5199 2592 5268; x_wconf 73' lang='lat' dir='ltr'><strong>mdrtis</strong></span> <span class='ocrx_word' id='word_1_879' title='bbox 2617 5199 2892 5287; x_wconf 75' lang='lat' dir='ltr'><strong>imagine:</strong></span> 
     </span>
    </p>
   </div>
   <div class='ocr_carea' id='block_1_121' title="bbox 2176 5355 3592 5422">
    <p class='ocr_par' dir='ltr' id='par_1_121' title="bbox 2176 5355 3592 5422">
     <span class='ocr_line' id='line_1_124' title="bbox 2176 5355 3592 5422; baseline 0 -16"><span class='ocrx_word' id='word_1_880' title='bbox 2176 5355 2359 5420; x_wconf 86' lang='lat' dir='ltr'><strong>Ecquid</strong></span> <span class='ocrx_word' id='word_1_881' title='bbox 2391 5355 2519 5408; x_wconf 89' lang='lat' dir='ltr'><strong>enim</strong></span> <span class='ocrx_word' id='word_1_882' title='bbox 2536 5357 2614 5408; x_wconf 85' lang='lat' dir='ltr'><strong>est</strong></span> <span class='ocrx_word' id='word_1_883' title='bbox 2637 5369 2862 5418; x_wconf 86' lang='lat' dir='ltr'><strong>somnus,</strong></span> <span class='ocrx_word' id='word_1_884' title='bbox 2887 5355 3058 5422; x_wconf 81' lang='lat' dir='ltr'><strong>gelidae</strong></span> <span class='ocrx_word' id='word_1_885' title='bbox 3077 5357 3175 5408; x_wconf 86' lang='lat' dir='ltr'><strong>nisi</strong></span> <span class='ocrx_word' id='word_1_886' title='bbox 3194 5356 3368 5407; x_wconf 85' lang='lat' dir='ltr'><strong>mortis</strong></span> <span class='ocrx_word' id='word_1_887' title='bbox 3398 5355 3555 5421; x_wconf 87' lang='lat' dir='ltr'><strong>imago</strong></span> <span class='ocrx_word' id='word_1_888' title='bbox 3569 5360 3592 5406; x_wconf 71' lang='grc' dir='ltr'><strong><em>Ρ</em></strong></span> 
     </span>
    </p>
   </div>
   <div class='ocr_carea' id='block_1_122' title="bbox 2051 5500 3656 5572">
    <p class='ocr_par' dir='ltr' id='par_1_122' title="bbox 2051 5500 3656 5572">
     <span class='ocr_line' id='line_1_125' title="bbox 2051 5500 3656 5572; baseline 0.001 -16"><span class='ocrx_word' id='word_1_889' title='bbox 2051 5500 2131 5557; x_wconf 90' lang='lat' dir='ltr'><strong>ait</strong></span> <span class='ocrx_word' id='word_1_890' title='bbox 2156 5510 2314 5572; x_wconf 89' lang='lat' dir='ltr'><strong>poeta</strong></span> <span class='ocrx_word' id='word_1_891' title='bbox 2365 5505 2654 5570; x_wconf 84' lang='lat' dir='ltr'><strong>(Juvenal).</strong></span> <span class='ocrx_word' id='word_1_892' title='bbox 2687 5501 2830 5559; x_wconf 90' lang='lat' dir='ltr'><strong>Hinc</strong></span> <span class='ocrx_word' id='word_1_893' title='bbox 2857 5502 2943 5570; x_wconf 84' lang='lat' dir='ltr'><strong>ﬁt,</strong></span> <span class='ocrx_word' id='word_1_894' title='bbox 2974 5510 3034 5560; x_wconf 91' lang='lat' dir='ltr'><strong>ut</strong></span> <span class='ocrx_word' id='word_1_895' title='bbox 3075 5509 3132 5558; x_wconf 88' lang='lat' dir='ltr'><strong>et</strong></span> <span class='ocrx_word' id='word_1_896' title='bbox 3166 5516 3393 5559; x_wconf 90' lang='lat' dir='ltr'><strong>somnus</strong></span> <span class='ocrx_word' id='word_1_897' title='bbox 3431 5501 3485 5558; x_wconf 91' lang='lat' dir='ltr'><strong>in</strong></span> <span class='ocrx_word' id='word_1_898' title='bbox 3513 5503 3656 5560; x_wconf 91' lang='lat' dir='ltr'><strong>Scri-</strong></span> 
     </span>
    </p>
   </div>
   <div class='ocr_carea' id='block_1_123' title="bbox 2051 5572 3657 5646">
    <p class='ocr_par' dir='ltr' id='par_1_123' title="bbox 2051 5572 3657 5646">
     <span class='ocr_line' id='line_1_126' title="bbox 2051 5572 3657 5646; baseline 0.002 -20"><span class='ocrx_word' id='word_1_899' title='bbox 2051 5572 2222 5644; x_wconf 89' lang='lat' dir='ltr'><strong>pturis</strong></span> <span class='ocrx_word' id='word_1_900' title='bbox 2243 5587 2387 5646; x_wconf 58' lang='lat' dir='ltr'><strong>saepe</strong></span> <span class='ocrx_word' id='word_1_901' title='bbox 2427 5589 2525 5646; x_wconf 91' lang='lat' dir='ltr'><strong>pro</strong></span> <span class='ocrx_word' id='word_1_902' title='bbox 2551 5581 2732 5630; x_wconf 86' lang='lat' dir='ltr'><strong>morte</strong></span> <span class='ocrx_word' id='word_1_903' title='bbox 2771 5573 3100 5645; x_wconf 87' lang='lat' dir='ltr'><strong>accipiatur;</strong></span> <span class='ocrx_word' id='word_1_904' title='bbox 3131 5581 3186 5629; x_wconf 90' lang='lat' dir='ltr'><strong>et</strong></span> <span class='ocrx_word' id='word_1_905' title='bbox 3203 5572 3446 5646; x_wconf 88' lang='lat' dir='ltr'><strong>dormire</strong></span> <span class='ocrx_word' id='word_1_906' title='bbox 3462 5573 3657 5646; x_wconf 85' lang='lat' dir='ltr'><strong>dican-</strong></span> 
     </span>
    </p>
   </div>
   <div class='ocr_carea' id='block_1_124' title="bbox 2052 5644 3656 5712">
    <p class='ocr_par' dir='ltr' id='par_1_124' title="bbox 2052 5644 3656 5712">
     <span class='ocr_line' id='line_1_127' title="bbox 2052 5644 3656 5712; baseline 0.001 -13"><span class='ocrx_word' id='word_1_907' title='bbox 2052 5650 2144 5699; x_wconf 90' lang='lat' dir='ltr'><strong>tur</strong></span> <span class='ocrx_word' id='word_1_908' title='bbox 2175 5644 2382 5699; x_wconf 90' lang='lat' dir='ltr'><strong>mortui</strong></span> <span class='ocrx_word' id='word_1_909' title='bbox 2429 5644 2442 5700; x_wconf 82' lang='grc' dir='ltr'>Ξ</span> <span class='ocrx_word' id='word_1_910' title='bbox 2470 5647 2716 5701; x_wconf 70' lang='lat' dir='ltr'><strong>Lazarus</strong></span> <span class='ocrx_word' id='word_1_911' title='bbox 2754 5644 3156 5701; x_wconf 72' lang='lat' dir='ltr'><strong>amicus&#39;noster</strong></span> <span class='ocrx_word' id='word_1_912' title='bbox 3182 5645 3414 5712; x_wconf 79' lang='lat' dir='ltr'><strong>dormit;</strong></span> <span class='ocrx_word' id='word_1_913' title='bbox 3443 5644 3656 5702; x_wconf 86' lang='lat' dir='ltr'><strong>dixerat</strong></span> 
     </span>
    </p>
   </div>
   <div class='ocr_carea' id='block_1_125' title="bbox 2052 5713 3654 5789">
    <p class='ocr_par' dir='ltr' id='par_1_125' title="bbox 2052 5713 3654 5789">
     <span class='ocr_line' id='line_1_128' title="bbox 2052 5713 3654 5789; baseline -0.001 -20"><span class='ocrx_word' id='word_1_914' title='bbox 2052 5722 2236 5789; x_wconf 75' lang='lat' dir='ltr'><strong>autem</strong></span> <span class='ocrx_word' id='word_1_915' title='bbox 2265 5713 2332 5789; x_wconf 89' lang='lat' dir='ltr'><strong>de</strong></span> <span class='ocrx_word' id='word_1_916' title='bbox 2351 5724 2530 5772; x_wconf 87' lang='lat' dir='ltr'><strong>morte</strong></span> <span class='ocrx_word' id='word_1_917' title='bbox 2557 5717 2672 5789; x_wconf 90' lang='lat' dir='ltr'><strong>ejus</strong></span> <span class='ocrx_word' id='word_1_918' title='bbox 2695 5717 2854 5772; x_wconf 88' lang='lat' dir='ltr'><strong>Joan.</strong></span> <span class='ocrx_word' id='word_1_919' title='bbox 2870 5731 2938 5774; x_wconf 71' lang='grc' dir='ltr'><strong>χι</strong></span> <span class='ocrx_word' id='word_1_920' title='bbox 2967 5737 2979 5772; x_wconf 92' lang='lat'>:</span> <span class='ocrx_word' id='word_1_921' title='bbox 3007 5717 3266 5776; x_wconf 87' lang='lat' dir='ltr'><strong>Nolumus</strong></span> <span class='ocrx_word' id='word_1_922' title='bbox 3293 5733 3382 5772; x_wconf 88' lang='lat' dir='ltr'><strong>vos</strong></span> <span class='ocrx_word' id='word_1_923' title='bbox 3403 5718 3654 5789; x_wconf 71' lang='lat' dir='ltr'><strong>ignorare</strong></span> 
     </span>
    </p>
   </div>
   <div class='ocr_carea' id='block_1_126' title="bbox 2052 5784 3658 5858">
    <p class='ocr_par' dir='ltr' id='par_1_126' title="bbox 2052 5784 3658 5858">
     <span class='ocr_line' id='line_1_129' title="bbox 2052 5784 3658 5858; baseline -0.002 -18"><span class='ocrx_word' id='word_1_924' title='bbox 2052 5786 2118 5841; x_wconf 87' lang='lat' dir='ltr'><strong>de</strong></span> <span class='ocrx_word' id='word_1_925' title='bbox 2144 5786 2548 5852; x_wconf 81' lang='lat' dir='ltr'><strong>dormientibus,</strong></span> <span class='ocrx_word' id='word_1_926' title='bbox 2578 5784 2643 5844; x_wconf 78' lang='lat' dir='ltr'><strong>ut</strong></span> <span class='ocrx_word' id='word_1_927' title='bbox 2669 5803 2777 5844; x_wconf 89' lang='lat' dir='ltr'><strong>non</strong></span> <span class='ocrx_word' id='word_1_928' title='bbox 2803 5790 3204 5858; x_wconf 83' lang='lat' dir='ltr'><strong>contristemini,</strong></span> <span class='ocrx_word' id='word_1_929' title='bbox 3240 5790 3376 5844; x_wconf 86' lang='lat' dir='ltr'><strong>sicut</strong></span> <span class='ocrx_word' id='word_1_930' title='bbox 3400 5790 3451 5841; x_wconf 87' lang='lat' dir='ltr'><strong>et</strong></span> <span class='ocrx_word' id='word_1_931' title='bbox 3475 5784 3658 5840; x_wconf 76' lang='lat' dir='ltr'><strong>cceteri</strong></span> 
     </span>
    </p>
   </div>
   <div class='ocr_carea' id='block_1_127' title="bbox 2050 5859 3173 5930">
    <p class='ocr_par' dir='ltr' id='par_1_127' title="bbox 2050 5859 3173 5930">
     <span class='ocr_line' id='line_1_130' title="bbox 2050 5859 3173 5930; baseline 0.001 -17"><span class='ocrx_word' id='word_1_932' title='bbox 2050 5859 2149 5928; x_wconf 90' lang='lat' dir='ltr'><strong>qui</strong></span> <span class='ocrx_word' id='word_1_933' title='bbox 2175 5873 2323 5928; x_wconf 87' lang='lat' dir='ltr'><strong>spem</strong></span> <span class='ocrx_word' id='word_1_934' title='bbox 2345 5875 2457 5917; x_wconf 85' lang='lat' dir='ltr'><strong>non</strong></span> <span class='ocrx_word' id='word_1_935' title='bbox 2493 5859 2696 5918; x_wconf 79' lang='lat' dir='ltr'><strong>habent</strong></span> <span class='ocrx_word' id='word_1_936' title='bbox 2715 5861 2762 5922; x_wconf 85' lang='grc' dir='ltr'><strong>(Ι</strong></span> <span class='ocrx_word' id='word_1_937' title='bbox 2786 5859 3032 5918; x_wconf 85' lang='lat' dir='ltr'><strong>Thessal.</strong></span> <span class='ocrx_word' id='word_1_938' title='bbox 3066 5861 3173 5930; x_wconf 71' lang='grc' dir='ltr'><strong>ιν).</strong></span> 
     </span>
    </p>
   </div>
  </div>
