4040 6194
440 269 575 324 i207

1478 236 1793 315 \JOANNIS
1828 254 2131 313 cassum
2171 251 2659 310 COLLATIONES.

3606 251 3738 308 l208

438 389 837 448 monachorum
872 403 1042 460 genus
1069 386 1295 457 antiqua
1330 384 1568 440 inimicae
1598 383 1772 456 gentis
1800 395 2034 439 consue-
2062 382 2113 445 A
2141 378 2288 436 mino
2324 376 2651 436 dedicarem.
2683 376 2959 432 Caeterum
2985 370 3121 443 justi
3159 369 3358 443 quibus
3393 368 3479 426 lex
3512 386 3623 428 non
3655 381 3739 430 est

439 486 627 543 tudine
672 483 1031 551 testabantur,
1071 490 1126 536 et
1169 479 1238 537 ad
1279 477 1773 550 transmigrandum
1819 475 1886 533 de
1928 473 2038 531 suis

439 580 658 637 sedibus
693 578 870 634 acrius
908 575 1206 650 perurgeri,
1239 590 1304 630 eo
1345 572 1492 646 quod
1529 569 1827 628 secundum
1870 568 2022 625 illam

2144 473 2335 545 posita,
2397 471 2597 542 quique
2659 467 2992 542 spiritalibus
3058 462 3261 522 ofﬁciis
3312 478 3430 519 non
3489 463 3745 536 exiguam

2141 567 2314 636 illam,
2342 565 2397 623 id
2426 573 2532 636 est,
2561 563 2835 621 decimam
2863 568 3096 633 partem,
3130 555 3229 615 sed
3256 564 3440 614 totum
3471 557 3601 614 vitae
3628 574 3748 616 suat

439 672 850 731 similitudinem
876 686 979 742 qua
1002 678 1133 726 tunc
1160 668 1397 741 Egyplii
1426 666 1565 723 ﬁlios
1591 665 1755 721 Israel
1781 662 2031 719 violentis
2136 668 2356 734 tempus
2395 658 2737 733 impendunt,
2778 657 2904 730 quia
2942 654 3098 713 liberi
3160 659 3291 710 sunt
3330 668 3361 707 a
3402 651 3748 711 decimarum

441 767 832 826 afﬂictionibus
886 762 1287 837 opprimebant,
1355 778 1502 818 nunc
1566 774 1788 833 quoque
1843 771 2031 813 verum

446 863 632 931 Israel,
683 860 740 918 id
792 869 896 928 est,
941 859 1338 917 monachorum
1385 856 1598 929 plebem
1648 851 2037 910 intellectuales

444 955 680 1029 Egyptii
721 952 1025 1010 durissimis
1062 968 1127 1008 ac
1170 949 1447 1008 lutulentis
1475 948 1730 1021 operibus
1759 946 2039 1001 incurvare

444 1056 727 1116 conentur,
750 1062 820 1102 ne
857 1062 952 1119 per
979 1045 1212 1123 amicam
1244 1046 1361 1099 Deo
1390 1042 1634 1115 quietem
1660 1049 1861 1093 terram
1890 1038 2041 1106 Egy-

451 1142 619 1214 ptiam
666 1140 991 1208 deserentes,
1037 1138 1106 1195 ad
1154 1152 1402 1193 eremum
1454 1135 1715 1190 virtutum
1754 1129 2043 1187 salubriter

449 1242 786 1290 transeamus
813 1253 825 1287 :
859 1233 935 1287 ita
965 1239 1025 1286 ut
1052 1230 1344 1286 adversum
1377 1244 1479 1283 nos
1510 1227 1720 1283 Pharao
1748 1223 2043 1279 infremens

449 1327 612 1393 dicat,
663 1326 830 1381 Otiosi
868 1328 1012 1386 sunt,
1060 1328 1112 1378 et
1156 1323 1351 1387 idcirco
1393 1322 1761 1388 vociferantur
1788 1319 2038 1380 dicentes,

448 1423 649 1476 Eamus
665 1422 715 1472 et
738 1419 1095 1487 sacrificemus
1117 1416 1335 1470 Domino
1354 1419 1459 1471 Deo
1482 1418 1689 1480 nostro;
1717 1414 2044 1484 Oppriman—

453 1519 544 1568 tur
567 1512 864 1575 laboribus,
894 1515 944 1565 et
975 1511 1193 1565 solliciti
1211 1512 1321 1565 sint
1343 1511 1400 1563 in
1427 1509 1673 1580 operibus
1695 1508 1829 1574 suis,
1863 1510 1915 1560 et
1937 1520 2044 1560 non

446 1609 557 1661 sint
573 1606 791 1661 solliciti
814 1606 871 1659 in
888 1604 1061 1658 verbis
1080 1604 1233 1657 vanis
1253 1601 1446 1674 (Exod.
1472 1606 1551 1668 γ).
1579 1604 1719 1657 Nam
1742 1600 1929 1670 utique
1949 1614 2041 1654 va-

448 1696 596 1755 nitas
624 1696 915 1769 impiorum
951 1703 1199 1751 sanctum
1240 1694 1463 1751 Domini
1505 1692 1852 1762 sacriﬁcium,
1893 1692 2042 1764 quod

2148 754 2406 828 legalium
2443 752 2748 820 functioue,
2780 749 2978 807 idcirco
3018 747 3063 804 si
3090 761 3186 804 eos
3218 747 3613 818 superveniens
3640 747 3749 803 ho-

2143 856 2293 905 nesta
2336 855 2391 903 et
2432 854 2617 903 sancta
2658 843 2949 901 necessitas
2984 839 3296 910 coarctarit,
3325 839 3535 897 audent
3567 842 3594 876 δ
3635 850 3749 899 sta-

2144 943 2357 998 tionem
2381 939 2569 1014 jejunii
2595 940 2800 1011 absque
2830 937 2937 993 ulla
2966 933 3363 1006 disceptatione
3390 934 3592 992 laxare.
3625 937 3751 994 Non

2146 1034 2295 1092 enim
2340 1035 2408 1092 ab
2468 1033 2547 1088 eis
2589 1031 2926 1088 decimarum
2971 1026 3240 1101 exiguitas
3290 1027 3596 1097 mutilaeur,
3650 1032 3748 1101 qui

2147 1128 2312 1197 [Lips.
2347 1127 2405 1180 in
2433 1140 2611 1193 marg.
2643 1122 2790 1196 quia]
2815 1120 3005 1178 omnia
3032 1135 3129 1176 sua
3161 1118 3404 1176 Domino
3429 1136 3615 1177 secum
3643 1138 3747 1193 pa-

2148 1220 2282 1275 riter
2304 1214 2640 1275 obtuleruut.
2671 1214 2829 1287 Quod
2858 1212 3100 1287 profecto
3129 1213 3337 1285 absque
3358 1229 3583 1271 summo
3610 1213 3756 1272 frau-

2148 1312 2230 1369 dis
2256 1320 2410 1368 reatu
2439 1310 2617 1368 faeere
2643 1309 2735 1365 ille
2759 1323 2871 1366 non
2898 1306 3120 1380 poterit,
3151 1307 3244 1379 qui
3284 1306 3417 1364 nihil
3445 1307 3751 1365 voluntarie

2148 1405 2384 1463 offerens
2424 1407 2564 1473 Deo,
2608 1401 3043 1460 inexcusabiliter
3086 1400 3299 1457 solvere
3338 1399 3586 1459 decimas
3627 1418 3752 1461 suas

2149 1500 2279 1572 legis
2334 1497 2653 1555 necessitate
2705 1494 3077 1568 compellitur.
3140 1494 3490 1567 Quapropter
3551 1494 3753 1568 liquido

2149 1594 2540 1667 comprobatur
2595 1591 2898 1663 perfectum
2944 1603 3062 1646 esse
3108 1603 3223 1644 non
3268 1603 3426 1661 posse
3477 1587 3751 1646 famulum

2150 1688 2306 1762 legis,
2349 1685 2442 1759 qui
2490 1684 2573 1741 vel
2621 1683 2709 1740 illa
2748 1697 2872 1756 quat
2910 1680 3272 1754 prohibentur
3308 1688 3475 1750 cavet,
3524 1681 3606 1736 vel
3653 1681 3743 1737 illa

455 1806 569 1847 non
608 1790 712 1846 nisi
753 1791 809 1845 in
837 1804 1022 1845 eremo
1063 1788 1211 1845 liberi
1248 1787 1430 1843 cordis
1471 1786 1720 1855 offertur,
1762 1801 2043 1844 summam
2064 1791 2112 1854 Β
2150 1797 2274 1855 quae
2302 1806 2305 1809 ·
2332 1778 2719 1852 praecipiuntur
2764 1775 3095 1848 exsequitur,
3147 1774 3239 1831 sed
3280 1773 3407 1830 illos
3455 1788 3585 1830 vere
3627 1788 3750 1830 esse

449 1899 573 1940 esse
612 1885 805 1940 astruit
847 1883 1159 1952 vanitatem,
1192 1863 1529 1938 abom'inatio
1573 1888 1655 1937 est
1681 1878 1880 1937 etenim
1915 1894 2045 1952 pec-

447 1977 618 2034 catori
650 1977 855 2050 religio.

994 2071 1231 2127 CAPUT
1281 2069 1501 2125 XXIX.

455 2166 608 2232 Quod
627 2166 862 2235 perfecti
884 2164 1371 2235 supergrediantur
1395 2163 1553 2229 legem
1582 2159 2040 2227 Quadragesimw.

523 2260 641 2312 Hac
667 2261 693 2288 ³
731 2258 892 2328 igitur
921 2246 1364 2327 Quadragesiina:
1391 2254 1526 2325 lege,
1562 2253 1655 2323 qui
1674 2252 1857 2324 justus
1886 2259 2047 2325 atque

455 2346 723 2421 perfectus
750 2355 849 2415 est,
890 2362 1001 2401 non
1028 2354 1246 2402 tenetur
1255 2366 1273 2414 ,-
1305 2362 1407 2401 nec
1435 2344 1611 2418 exigui
1638 2344 1800 2417 hujus
1825 2345 2048 2400 canonis

452 2439 787 2514 subjectione
830 2447 1116 2496 contentus
1165 2446 1269 2508 est,
1317 2454 1479 2509 quem
1524 2435 1771 2509 profecto
1816 2437 1916 2493 illis
1954 2437 2045 2510 qui

456 2549 554 2606 per
587 2541 767 2590 totum
804 2533 927 2589 anni
957 2533 1193 2605 spatium
1219 2531 1424 2589 deliciis
1449 2531 1528 2587 vel
1558 2530 1790 2603 negotiis
1818 2529 2049 2588 saecula-

456 2629 612 2686 ribus
649 2628 995 2700 implicantur
1028 2629 1069 2701 (Ι
1109 2630 1243 2683 Tim.
1280 2632 1347 2695 1),
1383 2625 1752 2684 Ecclesiarum
1781 2625 2048 2698 principes

457 2729 793 2787 statuerunt;
826 2730 888 2777 ut
919 2721 998 2777 vel
1038 2720 1141 2776 hac
1171 2719 1323 2793 legali
1365 2718 1779 2791 quodammodo
1806 2718 2048 2775 necessi-

455 2814 565 2872 fate
616 2813 911 2884 constricti,
955 2813 1039 2870 his
1086 2813 1280 2870 saltem
1326 2811 1519 2869 diebus
1570 2827 1763 2868 vacare
1810 2813 2048 2869 Domino

457 2918 801 2980 cogerentur,
843 2923 906 2963 ac
949 2907 1164 2964 dierum
1208 2906 1331 2962 vita:
1371 2921 1508 2971 suae,
1541 2922 1679 2978 quos
1706 2912 1854 2961 totos
1895 2906 2048 2977 quasi

464 3010 657 3057 ructus
689 3000 957 3072 quosdam
984 2998 1205 3056 fuerant
1232 2999 1495 3066 voraturi,
1533 2998 1612 3053 vel
1659 2997 1897 3053 decimas
1938 3000 2050 3052 Do-

2152 1874 2422 1950 perfectos
2449 1874 2539 1947 qui
2569 1872 2729 1929 etiam
2754 1871 2841 1927 his
2863 1885 2991 1943 quae
3017 1886 3048 1926 a
3068 1871 3189 1943 lege
3209 1883 3469 1926 concessa
3487 1877 3615 1925 sunt
3640 1883 3751 1925 non

2153 1976 2401 2027 utuntur.
2431 1968 2502 2022 Et
2529 1966 2630 2023 hac
2664 1965 2877 2021 ratione
2907 1979 3037 2020 cum
3065 1963 3134 2021 de
3174 1962 3417 2020 Mosaica
3444 1963 3555 2034 lege
3593 1960 3745 2019 dica-

2152 2071 2245 2121 tur
2273 2083 2284 2118 :
2318 2073 2338 2099 °
2368 2062 2523 2121 Nihil
2548 2063 2689 2117 enim
2715 2061 2790 2116 ad
2807 2061 3111 2130 perfectum
3142 2059 3414 2130 perducit
3454 2059 3541 2113 lea:
3570 2055 3749 2128 (Hebr.

2152 2160 2285 2227 vn),
2313 2157 2608 2215 nonnullos
2635 2164 2951 2213 sanctorum
2980 2155 3034 2210 in
3060 2155 3225 2211 veteri
3248 2157 3607 2210 Testamento
3631 2167 3756 2225 per-

2153 2252 2326 2310 fectos
2366 2251 2592 2324 legimus
2636 2249 2927 2321 exstitisse,
2972 2248 3098 2322 quia
3134 2246 3594 2304 transcendentes
3628 2247 3756 2320 legis

2155 2346 2447 2418 imperium
2471 2344 2575 2402 sub
2600 2345 2910 2417 evangelica
2938 2341 3267 2416 perfectione
3292 2343 3574 2409 vixerunt,

2156 2445 2231 2496 tes
2259 2440 2401 2509 quod
2423 2440 2591 2510 justis
2614 2455 2721 2494 non
2752 2442 2828 2495 est
2861 2440 2948 2493 lea:
2970 2439 3170 2508 posita,
3203 2438 3297 2493 sed
3322 2437 3552 2506 injustis
3580 2441 3630 2490 et
3654 2448 3758 2489 non

2153 2532 2406 2597 subditis,
2433 2534 2616 2602 impiis
2639 2536 2690 2587 et
2706 2531 3093 2603 peccatoribus,
3119 2531 3391 2587 sceleratis
3416 2534 3467 2585 et
3494 2530 3759 2585 contami-

2154 2629 2293 2681 natis
2326 2626 2370 2696 (Ι
2405 2627 2539 2681 Tim.
2572 2625 2636 2697 1).

2606 2746 2617 2754 ’
2724 2752 2961 2808 CAPUT
2993 2751 3185 2806 XXX.

2443 2883 2518 2934 De
2544 2894 2707 2932 causa
2737 2883 2786 2933 et
2826 2879 2981 2933 initio
3012 2878 3457 2947 Quadragesimte.

2231 3000 2259 3037 ἀ
2302 2983 2594 3058 Sciendum
2632 3017 2764 3060 sane
2791 3003 2933 3060 hanc
2960 3002 3367 3060 observantiam
3396 3001 3763 3075 Quadragesi-

1551 3145 1809 3200 ALARDI
1847 3145 2071 3200 GAZrEI
2108 3145 2665 3206 COMMENTARIUS.

538 3280 563 3307 α
592 3267 853 3347 Sufﬁcere
879 3269 1009 3325 mihi
1044 3268 1329 3325 videbatur
1357 3270 1443 3347 hic
1473 3269 2059 3347 mopuisselectorem,
2088 3272 2133 3335 C
2206 3273 2260 3347 ,δ
2290 3273 2595 3347 Stationem
2611 3346 2614 3347 ν
2619 3274 2811 3347 jejunii
2824 3273 2983 3347 apud
3011 3273 3329 3347 Cassianum
3354 3289 3457 3345 pro
3486 3274 3601 3345 ipso
3622 3272 3761 3347 jeju-

468 3349 530 3398 ut
567 3341 947 3397 annotationes
985 3348 1038 3396 et
1068 3356 1323 3412 censuras
1349 3340 1505 3397 dom.
1548 3339 1791 3412 Cuychii,
1816 3356 1917 3396 nec
1945 3356 2056 3396 non

467 3412 708 3469 Ciaconii
743 3414 801 3469 in
839 3413 984 3483 hunc
1019 3412 1199 3468 locum
1231 3411 1519 3483 diligenter
1551 3411 1849 3483 perlegeret
1882 3420 1935 3467 et
1966 3428 2058 3483 ex-

469 3484 776 3556 penderet._
804 3482 923 3556 Sed
961 3481 1570 3556 opportuneoccurrit‘
1593 3481 1857 3556 sententia
1903 3482 2051 3539 card.

468 3551 779 3623 Bellarmini
815 3553 882 3607 de
910 3551 1015 3607 hoc
1037 3551 1247 3623 ‘iitidem
1286 3552 1433 3616 loco,
1459 3569 1565 3623 qua
1582 3554 1927 3623 Cassianum
1958 3568 2057 3609 seu

509 3624 651 3678 otius
690 3622 974 3678 Theonam
1015 3622 1267 3678 abbatem
1313 3638 1424 3678 non
1471 3621 1637 3678 modo
1683 3633 1923 3692 excusat,
1961 3624 2057 3680 sed

493 3693 794 3767 ongissime
834 3691 1075 3767 abiuisse
1116 3693 1305 3767 asserit
1344 3694 1411 3749 ab
1440 3709 1625 3749 errore
1655 3693 2056 3767 Dega‘rdorum,

466 3765 561 3838 qui
587 3764 860 3820 docebant
887 3764 1030 3819 viros
1060 3763 1331 3838 perfectos
1345 3780 1466 3838 pou
1494 3765 1667 3838 teneri
1697 3763 1900 3838 legibus
1919 3765 2057 3838 jeju-

467 3834 727 3907 niorum;
767 3850 929 3906 quam
976 3834 1296 3907 sententiam
1344 3835 1658 3907 Bellarmini
1702 3834 1798 3907 pro
1846 3834 2061 3892 lectoris

468 3905 867 3962 commoditate
905 3914 960 3961 et
994 3905 1361 3961 satisfactione
1390 3906 1476 3960 hic
1508 3905 1881 3962 ascribendam
1909 3907 2058 3963 duxi.

465 3977 560 4034 Sic
585 3977 746 4047 igitur
759 3976 1116 4032 Bellarminus
1136 3977 1271 4043 (Lib.
1298 3991 1347 4031 ιι
1368 3977 1433 4030 de
1448 3979 1579 4032 Bon.
1602 3978 1759 4047 Oper.
1784 3992 1902 4047 cap.
1930 3980 2019 4046 10)
2044 3996 2057 4032 :

474 4047 629 4115 Quod
655 4049 851 4102 attinet
876 4047 951 4101 ad
980 4049 1312 4109 Cassianum,
1343 4048 1649 4116 longissime
1678 4050 1861 4115 abfuit
1887 4051 2000 4118 ipse
2027 4065 2062 4102 a

472 4120 845 4187 Begardorum
881 4134 1072 4174 errore.
1114 4121 1242 4172 Tria
1269 4122 1447 4172 autem
1476 4122 1602 4173 sunt
1636 4122 1911 4189 praecipua
1940 4135 2062 4189 qua:

472 4190 621 4245 docet
643 4192 701 4244 in
721 4204 779 4244 eo
798 4192 990 4259 capite.
1013 4191 1258 4245 Primum
1280 4190 1527 4257 afﬁrmat
1551 4190 1787 4245 homines
1805 4190 1980 4259 justus
2001 4207 2063 4245 ac

470 4263 733 4331 perfectos
755 4277 861 4316 non
883 4261 1159 4330 subjacere
1183 4262 1290 4329 legi
1313 4262 1539 4328 cogenti,
1566 4276 1685 4315 cum
1713 4264 1822 4331 ipsi
1842 4277 1947 4316 non
1965 4277 2065 4331 per

476 4332 960 4399 Quadragesimam
985 4333 1177 4394 solum,
1207 4332 1300 4386 sed
1330 4334 1497 4386 etiam
1530 4347 1632 4399 per
1665 4337 1835 4387 totum
1867 4348 2067 4387 annum

474 4406 661 4470 sponte
695 4404 1049 4469 alacriterque
1067 4402 1335 4472 jejunent.
1375 4402 1578 4458 Deinde
1611 4402 1771 4458 addit
1802 4403 2070 4472 ejusmodi

470 4473 738 4542 perfectos
762 4473 920 4533 viros,
946 4474 997 4526 si
1013 4487 1174 4526 causa
1199 4471 1345 4525 adsit
1372 4473 1663 4527 relaxandi
1673 4471 1949 4542 jejunium
1976 4477 2067 4529 in-

474 4541 700 4604 dictum,
738 4544 908 4595 tutius
941 4541 1001 4594 id
1029 4557 1185 4613 posse
1213 4544 1392 4608 facere
1413 4558 1577 4610 quam
1600 4541 1811 4598 caeteros
1839 4548 1938 4613 qui
1960 4560 2067 4599 non

473 4616 688 4669 servant
701 4615 814 4667 nisi
823 4612 1374 4683 praseriptajejunia
1392 4616 1643 4683 quoniam
1667 4616 1775 4683 ipsi
1789 4617 1922 4669 certi
1939 4620 2068 4670 sunt

476 4689 528 4739 et
562 4685 712 4755 apud
742 4700 796 4739 se
820 4688 870 4740 et
891 4684 1042 4754 apud
1063 4685 1197 4738 alios
1223 4699 1277 4738 se
1298 4699 1401 4738 non
1428 4699 1591 4739 causa
1618 4687 2063 4754 intemperantia»,

475 4756 570 4811 sed
596 4758 762 4811 solius
791 4756 1092 4818 charitatis,
1122 4756 1395 4811 relaacasse
1410 4755 1651 4825 jejunia.
1682 4757 1858 4812 Addit
1883 4762 2066 4812 tamen

478 4830 636 4907 tertio
656 4830 799 4883 viros
826 4828 945 4907 illos
962 4829 1244 4907 perfectos,
1271 4828 1369 4907 qui
1382 4842 1486 4907 per
1509 4831 1677 4882 totum
1706 4844 1907 4907 annum
1917 4828 2068 4907 jejuf

479 4903 637 4960 nant,
676 4914 782 4953 non
820 4901 989 4954 teneri
1022 4899 1225 4968 legibus
1256 4898 1613 4968 jejuniorum,
1658 4899 1852 4968 quibus
1888 4903 2069 4955 centeri

481 4972 749 5029 tenentur,
775 4985 891 5023 cum
917 4972 1023 5039 ipsi
1036 4971 1164 5039 plus
1190 4971 1421 5037 offerant
1442 4973 1546 5025 Deo
1569 4986 1734 5040 quam
1753 4971 1838 5025 his
1865 4971 2065 5040 legibus

467 5040 843 5109 pracipiatur.
870 5042 1050 5107 Atque
1066 5042 1126 5093 in
1144 5040 1238 5093 hoc
1259 5043 1415 5094 tertio
1438 5057 1543 5095 non
1566 5043 1936 5097 emistimamus
1954 5057 2065 5098 seno

475 5111 707 5166 tentiam
744 5109 860 5184 ejus
876 5182 882 5184 Α
901 5124 1009 5164 esse
1035 5110 1378 5184 sequendam,
1424 5115 1541 5166 tum
1565 5114 1696 5181 quia
1723 5128 1827 5168 non
1862 5117 2066 5184 oportet

468 5187 694 5254 propter
711 5182 1031 5237 oblationem
1044 5182 1403 5238 voluntariam
1414 5186 1826 5252 praetermittere
1835 5182 2068 5239 necessa-

475 5256 615 5309 riam
628 5295 643 5321 ,
690 5258 805 5310 tum
836 5258 1061 5324 propter
1099 5254 1364 5309 rationem
1397 5256 1563 5324 paulo
1606 5259 1729 5311 ante
1766 5256 2059 5323 traditam;

473 5329 716 5396 quamvis
741 5327 884 5381 enim
905 5340 1012 5380 non
1038 5329 1226 5394 egeant
1256 5326 1345 5380 illi
1369 5325 1445 5381 ad
1467 5341 1681 5381 carnem
1709 5326 2063 5383 edomandam

462 5397 678 5465 jejunio
700 5413 1003 5468 pauco-rum
1025 5397 1256 5465 dierum,
1280 5398 1380 5466 qui
1401 5412 1501 5465 per
1530 5400 1662 5451 totos
1689 5411 1890 5452 menses
1907 5397 2063 5468 jeju-

472 5481 602 5521 nare
614 5470 808 5537 solent;
827 5474 1005 5525 tamen
1021 5469 1109 5524 lea:
1127 5470 1417 5524 communis
1429 5471 1507 5523 est
1520 5471 1571 5523 et
1582 5469 1820 5523 omnibus
1838 5469 2060 5535 indicta,

467 5540 814 5612 proindeeos
854 5556 1064 5612 quoque
1107 5541 1344 5610 obligare
1380 5554 1487 5595 non
1525 5540 1744 5596 desinit.
1783 5542 2060 5612 Hactenus

469 5605 881 5694 ᾘςυέιξῳίῐιεεεξ
901 5605 1069 5694 Cujus
1093 5605 1400 5694 sententiae
1451 5611 1683 5694 omnino
1729 5610 2061 5694 suffragatur

470 5675 716 5806 ftvnodus
753 5675 1060 5761 Tridentina
1086 5684 1243 5765 (sess.
1280 5688 1314 5737 6
1341 5699 1462 5739 can.
1496 5688 1574 5750 2),
1597 5684 1695 5767 sub
1720 5675 2061 5738 anathemate

512 5752 728 5806 eﬁniens
753 5749 1373 5806 hominemiustiﬂcatum
1386 5759 1437 5806 et
1455 5755 1748 5806 auamlibet
1764 5757 2060 5806 perfectum

512 5751 738 5824 eﬁniens
753 5749 1373 5824 hominemjustiﬁcatum
1386 5759 1437 5807 et
1455 5749 1748 5822 quamlibet
1760 5757 2060 5824 perfectum

475 5824 646 5875 teneri
665 5821 739 5876 ad
767 5820 1165 5875 obseruantiam
1182 5820 1562 5877 mandatur—um
1594 5826 1693 5879 Dei
1719 5820 2054 5879 etEeclesite.

2164 3341 2255 3398 nio
2279 3343 2468 3417 accipi,
2497 3341 2639 3417 alibj'
2652 3341 2990 3417 ostendimus
3020 3345 3158 3417 (Lib.
3188 3360 3228 3401 ν
3256 3341 3443 3417 Instit.
3471 3341 3591 3417 cap.
3623 3341 3715 3417 '24)
3744 3364 3758 3400 :

2164 3428 2273 3487 quo
2299 3413 2462 3469 etiam
2491 3413 2657 3471 modo
2688 3415 2883 3487 accipit
2910 3416 3277 3487 Tertullianus
3304 3416 3362 3471 in
3392 3416 3487 3471 lib.
3521 3413 3587 3472 de
3616 3413 3763 3473 Ora-

2166 3484 2314 3540 tione
2355 3493 2621 3554 extremo,
2663 3486 2757 3542 ubi
2795 3484 3011 3558 quaerit,
3052 3492 3239 3542 utrum
3268 3503 3368 3558 per
3411 3488 3765 3543 Bttcher-istic:

2160 3559 2549 3625 perceptionem
2576 3559 2815 3629 soluatur
2840 3558 3215 3629 statiotquod
3250 3558 3473 3629 perinde
3505 3567 3591 3613 est
3624 3575 3690 3615 ac
3717 3558 3761 3615 si

2166 3635 2436 3695 quaereret
2453 3643 2521 3683 an
2542 3627 2885 3701 Eucharistia
2902 3628 2975 3701 sit
2996 3627 3122 3701 talis
3139 3627 3316 3693 cibus,
3340 3636 3402 3684 ut
3422 3637 3762 3701 eogsumpto,

2166 3705 2475 3781 censeatur
2497 3699 2759 3781 solutum.
2784 3714 2903 3755 esse
2941 3698 3352 3781 jejuniumtln
3396 3698 3764 3781 an_t_iquo_:_illo

2166 3766 2331 3836 libro,
2355 3767 2839 3842 licetapocrypho,
2866 3766 2967 3842 qui
2996 3766 3235 3842 Pastoris
3264 3766 3591 3836 inscribitur,
3624 3772 3767 3827 Her-

2168 3852 2287 3908 mas
2319 3837 2436 3908 ejus
2466 3837 2586 3894 libi'i
2618 3837 2808 3895 auctor
2833 3837 2912 3895 sic
2938 3840 3231 3897 introducit
3250 3843 3526 3897 Pastorem
3555 3854 3763 3897 secum

2168 3907 2481 3981 loquentem
2520 3930 2533 3964 :
2564 3912 2707 3978 Quid
2732 3915 2843 3966 tam
2869 3927 3025 3966 mane
3062 3913 3162 3967 huc
3187 3913 3406 3968 uenisti?
3438 3913 3715 3981 Respondi
3746 3931 3762 3968 ε

2170 3979 2451 4045 Quoniam,
2472 3983 2710 4045 Domine,
2737 3985 3021 4037 stationem
3050 3984 3231 4038 habeo.
3265 3982 3409 4049 Quid
3426 3979 3762 4052 est—inquit,

2167 4052 2366 4106 statio?
2388 4056 2459 4108 Et
2481 4052 2647 4126 diem“:
2672 4054 2964 4126 Jejunium.
2991 4053 3082 4126 Sic
3103 4054 3268 4109 etiam
3291 4056 3362 4108 D.
3390 4052 3764 4126 Hieronymus

2168 4122 2656 4195 uomendstationis
2684 4122 2966 4195 usurpavit
2997 4124 3090 4179 lib.
3122 4139 3171 4180 rt
3199 4131 3392 4180 contra
3416 4122 3765 4180 Jovinianum

2169 4190 2242 4246 ita
2279 4192 2519 4265 scribens
2557 4213 2573 4248 :
2613 4195 2769 4261 Saul,
2800 4190 2939 4251 sicut
2978 4197 3036 4248 in
3074 4198 3381 4264 Regnorum
3404 4198 3585 4265 primo
3624 4197 3762 4251 libro

2169 4264 2442 4337 scribitur,
2470 4266 2806 4327 Maledictus,
2847 4267 3046 4334 inquit,
3070 4268 3169 4335 qui
3189 4267 3360 4322 ederit
3382 4264 3577 4336 panem
3602 4282 3773 4337 usque

2173 4334 2247 4388 ad
2259 4350 2552 4404 uesperam,
2568 4336 2729 4390 donec
2740 4337 2968 4392 ulciscar
2980 4352 3064 4391 me
3077 4338 3143 4391 de
3155 4334 3399 4392 inimicis
3413 4341 3561 4392 meis.
3574 4341 3646 4393 Et
3656 4334 3763 4393 non

2174 4407 2410 4478 gustavit
2427 4408 2596 4461 omnis
2622 4408 2851 4476 populus
2879 4408 3012 4477 ejus.
3044 4410 3309 4478 Tantique
3331 4411 3448 4477 fuit
3471 4410 3759 4463 mutantes

2173 4476 2430 4550 stationis
2457 4478 2615 4550 semel
2652 4479 2876 4534 Domino
2903 4476 3232 4542 destinatae,w
3251 4484 3316 4533 ut
3349 4480 3627 4540 Jonathas,
3663 4480 3766 4550 qui

2173 4546 2335 4600 causa
2374 4548 2608 4602 victoriis
2637 4550 2940 4617 emstiterat,
2983 4550 3469 4619 deprehenderetur
3509 4546 3761 4612 sortefet

2097 4653 2149 4716 D
2176 4619 2715 4716 ίθξθέῗηέἷω
2739 4619 3146 4716 ξξθέξηῗῖῗέίῗζξ
3154 4627 3356 4716 ,ἒῩὲῗέ

2244 4690 2267 4771 ξ
2296 4690 2379 4771 lix
2398 4702 2476 4754 se,
2500 4689 2709 4771 supple.
2734 4692 2879 4771 Nam
2905 4690 3050 4762 quod
3077 4688 3247 4771 aliqui
3267 4690 3434 4771 sancti
3450 4688 3751 4771 et

2174 4758 2275 4832 sub
2302 4758 2419 4831 lege
2446 4758 2771 4832 exstiterint,
2798 4760 2850 4817 id
2862 4758 2988 4832 Anon
3010 4777 3074 4817 ex
3101 4758 3219 4832 lege
3251 4777 3345 4819 seu
3371 4758 3558 4815 vit-uite
3590 4759 3754 4832 legis,

2172 4828 2267 4904 sed
2290 4828 2552 4902 ex'gratia
2576 4828 2796 4904 Christi,
2827 4830 2881 4889 id
2907 4840 3009 4901 est,
3040 4828 3275 4904 Messias,
3304 4833 3360 4889 in
3385 4846 3544 4904 quem
3570 4828 3759 4904 crede-

2171 4900 2321 4975 bant,
2354 4900 2631 4975 consecuti
2672 4910 2815 4971 sunt,
2855 4909 2915 4975 ut
2943 4902 3143 4975 passim
3186 4900 3349 4975 docet
3387 4900 3677 4973 Apostolus
3703 4901 3766 4958 in

2170 4971 2452 5042 Epistolis,
2470 4972 2590 5046 lege
2615 4981 2832 5030 tantum
2854 4973 2920 5046 ad
2945 4971 3177 5046 gratiam
3205 4971 3530 5046 disponente
3554 4982 3609 5029 et
3630 4982 3764 5046 tam-

2169 5042 2663 5127 quampaadagogo
2704 5042 3318 5127 manudueente._Undé
3344 5048 3510 5127 ann.
3552 5060 3574 5101 ι
3600 5045 3758 5127 abso-

2171 5112 2281 5169 lute
2307 5112 2483 5188 et‘per
2510 5112 2821 5171 antithesim
2848 5115 3049 5172 dicitur
3079 5135 3096 5170 :
3126 5119 3238 5173 Lees
3264 5133 3364 5188 per
3389 5119 3603 5186 Moysen
3628 5115 3758 5169 data

2170 5188 2246 5239 est
2276 5202 2296 5239 :
2332 5185 2527 5243 Gratia
2551 5190 2601 5241 et
2623 5189 2819 5243 ueritas
2841 5203 2944 5258 per
2976 5191 3152 5245 Iesum
3187 5185 3462 5247 Christum
3488 5185 3632 5256 facta
3655 5189 3756 5249 est,

2169 5270 2281 5339 non
2306 5271 2402 5339 per
2424 5258 2674 5339 Moysen,

2240 5327 2292 5403 ά-
2314 5327 2577 5403 Quamvis
2612 5328 2898 5386 Ciacouius
2934 5330 3079 5403 hunc
3110 5330 3291 5388 locum
3319 5339 3634 5403 utcumque
3660 5327 3760 5386 de-

2169 5395 2388 5454 fendere
2428 5406 2484 5453 et
2519 5398 2588 5454 ab
2626 5415 2815 5458 errore
2849 5411 2904 5458 et
2940 5401 3171 5458 falsitate
3209 5401 3488 5459 vindicare
3514 5395 3762 5463 conetur.

2168 5476 2354 5544 tamen
2379 5468 2490 5526 duo
2517 5479 2646 5526 sunt
2685 5470 2776 5528 hic
2803 5487 2928 5544 qua:
2964 5472 3097 5544 mihi
3128 5473 3380 5530 videntur
3407 5470 3767 5544 castigatione

2167 5540 2341 5613 magis
2381 5555 2546 5616 quam
2576 5540 2923 5616 excusatione
2962 5561 3025 5601 ac
3056 5543 3372 5602 defensione
3413 5540 3601 5616 digna.
3640 5540 3768 5616 Pri-

2164 5611 2480 5688 mufq,_non
2508 5611 2677 5688 fuisse
2713 5615 2783 5670 ab
2810 5616 3068 5688 apostolis
3097 5616 3153 5673 iu
3184 5617 3317 5688 ipsis
3353 5611 3766 5688 Ecpl’esigpri-

2166 5682 2392 5759 mqrdiis
2415 5683 2594 5759 latam
2607 5685 2782 5757 legem
2802 5682 2868 5742 de
2894 5682 3269 5759 observatione
3289 5682 3766 5759 Quadragesima,

2165 5753 2259 5828 sed
2290 5753 2686 5828 posterioribus
2707 5763 2812 5828 teni
2825 5757 3051 5828 poribus
3076 5775 3107 5816 a
3134 5753 3544 5823 sacerdotibus:
3571 5753 3623 5813 id
3652 5762 3764 5821 est,

2165 5823 2429 5898 episcopis
2470 5825 2635 5884 fuisse
2673 5823 2980 5887 institutam
3025 5830 3242 5902 (Bellar.
3282 5830 3375 5885 lib.
3410 5843 3460 5885 ll
3490 5829 3559 5884 de
3594 5828 3767 5882 Bonis
