4040 6194
265 278 284 330 1
293 275 395 330 209

989 271 1328 330 COLLATIO
1367 273 1502 329 XXI.
1541 301 1616 314 —
1651 273 1742 328 DE
1779 271 2189 330 REMISSIONE
2225 271 2826 340 QUINQUAGESlM/E.

3432 281 3568 336 l2l0

256 411 382 464 mre,
411 393 678 467 quamdiu
702 394 963 454 Ecclesia:
987 395 1132 454 illius
1155 397 1446 469 primitivae
1463 395 1732 470 perfectio
1767 399 1858 453 in—
1886 402 1940 466 Α
1966 399 2059 470 qui
2095 399 2392 470 Evangelio
2409 397 2663 467 credunt,
2690 416 2719 454 a
2741 399 2879 472 jugo
2898 408 2951 456 et
2970 399 3338 457 dominatione
3365 403 3573 474 peccati

255 491 450 547 violata
469 488 788 562 permansit,
813 489 1028 562 penitus
1045 507 1162 548 non
1189 489 1374 549 fuisse.
1398 493 1526 548 Non
1544 491 1696 549 enim
1719 507 1858 564 pra:-

253 583 402 656 eepti‘
437 582 600 656 hujus
647 583 974 642 necessitate
1019 595 1123 641 nec
1161 584 1315 658 quasi
1360 585 1520 659 legali
1575 585 1860 642 sanctione

252 677 552 745 constricti,
573 675 894 734 arctissimis
904 677 1246 751 jejuniorum
1268 679 1522 736 terminis
1536 679 1859 736 claudeban-

251 777 360 839 tur,
381 771 476 843 qui
501 779 685 828 totum
707 771 834 828 anni
857 773 1101 845 spatium
1123 772 1322 846 aequali
1333 773 1546 847 jejunio
1561 771 1854 830 conclude-

251 861 404 920 bant.
449 865 658 924 Verum
700 879 830 928 cum
862 865 930 924 ab
955 865 1044 924 illa
1085 866 1404 940 Apostolica
1437 866 1729 924 devotione
1753 865 1854 924 de-

250 956 512 1014 scendens
539 957 783 1031 quotidie
811 958 1152 1016 credentium
1179 959 1487 1018 multitudo
1513 959 1628 1018 suis
1661 958 1856 1031 apibus

250 1049 552 1121 incubaret,
581 1067 686 1109 nec
731 1067 822 1110 eas
853 1053 978 1110 usui
1015 1063 1344 1111 cunctorum
1371 1052 1672 1112 secundum
1701 1057 1852 1126 Apo-

251 1140 524 1200 stolorum
549 1143 797 1201 instituta
843 1144 1110 1204 divideret
1158 1148 1366 1214 (Actor.
1398 1146 1506 1219 1v),
1547 1143 1641 1202 sed
1683 1145 1856 1217 priva-

251 1233 351 1290 tim
397 1234 680 1308 impendiis
725 1236 844 1294 suis
885 1238 1177 1296 consulens
1211 1254 1324 1295 non
1368 1253 1580 1296 servare
1616 1245 1848 1304 tantum,

250 1327 347 1384 sed
375 1329 539 1386 etiam
559 1345 757 1404 augere
793 1331 1142 1390 contenderet
1183 1335 1394 1404 (Actor.
1425 1335 1510 1403 v),
1551 1331 1773 1388 Ananiae
1797 1339 1854 1388 et

248 1420 534 1494 Sapphira:
561 1424 870 1497 exemplum
911 1440 1024 1482 non
1071 1434 1325 1482 contenta
1373 1424 1596 1492 sectari;
1631 1423 1687 1481 id
1720 1432 1852 1480 tunc

247 1515 522 1573 universi
547 1517 918 1576 sacerdotibus
957 1519 1178 1592 placuit,
1200 1527 1264 1576 ut
1300 1517 1551 1575 homines
1581 1517 1726 1574 curis
1749 1532 1850 1576 sae-

244 1605 526 1664 cularibus
571 1609 824 1681 illigatos,
867 1617 922 1667 et
949 1627 1088 1684 pene
1121 1614 1220 1680 (ut
1249 1612 1326 1668 ita
1355 1611 1616 1684 dixerim)
1668 1610 1854 1666 conti-

242 1699 446 1758 nentia:
471 1701 553 1758 vel
578 1704 1018 1776 compunctionis
1055 1705 1293 1776 ignaros,
1325 1705 1396 1760 ad
1434 1720 1574 1777 opus
1601 1713 1849 1761 sanctum

1961 491 2168 548 liberos
2192 499 2358 564 atque
2384 492 2593 552 alienos
2617 506 2740 548 esse
2762 492 3101 564 pronuntiat,
3131 493 3409 566 quomodo
3434 510 3571 570 pene

1966 581 2022 638 in
2057 583 2318 641 omnibus
2347 583 2634 656 baptizatis
2677 585 2821 658 viget
2855 583 3160 642 dominatio
3193 595 3566 658 peccatorum,

1969 676 2268 734 secundum
2291 677 2619 735 sententiam
2648 677 2868 734 Domini
2887 678 2980 750 qui
3004 679 3108 734 ait:
3141 679 3325 736 Omnis
3352 683 3451 751 qui
3478 683 3568 749 fa-

1965 772 2040 825 cit
2056 776 2354 842 peccatum,
2378 787 2557 828 servus
2581 775 2659 827 est
2677 774 2886 842 peccati
2905 771 3072 843 (Joan.
3098 773 3236 844 vm)
3260 776 3285 828 ?

2500 873 2742 930 CAPUT
2781 875 3030 929 XXXII.

2125 972 2409 1040 Responsio
2432 969 2506 1025 de
2521 970 2832 1040 differentia
2861 973 3058 1041 gratia:
3079 975 3130 1026 et
3159 972 3416 1041 legalium

2558 1047 2967 1112 praeceptorum.

2035 1138 2287 1196 Theonas
2315 1162 2327 1196 :
2357 1141 2728 1211 Quaestionem
2759 1143 2920 1200 nobis
2943 1159 3130 1200 rursus
3152 1159 3262 1200 non
3291 1145 3567 1201 modicam

1961 1231 2242 1304 inquisitio
2270 1240 2451 1289 vestra
2477 1235 2806 1303 commovit,
2829 1235 2985 1305 cujus
3013 1236 3119 1290 vim
3141 1237 3266 1291 licet
3297 1239 3467 1292 sciam
3497 1238 3567 1293 ab

1961 1326 2253 1398 inexpertis
2297 1341 2400 1382 nec
2439 1325 2579 1383 tradi
2633 1343 2793 1399 posse
2853 1343 2956 1385 nec
2994 1328 3223 1400 percipi,
3270 1337 3456 1386 tamen
3509 1331 3566 1388 in

1963 1426 2233 1492 quantum
2281 1426 2470 1490 potero
2514 1418 2697 1475 verbis
2723 1419 3006 1476 absolvere
3029 1428 3084 1476 et
3123 1419 3358 1477 breviter
3403 1437 3566 1495 expe-

1961 1511 2077 1568 dire
2117 1512 2340 1570 tentabo
2356 1533 2375 1581 ;
2403 1511 2449 1569 si
2485 1511 2652 1569 modo
2680 1512 2986 1570 intellectus
3025 1521 3200 1571 vester
3235 1531 3300 1572 ea
3331 1529 3454 1586 qum
3481 1515 3563 1574 di-

1959 1607 2160 1676 cimus,
2211 1605 2376 1664 etiam
2436 1607 2692 1680 operibus
2749 1600 3132 1679 subsequatur.
3192 1607 3565 1682 Quaecumque

1960 1699 2109 1756 enim
2136 1715 2246 1756 non
2279 1715 2374 1772 per
2414 1698 2748 1766 doctrinam,
2796 1700 2894 1758 sed
2923 1717 3019 1772 per
3053 1701 3438 1774 experientiam
3464 1717 3566 1760 co—

244 1794 510 1851 canonica
539 1795 876 1868 jejuniorum
914 1795 1206 1859 indictione
1234 1805 1588 1865 revocarent,
1621 1805 1678 1854 et
1715 1797 1856 1854 velut
1883 1797 1932 1860 B
1960 1801 2329 1866 gnoscuntur,
2367 1791 2510 1850 sicut
2553 1793 2697 1850 tradi
2733 1793 2802 1849 ab
2841 1793 3120 1866 inexperto
3161 1803 3464 1867 nequeunt,
3490 1795 3565 1852 ita

243 1885 504 1960 legalium
545 1887 880 1945 decimarum
918 1890 1240 1946 necessitate
1289 1890 1701 1962 compellerent,
1733 1906 1856 1964 qua:

243 1981 440 2054 utique
479 1981 715 2037 inﬁrmis
754 1982 1012 2054 prodesse
1055 1983 1250 2055 possit,
1280 1990 1336 2038 et
1377 1981 1628 2056 perfectis
1656 1985 1853 2058 prmju-

245 2071 428 2130 dicare
451 2087 568 2128 non
595 2073 790 2146 possit,
820 2073 911 2145 qui
935 2074 1036 2131 sub
1056 2075 1524 2149 gratiaEvangelii
1548 2077 1851 2148 constituti,

245 2165 556 2222 voluntaria
603 2165 777 2238 legem
815 2165 1108 2224 devotione
1144 2169 1558 2238 transcendunt,
1587 2177 1648 2226 ut
1674 2169 1743 2226 ad
1781 2171 1851 2226 il-

241 2259 356 2316 lam
390 2259 724 2331 Apostolicae
761 2262 1047 2318 sententia
1075 2261 1466 2320 beatitudinem
1494 2264 1702 2335 possint
1729 2279 1849 2336 per-

246 2351 433 2408 venire
455 2371 472 2406 :
497 2355 778 2408 Peccatum
797 2355 935 2409 enim
951 2355 1014 2409 in
1029 2355 1178 2410 vobis
1191 2373 1300 2412 non
1329 2357 1722 2422 dominabitur,
1745 2374 1852 2414 non

243 2446 388 2500 enim
414 2445 544 2500 estis
579 2445 678 2500 sub
713 2443 851 2515 lege,
889 2447 982 2502 sed
1015 2448 1114 2502 sub
1139 2451 1319 2518 gratia
1345 2451 1518 2518 (Rom.
1567 2450 1676 2522 γι).
1711 2453 1850 2508 Vere

243 2538 400 2592 enim
427 2537 858 2596 dominationem
885 2541 942 2596 in
963 2541 1053 2597 illo
1084 2557 1198 2598 non
1233 2551 1414 2615 potest
1439 2559 1692 2601 exercere
1725 2560 1848 2616 pec-

242 2637 458 2701 catum,
487 2631 583 2704 qui
610 2631 926 2690 dominatur
953 2633 1238 2691 affectibus
1265 2645 1634 2708 peccatorum.

799 2738 1046 2794 CAPUT
1083 2739 1301 2793 XXXI.

1961 1902 2063 1942 nec
2098 1894 2282 1942 mente
2319 1887 2537 1958 concipi
2577 1887 2662 1943 vel
2693 1887 2898 1958 teneri,
2923 1887 3025 1944 nisi
3057 1887 3128 1944 ab
3157 1902 3223 1944 eo
3273 1888 3366 1958 qui
3402 1887 3563 1944 simili

1961 1980 2142 2038 studio
2169 1980 2336 2038 fuerit
2372 1989 2537 2053 atque
2559 1981 2906 2040 institutione
2940 1979 3225 2039 fundatus.
3267 1985 3340 2038 Et
3363 1981 3562 2040 idcirco

1961 2075 2332 2131 necessarium
2369 2091 2496 2132 reor
2523 2085 2584 2132 ut
2609 2077 2848 2148 primum
2883 2076 3195 2150 diligentius
3225 2076 3564 2149 inquiramus

1959 2166 2228 2240 quidnam
2251 2167 2324 2224 sit
2365 2167 2706 2240 propositum
2734 2168 2817 2224 vel
2860 2169 3114 2225 voluntas
3140 2168 3297 2240 legis,
3322 2168 3405 2224 vel
3439 2182 3563 2241 quae

1959 2261 2149 2334 gratiae
2197 2261 2477 2334 disciplina
2525 2270 2693 2334 atque
2724 2261 3019 2334 perfectio;
3061 2271 3122 2319 ut
3165 2271 3565 2334 consequenter

1959 2371 2023 2412 ex
2052 2355 2158 2424 his,
2189 2356 2302 2412 sive
2328 2356 2759 2412 dominationem
2789 2356 3020 2429 peccati,
3041 2356 3153 2412 sive
3189 2357 3564 2428 expulsionem

1959 2447 2077 2520 ejus
2117 2448 2394 2520 possimus
2445 2463 2754 2522 agnoscere.
2810 2451 3002 2520 Itaque
3055 2449 3142 2505 lex
3190 2449 3564 2520 principaliter

1951 2539 2108 2612 jubet
2150 2539 2328 2612 expeti
2371 2540 2626 2611 copulam
2675 2541 2984 2612 nuptiarum
3031 2539 3222 2597 dicens
3264 2559 3276 2595 :
3327 2543 3564 2596 alBeatus

1958 2635 2054 2703 qui
2080 2633 2238 2688 habet
2264 2649 2442 2689 semen
2479 2635 2540 2688 in
2565 2635 2724 2697 Sion,
2755 2638 2804 2688 et
2827 2633 3137 2688 domesticos
3177 2635 3236 2688 in
3273 2635 3563 2689 Jemsalem

1959 2729 2135 2794 (Isaia:
2158 2743 2314 2784 xxxx
2328 2743 2428 2783 sec.
2448 2729 2642 2796 LXX)
2665 2750 2678 2795 ;
2701 2735 2770 2792 et,
2789 2728 3078 2784 Maledicta
3096 2728 3296 2782 sterilis
3321 2743 3442 2796 qua:
3456 2742 3563 2782 non

243 2832 602 2906 Interrogatio
639 2832 1088 2906 quemadmodum
1120 2835 1357 2906 intelligi
1390 2836 1580 2906 debeat
1599 2837 1742 2906 quod
1772 2841 1851 2893 ait

1962 2821 2186 2890 peperit.
2235 2821 2558 2876 Econtrario
2618 2821 2788 2894 gratia
2843 2819 2910 2876 ad
2969 2819 3388 2895 incorruptionis
3434 2835 3559 2892 per-

342 2901 659 2970 Apostolus,
679 2906 954 2970 peccatum
977 2904 1037 2957 in
1065 2904 1214 2958 nobis
1240 2919 1347 2960 non
1375 2901 1761 2986 dominabitur.

317 3001 634 3058 Germanus
659 3019 671 3054 :
703 3001 843 3068 Quia
871 3017 984 3056 non
1011 3011 1187 3074 potest
1212 3003 1383 3058 fallax.
1397 3005 1513 3060 haec
1540 3009 1852 3076 Apostolica

243 3109 367 3170 esse
391 3092 676 3159 sententia,
703 3107 826 3164 quae
840 3095 1185 3150 securitatem
1203 3111 1316 3152 non
1345 3097 1524 3153 solum
1547 3099 1850 3166 monachis,

1959 2920 2140 2984 petua:
2169 2913 2465 2985 puritatem
2499 2922 2553 2970 et
2589 2914 2971 2971 castimoniam
2993 2929 3096 2970 nos
3134 2913 3306 2972 beatae
3345 2912 3562 2988 virgini-

1958 3003 2088 3061 tatis
2105 3004 2329 3061 invitat:
2357 3010 2555 3070 Beatce,
2581 3007 2850 3078 inquiens,
2871 3009 3080 3063 steriles
3099 3023 3219 3078 qua:
3239 3023 3343 3064 non
3367 3023 3560 3078 genue-

1960 3103 2112 3162 runt,
2145 3102 2195 3154 et
2222 3099 2389 3154 ubera
2410 3116 2531 3171 quce
2559 3116 2666 3156 non
2689 3102 3058 3172 lactaverunt;
3083 3109 3154 3171 et,
3189 3103 3296 3170 Qui
3309 3119 3415 3158 non
3437 3101 3560 3158 ode-

241 3163 346 3240 sed
375 3181 546 3238 etiam
575 3163 831 3238 omnibus
857 3182 1180 3238 Christianis
1213 3185 1532 3256 generaliter
1559 3163 1848 3258 repromits
1882 3163 1926 3227 Ο
1962 3193 2040 3246 rit
2053 3196 2273 3262 patrem
2285 3197 2335 3248 et
2349 3163 2592 3260 matrem,
2615 3200 2666 3251 et
2693 3211 2938 3260 umorem,
2959 3163 3067 3252 non
3087 3163 3260 3267 potest
3285 3213 3432 3253 meus
3453 3211 3564 3253 esse

244 3275 333 3342 tit,
357 3274 600 3331 nimium
621 3273 781 3330 nobis
803 3274 1014 3332 videtur
1031 3275 1282 3334 obscura.
1311 3278 1452 3334 Cum
1468 3279 1615 3334 enim
1630 3289 1854 3337 cunctos

1961 3285 2260 3354 discipulus
2289 3289 2436 3353 (Luc.
2479 3291 2634 3358 xw).
2663 3292 2734 3345 Et
2771 3289 2900 3346 illud
2936 3289 3176 3362 Apostoli
3218 3310 3230 3346 :
3275 3291 3561 3360 Reliquum

1345 3386 1604 3442 ALARDI
1642 3388 1842 3444 ΕΑΖᾹΞ

1962 3389 2468 3447 DMMENTARIUS.
3389 3429 3419 3461 ρ

245 3479 424 3565 Θρακ-
447 3478 640 3565 add).
685 3477 1024 3565 secundum,
1055 3479 1270 3565 olim_in
1308 3483 1546 3565 linclesia
1583 3484 1854 3565 primitiva

245 3548 461 3620 aequale
484 3557 556 3620 et
579 3548 904 3606 continuum
935 3549 1004 3605 ab
1032 3550 1294 3620 omnibus
1317 3548 1633 3610 Christianis
1667 3569 1856 3611 serva-

245 3617 372 3696 tuin
413 3617 582 3676 fuisse
603 3620 874 3696 jnjunium
911 3639 922 3676 :
952 3619 1049 3678 sed
1088 3622 1288 3696 sensim
1325 3623 1642 3696 frigescente
1683 3625 1856 3696 devo-

243 3689 435 3769 tione,
472 3689 620 3746 cum'
647 3689 944 3769 inciperent
975 3693 1364 3769 apud__multos
1398 3689 1598 3769 negligi
1625 3695 1852 3769 jejunia,

242 3761 524 3843 placuisse
557 3761 821 3843 nmnibus
865 3761 1255 3843 sacerdqtibus,
1281 3761 1358 3821 "ut
1405 3761 1853 3843 Quadragésimze

234 3831 519 3908 jcjunium
568 3833 920 3908 indiceretur,
973 3843 1044 3908 et_
1068 3833 1174 3908 ﬁxa
1220 3831 1336 3908 lege
1383 3831 1734 3894 stabiliretur.
1780 3843 1858 3896 At

242 3901 325 3978 illi
380 3903 670 3978 sententia:
714 3901 978 3978 repugnut
1030 3901 1490 3978 inprimisfcanon
1529 3909 1857 3978 apostolicus

242 3973 404 4041 (Can.
448 3971 664 4044 _68),‘et
704 3988 735 4044 a
778 3971 876 4027 D.‘
901 3971 1180 4044 Clemente
1215 3975 1492 4044 _recensita
1539 3971 1855 4034 constitutio

239 4039 548 4118 apustolica
573 4039 643 4098 de
671 4041 1051 4118 observatione
1081 4041 1520 4118 Quadragesimaa
1547 4047 1723 4118 (Clem.
1755 4051 1852 4104 lib.

239 4114 538 4195 v.007tstit.
579 4128 625 4168 c.
657 4117 764 4195 13)_.
785 4116 1121 4195 Itepixgnapt
1144 4121 1200 4195 e‘t
1231 4114 1326 4170 SSZ
1351 4114 1563 4195 .Patres,
1596 4118 1688 4188 qui
1716 4135 1855 4175 una-

237 4184 384 4266 nimi
428 4199 699 4266 consensu
725 4183 992 4266 jejunium
1031 4183 1476 4266 Quadragesimae
1509 4183 1714 4266 dognnt
1737 4205 1858 4266 apo-

239 4255 501 4312 stolicam
529 4269 648 4312 esse
670 4254 1064 4311 institutionem
1092 4263 1146 4312 et
1175 4254 1548 4314 traditionem.
1587 4258 1751 4316 Unde
1770 4254 1848 4316 'D.

236 4327 624 4399 Hieronymus
651 4325 720 4383 ad
748 4326 1066 4382 Marcellam
1095 4346 1112 4399 7:
1140 4331 1266 4391 Nos,
1289 4327 1488 4398 inquit,
1512 4346 1680 4385 unam
1705 4333 1850 4399 Qua-

237 4398 618 4466 dragesimam
657 4399 946 4454 secundum
973 4398 1324 4454 traditionem
1352 4398 1852 4469 apostolorum’toto

233 4471 396 4540 anni
424 4473 664 4540 tempore
694 4470 844 4525 nobis
873 4485 1104 4538 congruo
1129 4471 1463 4540 jejunamus.
1509 4473 1579 4528 Et
1606 4474 1661 4529 S.
1691 4473 1806 4529 Leo
1835 4493 1848 4530 :

237 4539 399 4607 Quod
427 4553 574 4615 ergo,
599 4538 966 4615 dilectissimi,
998 4538 1402 4615 omnitempore
1425 4559 1852 4615 unumquemque

234 4611 495 4678 congruit
521 4611 702 4676 facere
720 4611 1108 4678 Christianum,
1136 4613 1196 4666 id
1219 4611 1358 4668 nunc
1375 4611 1655 4670 sollicitius
1679 4621 1729 4670 et
1754 4611 1846 4672 de-

234 4685 424 4736 votius
438 4680 854 4749 exsequendum,
871 4682 1233 4750 utapostolica
1253 4687 1560 4740 constitutio
1573 4693 1644 4742 40
1663 4687 1850 4744 diebus

1964 3501 2058 3542 eos
2083 3487 2309 3554 ﬁebant,
2341 3495 2414 3562 ut
2441 3501 2704 3562 pauperes
2728 3495 2783 3562 et
2804 3488 3164 3562 eleemosynis
3187 3489 3420 3546 divitum
3446 3490 3561 3546 ale-

1961 3566 2154 3614 rentur
2199 3576 2213 3610 :
2247 3565 2306 3613 ut
2345 3557 2508 3612 etiam
2533 3557 2696 3614 docet
2731 3560 3016 3615 Cassianus
3042 3557 3150 3616 'lib.
3184 3575 3272 3616 vn
3317 3561 3558 3618 lnstitut.

1963 3644 2080 3711 cap.
2121 3635 2204 3711 l7_.
2238 3627 2324 3711 Ad
2347 3627 2463 3711 haec
2490 3631 2514 3684 l
2539 3628 2608 3711 ad
2637 3629 2953 3711 Corinthios
2980 3631 3348 3711 vitandm‘onet
3369 3633 3562 3689 Corin—

1963 3698 2109 3774 tbios
2151 3701 2481 3774 Apostolus,
2513 3707 2575 3756 ut
2627 3699 2696 3756 ad
2741 3707 2964 3774 tempus
3015 3701 3380 3774 intermittant
3421 3719 3562 3774 opus

1963 3769 2265 3842 coniugale,
2296 3775 2565 3842 utpacent
2592 3775 2828 3842 orationi
2857 3769 2968 3839 (ubi
2997 3773 3178 3830 Graeci
3220 3773 3446 3842 addunt,
3459 3769 3562 3828 ’καὶ

1963 3845 2026 3912 τῇ
2065 3839 2295 3915 inertia,
2327 3839 2380 3897 id
2420 3849 2622 3915 est,‘e_t
2649 3840 2880 3915 jejunio).
2916 3844 3042 3915 Non
3071 3858 3201 3914 ergo
3246 3859 3344 3915 per
3380 3839 3560 3900 totum

1961 3911 2170 3984 annum
2199 3912 2436 3984 jejunare
2463 3911 2731 3984 soliti.Et
2759 3915 2783 3969 Ι
2826 3911 3070 3984 Corinth.
3115 3911 3227 3968 v'm
3246 3911 3468 3980 ‘monet,
3498 3923 3561 3972 ut

1964 3982 2260 4058 comedant
2299 3982 2569 4058 quidquid
2597 3983 2651 4038 in
2691 3983 3109 4058 macellovenit.
3151 3985 3316 4058 Unde
3347 3985 3559 4058 colligi-

1962 4053 2283 4126 mus‘etiarn
2318 4053 2578 4126 _carnibus
2615 4053 2750 4108 vesci
2792 4055 3062 4124 potuisse;
3092 4071 3124 4110 a
3152 4056 3348 4126 quibus
3373 4053 3560 4113 tam'en

1963 4121 2238 4177 abstinent
2257 4120 2584 4191 jejunantes.

2035 4201 2060 4226 ⁸
2085 4191 2188 4264 _Sic
2227 4191 2621 4264 transtulerunt
2659 4193 2818 4248 LXX
2862 4193 3045 4248 locum
3078 4193 3233 4249 illum
3261 4195 3436 4264 Isaiae,
3467 4195 3560 4253 ubi

1959 4261 2379 4338 noshabemus:
2403 4263 2567 4338 Cujus
2590 4267 2668 4338 est
2694 4265 2838 4338 ignis
2859 4267 2927 4338 in
2947 4264 3096 4328 Sion,
3121 4273 3174 4319 et
3195 4261 3432 4322 caminus
3444 4268 3560 4338 ejus

1959 4333 2388 4410 in_H_iemsaIem_.
2418 4337 2487 4390 Et
2510 4333 2736 4410 ita_c_ita_t
2755 4336 2835 4410 D.
2861 4335 3227 4410 Hieronymus
3249 4337 3406 4410 epist.
3437 4333 3557 4410 ιὸι,

1960 4403 2034 4479 ad
2053 4403 2484 4479 _Pammachium
2525 4405 2721 4479 :AIllud
2747 4409 2908 4470 enim,
2945 4403 3137 4478 inquit,
3165 4403 3310 4479 quod
3337 4403 3559 4479 legimus

1957 4476 2018 4530 in
2043 4477 2228 4542 Esaia,
2258 4479 2451 4532 Beatus
2469 4477 2565 4546 qui
2589 4478 2745 4532 habet
2780 4493 2955 4533 semen
2977 4476 3034 4531 in
3059 4476 3211 4548 Sion,
3234 4485 3286 4536 et
3303 4476 3558 4537 dornesti-

1958 4560 2040 4601 cos
2070 4549 2126 4601 in
2149 4547 2483 4602 Hierusalem
2495 4567 2513 4616 ;
2539 4549 2710 4604 solent
2731 4551 2949 4605 Hebraei
2967 4551 3212 4606 deridere
3229 4568 3344 4606 cum
3365 4553 3557 4608 audie-

1961 4619 2105 4690 rint.‘
2128 4619 2199 4672 Et
2236 4617 2292 4672 in
2321 4618 2476 4690 epist.
2513 4618 2582 4675 ad
2621 4619 2974 4676 Eustochium
3002 4623 3201 4690 (Epist.
3230 4626 3318 4688 22)
3351 4643 3364 4676 :
3399 4624 3554 4686 Alia,

1960 4687 2287 4761 inquit,fuit
2305 4687 2552 4744 in'veteri
2577 4691 2685 4761 lege
2709 4692 2965 4759 felicitas.
2995 4687 3086 4745 Ibi
3101 4691 3303 4746 dicitur
3316 4709 3336 4744 :
3360 4695 3556 4748 Beatus

225 4751 782 4852 {caunio‘img’lf‘atun
800 4768 904 4836 non
918 4753 1444 4852 cibnrumpagcita't'n‘
1463 4759 1848 4852 tantummodo,
1876 4791 1926 4852 Β
1961 4751 2058 4852 qui
2077 4751 2236 4814 habet
2269 4775 2454 4852 semen,
2472 4762 2530 4814 in
2556 4751 3116 4852 Sion,'\et1d‘omﬁsticns
3138 4765 3198 4852 in
3226 4765 3558 4852 Iliorusalem

233 4822 334 4877 sed
358 4823 672 4890 privatione
689 4825 926 4878 maxime
950 4822 1225 4879 vitiorum.
1256 4822 1698 4883 Fundamentum
1719 4827 1855 4890 eius-

237 4890 374 4971 de_m
397 4891 687 4971 sententiae
710 4893 878 4971 etiarn
907 4892 1107 4971 falsum
1135 4910 1252 4971 esse
1273 4894 1436 4971 docet
1456 4896 1610 4971 _card.
1645 4890 1854 4954 Bellar-

236 4961 434 5040 uiinus
461 4959 548 5014 his
575 4961 752 5016 verbis
785 4982 798 5017 :
827 4964 1066 5040 Tametsi
1091 4965 1242 5040 enim
1261 4965 1852 5040 credibilesitaposto-

235 5032 326 5112 los
356 5031 965 5112 aliosqueunonnullos,
993 5035 1132 5092 sicut
1167 5038 1224 5112 in
1259 5039 1539 5112 communi
1578 5031 1848 5112 vivebant,

236 5110 294 5161 et
331 5101 740 5160 continentiam
777 5101 1112 5176 perpetuam,
1141 5107 1417 5175 colebant;
1459 5109 1534 5165 ita
1575 5109 1744 5167 etiam
1769 5101 1850 5168 vel

236 5189 342 5253 per
355 5182 546 5230 totum
561 5175 792 5243 annum,
814 5175 899 5230 vel
920 5184 1066 5232 certe
1087 5175 1532 5253 frequentissime
1542 5181 1612 5253 jej
1620 5198 1844 5252 unasse;

235 5252 446 5319 tamen
483 5259 667 5316 neque
710 5254 925 5302 certum
969 5261 1148 5319 neque
1187 5249 1477 5306 verisimile
1523 5249 1608 5308 est
1657 5249 1850 5310 omnes

235 5313 595 5396 Christianos
605 5331 722 5396 ‘per
765 5325 946 5396 totum
987 5313 1493 5396 annumnservassg
1521 5321 1796 5396 jejunium
1830 5343 1844 5380 :

236 5383 724 5458 quemadmodum
752 5389 896 5445 nulla
926 5389 1134 5446 ratione
1161 5389 1424 5448 afﬁrmari
1452 5383 1614 5450 debet
1657 5410 1849 5452 omnes

234 5453 452 5529 tibique
488 5453 834 5534 Christianos
867 5461 970 5534 sub
1009 5461 1270 5534 apostolis
1309 5463 1474 5520 vitam
1517 5465 1767 5522 caelibem
1793 5474 1849 5522 et

233 5525 605 5609 coni—munem
633 5525 862 5584 duxisse.
905 5525 1219 5609 Nam’apud
1248 5535 1565 5609 Gnrinthios
1601 5537 1847 5609 aliasque

233 5598 486 5680 civitates
529 5596 873 5680 Graecorum,
896 5611 980 5680 _ut_
1021 5619 1087 5680 eu
1107 5596 1376 5680 'epistolis
1396 5606 1568 5680 gauli
1615 5596 1845 5680 apostoli

235 5669 596 5798 perspicuum
641 5677 743 5736 est,
781 5669 1072 5728 Christiani
1109 5669 1358 5746 permulti
1395 5677 1578 5733 liberis
1621 5669 1846 5750 operam

276 5741 466 5798 abant.
493 5747 550 5796 et
575 5755 666 5798 res
697 5755 820 5798 suas
845 5742 1095 5798 nronrias
1121 5747 1422 5798 retinebant
1454 5768 1466 5798 :
1499 5747 1643 5798 unde
1673 5757 1725 5798 et
1749 5765 1846 5798 nar

276 5741 466 5804 ebant,
493 5747 668 5821 e_t_re_s_
697 5755 820 5821 suas
845 5741 1422 5821 propgiasjetiuebaut
1454 5768 1466 5804 :
1499 5747 1643 5821 unde
1659 5741 1726 5806 ἐι
1745 5765 1847 5821 per

235 5826 405 5868 unam
447 5811 668 5868 sabbati
705 5811 782 5884 (id
809 5811 917 5884 est,
949 5811 1052 5872 _die
1085 5814 1374 5890 dominica)
1420 5820 1666 5878 collectae
1697 5811 1844 5894 apud

1961 4833 2088 4896 (Isa.
2120 4844 2296 4904 xxxi.
2327 4831 2473 4886 Psal.
2500 4831 2756 4903 cxxvn).
2785 4834 2856 4886 Et
2873 4849 2893 4886 .·
2909 4831 3199 4904 Maledicta
3223 4835 3419 4889 sterilis
3436 4849 3556 4904 qua:

1959 4915 2064 4955 non
2083 4901 2337 4970 pariebat
2354 4905 2590 4967 (Deuter.
2619 4901 2751 4970 xv).
2783 4905 2856 4958 Et
2883 4921 2903 4957 :
2925 4903 3058 4958 Filii
3073 4905 3158 4957 tui
3171 4905 3312 4960 sicut
3337 4901 3557 4962 novella:

1959 4971 2226 5045 olivarum
2255 4974 2314 5045 in
2337 4974 2566 5045 circuitu
2594 4988 2792 5045 mensa?
2816 4977 2924 5028 tua:
2954 4973 3085 5045 (lsa.
3116 4979 3264 5041 va).
3293 4979 3366 5032 Et
3397 4995 3418 5032 :
3447 4979 3557 5034 Re-

1951 5043 2580 5118 promissiodinitiarum
2605 5044 2835 5118 (Matth.
2874 5043 2969 5118 v).
2987 5049 3058 5101 Et
3087 5065 3104 5100 :
3131 5049 3248 5104 Non
3275 5050 3377 5103 erit
3403 5051 3555 5118 inﬁr-

1957 5128 2075 5188 mus
2095 5113 2426 5188 intribubus
2455 5117 2571 5170 tuis
2596 5115 2741 5185 (Luc.
2774 5115 2920 5188 xw).
2953 5119 3104 5174 Nunc
3126 5120 3383 5172 eunuchis
3411 5113 3554 5174 dici-

1959 5187 2096 5259 tur:
2127 5185 2204 5259 N_e
2245 5187 2294 5240 te
2332 5185 2542 5259 lignum
2568 5188 2856 5242 arbitreris
2882 5185 3113 5243 aridum
3142 5188 3214 5259 (ll
3249 5190 3364 5245 Cor.
3409 5195 3551 5256 xu).

1954 5255 2128 5331 Habes
2157 5255 2323 5331 locum
2337 5272 2441 5331 pro
2476 5258 2605 5331 ﬁliis
2631 5263 2682 5312 et
2699 5259 2932 5328 ﬁliabus,
2956 5260 3019 5314 in
3048 5255 3344 5314 calestibus
3369 5255 3554 5331 sempi-

1957 5329 2187 5402 ternum.
2200 5329 2354 5402 Nunc
2370 5328 2755 5384 benedicuntur
2769 5345 3050 5402 pauperes,
3070 5335 3120 5386 et
3133 5333 3374 5386 Lazarus
3391 5328 3558 5388 diviti

1948 5399 2272 5472 prtem-tun
2271 5401 2328 5452 in
2359 5415 2633 5472 purpura.
2664 5403 2818 5472 Nunc
2845 5399 2946 5470 qui
2965 5403 3214 5472 inﬁrmus
3241 5407 3338 5465 est,
3358 5403 3555 5470 fortior

1954 5471 2053 5544 est,
2080 5477 2188 5544 etc.
2223 5470 2358 5544 Haec
2388 5477 2444 5526 ct
2467 5470 2581 5544 alia
2611 5475 2676 5527 D.
2712 5470 3100 5544 Iiieronymus,
3129 5487 3254 5544 qua:
3282 5488 3408 5528 cum
3445 5473 3552 5531 do-

1953 5537 2342 5617 qtrinauhujus
2373 5541 2562 5617 capitis
2605 5546 2658 5597 et
2703 5537 3322 5617 aliquot'sequen'tium,
3351 5545 3552 5617 quibus

1955 5607 2026 5687 de
2067 5606 2379 5687 differentia
2407 5606 2599 5687 gratiae
2628 5619 2684 5668 et
2713 5606 2972 5687 legalium
3005 5606 3422 5687 praeceptorum,
3449 5617 3552 5673 hoc

1953 5685 2056 5806 git",
2092 5679 2634 5809 elegistEvangelicze
2685 5693 2739 5741 et
2769 5679 3059 5755 “Mosaicae,
3097 5679 3296 5759 agitur,
3345 5679 3554 5758 optime

2060 5767 2089 5805 v
2123 5767 2256 5808 mun
2287 5793 2300 5808 .

1951 5763 2300 5808 CODVODIUDI.
