4022 6220
204 298 334 357 1213

933 295 1270 354 COLLATIO
1309 297 1446 352 XXI.
1483 324 1558 336 —
1591 295 1682 352 DE
1718 290 2128 352 REMISSIONE
2166 292 2771 363 QUINQUAGESIMA‘Z.

3374 297 3511 354 1214

196 425 374 482 mitias
391 431 613 481 tantum
645 421 934 480 redhibere
967 429 1259 478 contentus
1301 429 1386 478 est
1415 439 1430 476 :
1465 435 1690 478 necesse
1717 427 1800 478 est
1827 424 1882 488 Α
1907 418 2211 500 resistendo
2253 433 2538 490 superans,
2579 419 2680 476 sed
2724 415 3039 477 suffereudo
3083 417 3368 476 dexteram
3397 435 3494 492 per

195 518 341 577 enim
371 533 500 575 eum
543 515 679 574 dum
707 516 887 574 tardat
927 523 1024 572 aut
1057 515 1300 588 negligit,
1327 523 1423 570 aut
1448 515 1506 570 in
1533 513 1794 586 qualitate

195 629 406 682 earum,
438 619 536 669 aut
558 611 615 667 in
643 611 964 682 quantitate,
991 619 1088 666 aut
1107 609 1164 665 in
1189 607 1506 681 quotidiana
1529 606 1796 664 distribu-

193 705 342 763 tione
374 719 616 777 peccare.
639 704 743 774 Qui
771 703 918 759 enim
947 701 1162 774 iubetur
1185 717 1248 758 ea
1269 715 1394 773 qua:
1421 715 1518 758 sua
1545 709 1678 757 sunt
1706 699 1794 757 in-

195 799 548 874 fatigabiliter
589 797 956 871 indigentibus
999 796 1334 862 ministrare,
1382 793 1685 868 quamlibet
1729 809 1794 852 ea

193 907 412 952 summa
461 889 570 949 ﬁde
601 907 665 948 ac
689 889 983 949 devotione
1025 888 1325 962 dispenset,
1358 895 1546 944 tamen
1573 885 1797 946 difﬁcile

196 981 282 1046 est
307 995 368 1044 ut
393 1002 503 1042 non
531 983 756 1058 laqueos
795 976 1145 1056 peccatorum
1176 979 1496 1054 frequenter
1520 980 1788 1038 incurrat.

196 1069 262 1137 lii
287 1079 431 1137 “illos
460 1081 588 1136 vero
617 1071 711 1150 qui
739 1069 1027 1134 consilium
1054 1075 1278 1134 Domini
1303 1089 1418 1132 non
1456 1081 1795 1146 spreverunt,

191 1173 288 1231 sed
311 1187 534 1230 omnem
557 1169 920 1229 substantiam
945 1185 1104 1228 suam
1129 1169 1458 1242 pauperibus
1475 1165 1620 1225 forte
1651 1181 1797 1240 prai-

191 1275 728 1344 erogautes,sumpta
755 1281 852 1323 sua
879 1281 1038 1322 cruce
1067 1265 1386 1338 largitorem
1413 1262 1648 1320 caelestis
1665 1276 1794 1335 gra-

188 1363 285 1420 tiae
323 1345 753 1436 subsequuntur,
789 1369 1070 1434 peccatum
1120 1375 1235 1417 non
1280 1365 1459 1432 potest
1499 1354 1791 1416 dominari.

188 1452 318 1512 Non
360 1457 512 1512 enim
537 1444 1110 1528 eum'jdispeusantem
1142 1459 1382 1509 sacratas
1419 1449 1540 1523 jam
1575 1447 1793 1506 Christo

188 1563 321 1620 Opes
348 1557 407 1604 et
449 1549 605 1620 quasi
631 1532 840 1614 alienas
863 1548 954 1620 pia
987 1545 1370 1604 distributione
1394 1541 1678 1616 pecunias,
1707 1541 1794 1597 in-

187 1639 370 1698 ﬁdelis
392 1639 644 1706 servandi
679 1641 851 1696 victus
873 1656 1003 1698 cura
1044 1637 1340 1704 mordebit,
1367 1652 1470 1694 nec
1487 1636 1792 1708 eleemosy-

181 1748 270 1790 nae
309 1717 644 1790 hilaritatem
684 1731 864 1804 abiget
891 1739 1092 1788 masta
1133 1721 1408 1787 cunctatio
1437 1749 1452 1787 :
1491 1730 1619 1803 quia
1646 1727 1796 1802 quod

1901 513 2140 571 cutienti
2178 512 2487 576 maxillam,
2516 511 2684 570 etiam
2717 511 2949 569 alteram
2975 512 3222 585 praebere
3253 514 3513 570 volunta-

1901 606 2018 663 rius
2041 621 2155 663 non
2181 613 2454 676 moratur,
2485 611 2542 663 et
2578 605 3102 664 volentiadversum
3141 621 3202 664 se
3229 605 3302 664 de
3323 607 3522 664 tunica

1901 699 2130 773 litigium
2154 712 2527 782 commovere,
2554 697 2793 756 remittit
2819 707 2878 756 et
2905 698 3156 772 pallium,
3180 699 3383 772 quique
3419 699 3508 757 di-

1903 792 2016 868 ligit
2065 791 2322 866 inimitos‘
2349 794 2482 850 s'u‘os
2496 833 2511 859 ,
2547 798 2602 851 et
2630 801 2766 850 orat'
2794 800 2896 866 pro
2925 793 3388 851 calumniantibus
3424 807 3516 864 se,

1905 885 1996 944 hic
2021 887 2224 958 peccati
2249 883 2462 960 repulit
2470 878 2692 959 jttgum,
2719 887 2785 945 ac
2807 885 3020 945 vincula
3053 873 3534 961 diru‘pithattlt.‘

1903 997 1965 1052 v,
1992 983 2156 1039 Hebr.
2182 985 2312 1054 vn).
2339 974 2468 1039 Non
2487 973 2646 1040 enim
2668 979 2798 1040 vivit
2825 982 2926 1040 sub
2951 981 3091 1056 lege,
3129 997 3254 1055 qua
3281 997 3392 1038 non
3419 981 3510 1038 in-

1904 1076 2110 1133 terimit
2147 1077 2834 1149 semin‘ariapeccatorum
2875 1075 3039 1150 (unde
3084 1091 3199 1133 non
3234 1075 3531 1133 immerito-

1903 1169 1971 1228 de
2025 1170 2141 1242 ipsa
2181 1169 2381 1227 beatus
2426 1170 2751 1240 Apostolus,
2803 1171 3146 1241 reprobatio.
3196 1171 3398 1242 inquit,
3444 1169 3512 1226 ﬁt

1903 1261 2262 1337 praecedentis
2305 1262 2550 1320 mandati
2601 1271 2828 1336 propter
2872 1253 3252 1320 inﬁrmitatem
3291 1263 3407 1336 ejus
3454 1272 3513 1321 et

1902 1350 2286 1426 inutilitatem;
2331 1355 2463 1414 nihil
2509 1355 2769 1413 enim‘ad
2795 1353 3120 1434 perfectum
3149 1354 3506 1413 adduxitdex.

1909 1455 1974 1509 Et
2005 1451 2279 1518 Dominus
2315 1466 2422 1523 per
2446 1435 2830 1522 prophetam:
2861 1451 2933 1504 Et
2957 1442 3150 1516 bdedi,
3195 1447 3390 1522 inquit,
3428 1449 3520 1507 eis

1903 1528 2168 1619 praecepta
2208 1555 2323 1626 non
2351 1544 2530 1610 bona,
2563 1552 2618 1600 et
2648 1541 3066 1627 justiticationes
3089 1543 3146 1620 in
3173 1543 3368 1614 quibus
3391 1542 3516 1600 non'

1904 1641 2092 1697 vivent
2131 1639 2194 1718 in
2233 1639 2361 1710 eis).
2382 1637 2479 1696 sed
2503 1637 2608 1694 sub
2639 1637 2836 1718 gratia,
2867 1627 2992 1709 quia
3027 1629 3141 1692 non
3167 1627 3350 1692 ramos
3385 1645 3506 1692 tan-

1903 1743 2026 1792 tum
2075 1713 2336 1806 nequitiae
2389 1713 2684 1804 amputat,
2707 1729 2804 1788 sed
2843 1729 2988 1804 ipsas
3033 1729 3249 1802 penitus
3297 1727 3518 1786 radices’

181 1825 351 1883 semel
381 1834 566 1882 totum
604 1825 804 1881 obtulit
847 1828 982 1892 Deo,
1019 1823 1076 1882 id
1101 1825 1210 1896 jam
1239 1823 1482 1881 alienum
1508 1823 1626 1881 sine
1655 1837 1788 1896 pro-
1813 1817 1862 1880 B
1897 1826 2074 1885 noxiae
2103 1825 2402 1895 voluntatis
2422 1825 2624 1882 evellit.

180 1921 320 1992 price
367 1918 702 1976 necessitatis
729 1917 1106 1974 recordatione
1141 1925 1236 1973 aut
1261 1917 1474 1990 angusti
1514 1911 1688 1974 victus
1713 1917 1792 1973 ti-

177 2028 335 2070 more
371 2003 660 2084 dispergit,
698 2009 789 2082 qui
829 1996 1018 2066 certus
1037 2016 1142 2079 est,
1167 2025 1294 2066 cum
1318 2009 1389 2067 ad
1416 2008 1787 2066 desideratam

177 2103 496 2179 pervenerit
536 2102 866 2174 nuditatem,
897 2103 1084 2160 multo
1107 2103 1278 2177 magis
1303 2119 1333 2160 a
1365 2106 1484 2160 Deo
1521 2118 1582 2160 se
1623 2117 1788 2176 quam

172 2197 468 2255 volucrem
513 2195 638 2254 coeli
679 2211 796 2253 esse
840 2193 1194 2270 pascendum.
1237 2195 1560 2252 Econtrario
1603 2195 1650 2253 is
1694 2195 1786 2268 qui

170 2292 547 2349 substantiam
588 2281 832 2348 retinens
872 2273 1238 2359 mundialcm,
1267 2299 1362 2347 aut
1397 2289 1638 2347 decimas
1662 2287 1787 2346 fru-

171 2395 369 2445 ctuum
397 2399 627 2443 suorum
659 2394 822 2459 atque
847 2385 1144 2459 primitias,
1174 2393 1270 2442 aut
1298 2391 1508 2456 partem
1541 2385 1788 2456 pecunia-

167 2477 688 2545 rumconstrictus
707 2477 840 2551 legis
877 2463 1121 2550 antique
1145 2477 1436 2534 sanctione
1479 2475 1782 2545 distribuit,

170 2573 302 2630 licet
329 2565 687 2644 peccaturum
701 2587 929 2629 suorum
955 2573 1141 2644 ignem
1157 2569 1512 2628 maximehoc
1539 2569 1782 2627 eleemo-

169 2677 332 2744 syna’
354 2685 484 2726 rore
520 2669 853 2742 exstinguat,
880 2669 1214 2742 impossibile
1255 2677 1446 2726 tamen
1483 2677 1586 2734 est,
1613 2681 1786 2740 quan-

170 2765 317 2822 tavis
363 2780 500 2837 opes
521 2779 650 2820 suas
691 2763 1140 2835 magnanimitate
1177 2763 1472 2834 dispenset,
1511 2770 1572 2818 ut
1612 2775 1671 2818 se
1711 2760 1783 2818 ad

170 2856 402 2928 plenum
430 2865 587 2914 eruat
611 2873 644 2913 a
679 2854 1056 2914 dominatione
1094 2855 1326 2930 peccati,
1369 2855 1474 2911 nisi
1515 2853 1658 2910 forte
1683 2869 1782 2926 per

172 2951 408 3022 gratiam
459 2949 778 3014 Salvatoris,
822 2965 950 3004 cum
990 2965 1052 3004 re
1087 2951 1254 3004 etiam
1296 2949 1472 3020 ipsum
1516 2945 1777 3004 affectum

171 3039 495 3112 deposuerit
533 3039 870 3111 possidendi.
911 3039 1035 3096 Pari
1083 3039 1249 3096 modo
1293 3055 1407 3096 non
1443 3049 1627 3111 potest
1671 3054 1782 3095 non

168 3139 410 3191 cruento
434 3133 640 3207 peccati
664 3133 894 3206 imperio
915 3131 1188 3200 famulari,
1215 3133 1544 3205 quicumque
1562 3133 1784 3188 oculum

2429 1953 2671 2012 CAPUT
2713 1925 2984 2008 xxxnv.

2013 2077 2476 2148 Quemadmodum
2500 2080 2629 2148 quis
2649 2077 2910 2149 probetur
2930 2091 3038 2132 esse
3057 2075 3158 2132 sub
3177 2077 3384 2146 gratia.

1966 2202 2230 2276 Quisquis
2267 2217 2396 2276 ergo
2423 2197 2816 2274 perfectionem
2836 2199 3194 2271 .Evangelicae'
3229 2196 3504 2256 studuerit

1893 2286 2079 2354 tenere
2123 2296 2412 2362 doctrinae,
2442 2295 2531 2352 hic
2567 2294 2671 2352 sub
2711 2291 2886 2367 gratia
2932 2293 3266 2350 constitutus
3293 2289 3500 2366 peccati

1891 2391 2262 2450 dominatione
2293 2406 2408 2448 non
2447 2389 2740 2465 premitur.
2782 2393 2905 2446 Hoc
2941 2395 3024 2445 est
3051 2387 3198 2444 enim
3236 2402 3354 2444 esse
3396 2385 3500 2444 sub

1891 2485 2090 2557 gratia,
2113 2473 2118 2478 ’
2138 2499 2200 2542 ea
2240 2479 2364 2555 quae
2393 2483 2562 2556 gratia
2608 2480 2839 2547 mandat
2867 2481 3113 2551 implere.
3159 2481 3498 2552 Quicumque

1891 2593 2024 2634 vero
2067 2575 2418 2650 perfectionis
2457 2573 2800 2646 Evangelicae
2845 2563 3172 2645 plenitudini
3224 2570 3500 2644 subjectus

1892 2686 2009 2728 esse
2044 2667 2301 2739 noluerit,
2338 2675 2452 2725 nan
2481 2657 2702 2740 ignoret
2745 2675 2834 2735 se,
2887 2665 3139 2740 quamvis
3192 2661 3499 2738 baptizatus

1890 2759 1995 2820 sibi
2025 2761 2360 2837 videaturlac
2383 2751 2713 2825 monachos,
2747 2773 2859 2833 non
2899 2767 3018 2842 esse
3053 2759 3156 2815 sub
3177 2759 3380 2838 gratia,
3396 2750 3514 2818 sed'

1887 2854 1993 2912 sub
2041 2854 2177 2928 legis
2212 2849 2390 2912 adhuc
2428 2841 2664 2938 vinculis
2685 2841 3073 2928 praepeditum,
3105 2846 3314 2925 peccati
3353 2865 3518 2932 ροη-⁵

1886 2948 2016 3006 dere
2044 2949 2390 3020 praegravari.
2435 2931 2788 3020 Propositum
2833 2961 3074 3018 namque
3111 2953 3196 3002 est
3231 2945 3370 3018 ejus,
3403 2944 3496 3016 qui

1889 3056 2084 3098 omnes
2119 3057 2151 3098 a
2187 3040 2390 3114 quibus
2439 3048 2693 3113 receptus
2733 3039 2919 3108 fuerit,
2963 3039 3138 3112 gratia
3182 3037 3495 3110 adoptionis

1891 3132 2143 3202 assumit,
2181 3147 2295 3210 non
2336 3132 2637 3202 destruere,
2683 3131 2783 3189 sed
2829 3131 3297 3206 superadiﬁcare;
3327 3133 3352 3164 θ
3395 3145 3515 3205 nec.

167 3235 275 3304 pro
303 3228 490 3300 oculo,
511 3227 735 3286 dentem
748 3243 849 3300 pro
868 3227 1028 3284 dente
1045 3226 1484 3300 (Exod.xx1),ex
1509 3231 1782 3299 praecepto
1811 3211 1858 3274 C
1885 3241 2166 3296 evacuare,
2200 3226 2297 3284 sed
2329 3226 2626 3300 adimplere
2663 3226 2931 3292 Mosaicas
2961 3225 3287 3284 sanctiones.
3311 3224 3482 3296 Quod
3513 3221 3524 3226 ’

165 3309 310 3394 legis
337 3327 556 3394 eruere,
583 3329 609 3357 ι
637 3327 735 3376 aut
767 3318 1054 3376 inimicum
1077 3335 1242 3376 suum
1269 3319 1398 3376 odio
1425 3319 1633 3375 mavult
1676 3317 1778 3374 ha-

164 3417 340 3482 bere;
387 3415 515 3487 quia
553 3429 772 3472 necesse
810 3431 937 3472 cum
971 3413 1116 3474 dum.
1154 3413 1375 3472 talionis
1407 3411 1778 3470 vicissitudine

169 3509 366 3568 ulcisci
405 3523 563 3565 suam
603 3516 759 3581 optat
801 3507 1084 3580 injuriam,
1128 3509 1264 3568 dum
1292 3516 1480 3565 contra
1534 3506 1786 3564 inimicos

170 3605 290 3663 odii
335 3603 760 3660 amaritudinem
791 3613 992 3674 servat,
1027 3603 1228 3662 furoris
1263 3613 1426 3677 atque
1447 3603 1544 3660 irae
1583 3605 1789 3674 pertur-

171 3698 410 3756 batione
435 3712 651 3770 semper
675 3697 915 3754 accendi.
941 3697 1280 3770 Quicumque
1307 3712 1436 3753 vero
1464 3695 1568 3753 sub
1606 3681 1804 3752 Evan-g

171 3792 370 3864 gelicae
401 3791 592 3864 gratiae
619 3790 1011 3848 illuminatione
1051 3800 1314 3857 versatur,
1345 3807 1408 3847 ac
1432 3791 1641 3847 malum
1674 3806 1788 3846 non

1882 3319 2133 3376 nonnulli
2193 3320 2410 3390 penitus
2449 3320 2792 3390 ignorante,
2834 3329 2892 3376 et
2931 3321 3281 3376 consiliorum
3329 3329 3495 3392 atque

1883 3411 2328 3492 exhortationum
2375 3409 2578 3494 Christi
2615 3409 3072 3494 magniﬁcentiam
3131 3400 3508 3488 negligentes;

1893 3505 1966 3563 ita
2014 3489 2416 3579 praesumptivm
2461 3497 2726 3562 libertatis
2756 3489 3048 3572 securitate
3087 3505 3396 3576 solvuntur,
3443 3513 3506 3563 ut

1893 3594 2007 3658 non
2033 3598 2214 3658 solum
2232 3601 2442 3666 ,Christi
2459 3593 2736 3674 praecepta
2763 3601 3048 3674 tamquam
3075 3601 3245 3658 ardua
3267 3611 3382 3657 nan
3415 3607 3499 3657 at-

1893 3695 2128 3768 tingant,
2160 3693 2348 3780 verum
2379 3693 2549 3759 etiam
2577 3696 2692 3768 ipsa
2714 3677 2804 3780 illa
2827 3687 2950 3780 quae
2977 3691 3080 3752 illis
3107 3695 3496 3779 incipientibus

1895 3791 2242 3864 parvulisque
2263 3779 2291 3824 ἀ
2319 3791 2576 3854 ,Μοεᾶἰὸᾶ
2603 3777 2731 3864 lege
2764 3777 3020 3846 mandata
3045 3777 3191 3857 sunt,
3222 3788 3369 3844 velut
3394 3805 3494 3844 an-

1271 3899 1530 3950 ALARDI
1569 3895 1792 3952 cum:
1832 3883 2392 3958 COMMENTARIUS.
2462 3963 2470 3974 ,

167 4002 458 4071 Ulpianus
487 4002 571 4066 (1η
597 4001 630 4054 ι.
663 4014 772 4056 xxr
799 3999 870 4071 de
891 3999 1060 4071 Edil.
1076 3999 1258 4071 edita),
1292 3997 1464 4054 facere
1497 4006 1568 4071 ut
1594 4014 1788 4071 rursus

166 4069 379 4131 habeat
421 4071 694 4136 venditor,
733 4070 881 4140 quod
925 4069 1172 4126 vendidit
1213 4069 1226 4125 ἑ
1261 4077 1316 4126 et
1349 4071 1483 4140 quia
1521 4070 1578 4127 id
1623 4069 1790 4125 ﬁebat

165 4140 459 4202 reddendo
508 4157 588 4200 ac.
617 4140 986 4205 restituendo,
1034 4141 1236 4196 idcirco
1299 4140 1594 4198 redhibitio
1645 4140 1786 4197 dicta

162 4225 272 4280 est,
315 4210 472 4284 quasi
511 4209 840 4284 redditioret
867 4211 922 4265 in
959 4211 1233 4284 integrum
1258 4211 1575 4284 restitutio.
1619 4214 1789 4284 piam,

162 4295 239 4366 ut
264 4281 348 4340 ait
373 4285 593 4366 Festus;
621 4281 961 4366 redhibitum
997 4281 1460 4366 propriedicitur,
1490 4281 1782 4366 quodred-

161 4357 360 4414 ditum
389 4361 502 4425 est.
559 4353 809 4425 Sumitur
843 4367 985 4425 ergo
998 4351 1114 4410 'hic'
1138 4351 1453 4410 redhibere
1475 4351 1790 4424 simpliciter

162 4441 271 4500 pro
302 4423 572 4500 reddere,
595 4423 846 4500 exhibere
863 4465 878 4490 ,
907 4423 1115 4500 Solvere
1147 4443 1160 4478 :
1184 4433 1325 4500 utet
1352 4426 1496 4500 apud
1525 4423 1781 4500 Plautum

160 4494 240 4556 in
271 4494 560 4553 Mcnaech.
589 4514 601 4549 :
637 4496 856 4550 Salvum
886 4495 1007 4558 tibi,
1036 4501 1098 4550 ut
1119 4497 1258 4550 mihi
1281 4494 1502 4563 dedisti,
1534 4495 1784 4550 redhibeo

158 4568 540 4638 marsupium.
567 4566 762 4638 Utitur
783 4564 975 4620 eadem
1007 4582 1134 4621 voce
1163 4566 1546 4624 redhibitionis
1575 4565 1783 4622 Cassia-

157 4655 269 4697 nus
292 4637 395 4694 lih.
429 4651 494 4692 Iv
521 4637 763 4692 Institut.
791 4652 910 4706 cap.
939 4641 992 4692 4.

233 4721 261 4748 α
291 4711 419 4766 Hoc
461 4723 574 4764 non
613 4724 674 4764 ex
703 4705 868 4779 Legis
912 4707 1250 4779 praescripto,
1280 4705 1376 4763 sed
1413 4723 1482 4779 ex
1528 4722 1777 4779 perversa

155 4782 585 4850 Pharisaeorum
629 4789 685 4834 et
718 4778 1044 4850 Scribarum
1070 4778 1550 4850 interpretatione,
1587 4787 1650 4833 ut
1693 4779 1778 4834 di-

156 4827 475 4909 ssensi:
492 4827 691 4904 eos;
713 4827 938 4920 am:
952 4827 1282 4906 massas"
1299 4827 1652 4913 iss-asa;
1678 4827 1774 4914 εῑξ,
1807 4827 1860 4889 D

155 4927 219 4980 in
250 4926 368 4976 toto
397 4933 617 4988 corpore
636 4921 791 4994 Legis
804 4935 911 4994 non
938 4936 1046 4994 esse
1067 4925 1329 4994 scriptum
1351 4939 1368 4974 :
1395 4920 1780 4994 Odiojtabebis

155 4995 454 5064 inimicum
480 4993 652 5064 tuum.
683 4989 788 5046 Sed
809 4991 903 5064 hoc
941 4989 1462 5064 diutum—quantum
1491 4991 1564 5064 ad
1593 4993 1779 5064 tradi-

156 5070 366 5123 tionem
414 5061 754 5124 Scribarum,
786 5061 979 5130 quibus
1019 5061 1295 5120 visum'est
1323 5063 1417 5117 hoc
1443 5062 1775 5126 addendum,

155 5140 298 5208 quia
329 5135 594 5208 Dominus
618 5134 876 5208 prlecepg't
895 5133 1029 5208 ﬁliis
1055 5135 1222 5208 lsrael
1244 5135 1494 5208 persequi
1533 5135 1778 5191 inimicos

153 5204 286 5264 suos
312 5211 367 5260 et
396 5205 571 5260 delere
607 5205 866 5260 Amalech
904 5204 970 5258 de
992 5204 1092 5258 sub
1121 5204 1459 5271 οωιοῖΕωοά.
1488 5210 1665 5271 xvu).

229 5279 259 5314 δ
290 5277 570 5345 Loquitur
588 5277 672 5329 ibi
697 5277 978 5338 Dominus,
1009 5274 1084 5330 ait
1107 5276 1422 5332 S.Thomas
1449 5276 1584 5344 (l-2,
1611 5292 1665 5346 q.
1683 5279 1774 5340 98,

153 5354 272 5406 art.
306 5347 384 5417 1),
407 5346 476 5399 de
494 5349 774 5418 praeceptis
802 5347 1281 5413 caeremonialibus,
1309 5362 1428 5418 quae
1448 5347 1666 5417 quidem
1685 5347 1775 5402 di-

155 5415 506 5490 cunturnon
551 5415 712 5478 bona,
745 5421 875 5486 quia
903 5421 1136 5488 gratiam
1164 5436 1268 5476 non
1296 5415 1658 5486 conferebant,
1679 5435 1782 5490 per

272 5508 329 5546 m
355 5489 598 5562 homines
615 5503 648 5540 α
670 5494 878 5555 peccato
901 5491 1318 5555 mandarentur,
1349 5506 1467 5562 cum
1490 5495 1666 5544 tamen
1680 5489 1783 5562 per

155 5559 494 5633 iiujusmodi
516 5573 571 5613 se
594 5563 896 5628 peccatores
923 5562 1290 5632 ostenderent;
1327 5561 1470 5617 unde
1497 5559 1783 5628 signanter

154 5634 372 5690 dicitur
389 5648 407 5683 :
442 5631 510 5683 Et
529 5629 747 5704 judicia
773 5631 831 5683 in
857 5631 1052 5704 quibus
1078 5650 1181 5690 non
1202 5639 1382 5692 vivent
1411 5631 1624 5703 (Ezeeh.
1653 5632 1780 5704 xx),

155 5708 196 5760 ei
235 5720 292 5760 e.
327 5715 437 5772 per
462 5716 601 5772 quae
631 5701 798 5754 vitam
823 5703 1014 5769 gratiae
1041 5704 1279 5763 obtinere
1304 5723 1410 5764 non
1422 5701 1690 5772 possunt;
1735 5701 1786 5758 et

147 5769 352 5849 postea
369 5769 644 5849 subditur
673 5788 690 5823 :
721 5773 790 5849 ξι
819 5771 997 5842 pollui
1027 5787 1110 5828 eos
1140 5781 1197 5832 t'n
1225 5769 1536 5835 muneribus
1563 5777 1694 5840 suis,
1723 5773 1785 5830 id

157 5841 262 5916 est,
279 5843 529 5916 pollutos
552 5841 776 5898 ostendi.

1965 4012 1986 4040 ε
2015 4002 2104 4062 Sic
2145 4005 2288 4060 enim
2321 4004 2572 4074 Christus
2613 4003 2764 4059 initio
2795 4001 2906 4060 fere
2955 4017 3069 4058 suae
3093 3999 3514 4074 praedicationis.

1897 4079 2228 4142 protestatus
2247 4075 2368 4126 est:
2419 4073 2590 4130 Nolite
2611 4079 2814 4143 putare
2852 4073 3104 4142 quoniam
3140 4075 3265 4143 veni
3300 4073 3498 4128 solve-re

1899 4137 2065 4212 legem
2085 4146 2196 4196 aut
2235 4143 2524 4212 prophetas
2577 4137 2738 4197 {non
2783 4137 2906 4196 velit
2931 4143 3142 4196 solvere
3181 4141 3372 4209 legem,
3403 4137 3514 4197 sed

1898 4213 2196 4282 adimplere
2224 4213 2442 4282 (Matth.
2470 4216 2552 4278 v).
2573 4212 2902 4282 Adimplevit
2929 4219 3114 4266 autem
3140 4225 3257 4265 non
3277 4219 3492 4267 tantum

1898 4281 2360 4354 subministrando
2387 4281 2634 4354 spiritum
2663 4281 2852 4354 gratiae
2895 4298 2990 4354 per
3027 4282 3364 4354 quamlean
3388 4297 3496 4338 no—

1899 4353 1984 4410 bis
2013 4354 2334 4420 impleatur,
2363 4351 2457 4409 sed
2495 4361 2551 4408 et
2593 4351 2992 4420 conﬁrmando,
3025 4351 3079 4407 et
3103 4351 3298 4408 melius
3319 4351 3494 4409 inter-

1890 4422 2161 4497 pretando
2205 4430 2260 4480 et
2287 4424 2616 4496 supplendo,
2660 4424 2890 4497 quae_iu
2929 4423 3111 4497 veteri
3133 4422 3260 4497 lege
3301 4424 3492 4497 minus

1891 4493 2048 4551 erant
2076 4493 2430 4566 expressa,'u't
2452 4503 2597 4565 patet
2627 4493 2700 4552 ex
2719 4495 2914 4552 eodem
2942 4495 3064 4551 loco
3095 4493 3258 4566 (Vide
3282 4496 3340 4552 S.
3359 4497 3488 4552 Th0.

1896 4571 2013 4632 1.2,
2047 4582 2100 4636 q.
2139 4573 2263 4635 107,
2292 4572 2397 4622 art.
2425 4566 2522 4640 2)..

1896 4709 1903 4720 .
1959 4626 2279 4720 {Qlemvis
2311 4638 2720 4720 timeamve
2762 4636 3017 4720 mandata
3057 4637 3191 4708 legis
3228 4637 3487 4720 Moesiae

1886 4705 2157 4780 judicialia
2207 4716 2262 4766 et
2311 4705 2716 4765 caeremonialia
2745 4709 2856 4780 sint
2883 4705 3156 4778 antiquata
3198 4714 3254 4761 et
3285 4705 3490 4762 abolita

1892 4779 1986 4850 per
2012 4781 2182 4852 legem
2228 4795 2426 4852 novam
2463 4788 2516 4836 et
2543 4779 2952 4852 Evangelicam,
2976 4785 3311 4852 nou__tamen
3341 4791 3486 4852 pra:-

1893 4846 2091 4922 cepta:
2109 4865 2232 4922 quae
2259 4851 2514 4922 dicuntur
2544 4846 2782 4922 moralia
2811 4855 2866 4902 et
2892 4847 3195 4922 naturalia;
3223 4846 3358 4922 quae
3375 4846 3487 4904 vim

1888 4918 2094 4978 habent
2121 4918 2399 4992 obligandi
2437 4936 2502 4975 ex
2539 4920 2656 4992 ipso
2679 4919 2978 4992 dictaminc
3001 4918 3226 4992 rationis
3257 4935 3271 4973 :
3301 4918 3358 4972 in
3377 4933 3486 4992 quo

1888 5007 2095 5074 genere
2108 4987 2384 5074 praecipua
2412 4998 2543 5046 sunt
2562 4987 2701 5074 ique:
2741 4987 3490 5074 decalqgo_conti_ncntur,:ad

1887 5061 2010 5134 qua
2052 5061 2216 5118 etiam
2258 5061 2454 5118 caetera
2495 5061 2832 5134 reducuntur
2874 5061 2953 5134 (Si
2987 5062 3119 5134 The,
3155 5064 3276 5134 1-2.
3307 5078 3362 5134 q_.
3393 5066 3486 5128 98,

1891 5131 1946 5190 ἀ.
1984 5140 2038 5202 4,
2071 5137 2121 5189 et
2149 5150 2204 5205 q.
2232 5139 2356 5198 107,
2389 5135 2595 5205 art._2).
2623 5133 2882 5201 Proinde,
2912 5133 3038 5188 licet
3065 5131 3350 5205 Christiani
3375 5145 3487 5185 non

1889 5203 2176 5262 teneantur
2194 5206 2308 5278 lege
2337 5203 2597 5278 Mosaica,
2621 5213 2890 5274 quatenus
2905 5203 3194 5278 ejusmodi,
3222 5203 3256 5256 i.
3284 5217 3337 5278 e.
3355 5215 3487 5278 qua-

1890 5285 2050 5359 tenus
2081 5291 2207 5359 per
2228 5271 2457 5359 ﬂoysen
2507 5275 2616 5359 lata
2636 5271 3243 5359 _est‘\quatidoq~uidem
3261 5358 3264 5359 ν
3283 5271 3488 5359 Μοχξῇε

1890 5341 2154 5420 legislatio
2191 5341 2405 5404 tantum
2449 5344 2772 5420 pertinuerit
2813 5341 2879 5402 ad
2917 5341 3178 5420 populum
3223 5341 3486 5420 Israeliti-

1891 5413 2042 5485 cu'm,
2083 5419 2242 5489 idque
2269 5413 2548 5490 usque'ad
2585 5418 2878 5490 adventum
2908 5413 3110 5473 Christi
3139 5423 3194 5470 et
3221 5413 3486 5490 praedica-

1889 5489 2095 5561 tionem
2129 5485 2406 5561 Evangelii
2451 5489 2772 5561 dumtaxat;
2821 5487 2878 5543 in
2921 5501 3042 5561 qua_
3079 5495 3195 5542 tota
3223 5485 3486 5561 ’Mosaica

1891 5560 2206 5616 constitutio
2245 5555 2412 5614 linem
2451 5559 2704 5628 accepit),
2729 5555 2986 5628 tenentur
3013 5557 3200 5628 famen
3239 5555 3487 5613 absolute

1892 5630 2455 5703 praeceptisgdecalogi
2502 5647 2516 5686 :
2561 5627 2720 5703 idque
2761 5627 2962 5700 duplici
3011 5627 3240 5703 ratione.
3274 5628 3484 5703 ΔΡιξίιηο

1893 5697 2018 5774 quia
2053 5697 2342 5773 decalogus
2368 5697 2478 5774 non
2525 5697 2671 5774 aliud
2716 5709 2799 5756 est
2839 5697 3006 5772 quam
3043 5699 3323 5774 explicatio
3351 5697 3486 5768 legis

1891 5771 2271 5844 natura;,qué
2300 5772 2398 5828 toti
2433 5773 2619 5844 generi
2642 5771 2885 5844 humano
2912 5771 3220 5828 communis
3245 5775 3327 5824 est
3355 5783 3484 5844 :ue-

1893 5857 2000 5916 que
2031 5835 2236 5901 adhoc
2276 5851 2338 5900 ut
2365 5835 2696 5918 ququuam
2723 5843 2948 5918 obliget,
2979 5851 3201 5900 externa
3240 5835 3482 5911 promul-
