4040 6194
490 272 625 326 1215

1471 263 1479 271 ’
1575 256 1854 315 JOANNlS
1890 235 2191 311 Cass,le
2228 251 2717 309 COLLATIONES.

3666 255 3810 309 1216

490 392 695 462 tiquata
723 393 1111 452 contemnant,
1148 383 1282 440 illud
1327 383 1475 455 quod
1511 382 1812 455 Apostolus
1843 393 2083 438 exsecra-
2112 378 2169 443 Α
2197 377 2417 450 quidem
2477 377 2783 434 orationem
2817 387 3140 445 consurgere
3201 370 3537 430 ﬁducialirer
3594 376 3812 434 audea—

490 494 583 542 tur
608 484 768 541 noxia
807 481 1058 538 libertate
1088 478 1330 536 dicentes
1370 497 1383 532 :
1414 477 1772 540 Peccabimus,
1814 477 1947 546 quia
1981 488 2088 528 non

496 594 679 636 sumus
722 578 820 633 sub
855 578 983 646 lege,
1015 573 1110 630 sed
1154 574 1252 629 sub
1280 574 1465 642 gratia
1504 569 1675 641 (Rom.
1707 573 1816 637 γι).
1841 567 1944 637 Qui
1963 580 2092 636 ergo

2200 487 2347 529 mus.

2721 562 2959 619 CAPUT
2995 560 3268 616 XXXVI.

489 689 592 730 nec
615 672 717 729 sub
753 670 922 742 gratia
958 676 1064 739 est,
1092 665 1217 738 quia
1262 678 1610 737 nequaquam
1656 660 1729 719 ad
1781 658 2091 717 Dominicaa
2199 663 2507 733 Responsio,
2532 662 2676 732 quod
2703 663 2813 717 hac
2833 660 3055 730 quastio
3073 659 3283 740 futura;
3312 656 3604 713 Collatiam
3620 659 3816 717 debeat

495 764 761 824 doctrinm
789 763 1009 819 culmen
1044 757 1289 816 ascendit
1315 778 1331 827 ;
1354 771 1455 813 nec
1480 754 1584 812 sub
1607 753 1748 826 lege,
1773 752 1900 824 quia
1925 750 2092 806 etiam

494 854 607 927 ipsa
637 852 722 908 illa
751 850 973 924 parvula
1002 847 1139 921 legis
1167 845 1421 903 mandata
1446 859 1563 901 non
1588 842 1841 913 suscipit,
1869 839 1959 896 hic
1987 838 2093 896 du-

501 946 626 1020 plici
674 951 1029 1018 peccatorum
1075 955 1363 1013 oppressus
1392 935 1621 1009 imperio
1641 978 1656 1004 ,
1689 934 1761 991 ob
1788 933 1894 990 hoc
1918 931 2097 989 solum

503 1039 733 1111 gratiam
773 1036 972 1094 Christi
1004 1034 1309 1109 percepisse
1337 1048 1395 1089 se
1423 1031 1629 1098 credit,
1662 1037 1723 1085 ut
1753 1042 1849 1101 per
1879 1026 2097 1083 noxiam

501 1133 810 1189 libertatem
862 1131 932 1186 ab
973 1145 1039 1186 eo
1082 1130 1235 1185 ﬁeret
1280 1128 1523 1194 alienus,
1571 1124 1627 1179 in
1664 1121 1798 1178 illud
1852 1119 2098 1176 incidens

500 1226 648 1298 quod
688 1224 968 1296 apostolus
1023 1226 1215 1278 Petrus
1270 1234 1339 1273 ne
1388 1219 1729 1273 incurramus
1782 1212 2031 1269 enuntiat
2085 1231 2096 1266 :

506 1322 675 1389 Quasi
708 1319 882 1380 liberi,
914 1315 1108 1386 inquit,
1138 1318 1301 1383 agite,
1323 1319 1373 1369 et
1396 1329 1503 1367 non
1539 1314 1700 1382 quasi
1728 1312 1968 1365 velamen
1999 1310 2098 1364 ha-

515 1414 689 1468 bentes
716 1412 938 1466 malitiae
959 1410 1279 1480 .Iibertatem
1300 1407 1341 1475 (Ι
1370 1410 1489 1462 Pet.
1526 1405 1623 1476 ιι).
1656 1406 1854 1459 Beatus
1879 1417 2103 1474 quoque

504 1504 780 1577 apostolus
826 1501 1025 1557 Paulus
1058 1516 1069 1551 :
1109 1502 1236 1566 Vos,
1270 1497 1438 1565 enim,
1474 1497 1673 1567 inquit,
1703 1498 1763 1551 in
1804 1496 2104 1550 libertatem

2856 745 3142 785 reservari.

2274 838 2569 896 Theonas:
2616 836 2875 894 Studium
2902 834 3124 909 quidem
3169 841 3444 904 vestrum,
3486 849 3600 907 quo
3635 837 3813 908 perie-

2208 933 2406 990 ctionis
2434 932 2583 989 viam
2608 947 2721 989 non
2743 929 3053 988 transitorie
3072 968 3088 995 ,
3114 926 3213 985 sed
3243 927 3625 1005 principaliter
3652 939 3813 1005 atque

2211 1027 2451 1101 perfecte
2494 1025 2813 1084 desideratis
2871 1024 3139 1096 attingere
3158 1063 3175 1088 ,
3225 1019 3636 1094 infatigabiliter
3682 1024 3816 1082 huic

2210 1120 2573 1194 disputationi
2614 1135 2716 1177 nos
2747 1126 3004 1192 provocat
3040 1115 3311 1173 inhaerere
3352 1133 3367 1169 :
3411 1130 3513 1171 nec
3553 1118 3702 1173 enim
3744 1118 3818 1175 de

2212 1215 2481 1272 exteriore
2509 1212 2831 1291 castimonia
2855 1220 2908 1268 et
2935 1208 3353 1268 circumcisione
3378 1208 3691 1277 manifesta,
3723 1210 3818 1268 sed

2212 1309 2281 1366 de
2332 1310 2421 1365 illa
2474 1325 2598 1382 quae
2645 1309 2703 1365 in
2748 1308 2960 1375 occulto
3004 1312 3121 1371 est,
3187 1303 3476 1375 diligenter
3524 1303 3816 1376 inquiritis,

2213 1403 2448 1460 scientes
2470 1403 2526 1459 in
2569 1404 2670 1459 hac
2708 1401 2902 1458 visibili
2933 1398 3113 1455 carnis
3139 1398 3493 1466 continentia,
3526 1398 3818 1471 perfectio-

2211 1498 2297 1554 nis
2348 1496 2735 1568 plenitudinem
2780 1509 2892 1551 non
2939 1492 3138 1560 inesse,
3176 1507 3298 1564 quae
3339 1490 3551 1562 haberi,
3604 1493 3686 1549 vel
3725 1509 3821 1565 per

517 1576 695 1653 uocati
711 1598 857 1659 estis,
886 1596 1089 1662 fratres
1119 1592 1318 1665 (Galat.
1354 1591 1433 1664 v),
1464 1590 1522 1648 id
1550 1597 1651 1660 est,
1672 1598 1737 1646 ut
1762 1588 1993 1646 absoluti
2028 1581 2139 1644 si-'
2217 1590 2616 1657 necessitatem,
2648 1587 2735 1644 vel
2776 1602 2871 1659 per
2898 1576 3235 1659 hypocrisim
3262 1586 3426 1641 etiam
3467 1584 3539 1641 ab
3567 1586 3819 1643 infideli-

511 1690 585 1746 tis
618 1706 652 1746 a
689 1688 1065 1745 dominatione
1091 1686 1319 1760 peccati,
1350 1692 1564 1741 tantum
1605 1698 1676 1739 ne
1703 1682 2009 1738 libertatem
2050 1682 2108 1737 in
2214 1683 2318 1739 bus
2359 1690 2538 1755 potest
2566 1702 2578 1736 :
2627 1680 2725 1741 sed
2758 1679 2906 1737 illam
2936 1676 3122 1734 cordis
3148 1677 3497 1734 voluntariam
3527 1686 3583 1733 et
3623 1678 3819 1735 invisi-

511 1786 856 1843 occasionem
879 1783 1015 1839 detis
1040 1782 1239 1849 carnis,
1271 1779 1330 1836 id
1361 1787 1465 1848 est,
1504 1777 1918 1834 frustrationem
1957 1774 2109 1848 lega-
2136 1773 2185 1836 Β
2214 1775 2382 1832 bilem
2425 1774 2723 1847 puritatem
2751 1787 2920 1845 quam
2955 1770 3149 1826 beatus
3195 1769 3482 1841 Apostolus
3524 1770 3599 1825 ita
3626 1770 3823 1842 praedi-

509 1877 647 1935 lium
685 1876 1069 1934 mandatorum
1100 1874 1334 1932 credatis
1374 1889 1493 1929 esse
1522 1872 1804 1928 licentiam
1833 1870 2108 1927 vitiorum.

508 1975 644 2029 Haec
671 1988 799 2029 vero
838 1972 1081 2038 libertas,
1108 1970 1234 2043 quia
1271 1983 1541 2041 nusquam
1566 1967 1670 2023 nisi
1697 1966 1770 2023 ibi
1801 1966 1873 2022 sit
1897 1972 2115 2020 tantum

513 2061 607 2117 ubi
639 2062 916 2118 Dominus
945 2066 1348 2126 commoratur,
1376 2057 1575 2112 Paulus
1603 2054 1881 2126 apostolus
1907 2053 2067 2110 docet
2097 2071 2111 2108 :

514 2159 791 2223 Dominus,
822 2156 1093 2228 inquiens,
1133 2155 1358 2224 spiritus
1396 2156 1471 2207 est
1490 2169 1508 2218 ,-
1540 2151 1638 2205 ubi
1672 2154 1853 2204 autem
1888 2149 2115 2219 spiritus

518 2252 752 2316 Domini,
779 2248 859 2302 ibi
895 2249 1114 2303 libertas
1135 2248 1209 2315 (II
1241 2247 1358 2303 Cor.
1396 2247 1510 2312 ιιι).
1543 2243 1888 2315 QuaprOpter
1930 2241 2114 2298 nescio

520 2348 707 2396 utrum
730 2339 879 2395 hunc
907 2339 1049 2395 beati
1091 2338 1322 2410 apostoli
1349 2321 1594 2404 sensum,
1638 2336 1775 2392 sicut
1805 2336 1861 2391 hi
1901 2335 1992 2408 qui
2016 2350 2115 2391 ex-

518 2432 656 2504 perti
698 2441 829 2510 sunt
865 2432 1101 2504 sapiunt,
1147 2431 1453 2503 exprimere
1492 2438 1655 2502 atque
1704 2429 1971 2486 elucidare
2013 2445 2118 2501 po—

513 2524 718 2582 tuerim
765 2543 778 2577 :
827 2539 998 2580 unum
1040 2523 1151 2580 scio
1187 2522 1533 2595 apertissime
1572 2522 1724 2578 illum
1779 2521 1942 2579 etiam
1999 2520 2118 2578 sine

513 2619 853 2692 expositione
928 2618 1251 2691 cujusquam
1326 2616 1580 2674 omnibus
1640 2615 1888 2685 reserari,
1937 2618 1961 2648 ³
2027 2615 2118 2688 qui

518 2708 810 2783 πρακτικὴν,
837 2709 893 2765 id
917 2714 1035 2779 est',
1061 2710 1332 2766 actualem
1377 2709 1615 2783 perfecte
1647 2710 1925 2767 tenuerint
1965 2706 2122 2765 disci-

516 2800 740 2873 plinam.
770 2802 895 2856 Non
913 2800 1061 2856 enim
1090 2799 1417 2857 laborabunt
1434 2809 1497 2856 ut
1525 2800 1673 2873 quod
1693 2800 1813 2873 jam
1844 2795 2120 2870 operando

519 2892 840 2963 didicerunt,
859 2894 1161 2967 intelligant
1183 2893 1533 2967 disputando.

1050 3032 1293 3086 CAPUT
1338 3032 1580 3084 XXXV.

2218 1876 2307 1927 cat
2333 1889 2346 1926 :
2374 1879 2395 1905 ε
2424 1872 2540 1927 Non
2568 1869 2707 1923 enim
2736 1869 2833 1937 qui
2858 1868 2916 1920 in
2936 1866 3224 1932 manifesto
3256 1865 3489 1927 Judaus,
3508 1881 3680 1934 neque
3699 1882 3819 1936 qua:

2220 1969 2280 2020 in
2312 1965 2602 2031 manifesto
2628 1962 2689 2017 in
2717 1977 2874 2017 carne
2905 1964 2982 2016 est
3003 1961 3369 2022 circumcisio,
3408 1960 3499 2015 sed
3522 1963 3616 2029 qui
3644 1963 3700 2013 in
3734 1975 3820 2015 oc-

2222 2060 2363 2114 culto
2403 2057 2641 2121 Judwus,
2691 2060 2742 2111 et
2788 2055 3117 2110 circumcisio
3158 2053 3339 2108 cordis
3376 2056 3430 2107 in
3460 2055 3683 2123 spiritu,
3722 2069 3821 2108 non

2227 2151 2433 2215 littera,
2462 2150 2613 2220 cujus
2644 2150 2762 2204 laus
2790 2163 2893 2203 non
2917 2162 2985 2201 ea:
3022 2146 3367 2214 hominibus,
3396 2146 3493 2200 sed
3525 2162 3592 2201 ex
3626 2150 3729 2202 Deo
3753 2152 3822 2201 est

2227 2249 2403 2312 (Rom.
2453 2243 2545 2314 ιι),
2572 2242 2663 2315 qui
2697 2240 2846 2298 solus
2886 2239 3004 2296 scil.
3040 2239 3292 2296 cordium
3322 2248 3532 2296 secreta
3562 2240 3818 2295 rimatur:

2225 2346 2411 2395 tamen
2435 2338 2561 2410 quia
2581 2335 2834 2393 satisﬁeri
2864 2333 3131 2390 desiderio
3164 2341 3354 2391 vestro
3380 2332 3450 2390 ad
3472 2333 3690 2405 plenum
3716 2349 3824 2389 non

2227 2437 2422 2502 potest,
2461 2429 2624 2485 breve
2668 2428 2822 2485 enim
2870 2425 3019 2498 quod
3059 2434 3315 2498 superest
3344 2424 3582 2497 spatium
3628 2425 3823 2494 noctis,

2226 2523 2295 2580 ad
2355 2521 2719 2596 indagandam
2770 2519 2910 2576 hanc
2956 2520 3411 2576 obscurissimam
3461 2535 3580 2575 non
3635 2519 3828 2575 sufﬁcit

2227 2615 2611 2689 quaestionem,
2657 2629 2963 2687 congruum
2999 2628 3123 2670 reor
3160 2621 3227 2669 ut
3265 2613 3485 2669 interim
3526 2612 3825 2671 differatur.

2230 2708 2443 2765 Sensim
2471 2708 2616 2765 enim
2663 2707 2781 2764 hac
2827 2714 2883 2763 et
2918 2705 3085 2762 corde
3122 2704 3191 2761 ab
3230 2704 3381 2761 omni
3429 2705 3831 2777 cogitationum

2229 2801 2459 2874 strepitu
2507 2801 2719 2873 penitus
2740 2799 3041 2870 ;absoluto,
3091 2806 3152 2854 ut
3185 2814 3215 2855 a
3250 2796 3403 2852 nobis
3443 2796 3711 2868 proferri,
3760 2799 3833 2855 ita

2230 2894 2423 2950 vestris
2445 2892 2645 2951 debent
2679 2892 2951 2949 mentibus
2989 2891 3260 2959 intimari;
3289 2905 3412 2963 qua
3437 2890 3585 2946 sicut
3605 2883 3832 2964 pro'pter

2228 2988 2572 3046 conscientia:
2615 2987 3056 3060 purificationem
3107 2992 3323 3059 oportet
3360 2984 3579 3057 inquiri,
3612 2986 3688 3042 ita
3733 2988 3831 3044 nisi

2228 3082 2297 3139 ab
2326 3097 2391 3139 eo
2412 3082 2503 3154 qui
2533 3081 2744 3139 donum
2771 3080 3097 3153 integritatis
3129 3089 3387 3152 expertus
3415 3087 3519 3149 est,
3548 3081 3689 3137 tradi
3714 3082 3832 3138 assi-

518 3157 875 3222 Ῑηίθννοθατίο
903 3153 1991 3251 “ﬁt”fﬁfff‘i‘ﬂieﬂ‘ﬁ‘ﬂ’ﬁﬁffamaubus
2030 3154 2115 3207 ίη·
2149 3170 2193 3233 C
2223 3177 2481 3251 gaarique
2509 3192 2621 3233 non
2655 3183 2902 3249 possunt.
2928 3178 3054 3232 Non
3083 3175 3227 3230 enim
3265 3174 3527 3245 quaeritur
3550 3173 3678 3245 quid
3721 3175 3833 3230 ina-

947 3227 1170 3280 centivis
1197 3227 1376 3280 acrius
1402 3240 1716 3294 urgeamur.

592 3358 901 3416 Germanus
933 3380 943 3414 :
969 3357 1431 3416 Obscurissimam
1458 3360 1823 3433 quaestionem
1846 3368 1903 3414 et
1930 3358 2118 3415 multis

521 3453 708 3521 etiam,
729 3462 790 3509 ut
819 3461 1073 3524 putamus
1098 3454 1451 3526 incognitam,
1479 3453 1818 3526 apertissime
1845 3453 2114 3511 revelasti.

520 3545 687 3602 Unde
721 3545 827 3600 hoc
863 3561 1078 3617 quoque
1101 3544 1367 3617 profectui
1396 3556 1586 3604 nostro
1614 3548 1835 3620 adjicias
1859 3548 2121 3620 depreca-

520 3654 668 3707 mur,
697 3646 757 3694 ut
781 3654 883 3696 cur
908 3640 1188 3698 interdum
1208 3640 1371 3697 etiam
1394 3642 1718 3714 propensius
1741 3642 1813 3714 jej
1823 3643 2122 3699 mentibus

522 3733 681 3789 nobis
722 3741 780 3789 et
817 3733 1099 3791 exhaustis
1156 3742 1319 3807 atque
1378 3735 1639 3805 defectis,
1682 3735 2122 3793 vehementiores

520 3842 715 3899 pugnae
739 3828 988 3899 corporis
1002 3829 1326 3898 excitentur,
1348 3829 1636 3902 diligenter
1662 3829 1951 3887 edisseras.
1977 3834 2122 3887 Nam

523 3920 844 3993 plerumque
874 3920 1043 3977 etiam
1070 3920 1430 3994 expergefacti
1461 3937 1490 3978 e
1519 3937 1738 3992 somno,
1771 3936 1898 3977 cum
1922 3921 2120 3994 depre-

520 4013 874 4072 henderimus
901 4030 1002 4072 nos
1022 4016 1049 4051 δ
1095 4016 1395 4088 corporalis
1424 4017 1614 4073 veneni
1646 4016 1957 4090 contagium
1994 4033 2118 4090 per-

520 4109 729 4179 tulisse,
778 4110 849 4167 ita
894 4109 1184 4182 dejicimur
1220 4112 1576 4178 conscientia,
1607 4119 1670 4169 ut
1716 4126 1785 4168 ne
1827 4110 1898 4169 ad
1944 4111 2116 4184 ipsam

2223 3271 2382 3328 nium
2427 3278 2747 3345 argumenta
2788 3269 3079 3327 verborum
3102 3312 3117 3338 ,
3146 3267 3241 3325 sed
3284 3268 3416 3340 quid
3453 3268 3658 3323 interna
3687 3284 3829 3325 con-

2224 3362 2465 3419 scientiae
2515 3361 2651 3419 ﬁdes
2693 3370 2747 3417 et
2794 3363 2975 3434 major
3031 3362 3112 3417 vis
3156 3361 3398 3416 veritatis
3458 3361 3706 3416 inculcet.
3762 3364 3831 3417 Et

2226 3455 2435 3514 idcirco
2464 3455 2534 3512 de
2561 3455 2963 3512 emundationis
2996 3454 3159 3528 hujus
3195 3454 3419 3511 scientia
3443 3462 3609 3526 atque
3636 3454 3829 3510 doctri-

2227 3568 2317 3623 na,
2355 3568 2456 3609 nec
2480 3550 2712 3624 proferri
2740 3540 2963 3622 aliquid.
2987 3549 3087 3606 nisi
3118 3550 3189 3608 ab
3231 3558 3483 3623 experto,
3517 3565 3618 3606 nec
3658 3558 3833 3606 trans-

2229 3643 2380 3702 fundi
2415 3644 2714 3717 quidquam
2744 3651 2945 3716 potest,
2969 3644 3071 3699 nisi
3102 3644 3157 3699 in
3185 3643 3615 3717 cupidissimum
3650 3643 3829 3700 valde-

2229 3753 2334 3811 que
2373 3738 2666 3795 sollicitum
2712 3737 2932 3795 virtutis
2978 3737 3148 3808 ipsius
3198 3745 3522 3804 amatorem,
3570 3737 3670 3808 qui
3720 3751 3832 3794 non

2229 3846 2352 3889 eam
2398 3830 2583 3887 vacuis
2632 3829 2904 3902 nudisque
2942 3830 3284 3887 sermonibus
3332 3826 3680 3897 suscitando,
3738 3830 3835 3887 sed

2228 3923 2361 3982 totis
2387 3923 2553 3980 animi
2593 3924 2796 3980 viribus
2824 3922 3119 3981 annitendo
3163 3931 3315 3996 optet
3344 3922 3615 3995 attingere
3648 3941 3662 3977 :
3694 3923 3833 3978 scili-

2227 4027 2314 4076 cet
2338 4034 2453 4076 non
2481 4017 2666 4075 studio
2695 4017 3041 4090 loquacitatis
3082 4017 3470 4084 infructuosae,
3502 4016 3602 4074 sed
3635 4015 3834 4073 deside-

2228 4111 2308 4168 rio
2341 4110 2588 4183 puritatis
2618 4110 2866 4167 internae.

1629 4329 1885 4384 ALARDI
1919 4329 2144 4385 (ἱΑΖιΕΙ
2180 4328 2732 4386 COMMENTARIUS.

528 4528 740 4602 gatione
777 4527 977 4601 indiget
989 4551 1006 4602 Ξ
1052 4545 1207 4602 cum_
1233 4530 1578 4602 singulorum
1607 4534 1867 4591 cordibus
1913 4536 1987 4590 sit
2031 4537 2120 4590 iu—

527 4598 1080 4676 s_cripta.__Secundo,
1115 4600 1245 4676 quia
1284 4598 1461 4676 legem
1490 4602 1732 4676 decalogi
1770 4604 2025 4676 Christus
2064 4606 2120 4660 in

528 4671 823 4748 Evangelio
856 4671 1225 4748 conﬁrmavit,
1263 4671 1433 4748 et__'ad
1473 4674 1640 4730 vitam
1684 4671 2123 4748 consequendam

525 4744 892 4799 necessariam
912 4759 1031 4801 esse
1054 4743 1261 4808 docuit,
1289 4743 1505 4801 dicens:
1532 4747 1596 4803 Si
1631 4748 1712 4802 vis
1739 4747 1812 4802 ad
1841 4743 2012 4802 vitam
2044 4750 2125 4802 in-

530 4815 705 4883 gredi,
718 4830 874 4869 serva
888 4816 1153 4890 mandata
1173 4817 1387 4890 (Matth.
1404 4818 1534 4890 xxx)
1555 4837 1571 4890 ς
1591 4825 1754 4889 atque
1778 4816 1913 4874 adeo
1942 4818 2123 4890 legem

529 4897 687 4961 suam
731 4900 847 4961 esse
877 4886 1068 4955 voluit,
1107 4896 1167 4943 ut
1197 4887 1394 4944 merito
1419 4886 1694 4961 legislatoi-
1734 4886 2022 4961 propterea
2039 4889 2123 4946 di-

532 4950 761 5031 gendus
783 4955 872 5018 sit,
916 4972 1029 5013 non
1058 4946 1303 5031 tantum
1341 4946 1656 5031 redemptor
1711 4946 1773 5016 ac
1832 4946 2113 5018 mediator.
2148 4946 2198 5009 D

530 5020 697 5105 Unde
726 5026 1147 5105 Patresconcilii
1164 5028 1477 5105 _Tridentini
1502 5020 1790 5105 anathema
1820 5035 1879 5105 in
1895 5047 1978 5105 eos
1994 5048 2122 5102 pro-

531 5096 807 5163 nuntiant,
829 5098 930 5165 qui
953 5096 1142 5152 dicunt
1155 5099 1293 5170 ilegis
1312 5106 1580 5170 praecepta
1610 5104 1753 5157 nihil
1770 5104 1844 5158 ad
1860 5096 2120 5161 Christia-

526 5183 619 5224 nos
647 5169 951 5238 pertinere;
982 5173 1080 5223 aut
1108 5169 1376 5226 Christum
1412 5188 1446 5227 a
1464 5169 1569 5228 Deo
1607 5174 1912 5230 hominibus
1932 5175 2122 5230 datum

526 5243 588 5294 ut
623 5240 1025 5313 Redemptqrem
1058 5243 1147 5296 cui
1176 5241 1380 5311 ﬁdant;
1421 5259 1527 5300 non
1555 5247 1720 5300 etiam
1742 5250 1818 5300 “ut
1856 5246 2125 5313 Iegislato-

527 5325 638 5366 rem
667 5314 757 5367 cui
780 5311 1031 5385 obediant
1059 5330 1079 5367 .·
1108 5318 1206 5368 aut
1233 5314 1461 5384 denique
1492 5317 1755 5371 hominem
1768 5311 2123 5385 justiﬁcatum

529 5386 579 5436 et
617 5384 915 5451 quamlibet
936 5385 1240 5455 perfectum
1272 5399 1377 5440 non
1412 5388 1586 5440 teneri
1614 5386 1690 5441 ad
1732 5384 2124 5443 observantiam

529 5455 908 5510 mandatorum
948 5458 1052 5513 Dei
1096 5461 1145 5512 et
1185 5458 1428 5513 Ecclesiae
1477 5456 1651 5525 (Cone.
1709 5459 1859 5516 Trid.
1906 5474 2033 5516 sess.
2089 5464 2123 5516 6

530 5531 767 5596 can.__19,
799 5530 868 5581 20
896 5531 946 5582 et
977 5531 1090 5596 21).
1326 5552 1330 5556 ·

602 5597 630 5682 ς
649 5592 934 5682 Hancvita
986 5592 1244 5682 describit
1270 5599 1457 5682 abbas
1502 5603 1759 5658 Nesteros
1801 5600 1980 5682 collat.
2034 5607 2123 5669 14,

534 5675 581 5716 Cv
610 5664 660 5729 1,
687 5664 946 5744 “eumn.
975 5670 1034 5721 id
1070 5676 1167 5739 est,
1198 5673 1444 5740 actualis,
1477 5688 1598 5743 qua:
1631 5673 1999 5728 emendatione
2018 5664 2126 5728 mo;

534 5747 658 5816 Cum
693 5739 744 5788 et
762 5738 1033 5816 pitiorum
1064 5738 1395 5816 putgatione
1426 5738 1732 5816 perficitur.
1778 5746 1846 5798 Et
1875 5758 1993 5814 cap.
2026 5748 2059 5799 2
2107 5760 2121 5799 :

539 5803 794 5875 Quisquis
824 5806 998 5874 igitur
1025 5803 1099 5861 ad
1143 5803 1676 5867 Theoﬁcen-voiuerit
1702 5803 2003 5882 pervenire,
2029 5830 2127 5870 ne—

2226 4550 2363 4591 cesse
2404 4539 2481 4591 est
2520 4539 2582 4590 ut
2610 4537 2753 4590 omni
2780 4535 2972 4591 'studio
3009 4540 3169 4605 atque
3208 4538 3406 4590 virtute
3429 4534 3690 4605 actualem
3721 4536 3867 4603 pri.‘

2225 4622 2373 4660 mum
2397 4607 2676 4661 scientiam
2701 4604 3235 4676 consequatur.’Nam
3261 4607 3371 4661 haec
3394 4605 3603 4675 quidem
3628 4604 3832 4671 absque

2228 4679 2462 4733 theorica
2505 4677 2779 4747 possideri
2807 4675 2982 4749 potest
3013 4696 3029 4731 :
3057 4678 3284 4732 theorice
3319 4692 3433 4731 vero
3462 4678 3577 4729 sine
3614 4675 3835 4749 detrudi

2229 4750 2441 4830 omnino
2488 4742 2969 4830 dpprehendi‘non
3005 4751 3311 4830 potestsijlt
3351 4761 3465 4817 cap.
3496 4759 3613 4815 seq.
3659 4742 3834 4825 docet

2230 4818 2373 4874 hanc
2413 4817 2689 4888 practicen
2718 4819 2775 4874 in
2819 4817 3033 4874 duobus
3072 4819 3370 4875 consistere
3387 4860 3403 4884 ,
3429 4831 3631 4888 nempe
3659 4817 3719 4870 in
3744 4830 3833 4871 ex-

2232 4835 2373 4874 nanc
2450 4835 2689 4875 racucen
2718 4836 2775 4874 in
2819 4835 3033 4874 uuonus
3072 4835 3403 4884 consrsrere,
3429 4835 3449 4873 ι

2230 4835 2493 4962 pellengis
2517 4890 2659 4946 vitiis
2686 4898 2743 4945 et
2766 4888 3054 4962 virtutibus
3083 4888 3449 4962 aciquiren‘dis.

2298 4962 2323 4995 δ
2350 4959 2494 5043 Quid
2520 4977 2612 5043 per
2635 4956 3512 5043 corporalis.ve‘neni'contagium
3542 4956 3828 5028 intelligat,

2228 5032 2477 5102 sequenti
2497 5031 2785 5089 collatione
2812 5031 3187 5103 explicabitur.
3371 5031 3391 5033 “

2243 5171 2260 5174 _
2300 5111 2321 5138 ε
2355 5101 2416 5158 Id
2440 5109 2545 5170 est,
2574 5119 2685 5174 non
2715 5103 2807 5174 qui
2835 5103 3013 5174 palam
3039 5118 3102 5159 ac
3131 5100 3423 5158 manifeste
3448 5117 3512 5174 se
3537 5112 3690 5157 carne
3725 5099 3833 5174 Ju-

2228 5171 2408 5246 daeum
2438 5168 2555 5246 esse
2578 5168 2766 5246 jactaf,
2795 5168 2887 5230 sed
2902 5177 3000 5246 qui
3022 5176 3080 5228 in
3105 5174 3441 5246 abscondito,
3468 5173 3648 5246 idest,
3670 5168 3838 5246 corde

2229 5192 2408 5230 uacum
2438 5192 2555 5229 esse
2578 5192 2766 5246 JBCIBIL,
2795 5192 2887 5230 seu
2902 5192 2999 5300 aut
3022 5192 3080 5228 ιη
3105 5192 3441 5242 αοεοοηαιῑο,
3468 5192 3521 5230 ια
3546 5192 3648 5238 εει,
3670 5192 3836 5225 come

2229 5245 2645 5343 ἓὶἓὲίῖἷῖυλὲῗξ
2654 5244 2827 5343 ἓίῖῗῖἓὲ
2854 5247 2910 5343 εἰ
2936 5244 3495 5343 Ξέὶᾞίέξίέίέῗξῖἷίᾶτ]
3517 5243 3836 5343 ῘῗῘέἷΞηῖἓξ

2230 5313 2381 5388 deeris
2401 5313 2695 5388 est.Neque
2707 5333 2827 5388 quae
2855 5319 2913 5371 in
2936 5318 3232 5388 manifesto
3254 5317 3313 5369 in
3323 5313 3487 5388 carne
3514 5314 3835 5388 circiuneisio

2235 5390 2334 5450 est,
2367 5385 2425 5463 id_
2464 5394 2575 5454 est,
2600 5384 2734 5463 wnon—
2755 5396 2977 5445 externa
3003 5387 3214 5463 carnis,
3252 5386 3350 5463 _se_d
3395 5385 3652 5463 spiritalis
3691 5384 3838 5463 vitio:

2232 5472 2358 5514 rum
2380 5456 2744 5524 circumcisio,
2767 5475 2828 5515 ea
2858 5475 2984 5515 vera
3011 5457 3355 5514 circumcisio
3378 5456 3481 5514 est.
3508 5458 3596 5514 Sic
3610 5470 3720 5512 non
3747 5456 3837 5525 qui

2232 5543 2293 5585 se
2323 5536 2533 5585 castum
2561 5537 2615 5585 et
2628 5530 2944 5602 religiosum
2969 5530 3205 5602 exterius
3218 5530 3563 5602 demonstrat
3576 5526 3839 5602 continuo

2234 5615 2421 5657 coram
2442 5604 2557 5673 Deo
2585 5609 2638 5656 et
2664 5599 2787 5658 vere
2815 5610 2996 5673 castus
3024 5610 3078 5658 et
3108 5600 3394 5673 religiosus
3422 5602 3528 5663 est;
3544 5600 3641 5655 sed
3664 5600 3765 5669 qui
3786 5599 3839 5650 in

2236 5674 2454 5736 occulto,
2483 5670 2541 5728 id
2569 5680 2669 5737 est,
2701 5669 2873 5727 corde
2909 5688 2974 5729 ac
3014 5669 3400 5742 mente'purus
3428 5678 3485 5727 et
3514 5679 3727 5738 castus,
3758 5684 3844 5742 cu-

2226 5743 2323 5813 jus
2362 5745 2480 5800 laus
2507 5758 2611 5799 non
2638 5758 2708 5799 ex
2738 5743 3058 5809 hominibus,
3087 5745 3180 5801 sed
3204 5738 3274 5800 ea:
3303 5746 3408 5799 Deo
3437 5746 3516 5798 est
3540 5744 3722 5807 (Rom.
3749 5738 3841 5808 ιι).
