4022 6220
235 205 364 258 1217

1032 199 1370 257 COLLATlO
1405 199 1568 256 XXII.
1601 227 1678 241 --
1714 200 1803 255 DE
1840 199 2230 259 NOCTURNIS
2265 203 2746 261 lLLUSlONlBUS.

3333 281 3341 289 η
3405 213 3540 268 1218

615 445 1400 548 COLLATIO
1486 444 2286 549 VICESIMA
2363 447 3146 570 SECUND-AI,

1257 618 1416 692 Quae
1449 617 1550 681 est
1585 613 1883 681 secunda
1918 613 2186 684 abbatis
2222 614 2531 684 Theonee.

1406 747 1488 799 DE
1526 746 1884 800 NOCTURNIS
1918 749 2375 802 lLLUSlONIBUS.

736 981 981 1041 CAPUT
1007 985 1328 1044 PRIMUM.

300 1081 431 1135 Post
459 1076 574 1135 dies
613 1076 790 1135 ferme
831 1086 1063 1151 septem,
1106 1077 1589 1152 Quinquagesimte
1626 1080 1832 1136 solem-

227 1169 401 1227 nitate
447 1179 761 1241 transacta,
792 1185 922 1228 cum
963 1171 1020 1226 in
1062 1171 1184 1244 ipso
1214 1171 1389 1228 noctis
1429 1171 1618 1240 initio,
1658 1171 1715 1228 id
1751 1180 1833 1229 est

230 1271 356 1336 post
399 1263 629 1337 synaxin
674 1265 1066 1337 vespertinam,
1111 1263 1400 1338 promissa:
1453 1263 1836 1337 disputationis
1905 1273 1914 1278 “

230 1357 639 1430 exspectatione
667 1358 947 1432 suspensi,
973 1357 1150 1416 sancti
1160 1358 1404 1415 Theonm
1419 1357 1672 1414 cellulam
1703 1357 1833 1415 fuis-

231 1466 416 1510 semus
447 1452 706 1526 ingressi,
753 1453 932 1510 alacer
958 1469 1122 1510 senex
1164 1453 1324 1510 hilari
1369 1451 1521 1510 vultu
1542 1467 1606 1509 ac
1631 1452 1835 1512 blando

227 1559 332 1600 nos
355 1544 506 1616 prior
543 1559 796 1602 sermone
825 1546 1162 1618 compellans
1188 1562 1202 1601 :
1233 1545 1496 1614 Mirabar,
1518 1545 1713 1618 inquit,
1743 1561 1834 1603 ar-

229 1632 618 1694 dentissimum
637 1636 882 1694 studium
911 1646 1156 1694 vestrum
1189 1637 1276 1694 his
1298 1645 1506 1710 septem
1530 1635 1718 1694 diebus
1735 1636 1836 1695 ab—
1911 1691 1913 1693 .

227 1729 564 1787 solutionem
583 1729 878 1803 prepositte
904 1729 1222 1802 quaestionis
1249 1729 1488 1802 potuisse
1510 1728 1756 1799 differre,
1782 1737 1838 1787 et

229 1821 470 1880 debitori
494 1837 594 1880 suo
628 1822 899 1896 praecipue
928 1837 1041 1880 non
1068 1823 1312 1896 roganti,
1341 1821 1659 1880 dilationem
1698 1823 1836 1880 tanti

226 1915 500 1988 temporis
541 1915 884 1996 praestitisse.
935 1914 1315 1972 Justissimum
1352 1914 1581 1987 proinde
1627 1923 1728 1984 est,
1775 1925 1838 1974 ut

228 2009 356 2081 quia
383 2009 532 2065 ultro
559 2007 698 2064 mihi
744 2006 1054 2082 benignitas
1091 2016 1273 2066 vestra
1313 2013 1430 2064 tam
1471 2006 1654 2082 largas
1699 2025 1837 2067 con-

227 2101 393 2159 cessit
437 2099 715 2171 inducias,
747 2116 849 2176 ego
897 2116 1114 2175 quoque
1139 2116 1348 2159 moram
1378 2102 1436 2159 in
1463 2099 1630 2158 debiti
1669 2102 1843 2161 reddi-

226 2196 381 2253 tione
419 2210 531 2252 non
585 2194 810 2252 faciam.
847 2195 1019 2253 Grata
1047 2209 1288 2268 namque
1329 2203 1414 2253 est
1449 2193 1612 2268 hujus
1640 2194 1844 2253 fenoris

229 2289 543 2362 occupatio,
568 2303 691 2362 qua:
718 2288 927 2362 majora
963 2288 1097 2347 dum
1123 2289 1353 2348 solvitur
1379 2297 1672 2364 augmenta
1703 2304 1841 2346 con-

1854 990 1909 1052 A

2552 988 2796 1046 CAPUT
2862 991 2934 1047 Il.

1941 1090 2204 1160 Repetitio
2223 1093 2510 1162 proposita:
2539 1093 2979 1160 interrogationis
2997 1107 3095 1146 cur
3109 1092 3366 1162 majorem
3379 1095 3542 1150 absti-

2079 1162 2316 1214 nentiam
2342 1160 2518 1228 major
2543 1163 2816 1232 interdum
2841 1166 3021 1217 carnis
3057 1160 3396 1232 impugnatio

2555 1231 2931 1302 subsequatur-

2010 1335 2039 1371 δ
2066 1335 2192 1390 Hoc
2217 1333 2400 1403 enim,
2436 1333 2493 1390 ni
2530 1333 2713 1404 fallor,
2743 1336 3021 1409 inquisitio
3051 1345 3228 1394 vestra
3255 1339 3546 1412 complexa
3626 1318 3638 1328 ’

1941 1433 2048 1494 est,
2088 1441 2189 1482 cur
2237 1425 2514 1483 interdum
2555 1427 2840 1484 remissius
2877 1427 3214 1500 jejunantes,
3256 1431 3544 1490 levioribus

1941 1519 2121 1577 carnis
2145 1518 2307 1592 hujus
2336 1519 2538 1577 aculeis
2564 1519 2866 1590 titiilemur,
2909 1529 2967 1577 et
2990 1536 3402 1594 nonnumquam
3433 1523 3545 1582 dis-

1941 1612 2150 1670 trictius
2199 1611 2554 1683 abstinentes,
2605 1613 2812 1671 afﬂicto
2861 1614 3234 1688 exhaustaque
3285 1632 3514 1690 corpore
3529 1661 3544 1688 ,

1942 1704 2228 1762 incentivis
2277 1705 2583 1763 acrioribus
2617 1721 2934 1780 urgeamur,
2965 1708 3041 1763 ita
3086 1715 3148 1764 ut
3183 1707 3544 1780 quemadmo-

1942 1797 2075 1856 dum
2121 1797 2379 1871 patefecit
2428 1807 2603 1856 vestra
2651 1799 2945 1871 confessio,
2993 1799 3348 1874 expergefacti
3378 1817 3538 1874 repe-

1941 1892 2154 1950 riamus
2233 1909 2338 1951 nos
2384 1893 2682 1952 humerum
2709 1896 3064 1954 naturalium
3116 1896 3394 1971 egestione
3454 1911 3542 1954 re-

1945 2001 2184 2061 spersos.
2781 2007 2788 2015 -

2559 2081 2802 2140 CAPUT
2845 2085 2945 2139 III.

1947 2185 2037 2238 Ea:
2087 2181 2262 2236 tribus
2304 2183 2480 2238 causis
2508 2185 2829 2254 corporalem
2861 2184 3212 2254 pollutionem
3246 2184 3544 2254 prouenire.

2020 2285 2200 2358 Hujus
2227 2295 2249 2322 °
2277 2301 2407 2358 ergo
2434 2285 2854 2344 infestiuationis
2882 2288 3153 2360 triplicem
3177 2301 3404 2345 causam
3414 2303 3551 2346 nos-

229 2382 440 2455 quirit;
485 2391 539 2438 et
586 2398 697 2440 non
749 2381 929 2440 solum
985 2383 1375 2456 percipientem
1425 2383 1594 2453 ditat,
1647 2396 1842 2440 verum
1869 2395 1918 2458 B
1949 2379 2016 2436 tri
2039 2377 2330 2452 prodidere
2371 2380 2634 2454 majores,
2687 2395 2812 2454 quae
2845 2379 3078 2438 modum
3105 2380 3368 2454 temporis
3421 2396 3552 2439 con-

229 2476 404 2534 etiam
430 2476 564 2532 nihil
595 2477 793 2535 minuit
836 2477 1102 2550 largienti.
1131 2477 1392 2551 Duplices
1419 2477 1691 2550 siquidem
1719 2492 1842 2534 con-

229 2578 424 2643 gregat
467 2579 714 2642 quaestus
753 2585 943 2629 rerum
973 2569 1296 2652 spiritalium
1336 2570 1694 2643 dispensator.
1722 2571 1844 2628 Lu-

229 2677 390 2719 crum
419 2664 570 2721 enim
610 2681 725 2722 non
767 2663 948 2722 solum
995 2665 1054 2721 in
1082 2663 1223 2722 illius
1248 2663 1343 2737 qui
1381 2662 1536 2720 audit
1564 2661 1839 2736 profectu,

231 2770 429 2814 verum
457 2756 624 2814 etiam
670 2757 725 2814 in
755 2772 856 2814 sua
904 2757 1275 2830 disputatione
1318 2755 1695 2829 consequitur,
1728 2771 1844 2813 non

231 2849 421 2906 minus
471 2850 833 2922 semetipsum
864 2849 933 2908 ad
972 2848 1304 2907 desiderium
1353 2848 1704 2919 perfectionis
1745 2865 1844 2906 ac-

236 2939 477 2998 cendens
495 2979 512 3008 ,
540 2941 675 2997 dum
694 2941 917 2996 instruit
945 2941 1273 2998 auditorem.
1313 2941 1684 3009 Quamobrem
1715 2955 1844 2999 ves-

235 3039 325 3090 ter
351 3030 538 3100 ardor,
580 3045 738 3088 meus
790 3029 1067 3102 profectus
1111 3039 1225 3100 est;
1271 3038 1448 3086 vestra
1501 3030 1811 3088 sollicitudo
1828 3073 1845 3102 ,

235 3141 368 3183 mea
400 3125 746 3198 compunctio
771 3131 874 3182 est.
902 3126 1046 3182 Nam
1067 3125 1257 3198 utique
1271 3130 1328 3182 et
1349 3124 1466 3197 ipse
1483 3140 1634 3182 nunc
1658 3134 1846 3184 mente

235 3227 545 3292 torperem,
589 3217 838 3291 nihilque
878 3217 934 3274 in
963 3232 1086 3276 meo
1119 3217 1288 3276 corde
1314 3217 1384 3276 de
1411 3217 1494 3275 his
1529 3233 1654 3291 quae
1681 3235 1845 3293 expe-

234 3313 377 3384 titis,
411 3321 818 3386 pertractarem,
863 3313 968 3370 nisi
997 3328 1087 3370 me
1123 3321 1303 3370 vester
1331 3313 1519 3370 fervor
1557 3321 1722 3386 atque
1749 3329 1848 3370 ex-

236 3407 508 3480 spectatio
544 3406 614 3465 ad
633 3422 820 3464 rerum
850 3407 1180 3480 spiritalium
1213 3406 1656 3464 recordationem
1683 3407 1850 3465 susci-

233 3507 386 3557 taret
412 3499 826 3572 quodammodo
854 3498 1270 3557 dormitantem.
1309 3501 1381 3557 Et
1416 3500 1618 3558 idcirco
1661 3499 1850 3574 profc-

233 3600 397 3650 ratur
418 3592 476 3648 in
496 3592 738 3651 medium
770 3592 1002 3666 quastio
1020 3634 1036 3662 ,
1077 3592 1123 3650 si
1162 3591 1408 3664 vedetur,
1444 3593 1603 3666 cujus
1633 3592 1850 3667 pridem

233 3703 342 3762 pro
398 3687 647 3760 angustia
702 3687 966 3760 temporis
1009 3685 1409 3744 absolutionem
1450 3688 1854 3760 procrastinare

235 3777 560 3836 maluimus.

1948 2470 2122 2528 stituti
2151 2471 2547 2544 intempestivis
2583 2472 2852 2544 irrumpat
2885 2469 3212 2528 excessibus.
3252 2474 3368 2527 Aut
3399 2471 3548 2529 enim

1948 2563 2224 2636 superﬂue
2247 2578 2498 2621 escarum
2537 2564 2820 2621 nimietate
2851 2564 3188 2636 congeritur,
3213 2572 3310 2620 aut
3331 2579 3428 2638 per
3465 2565 3550 2622 in-

1951 2658 2160 2715 curiam
2185 2659 2386 2715 mentis
2415 2658 2666 2730 elabitur,
2691 2667 2788 2716 aut
2815 2658 3020 2715 inimici
3045 2657 3322 2715 illudentis
3342 2657 3552 2716 insidiis

1950 2759 2300 2826 provocatur.
2362 2754 2614 2810 Primum
2670 2753 2836 2826 igitur
2897 2753 3314 2827 gastrimargiat,
3339 2751 3394 2810 id
3448 2760 3550 2822 est,

1953 2845 2266 2902 voracitatis
2306 2845 2390 2902 vel
2431 2846 2572 2920 gula
2599 2847 2809 2914 vitium,
2837 2845 2978 2904 hanc
3000 2845 3420 2903 redundantiam
3449 2845 3550 2902 oh-

1952 2940 2100 2998 sceni
2155 2940 2408 2997 humori
2454 2941 2716 2998 extrudit.
2771 2943 2915 2998 Nam
2959 2947 3018 2996 et
3060 2955 3187 2996 cum
3214 2939 3554 2998 districtioris

1954 3031 2296 3091 abstinentiae
2323 3041 2572 3106 tempore
2598 3040 2802 3090 statum
2845 3033 3040 3106 polluit
3073 3031 3342 3106 puritatis,
3371 3021 3399 3066 ⁶¹
3438 3049 3549 3092 non

1953 3125 2022 3183 de
2049 3127 2303 3199 praesenti
2324 3168 2340 3196 ,
2361 3135 2426 3183 ut
2452 3127 2672 3200 putatis,
2691 3127 2890 3197 inedia,
2919 3126 3014 3185 sed
3033 3127 3104 3185 de
3125 3126 3401 3184 nimietate
3423 3142 3558 3200 prm-

1953 3219 2129 3278 teritat
2158 3221 2460 3277 saturitatis
2500 3219 2821 3278 effunditur.
2851 3218 3015 3291 Quod
3041 3221 3188 3277 enim
3218 3235 3314 3292 per
3349 3221 3558 3279 voraci-

1954 3311 2082 3368 tatis
2109 3311 2400 3384 ingluviem
2441 3319 2758 3367 concretum
2803 3311 2984 3366 fuerat
3026 3313 3084 3366 in
3124 3312 3380 3369 medullis
3399 3355 3416 3381 ,
3463 3329 3558 3372 ne-

1953 3418 2104 3460 cesse
2131 3411 2216 3459 est
2234 3410 2295 3459 ut
2315 3417 2410 3474 per
2430 3402 2700 3474 pruritum
2713 3443 2734 3472 ,
2759 3409 2854 3458 aut
2867 3409 3010 3459 certe
3036 3417 3135 3475 per
3163 3403 3522 3475 ignorantiam
3542 3448 3556 3475 ,

1955 3495 2204 3570 quamvis
2248 3511 2450 3569 magno
2471 3495 2683 3569 jejunio
2731 3494 2988 3554 tabefacti
3015 3496 3264 3569 corporis
3283 3507 3554 3572 egeratur.

1961 3589 2333 3662 Quamobrem
2368 3605 2481 3647 non
2507 3588 2688 3646 solum
2715 3588 3036 3646 lautioribus
3062 3589 3236 3662 epulis
3285 3590 3560 3648 abstinen-

1961 3686 2117 3754 dum,
2153 3683 2254 3742 sed
2280 3684 2443 3742 etiam
2479 3699 2513 3741 a
2535 3683 2816 3740 vilioribus
2857 3683 2993 3741 cibis
3035 3683 3230 3756 aequali
3265 3693 3349 3742 est
3383 3687 3558 3743 conti-

1883 3764 1929 3828 C
1955 3775 2140 3834 nentia
2177 3773 2593 3848 temperandum
2627 3795 2640 3830 :
2680 3775 2856 3831 immo
2901 3776 3074 3848 ipsius
3113 3777 3276 3832 etiam
3315 3779 3466 3848 panis
3506 3786 3562 3834 et

1347 3923 1601 3978 ALABDI
1638 3925 1867 3981 GAZAEI
1903 3921 2462 3980 COMMENTARIUS.

311 4053 340 4084 ³
371 4046 642 4119 Credibile
691 4055 774 4119 est
802 4062 898 4119 per
940 4047 1042 4103 hos
1089 4045 1207 4119 dies
1228 4047 1550 4119 Cassianum
1575 4063 1701 4105 cum
1749 4063 1850 4104 suo

237 4121 530 4180 Germano
575 4117 653 4189 de_
692 4117 780 4173 his
802 4117 932 4188 quae
964 4117 1257 4189 superiore
1288 4117 1581 4175 collatione
1619 4126 1850 4176 tractata

237 4201 296 4249 et
323 4191 602 4262 disputata
629 4186 866 4256 fuerant,
897 4186 1144 4262 privatim
1166 4203 1319 4262 more
1339 4204 1440 4246 suo
1466 4189 1691 4262 interse
1719 4205 1852 4246 con-

235 4257 468 4333 tulisse,
498 4275 665 4332 eaque
710 4257 998 4333 memoria:
1046 4257 1356 4333 diligentius
1399 4259 1848 4333 commendasse,

236 4341 338 4391 aut
361 4403 370 4404 ί
393 4330 592 4404 etiam'
617 4331 969 4404 scriptorum
993 4330 1346 4387 monimentis
1389 4331 1454 4386 ad
1501 4339 1852 4404 posterorum

234 4403 608 4462 eruditionem
632 4407 688 4458 et
720 4400 1161 4469 aedificationem,
1191 4409 1254 4457 ut
1275 4409 1471 4460 caetera
1493 4400 1520 4470 ,⁷
1539 4401 1846 4458 tradidisse.

311 4476 342 4512 ι’
363 4475 615 4545 Hocest,
648 4473 791 4545 quod
827 4471 1078 4544 superius
1105 4473 1322 4541 (Collat.
1349 4477 1436 4544 18,
1463 4489 1583 4544 cap.
1608 4473 1696 4545 31)
1727 4472 1852 4529 aliis

237 4544 434 4615 verbis,
455 4543 608 4615 dixit,
641 4543 734 4615 nos
763 4543 1053 4613 carpet-alis
1102 4547 1292 4601 veneni
1338 4543 1646 4615 contagium
1673 4543 1853 4615 pertu-

235 4619 390 4683 lisse,
421 4614 475 4670 id
499 4621 614 4687 est,
629 4614 867 4687 pollutos
894 4629 1033 4687 esse.

313 4697 335 4724 ο
357 4690 447 4758 De
467 4684 648 4758 causis
671 4684 990 4758 pollutionis
1026 4693 1321 4758 nocturnae
1353 4693 1420 4758 et,
1450 4685 1848 4758 involuntariae,

277 4771 372 4814 ua:
403 4757 537 4826 alias
564 4754 740 4812 illusio
765 4754 982 4812 dicatur
1001 4757 1090 4824 (de
1115 4755 1217 4812 hac
1239 4755 1382 4812 enim
1409 4755 1496 4811 hic
1517 4757 1710 4826 agitur,
1741 4754 1853 4813 non

277 4773 372 4814 ua:
403 4773 537 4811 anas
564 4773 740 4812 lllUSlO
765 4773 982 4812 dicatur
1001 4773 1090 4824 (ae
1115 4773 1217 4812 nac
1239 4773 1382 4812 enim
1409 4773 1496 4811 mc
1517 4773 1710 4826 agitur,
1741 4773 1852 4813 non

236 4773 310 4885 3e
341 4825 654 4909 voluntaria
697 4835 790 4909 aut
818 4837 1128 4899 procurata,
1167 4843 1290 4909 quae
1319 4826 1576 4909 mollities
1608 4827 1710 4909 vel.
1740 4826 1852 4909 i.m-_

238 4896 522 4980 munditia
563 4896 884 4980 appellatur,
915 4896 1118 4980 anqua'
1147 4896 1250 4980 viri
1291 4897 1476 4980 _san_cti
1519 4905 1574 4952 et
1615 4897 1851 4980 religiosi

235 4967 572 5041 longissime
592 4967 803 5041 absunt
828 4975 881 5022 et
910 4967 1258 5041 abhorrent),
1288 4969 1361 5025 ita
1383 4972 1625 5041 Joannes
1652 4967 1850 5024 Clima-

236 5034 546 5112 cus'gradu
575 5034 792 5093 decimo
839 5039 1050 5112 quinto,
1080 5034 1328 5096 suamet
1376 5039 1610 5096 aliorum
1637 5048 1855 5096 senten-

235 5110 852 5182 tiam—commemorati:
883 5110 1312 5182 [Suntnonnulli
1341 5114 1442 5182 qui
1477 5113 1589 5166 sola
1619 5112 1854 5168 cibatum

241 5196 418 5238 causa
460 5180 775 5252 hujusmodi
815 5178 951 5235 bella
985 5181 1266 5237 adversum
1309 5178 1404 5237 nos
1441 5184 1673 5237 excitari
1693 5185 1856 5252 atque

240 5253 464 5309 obsceni
493 5251 736 5306 humoris
753 5254 1090 5324 profluvium
1114 5255 1236 5322 ﬁeri
1253 5256 1626 5324 putantatque
1649 5267 1852 5308 asseve-

243 5326 383 5378 rant
409 5337 429 5374 .'
456 5335 553 5392 ego,
573 5320 776 5376 autem—
793 5320 1032 5378 extrema
1054 5320 1319 5391 fatigatos
1361 5320 1683 5392 (egritudine
1705 5328 1755 5378 et
1780 5324 1856 5379 ad

246 5391 831 5465 summumjejunantes
840 5393 1348 5465 calidehujusmodi
1361 5391 1642 5464 aspergine
1654 5395 1860 5463 foedari

245 5463 494 5535 cognovi.
519 5464 862 5538 interrogavi
882 5463 1176 5538 aliquando
1194 5463 1637 5538 peraptissimum
1674 5481 1864 5538 quem-5

248 5533 384 5592 dam
406 5538 468 5606 et
498 5533 833 5606 discretionis
864 5533 1048 5603 gratia
1089 5533 1346 5594 ornatum
1369 5533 1703 5597 monachum,
1727 5537 1865 5606 quid

1957 4051 2144 4132 requie
2156 4053 2274 4131 esto;
2295 4051 2346 4102 et
2359 4049 2472 4101 alia
2489 4063 2606 4130 quae
2627 4061 2694 4102 ea:
2712 4050 2962 4117 superbia
2983 4051 3246 4132 contingit
3277 4070 3294 4105 :
3322 4067 3440 4106 cum
3459 4057 3558 4110 sci-

1961 4120 2080 4174 licet
2102 4119 2314 4173 diutius
2340 4117 2532 4172 mundi
2553 4133 2588 4171 a
2611 4118 2762 4184 foeda
2793 4117 2891 4171 hac
2926 4133 3228 4184 reperstone
3263 4125 3558 4184 perstiteri-

1961 4133 2080 4174 ucet
2102 4133 2314 4173 acutius
2340 4133 2532 4172 munai
2553 4133 2588 4171 a
2611 4133 2762 4184 rceaa
2793 4133 2891 4171 nae
2926 4134 2956 4171 r
3023 4133 3228 4173 erswne
3260 4133 3558 4189 perstiteri-

1958 4203 2101 4251 mus,
2125 4193 2177 4242 et
2198 4204 2300 4259 per
2337 4188 2526 4259 hocin
2561 4188 2868 4258 superbiam
2907 4133 3198 4257 efeﬁmur.
3247 4193 3336 4246 Fit
3365 4206 3558 4250 rursus

1953 4257 2272 4331 plerumque
2283 4274 2403 4314 cum
2419 4257 2733 4333 judico-inus
2751 4262 2915 4328 atque
2932 4258 3342 4333 condemnamus
3359 4265 3561 4333 promi-

1959 4346 2124 4386 mum.
2158 4333 2382 4392 Horum,
2412 4331 2612 4400 inquit,
2656 4345 2907 4400 generum
2933 4330 3038 4385 duo
3067 4330 3381 4402 contingere
3395 4337 3558 4391 etiam

1958 4403 2183 4473 infirmis
2199 4405 2442 4478 pcss-unt,
2464 4401 2716 4478 fortassis
2739 4405 2790 4456 et
2803 4402 2994 4478 omnia
3005 4404 3205 4478 ._Porro
3221 4401 3273 4458 si
3284 4406 3406 4474 quis
3427 4409 3557 4478 seip-

1958 4487 2078 4547 sum
2094 4473 2378 4547 praedictis
2392 4473 2634 4547 omnibus
2664 4475 2838 4547 causis
2864 4473 3126 4547 mundum
3149 4489 3258 4530 esse
3280 4473 3557 4547 Conspicit,

1959 4544 2044 4599 hic
2057 4559 2126 4599 ea:
2147 4543 2305 4612 hujus
2330 4543 2480 4598 modi
2493 4545 2890 4614 tranquillitate
2906 4545 3086 4599 beatus
3104 4550 3200 4600 est.
3227 4547 3336 4612 Qui
3351 4543 3472 4603 vero
3491 4565 3559 4603 ea:

1961 4615 2262 4670 dwmonum
2305 4615 2517 4669 invidia
2541 4615 2603 4669 id
2624 4617 2864 4685 patitur,
2891 4619 2997 4671 Deo
3018 4616 3079 4668 id
3107 4618 3230 4684 fieri
3252 4617 3328 4669 ad
3350 4621 3558 4687 tempus

1953 4687 2318 4756 permittente,
2340 4688 2405 4756 ﬁt
2430 4689 2494 4740 ut
2511 4701 2612 4756 per
2631 4687 2766 4740 hanc
2786 4687 3166 4758 calamitatem,
3180 4699 3318 4758 qua:
3331 4688 3561 4758 sinepec-

1960 4761 2074 4812 cato
2105 4761 2202 4824 est,
2222 4758 2556 4826 altissimam
2593 4760 2708 4810 tuto
2733 4756 3003 4826 possideat
3019 4756 3399 4812 humilitatem.
3424 4756 3558 4814 Haec

1961 4827 2065 4882 ille.
2098 4825 2268 4900 Paulo
2295 4826 2454 4900 aliter
2493 4829 2545 4880 D
2587 4824 2887 4900 Gregorius
2914 4825 2969 4880 in
2998 4826 3374 4900 Responsione
3403 4829 3553 4900 (Cap.

1965 4903 2052 4964 It)
2082 4896 2152 4968 ad
2185 4895 2554 4968 Augustinum
2578 4895 2900 4968 _Anglorum
2941 4895 3251 4968 episcopum
3291 4918 3302 4953 :
3331 4901 3394 4954 In
3426 4895 3543 4962 hac,

1961 4967 2152 5040 inquit,
2179 4965 2449 5030 illusione,
2466 4965 2622 5040 valde
2637 4965 2933 5022 necessaria
2947 4965 3220 5034 discretio,
3245 4972 3378 5038 quia
3403 4972 3564 5027 valde

1961 5037 2236 5097 subtiliter
2272 5039 2502 5109 pensari
2525 5037 2698 5102 debet,
2722 5054 2790 5092 ear:
2816 5054 2998 5109 quare
3015 5040 3222 5094 accidat
3249 5037 3421 5095 menti
3435 5044 3564 5097 dor-

1961 5053 2236 5097 suomiter
2272 5053 2498 5164 pensari
2525 5053 2698 5102 aeoet,
2722 5054 2790 5092 ear:
2816 5055 2927 5109 qua
2941 5054 2998 5093 re
3015 5053 3222 5094 accidat
3249 5053 3419 5095 menti
3435 5053 3564 5097 dor-

1960 5113 2197 5168 mientis.
2222 5111 2274 5166 A
2299 5109 2538 5179 iquando
2559 5111 2700 5181 enim
2719 5125 2786 5164 ex
2807 5111 3048 5181 crapula,
3069 5112 3368 5180 aliquando
3387 5127 3564 5167 exua-

1961 5189 2098 5240 turce
2137 5183 2501 5252 superﬂuitate
2531 5179 2614 5235 vel
2639 5179 2980 5250 inﬁrmitate,
3006 5179 3309 5254 aliquando
3327 5197 3396 5236 ea:
3434 5186 3567 5254 cogi-

1963 5257 2163 5311 tatione
2196 5251 2486 5321 contingit.
2524 5254 2593 5306 Et
2636 5265 2771 5324 quae
2802 5259 3104 5324 sequuntur
3157 5251 3379 5324 inferius
3421 5251 3566 5310 reci-

1887 5333 1939 5396 D
1969 5327 2152 5382 tanda.
2181 5327 2245 5380 ln
2301 5325 2437 5380 Vitis
2478 5321 2704 5379 Patrum
2750 5321 2895 5396 μεθ’
2923 5331 3180 5392 praeterea
3232 5323 3492 5396 leguntur
3551 5343 3562 5378 :

1967 5400 2123 5454 Dixit
2141 5397 2306 5451 abbas
2334 5397 2538 5464 Moyses
2561 5414 2578 5449 :
2607 5397 2709 5450 Per
2743 5393 2842 5449 has
2869 5398 3104 5464 quatuor
3128 5409 3213 5448 res
3255 5395 3567 5464 pollutionis

1963 5469 2148 5539 passio
2169 5469 2418 5535 gignitur
2463 5463 2964 5539 perabundantiam
2975 5481 3102 5520 esca’
3113 5469 3163 5520 ct
3178 5463 3412 5539 potus,et
3421 5469 3568 5523 satie-

1972 5537 2136 5593 tatem
2159 5539 2364 5602 somni;
2390 5537 2685 5606 penatium
2725 5539 2775 5591 et
2800 5537 3001 5606 jocum,
3024 5541 3075 5591 et
3101 5538 3309 5592 ornatis
3337 5539 3568 5594 vestibus

249 5607 322 5663 de
347 5605 442 5680 his
459 5604 793 5680 sentiendum
811 5611 961 5680 esset,
984 5611 1228 5680 mihique
1247 5609 1537 5664 admodum
1561 5604 1868 5662 lucide'beap
1976 5607 2284 5680 incedendo.
2317 5604 2450 5662 Haec
2476 5605 2769 5680 de_causis_
2779 5604 3097 5680 pollutionis
3120 5615 3422 5680 nocturnae.

249 5683 345 5751 tus
370 5673 469 5728 ille
489 5676 800 5751 respondit:
824 5673 954 5751 Est,
969 5673 1169 5749 inquit,
1196 5682 1413 5751 quidem
1435 5681 1493 5734 in
1508 5679 1706 5751 somnis
1719 5694 1866 5748 qure-

251 5749 389 5805 dam
411 5749 626 5802 seminis
665 5749 894 5816 emissio,
922 5764 1042 5820 qua:
1069 5765 1138 5805 ea:
1174 5749 1409 5808 ciborum
1440 5750 1790 5808 multitudine
1816 5753 1867 5806 et

2045 5679 2071 5715 τι
2095 5678 2308 5750 Similes
2332 5677 2611 5734 sententia:
2629 5677 2795 5750 apud’
2813 5677 3134 5750 Cassianum
3172 5679 3210 5735 l.
3253 5695 3304 5736 ν.
3333 5682 3466 5735 Inst.
3499 5694 3555 5734 c.

1975 5755 2031 5823 9,
2060 5759 2114 5808 et
2141 5749 2316 5807 lib.vt
2343 5764 2392 5806 c.
2416 5754 2474 5805 lt
2505 5757 2558 5806 et
2582 5749 2679 5820 23,
2698 5757 2752 5806 et
2779 5749 2960 5806 collat.
2993 5754 3058 5807 t2
3087 5765 3204 5822 cap.
3233 5756 3286 5805 7.
