4040 6194
311 303 333 357 1
344 299 448 356 225

1122 292 1462 350 COLLATIO
1501 293 1659 348 XXII.
1698 290 1896 345 -ΒΕ
1932 288 2320 346 NOCTURNIS
2356 291 2838 349 lLLUSlONlBUS.

3491 304 3512 356 ί
3523 303 3626 358 226

306 421 432 479 liter
482 417 710 493 mystice
754 425 1072 490 segregatur
1110 436 1124 471 :
1163 427 1189 453 ι
1223 418 1289 472 Si
1316 420 1507 486 fuerit,
1537 416 1733 488 inquit,
1778 417 1921 471 inter
1952 420 2003 483 Α
2031 413 2263 469 ritalium
2304 416 2643 472 medicorum
2683 417 2927 475 doctrina
2964 419 3274 492 discuteret,
3319 438 3444 495 qua:
3483 406 3624 482 solet

306 531 399 572 vos
428 516 581 571 homo
604 514 704 584 qui
722 516 983 567 nocturno
1000 512 1241 583 pollutus
1263 514 1337 567 sit
1358 513 1582 578 somnio,
1609 510 1913 580 egredietur

309 614 470 667 extra
488 611 687 670 castra,
709 610 760 661 et
774 620 879 661 non
900 609 1196 661 revertetur
1207 607 1530 676 priusquam
1544 604 1620 659 ad
1639 618 1915 674 vesperam

308 705 528 761 ablutus
556 717 702 771 aqua
737 702 830 764 sit,
859 705 910 756 et
932 704 1058 770 post
1079 701 1207 755 solis
1233 714 1473 755 occasum
1494 698 1833 768 regredietur
1856 699 1914 752 in

311 802 492 856 castra
523 797 757 869 (Deuter.
793 793 915 865 xx).

916 896 1161 953 CAPUT
1203 899 1302 953 VI.

316 997 468 1066 Quod
494 1010 895 1065 nonnumquam
932 994 1160 1066 pollutio
1198 996 1435 1065 corporis
1478 995 1637 1064 culpa
1665 998 1831 1066 vacet,
1862 997 1914 1047 et

386 1068 596 1122 inimici
627 1068 862 1134 factione
890 1065 1189 1137 cantingat,
1230 1067 1469 1136 etcemplo
1504 1065 1837 1121 ostenditur.

382 1171 595 1227 Verum
628 1175 692 1223 ut
718 1166 1059 1224 manifestius
1102 1167 1456 1240 approbatur,
1486 1160 1513 1198 "
1554 1164 1704 1237 quod
1744 1165 1909 1220 etiam

308 1260 515 1317 inimici
556 1259 794 1318 factione
822 1275 1237 1332 nonnumquam
1274 1259 1394 1316 haec
1421 1257 1664 1314 eliciatur
1686 1255 1911 1327 impuri-

306 1361 393 1413 tas
424 1374 437 1411 :
472 1357 497 1386 °
523 1355 794 1412 Novimus
817 1352 1071 1425 fratrem,
1100 1354 1190 1427 qui
1219 1344 1345 1411 cum
1376 1350 1755 1411 castimoniam
1782 1364 1907 1406 cor-

307 1446 392 1505 dis
421 1456 477 1505 et
502 1448 748 1521 corporis
775 1463 991 1505 summa
1025 1446 1502 1519 circumspectione
1532 1453 1696 1517 atque
1723 1442 1908 1499 humi-

304 1541 458 1599 litate
490 1540 843 1614 promeritam
873 1541 1078 1616 jugiter
1104 1539 1429 1612 possideret,
1467 1554 1533 1595 ac
1559 1552 1906 1610 nequaquam

302 1634 587 1690 nocturnis
623 1634 1082 1690 ludiﬁcationibus
1110 1640 1432 1700 tentaretur,
1471 1631 1685 1704 quoties
1719 1637 1906 1685 tamen

301 1742 362 1786 se
388 1727 459 1785 ad
486 1725 885 1800 percipiendam
913 1726 1357 1781 communionem
1387 1724 1736 1780 Dominicam
1760 1736 1907 1794 prae-

2018 521 2084 561 ex
2132 506 2432 563 abundanti
2488 508 2739 565 ciborum
2784 515 3211 585 praesumptione
3265 516 3623 587 descendere,

2020 612 2249 671 eamque
2276 609 2583 658 memorata
2614 601 2764 659 fratri
2789 603 3256 677 deprehenderent
3279 627 3389 667 non
3413 615 3615 677 inesse,

2020 700 2184 765 atque
2230 692 2369 750 hanc
2410 695 2723 753 illusionem
2764 713 3106 771 nequaquam
3147 701 3277 758 vitio
3319 706 3614 763 saturitatis

2018 794 2293 844 constaret
2321 803 2630 863 emergere;
2659 807 2725 848 eo
2754 793 2901 865 quod
2924 809 3024 850 nec
3048 793 3230 853 fratris
3267 806 3398 854 nota
3423 799 3612 857 distri-

2020 882 2201 938 ctione
2227 882 2556 941 solemnium
2598 885 2832 956 dierum,
2873 888 3070 959 quibus
3096 888 3185 946 illa
3229 892 3450 963 pollutio
3480 908 3613 950 con-

2018 975 2280 1048 tingebat,
2309 978 2555 1050 specialis
2592 980 2857 1052 exceptio,
2896 982 3003 1039 hoc
3027 983 3148 1040 illos
3177 993 3449 1055 pateretur
3492 988 3615 1059 opi-

2018 1070 2134 1124 nari
2162 1088 2174 1124 :
2205 1071 2275 1126 ad
2303 1070 2600 1128 secundam
2627 1061 2656 1106 ά
2683 1073 2846 1146 hujus
2871 1075 3195 1134 valetudinis
3221 1093 3442 1135 causam
3468 1079 3609 1137 illico

2017 1163 2411 1219 transtulerunt
2460 1166 2823 1237 inquisitionis
2869 1168 3205 1241 indaginem,
3258 1173 3605 1231 discutientes

2016 1272 2084 1311 ne
2111 1256 2311 1314 animai
2343 1257 2573 1315 forsitan
2602 1261 2780 1333 culpa,
2808 1278 2937 1318 caro
2972 1264 3235 1321 exhausta
3264 1267 3472 1339 jejunio
3498 1270 3611 1326 im—

2015 1350 2164 1421 puris
2193 1349 2539 1408 illusionibus
2568 1362 2871 1424 urgeretur,
2903 1354 3103 1426 quibus
3138 1358 3307 1414 etiam
3337 1358 3614 1418 districtis-

2013 1443 2137 1500 simi
2166 1443 2283 1512 viri,
2313 1446 2595 1516 paululum
2631 1446 2758 1502 elati
2788 1447 2857 1505 de
2882 1449 2968 1504 sui
2997 1451 3243 1522 corporis
3271 1450 3483 1510 fuerint
3513 1472 3617 1527 pu-

2013 1535 2196 1604 ritate,
2222 1551 2319 1608 per
2343 1538 2829 1610 superbiaayitium
2858 1541 3195 1613 polluuntur,
3224 1545 3374 1614 quod
3399 1548 3608 1605 scilicet

2013 1627 2221 1686 donum
2261 1632 2595 1713 praecipuum
2627 1633 2750 1702 Dei,
2792 1633 2847 1690 id
2874 1642 2975 1703 est,
3008 1637 3249 1709 corporis
3275 1641 3606 1706 castitatem,

2013 1720 2264 1787 humanis
2300 1739 2360 1780 se
2405 1724 2609 1782 viribus
2644 1726 2942 1785 obtinuisse
2979 1729 3323 1787 crediderint.
3362 1734 3607 1790 Interro-

302 1830 563 1894 parasset,
604 1819 891 1876 immundo
919 1818 1073 1875 ﬂuxu
1101 1817 1384 1874 dormiens
1422 1815 1758 1873 fmdabatur.
1797 1816 1901 1889 Qui
1932 1833 1980 1896 Β
2012 1824 2170 1889 gatus
2213 1818 2378 1890 igitur
2421 1828 2607 1876 utrum
2651 1821 2982 1880 industriam
3031 1840 3187 1881 suam
3229 1825 3308 1882 ita
3352 1842 3602 1900 capacem

299 1929 433 1972 cum
470 1914 641 1971 multo
677 1928 736 1970 se
766 1921 1012 1986 tempore
1037 1927 1069 1968 a
1097 1912 1460 1968 sacrosanctis
1495 1911 1774 1984 mysteriis
1798 1918 1906 1966 tre-

298 2007 458 2080 pidus
501 2005 816 2076 abstineret,
862 2005 1087 2062 tandem
1128 2004 1271 2062 hanc
1309 2003 1381 2061 ad
1422 2004 1664 2061 seniores
1710 2003 1905 2060 detulit

304 2100 686 2173 quaestionem,
711 2096 1018 2157 remedium
1044 2096 1474 2170 impugnationis
1501 2113 1567 2153 ac
1593 2096 1799 2153 doloris
1820 2094 1903 2152 sui

301 2193 606 2251 medicabili
661 2209 855 2250 eorum
911 2191 1141 2249 consilio
1187 2199 1619 2249 consecuturum
1669 2206 1730 2248 se
1784 2203 1901 2246 esse

301 2290 603 2347 conﬁdens.
633 2289 742 2348 Sed
770 2305 897 2347 cum
921 2289 1159 2362 primam
1187 2303 1410 2345 causam
1439 2287 1616 2345 morbi
1640 2286 1756 2361 ejus
1785 2287 1900 2358 spi-

2010 1910 2174 1984 hujus
2197 1911 2441 1969 crederet
2465 1929 2582 1970 esse
2610 1914 2849 1984 virtutis,
2875 1926 2940 1974 ut
2960 1933 3065 1990 ope
3090 1918 3256 1975 divini
3284 1937 3393 1977 non
3421 1934 3607 1995 egeret

2011 2005 2216 2073 auxilii,
2260 2021 2477 2063 summa
2512 2007 2656 2065 hunc
2696 2009 2932 2082 impium
2972 2026 3195 2069 sensum
3232 2016 3602 2074 exsecratione

2010 2097 2306 2169 detestans,
2341 2116 2469 2157 cum
2506 2116 2564 2158 se
2604 2102 2882 2160 humiliter
2920 2107 3237 2162 astruxisset
3278 2124 3348 2164 ne
3389 2113 3600 2168 ceteris

2009 2190 2229 2264 quidem
2258 2192 2451 2249 diebus
2488 2196 2736 2266 corporis
2762 2196 3054 2268 puritatem
3083 2199 3313 2255 retinere
3339 2202 3599 2272 potuisse.

2007 2286 2106 2341 nisi
2148 2285 2327 2342 divina
2375 2286 2430 2342 in
2480 2288 2743 2345 omnibus
2786 2289 2955 2363 gratia
3004 2288 3191 2347 fuisset
3235 2291 3481 2365 adjutus,
3532 2294 3605 2351 illi

1384 2413 1648 2469 ALARDI
1687 2412 1915 2469 GAZIEI
1954 2410 2523 2468 COMMENTARIUS.
2622 2419 2628 2424 “

371 2530 398 2558 ⁸
435 2521 523 2579 Ad
553 2522 700 2579 hunc
717 2520 908 2595 locum
945 2522 1189 2580 alludens
1215 2526 1287 2578 D.
1322 2521 1619 2595 Gregorius
1655 2525 1901 2595 :_Testa-

298 2598 557 2661 mentum,
579 2592 773 2664 inquit,
790 2597 981 2649 veteris
998 2595 1131 2663 legis
1144 2595 1411 2665 pollutum
1427 2592 1650 2650 Domino
1668 2593 1836 2648 dicit:
1850 2598 1902 2647 et

300 2666 417 2719 nisi
454 2666 623 2719 lotum
666 2681 833 2734 aqua,
863 2667 1029 2719 etiam
1070 2680 1239 2734 usque
1275 2665 1351 2718 ad
1384 2679 1663 2733 vesperam
1689 2666 1899 2718 intrare

297 2735 590 2790 Ecclesium
611 2751 718 2790 non
744 2736 1000 2791 concedit.
1023 2735 1173 2802 Quod
1199 2740 1376 2789 tamen
1403 2735 1565 2790 aliter
1588 2735 1896 2804 intelligens

291 2807 533 2876 populus
582 2807 851 2877 spiritalis
902 2805 977 2871 (id
1020 2813 1104 2860 est
1147 2805 1526 2875 Christianus),
1588 2808 1759 2877 quasi
1797 2820 1897 2876 per

299 2880 565 2930 somnium
583 2876 702 2931 eum
717 2876 881 2931 illudi
895 2879 1143 2946 reputat;
1160 2878 1258 2945 qui
1272 2880 1508 2930 tentatus
1523 2876 1893 2939 immunditia,

300 2947 461 2999 vanis
479 2948 804 3013 imaginibus
820 2949 880 2998 in
899 2949 1216 3013 cogitatione
1230 2947 1570 3015 inquinatur.
1588 2947 1694 3002 Sed
1713 2948 1895 3001 lavan-

299 3015 406 3070 dus
426 3019 503 3069 est
518 3030 683 3083 aqua,
700 3018 763 3068 ut
783 3015 994 3083 culpam
1010 3017 1391 3082 cogitationum
1405 3017 1656 3083 lacrymis
1673 3018 1890 3083 abluat;

299 3090 353 3141 et
370 3087 484 3139 nisi
494 3088 651 3156 prius
670 3086 811 3155 ignis
836 3086 1462 3156 tentationisrecesserit,
1484 3100 1635 3139 reum
1656 3100 1711 3140 se
1733 3090 1894 3156 quasi

300 3156 377 3227 ad
391 3154 1003 3227 vesperam,cognoscat.
1022 3156 1097 3208 Ita
1119 3154 1248 3227 citat
1261 3154 1571 3227 Gratianus,
1589 3156 1712 3211 licet
1732 3154 1892 3226 paulo

299 3226 462 3308 aliter
477 3224 925 3308 'haheatiorigin.
970 3224 1242 3308 Gregorii.
1297 3225 1534 3308 Isidorus
1574 3224 1792 3308 quoque
1836 3227 1892 3308 in

300 3295 553 3353 eamdem
601 3295 928 3354 sententiam
969 3295 1276 3367 scribens:
1322 3298 1674 3359 Nocturnum,
1702 3295 1894 3367 inquit

300 3369 609 3436 (Comment.
645 3371 704 3423 in
733 3371 949 3425 Deuter.
991 3383 1108 3437 cap.
1139 3366 1244 3438 xx)
1278 3371 1543 3422 somnium
1566 3372 1643 3422 est
1672 3366 1895 3424 tentatio

299 3441 527 3503 occulta,
555 3456 653 3510 per
678 3455 843 3509 quam
867 3440 1142 3494 tenebrosa
1166 3441 1485 3507 cogitatione
1502 3443 1662 3509 turpe
1681 3440 1897 3509 aliquid

300 3512 620 3581 concipitur,
660 3510 803 3579 quod
830 3513 1008 3564 tamen
1043 3511 1280 3580 corporis
1302 3525 1456 3581 opere
1481 3526 1589 3564 non
1625 3511 1892 3580 expletur.

299 3582 409 3638 Sed
426 3583 630 3635 somnio
651 3585 907 3635 nocturno
918 3582 1160 3650 pollutus
1179 3582 1368 3650 egredi
1388 3586 1547 3636 emtra
1570 3586 1749 3636 castra
1762 3597 1897 3650 prta-

298 3653 512 3720 cipitur
546 3669 563 3703 :
593 3653 726 3720 quia
752 3651 996 3705 videlicet
1031 3652 1255 3721 dignum
1280 3656 1378 3719 est,
1406 3656 1469 3706 ut
1494 3655 1595 3723 qui
1618 3653 1894 3708 immunda

297 3722 617 3793 cogitatione
637 3722 919 3791 polluitur,
943 3723 1228 3792 indignum
1248 3738 1305 3778 se
1325 3722 1632 3779 cunctorum
1653 3724 1893 3793 fidelium

295 3792 639 3846 societatibus
657 3793 970 3848 arbitretur.
991 3794 1172 3864 Culpa:
1187 3807 1300 3850 sum
1312 3794 1567 3850 interitum
1583 3792 1707 3849 ante
1721 3796 1894 3850 oculos

292 3867 484 3988 ponat,
511 3868 562 3917 et
588 3878 656 3918 ea:
685 3864 939 3918 bonorum
966 3878 1021 3919 se
1045 3867 1441 3946 ercistimatione
1776 3867 1893 3948 ροι-

318 3938 474 3988 utum
500 3949 624 3988 erao
646 3939 803 3988 extra
820 3938 999 3986 castra
1017 3948 1187 3988 eccire.
1210 3939 1289 3987 est
1315 3939 1469 3988 tum
1488 3942 1893 3988 imnuanatione

318 3936 474 3990 ’utum
500 3949 624 4003 ergo
646 3939 803 3988 extra
820 3938 999 3986 castra
1017 3936 1187 3994 exire,
1210 3939 1289 3987 est
1315 3937 1469 4000 turpi
1488 3939 1895 4003 impugnatione

301 4004 635 4060 laborantem
660 4020 770 4060 sese
792 4020 860 4058 ea:
885 4004 1264 4057 continentium
1287 4006 1687 4071 comparatione
1708 4005 1892 4073 despi-

298 4089 433 4130 cere.
468 4077 576 4143 Qui
608 4076 683 4131 ad
717 4089 994 4145 vesperam
1032 4088 1180 4143 aqua
1209 4073 1447 4135 lavatur,
1476 4088 1597 4127 cum
1626 4075 1895 4140 defech

298 4160 460 4202 suum
484 4144 824 4217 conspiciens,
843 4145 918 4198 ad
936 4145 1263 4217 pandentia
1287 4144 1890 4217 lamentaconvertitur,

296 4221 361 4271 ut
381 4217 589 4286 ﬂetibus
600 4215 790 4271 diluat
810 4230 960 4270 omne
979 4215 1121 4285 quod
1138 4217 1381 4269 animum
1400 4215 1893 4285 occulta_inquina-

301 4289 444 4343 tione
460 4293 695 4342 accusat.
720 4286 824 4344 Sed
840 4290 962 4355 post
982 4301 1222 4341 occasum
1240 4287 1369 4341 solis
1388 4286 1464 4340 ad
1483 4291 1665 4341 castra
1685 4287 1890 4354 redeat,

299 4360 434 4428 quia
471 4359 854 4425 defervescente
890 4359 1198 4412 tentationis
1235 4358 1449 4423 ardore,
1490 4372 1693 4412 necesse
1721 4362 1800 4412 est
1831 4362 1894 4412 ut

297 4431 498 4484 iterum
541 4431 791 4498 ﬁduciam
823 4444 953 4497 erga
990 4430 1258 4483 societatis
1296 4429 1488 4483 bonum
1528 4431 1726 4483 sumat.
1770 4431 1894 4484 Post

299 4515 501 4569 aquam
527 4502 729 4570 quippe
758 4499 1089 4555 occumbente
1117 4500 1223 4554 sole
1258 4499 1332 4553 ad
1368 4504 1550 4554 castra
1576 4502 1888 4563 revertitur,

299 4573 398 4640 qui
414 4576 537 4641 post
563 4573 800 4625 lamenta
818 4571 1144 4641 pwnitentice
1163 4571 1481 4638 frigescente
1501 4571 1721 4638 flamma
1741 4573 1892 4639 cogi-

301 4640 518 4696 tationis
536 4642 759 4708 illicitis,
782 4640 856 4695 ad
868 4640 1324 4712 ﬁdeliumimerita
1337 4641 1716 4710 prwsumenda
1733 4657 1888 4712 repa-

294 4716 479 4779 ratur,
510 4717 572 4767 ut
588 4713 709 4782 jam
734 4724 788 4766 se
813 4727 849 4764 a
875 4713 1083 4766 steteris
1109 4711 1258 4777 longe
1283 4726 1390 4783 esse
1411 4728 1518 4765 non
1545 4715 1774 4768 aestimet
1791 4711 1896 4783 qui

295 4784 561 4852 mundum
584 4780 639 4837 se
657 4799 753 4852 per
771 4783 975 4852 obitum
997 4783 1180 4852 intimi
1195 4780 1412 4852 ardoris
1435 4784 1656 4850 gaudet.
1684 4780 1892 4838 Hucus-

340 4868 409 4923 ue
426 4850 692 4905 Isidorus.
717 4851 885 4923 Addit
905 4860 961 4907 et
973 4851 1078 4906 alio
1094 4853 1211 4907 loco
1223 4850 1365 4921 (Lib.
1387 4867 1457 4907 ιιι
1474 4853 1713 4907 Sentent.
1734 4869 1777 4907 c.
1799 4854 1850 4923 ϐ)
1872 4871 1888 4908 :

340 4868 409 4906 ue
427 4868 692 4905 isiaorus.
717 4868 885 4907 Adon
905 4868 1078 4907 etauo
1094 4868 1365 4921 locormo.
1387 4868 1457 4907 ιιι
1474 4868 1713 4907 uenient.
1734 4869 1777 4907 c.
1799 4868 1850 4923 δ)
1872 4871 1888 4908 :

297 4868 410 4989 gui
438 4924 709 4992 nocturna
737 4922 985 4976 illusione
1006 4923 1294 4992 polluitur,
1324 4925 1573 4992 quamvis
1600 4928 1757 4977 extra
1783 4940 1892 4979 me-

294 4991 532 5047 moriam
542 4991 919 5056 cogitationum
928 4991 1704 5062 ses’epersentiatinquinatum;
1718 4999 1894 5049 tamen

298 5064 414 5125 hoc,
446 5066 511 5135 ut
536 5064 853 5135 imitaretur,
883 5062 1054 5135 culpa
1088 5078 1200 5118 sua
1238 5066 1462 5127 tribuat,
1499 5079 1755 5135 suamque
1782 5068 1891 5121 im-

296 5132 629 5189 munditiam
656 5132 843 5203 statim
868 5132 1078 5203 [letibus
1107 5136 1302 5203 tergat.

368 5206 397 5241 δ
438 5204 500 5277 Id
549 5211 666 5266 est,
725 5201 927 5257 diaboli
950 5217 1153 5277 ‘ope_ra_
1176 5201 1231 5258 et
1274 5205 1522 5277 illusione
1568 5207 1794 5277 pollutio
1840 5206 1895 5262 in

292 5274 504 5334 somnis
550 5281 885 5344 procuretur.
942 5272 1028 5329 Sic
1069 5272 1205 5329 infra
1256 5293 1268 5329 :
1315 5272 1582 5332 Occultas'
1617 5278 1893 5332 diabolica:

296 5349 551 5416 factionis
570 5346 799 5401 insidias

295 5420 551 5487 factionis
568 5432 722 5473 scena
742 5418 946 5473 detecta
967 5418 1283 5473 est.Rursus
1302 5417 1652 5488 :Adversarii
1659 5422 1892 5488 factiosa

298 5491 477 5546 docuit
501 5490 861 5559 ludiﬁcatione
881 5489 1131 5559 propelli.
1163 5487 1325 5558 Quod
1354 5489 1577 5559 pollutio
1604 5487 1831 5545 subinde
1857 5506 1891 5546 a

298 5561 520 5619 diabolo
565 5568 881 5627 procuretur
922 5560 1337 5625 dormientibus,
1373 5559 1575 5615 diserte
1618 5560 1778 5615 decet
1820 5566 1885 5616 ι).

296 5632 537 5689 Thomas
571 5630 623 5703 (3
648 5647 732 5701 p.,
762 5647 816 5699 q.
844 5635 1017 5703 80,a.
1039 5634 1094 5699 7)
1128 5632 1510 5701 :Quandoque,
1533 5630 1632 5697 ait,
1656 5633 1889 5701 pollutio

290 5705 540 5774 provenit
565 5701 599 5755 α
627 5716 791 5756 causa
809 5701 1111 5774 extrinseca
1133 5704 1435 5773 spirituali,
1458 5703 1660 5759 scilicet
1682 5718 1750 5757 ea:
1773 5703 1888 5757 da:-

296 5790 513 5830 monum
527 5774 792 5835 illusione,
804 5775 900 5841 qui
906 5773 1295 5841 phantasmata
1304 5789 1622 5829 commovere
1632 5778 1886 5844 possunt:

298 5862 373 5903 ea)
386 5859 617 5916 quorum
629 5845 967 5913 apparitione
980 5844 1210 5913 pollutio
1224 5846 1501 5901 interdum
1520 5846 1881 5917 subsequitur.

506 5934 767 5991 ΡΑτιιοι..
802 5930 1014 5988 XLIX.

818 5345 1184 5415 pervidemnt.
1208 5347 1342 5400 Item
1369 5364 1382 5400 :
1407 5347 1589 5402 Omnis
1608 5348 1892 5404 diabolicae
1914 5346 1919 5351 ”

2011 2517 2257 2574 Thomas
2286 2517 2715 2589 Cantipratanus
2750 2518 2842 2574 lib.
2878 2534 2924 2575 II
2956 2518 3101 2590 (Cap.
3132 2523 3221 2585 57)
3253 2538 3266 2574 :
3298 2525 3406 2577 Hoc
3431 2540 3602 2581 venne

2008 2591 2272 2644 deemonia
2288 2593 2611 2658 figurantur,
2634 2605 2757 2662 quia
2772 2595 2920 2645 nocte
2937 2590 3242 2647 hominibus
3258 2602 3525 2662 apparent
3540 2600 3601 2652 in

2006 2663 2224 2733 somnis,
2258 2665 2310 2715 et
2337 2675 2420 2715 eos
2450 2661 2746 2733 visionibus
2768 2662 3220 2733 phantasmaticis
3258 2661 3511 2733 palluunt
3548 2675 3600 2724 et

2004 2732 2268 2786 illudunt.
2301 2734 2371 2786 Et
2391 2730 2576 2803 subdit
2599 2732 2908 2803 exemplum
2927 2732 2993 2787 de
3012 2730 3375 2789 Monacho'cui
3394 2737 3604 2793 dwmon

2004 2803 2306 2865 insultavit,
2346 2802 2489 2871 quod
2518 2804 2569 2856 ei
2602 2804 2660 2855 in
2683 2802 2884 2857 soninis
2916 2804 3261 2873 pollutionem
3290 2811 3596 2864 excitasset.

2004 2875 2078 2928 De
2100 2874 2215 2936 hoc,
2247 2873 2437 2944 inquit,
2482 2873 2745 2943 quiddam
2775 2875 3126 2930 ridiculosum
3163 2877 3349 2944 legisse
3374 2894 3458 2932 me
3483 2895 3596 2935 me-

2001 2947 2161 2999 mini.
2189 2946 2319 3001 Cum
2344 2945 2569 3013 quidam
2592 2946 2877 3000 monachus
2907 2946 2981 3000 ad
3002 2946 3264 3001 obsessum
3287 2964 3600 3018 energume-

2000 3030 2132 3070 num
2160 3018 2479 3087 accessisset,
2506 3018 2879 3087 circumstante
2904 3018 3071 3071 multo
3092 3019 3310 3087 populo,
3338 3035 3455 3075 eum
3479 3037 3593 3077 cum

1999 3087 2248 3140 irrisione
2272 3086 2513 3140 mordaci
2537 3086 2858 3140 dwmonium
2886 3086 3201 3143 inclamavit
3219 3088 3394 3145 dicens
3420 3110 3435 3146 :
3466 3094 3591 3156 Eia,

1999 3157 2202 3221 frater,
2239 3159 2340 3218 eia,
2370 3157 2636 3225 numquid
2658 3159 2939 3226 pulchram
2967 3160 3072 3213 tibi
3089 3162 3146 3213 in
3178 3161 3278 3214 hac
3304 3167 3455 3216 nocte
3487 3178 3597 3218 mu-

1999 3226 2182 3281 lierem
2196 3228 2265 3299 in
2287 3229 2487 3281 somnis
2508 3228 2758 3283 adduxi?
2777 3230 3001 3299 Quippe,
3021 3234 3084 3284 ut
3096 3237 3218 3299 post
3237 3235 3596 3297 confusionem

1999 3298 2283 3351 monachus
2300 3299 2507 3359 retulit,
2529 3301 2587 3352 in
2607 3302 2808 3354 somnis
2825 3298 3067 3368 pollutus
3089 3298 3278 3367 fuerat
3304 3304 3403 3356 illa
3425 3309 3595 3365 nocte,

2001 3371 2052 3493 Et
2080 3382 2186 3450 non
2213 3369 2484 3434 confessus
2515 3369 2648 3432 fuit.
2678 3369 2770 3423 Sic
2797 3368 2928 3438 ipse.
2960 3368 3094 3423 Vide
3123 3370 3273 3439 plura
3303 3372 3372 3426 ad
3396 3387 3517 3444 cap.
3560 3380 3591 3430 3

2042 3453 2181 3493 unus.

2042 3453 2181 3492 UIUS.

2070 3454 2249 3583 [afﬁne
2272 3506 2585 3583 exemplum
2610 3507 2790 3583 retulit
2822 3511 2887 3583 D_.
2917 3507 3157 3566 Thomas
3180 3524 3341 3583 supra
3372 3510 3590 3570 citatus.

2002 3578 2144 3649 Huic
2179 3577 2356 3649 simile
2384 3577 2486 3645 est,
2532 3578 2679 3649 quod
2708 3578 2763 3633 in
2809 3581 2927 3636 Vita
2972 3583 3040 3635 V.
3084 3581 3228 3636 Petri
3249 3577 3335 3637 ~de
3363 3584 3596 3641 Morono

2002 3648 2217 3723 legitur,
2255 3648 2350 3722 qui
2364 3648 2813 3723 _ex_anachoreta
2833 3666 3083 3708 summus
3109 3652 3346 3723 pontifex
3377 3663 3591 3713 creatus
3682 3694 3697 3708 .

2001 3719 2178 3794 dictus
2223 3719 2308 3775 est
2351 3720 2678 3794 Calestinus
2725 3720 2984 3794 quintus;
3024 3719 3125 3794 sed
3170 3724 3491 3794 pontiﬁcatu
3534 3742 3593 3783 se

2002 3790 2262 3865 abdicans
2287 3799 2342 3846 et
2363 3790 2422 3865 in
2450 3790 3028 3865 solitudinereliqua’m
3056 3790 3224 3849 vitain
3258 3811 3446 3865 agens,
3476 3797 3593 3852 vir-

2002 3862 2214 3934 tutibus
2251 3876 2314 3934 ac
2349 3860 2626 3934 miraculis
2666 3861 2859 3918 claruit
2879 3860 2904 3919 ἐ
2945 3880 2974 3918 a
3016 3878 3126 3934 quo
3155 3873 3211 3919 et
3250 3860 3385 3919 ordo
3412 3860 3592 3922 Cale-

1999 3933 2271 4007 stinorum
2298 3932 2512 4007 initium
2534 3940 2588 3987 et
2610 3948 2817 4007 nomen
2846 3932 3071 4007 accepit.
3098 3934 3316 3991 Accidit
3337 3935 3505 4004 enim,
3533 3946 3593 3993 ut

1999 4002 2171 4078 refert
2213 4008 2402 4058 Petrus
2432 4004 2744 4078 Aliacensis,
2786 4013 2851 4078 ut
2886 4006 2960 4062 ob
2979 4002 3127 4078 fsacri
3156 4007 3396 4078 mysterii
3436 4002 3593 4064 reve—

2001 4073 2235 4157 rentiam
2256 4086 2466 4157 magna
2492 4073 2538 4126 ei
2567 4074 2887 4157 perplexitas
2915 4077 3169 4157 oriretur,
3194 4073 3461 4157 quidnam
3488 4079 3588 4135 sibi

2001 4143 2275 4212 agendum
2324 4150 2488 4218 esset,
2543 4156 2669 4218 cum
2720 4151 2985 4218 nocturna
3038 4143 3338 4218 pollutione
3395 4163 3591 4218 corpus

1999 4210 2445 4289 suumnmaculari
2475 4211 2817 4289 contingeret
2827 4213 2997 4289 ;_licet
3029 4210 3209 4289 tamen
3236 4215 3448 4289 animus
3472 4210 3590 4289 ejus

2000 4282 2391 4355 mundissimus
2417 4280 2510 4336 tali
2548 4280 2914 4355 immunditiaa
2940 4300 3058 4355 pro
3092 4285 3297 4341 viribus
3339 4280 3589 4347 resistere

1999 4353 2285 4430 niteretur.
2349 4354 2421 4430 Et
2459 4368 2586 4430 cum
2634 4368 2690 4430 a__
2715 4353 2979 4430 religiosis
3019 4354 3282 4430 fratribus
3326 4369 3592 4430 quaereret

2000 4422 2310 4490 consilium,
2340 4423 2386 4478 si
2414 4423 2608 4479 eodem
2637 4423 2725 4479 die
2753 4422 3135 4483 celebrandum
3164 4437 3307 4483 esset
3332 4422 3413 4485 {rel
3441 4446 3472 4486 a
3503 4447 3587 4488 ce-

2001 4494 2294 4550 lebratione
2328 4495 2677 4561 cessandum,
2715 4511 2816 4552 nec
2856 4507 3000 4554 esset
3034 4515 3140 4554 una
3177 4502 3424 4556 omnium
3461 4517 3585 4558 sen-

1997 4567 2188 4640 tentia,
2222 4566 2341 4640 aliis
2378 4565 2476 4640 sic.
2515 4565 2634 4621 aliis
2667 4566 2824 4640 aliter
2862 4569 3221 4626 sentientibus
3262 4590 3276 4625 :
3317 4573 3402 4640 pia
3437 4587 3589 4629 mens

1999 4638 2116 4705 ejus
2134 4638 2188 4693 in
2210 4637 2376 4694 dubio
2392 4637 2684 4705 ﬂuctuans,
2706 4638 2777 4695 ad
2793 4641 3060 4696 auxilium
3078 4642 3307 4696 recurrit
3320 4637 3583 4697 divinum.

2023 4708 2085 4779 Et,
2109 4724 2234 4779 ecce
2272 4709 2330 4763 in
2376 4708 2586 4763 somnis
2622 4709 2874 4765 assistere
2910 4710 2959 4765 ei
2997 4711 3141 4765 visus
3178 4722 3261 4766 est
3311 4712 3581 4779 Christus,

1998 4778 2160 4855 hujus
2204 4778 2505 4855 dubietatis
2537 4779 2947 4855 perplexitatem
2984 4780 3312 4855 dissolvens,
3338 4778 3587 4855 eumque

1996 4847 2300 4921 parabolica
2346 4847 2699 4921 similitudine
2751 4850 3059 4921 instruens;
3112 4852 3257 4921 quod
3305 4853 3348 4908 si
3401 4847 3587 4912 asinus

1998 4919 2154 4987 suus,
2201 4920 2256 4975 id
2293 4929 2396 4986 est,
2438 4919 2648 4994 brutale
2683 4927 2738 4975 et
2766 4920 3078 4994 irrationale
3117 4919 3315 4994 corpus
3349 4940 3446 4994 pro
3499 4925 3586 4981 in-

2000 5000 2127 5046 nata
2156 4989 2553 5063 consuetudine
2588 5005 2746 5063 suam
2778 4990 2986 5063 faceret
3017 4989 3438 5063 immunditiam,
3477 5011 3585 5054 non

2003 5069 2224 5133 propter
2251 5060 2357 5133 hoc
2394 5070 2575 5133 rector
2601 5061 2735 5133 ejus,
2769 5061 2824 5118 id
2855 5071 2958 5129 est,
2988 5064 3263 5121 rationalis
3295 5060 3527 5133 animus,
3558 5084 3587 5122 a

2002 5132 2270 5189 consensu
2299 5132 2595 5188 immundae
2622 5134 2803 5190 carnis
2826 5134 3095 5192 illecebrae
3116 5135 3346 5200 alienus,
3368 5132 3591 5194 deberet

2000 5203 2341 5277 abascensu
2383 5202 2715 5277 caelestium,
2747 5204 2859 5277 hoc
2884 5214 3009 5277 est,
3057 5222 3088 5277 a
3134 5207 3590 5277 contemplatione

2000 5274 2329 5335 divinorum,
2352 5277 2427 5327 vel
2447 5273 2526 5348 a_b_
2540 5274 2796 5330 exercitio
2816 5274 3180 5347 spiritualium
3205 5273 3587 5348 mysteriorum

2000 5353 2236 5415 torpere.
2274 5348 2389 5416 Qua
2431 5345 2637 5400 visione
2673 5345 2985 5402 consolatus
3017 5362 3203 5402 servus
3250 5345 3365 5411 Dei,
3394 5350 3590 5408 mentis

1999 5417 2241 5493 quietem
2246 5416 2705 5493 ,spiritualemque
2721 5416 3273 5493 laztitiam‘resumpsit
3288 5419 3590 5493 intelligens

1999 5486 2072 5541 ab
2099 5486 2537 5559 involuntariam,
2570 5486 2784 5558 legique
2817 5489 3016 5544 mentis
3044 5486 3585 5559 suae—repugnantem

1998 5557 2175 5628 carnis
2198 5558 2580 5627 pollutionem,
2609 5557 2718 5613 non
2738 5574 2864 5614 eum
2885 5567 3138 5628 oportere
3167 5576 3195 5615 a
3221 5557 3385 5618 divini
3405 5578 3587 5622 sacra-

1998 5627 2168 5684 menti
2194 5628 2581 5684 communione
2609 5645 2840 5686 cessare.
2873 5627 3007 5688 Haec
3032 5631 3126 5687 ibi.

2067 5698 2093 5734 ιι
2142 5698 2201 5754 Id
2245 5706 2348 5766 est,
2395 5700 2773 5757 invaletudinis
2815 5716 2911 5758 seu
2954 5700 3302 5773 inﬁrmitatis,
3347 5714 3410 5761 ut
3448 5721 3591 5777 saepe

1997 5769 2209 5827 dictum
2233 5777 2333 5826 est.

2038 5777 2209 5827 ictum
2233 5777 2333 5826 est.

3243 5934 3311 5987 39
