4040 6194
431 288 453 341 i
465 286 565 340 227

1510 266 1790 323 IOANNIS
1824 265 2127 322 CASSIANI
2164 262 2651 320 COLLATIONES.

3612 264 3759 322 1228

430 406 721 466 confestim
765 403 833 460 ad
875 414 1094 458 causam
1133 398 1351 454 tertiam
1391 402 1750 460 recurrentes,
1794 390 2035 448 occultas
2061 396 2112 458 Α
2140 390 2420 446 nimietate
2443 387 2744 447 descendit.
2788 386 3133 458 Quapropter
3158 383 3203 439 si
3241 383 3505 441 volumus
3528 383 3599 443 ab
3622 386 3759 447 illn-

430 500 720 559 diabolicte
757 494 1006 553 factionis
1038 491 1268 549 insidias
1302 487 1675 562 pervidemnt,
1704 486 2033 559 probantes-

433 611 540 670 que
557 609 661 650 nec
683 593 885 649 animae
907 588 1125 660 culpam
1147 599 1420 652 esse,‘nec
1442 582 1644 650 carnis,
1669 580 2033 637 sacrosanctis

431 706 562 750 eum
606 688 791 761 epulis
819 684 1019 743 debere
1056 679 1279 738 misceri
1308 675 1773 734 conﬁdentissime
1801 688 2032 735 censue-

431 792 599 853 runt;
641 796 710 838 ne
752 778 956 836 scilicet
997 777 1043 833 si
1090 774 1143 830 in
1192 773 1294 829 hac
1341 769 1704 827 obstinatione
1747 769 1914 837 [Lips
1975 768 2033 819 in

433 894 607 947 marg.
650 872 998 940 abstinentia]
1036 869 1302 935 durasset,
1345 864 1572 921 versutis
1614 861 1834 934 maligni
1862 858 2035 916 hostis

436 970 639 1044 laqueis
666 967 955 1040 obligatus,
986 958 1427 1019 sanctiﬁcationis
1462 965 1518 1014 et
1551 954 1797 1029 corporis
1833 952 2034 1010 Christi

432 1064 701 1138 particeps
730 1074 847 1116 esse
869 1073 987 1114 non
1027 1062 1232 1128 posset,
1264 1060 1319 1109 et
1345 1068 1441 1125 per
1467 1050 1608 1107 hanc
1639 1048 1885 1105 fraudem
1915 1060 2035 1102 me-

431 1157 608 1216 dicina
650 1153 879 1212 remedii
909 1149 1160 1207 salutaris
1198 1148 1256 1202 in
1301 1153 1625 1218 perpetuum
1668 1140 2034 1197 fraudaretur.

435 1251 562 1320 Quo
602 1249 742 1304 facto
778 1247 852 1301 ita
880 1243 1059 1299 omnis
1096 1239 1379 1296 diabolica
1408 1237 1656 1293 factionis
1698 1252 1858 1292 scena
1885 1234 2036 1291 dete-

433 1351 524 1400 cta
543 1349 645 1409 est,
670 1348 733 1394 ut
755 1353 883 1393 mox
907 1337 1110 1391 virtute
1128 1331 1406 1389 Dominici
1431 1330 1678 1402 corporis
1699 1337 2034 1401 protegente,

439 1435 527 1491 illa
570 1431 863 1507 praeterita:
906 1426 1173 1484 illusionis
1231 1422 1572 1481 consuetudo
1624 1427 1865 1478 cessaret
1916 1438 1931 1476 :
1983 1422 2040 1477 in

436 1542 549 1599 quo
589 1524 793 1581 inimici
843 1522 1008 1578 dolus
1051 1518 1332 1575 evidenter
1377 1516 1644 1590 apparuit,
1692 1523 1749 1571 et
1791 1514 2038 1587 exposita

436 1628 523 1679 est
562 1620 765 1693 pariter
800 1634 864 1674 ac
900 1616 1130 1689 probata
1159 1612 1423 1670 sententia
1451 1612 1756 1678 seniorum,
1780 1624 1906 1682 quat
1932 1609 2043 1681 ple-

439 1729 673 1786 rumque
699 1711 849 1768 hunc
877 1707 1309 1780 impurissimum
1339 1704 1570 1770 ﬂuxum,
1604 1718 1708 1759 nec
1735 1701 1934 1759 animae
1958 1701 2037 1757 vi-

2140 484 2365 540 sionum
2388 483 2616 538 istarum
2636 479 2904 539 illecebris
2923 477 3164 548 liberari,
3189 477 3340 533 omni
3358 477 3572 536 virtute
3592 480 3763 542 nobis

2141 587 2228 635 est
2268 575 2589 634 enitendum
2619 596 2645 632 z»
2671 576 2945 641 Primum,
2986 580 3049 630 ut
3091 570 3479 633 fornicationis
3505 576 3763 644 passione

2141 669 2346 727 devicta
2365 670 2519 736 juxta
2537 668 2759 725 beatum
2776 664 3126 740 Apostolum,
3145 680 3253 720 non
3271 669 3463 734 regnet
3474 672 3759 737 pecuum

2140 768 2198 819 in
2220 767 2403 819 nostro
2422 764 2642 818 mortali
2658 776 2894 833 corpore,
2916 761 2990 816 ad
3008 758 3368 817 obedientium
3385 765 3761 832 emacupiscenc

2144 861 2235 914 liis
2263 859 2379 929 ejus
2411 856 2580 928 (Rom.
2621 855 2727 927 v1).
2762 853 3030 920 Secundo,
3066 860 3140 908 ut.
3166 851 3285 924 ipso
3312 868 3532 926 quoque
3566 856 3757 914 illece-

2145 950 2312 1007 broso
2337 949 2580 1022 corporis
2603 956 2761 1005 motu
2783 947 2969 1015 sedato
2998 945 3219 1018 penitus
3241 961 3306 1002 ac
3331 948 3534 1019 sopito,
3554 965 3757 1021 nequa

2143 1060 2311 1115 quam
2327 1045 2673 1100 embibeamus
2682 1043 2919 1098 membra
2935 1043 3122 1097 nostra
3135 1055 3297 1095 arma
3629 1059 3758 1115 pec.

2147 1144 2268 1194 cato
2296 1137 2509 1210 (Ibid).
2536 1136 2742 1204 Tertio,
2771 1144 2835 1193 ut
2856 1133 3116 1191 interiore
3143 1148 3370 1206 quoque
3392 1135 3617 1195 homine
3634 1153 3755 1195 no-

2146 1238 2282 1298 stro,
2312 1230 2382 1286 ab
2412 1229 2505 1285 illa
2544 1228 2781 1286 libidinis
2816 1228 3123 1285 titillatione
3164 1229 3509 1287 omnimodis
3537 1245 3606 1289 ac
3634 1246 3755 1289 me-

2147 1322 2372 1381 dullitus
2395 1322 2751 1392 mortiﬁcato,
2773 1322 3117 1379 emltibeamus
3136 1335 3235 1376 nos
3252 1325 3361 1379 Deo
3382 1327 3666 1394 tamquam
3685 1340 3759 1381 ea:

2147 1418 2374 1471 mortuis
2400 1417 2656 1483 viventes,
2692 1422 2748 1470 et
2778 1413 2853 1471 ita
2894 1429 2990 1486 per
3016 1412 3171 1471 hunc.
3203 1413 3517 1486 profectum
3559 1430 3756 1488 perve-

2147 1508 2359 1565 nientes
2382 1507 2453 1564 ad
2480 1514 2797 1579 perpetuam
2822 1506 3061 1579 quietem
3087 1508 3339 1580 corporis
3365 1508 3566 1577 nostri,
3605 1510 3759 1566 eahi-

2150 1602 2363 1657 beamus
2392 1604 2563 1675 etiam,
2587 1602 2827 1658 membra
2846 1606 3037 1657 nostra
3058 1617 3173 1659 non
3191 1602 3312 1673 jam
3332 1617 3489 1663 arma
3515 1602 3754 1673 libidini,

2147 1695 2245 1753 sed
2283 1697 2519 1767 justitice'
2550 1699 2649 1752 Deo
2692 1695 2898 1767 (Ibid).
2947 1699 3013 1752 1n
3054 1711 3179 1768 qua.
3203 1697 3355 1755 nobis
3396 1698 3751 1757 castimonia

440 1809 544 1876 tio,
585 1805 681 1863 sed
709 1803 1000 1861 adversarii
1030 1801 1255 1857 factiosa
1284 1798 1474 1855 docuit
1498 1796 1869 1854 ludiﬁcatione
1904 1811 2041 1868 pro-
2072 1811 2121 1873 Β
2149 1791 2383 1864 puritate
2416 1790 2673 1859 fundatis,
2699 1798 2983 1862 peccatum
3007 1791 3062 1847 in
3098 1791 3253 1849 nobis
3267 1792 3385 1863 iam
3408 1807 3527 1848 non
3564 1792 3755 1849 domi-

443 1901 595 1975 pelli.
634 1909 660 1935 ι
701 1900 784 1955 Ut
815 1912 945 1970 ergo
981 1894 1145 1951 fallax
1182 1892 1504 1966 imaginatio
1537 1891 1901 1957 somniorum,
1931 1889 2046 1946 ille-

443 1994 578 2053 ctrix
606 1992 896 2066 egestionis
921 1992 1172 2062 impurae,
1213 1987 1297 2044 vel
1325 1988 1381 2043 in
1408 1994 1755 2059 perpetuum,
1786 1984 1865 2040 vel
1899 1992 2046 2040 certe

443 2092 528 2154 (ut
552 2086 855 2143 secundum
882 2083 1259 2149 humiliorem,
1292 2081 1406 2137 sive
1432 2094 1790 2136 communem
1816 2077 2045 2134 dixerim

443 2180 675 2252 statum)
706 2180 869 2236 certis
896 2177 1176 2234 mensibus
1200 2176 1502 2246 ignoretur,
1531 2179 1653 2243 post
1680 2171 1831 2227 illam
1857 2170 2045 2240 ﬁdem,

445 2288 555 2345 qua
582 2271 650 2328 de
676 2272 776 2327 Dei
802 2269 1104 2342 specialiter
1132 2267 1301 2340 gratia
1332 2266 1588 2339 puritatis
1611 2265 1822 2322 donum
1840 2265 2049 2338 jugiter

445 2379 663 2436 sperare
705 2379 808 2419 nos
853 2360 1132 2427 convenit,
1181 2373 1320 2415 escae
1358 2366 1630 2432 potusque
1673 2367 1754 2415 est
1795 2358 2050 2415 nimietas

442 2455 773 2529 catiganda.
820 2457 1035 2510 Horum
1065 2467 1302 2523 namque
1333 2451 1694 2508 redundantia
1738 2452 2048 2508 istiusmodi

445 2549 710 2607 humores
742 2543 1066 2619 propensius
1092 2545 1241 2617 gigni
1273 2561 1493 2602 necesse
1521 2554 1629 2613 est,
1654 2546 1748 2618 qui
1786 2536 2050 2618 quoniam

449 2643 686 2702 concreti
714 2657 825 2698 non
855 2650 1084 2714 possunt
1109 2658 1222 2699 non
1261 2639 1432 2713 egeri,
1473 2648 1635 2712 atque
1663 2640 1733 2696 ab
1761 2641 1929 2713 ipsius
1955 2657 2053 2699 na-

446 2746 586 2794 turae
614 2737 729 2808 lege
757 2735 1008 2808 prOpelli,
1038 2735 1142 2791 sub
1177 2732 1463 2790 occasione
1492 2734 1886 2807 cujuscumque
1918 2751 2052 2807 pru-

448 2829 585 2886 ritus
613 2837 775 2899 atque
805 2826 1073 2883 illusionis
1102 2837 1410 2899 emergunt.
1446 2829 1711 2884 Escarum
1736 2843 1862 2884 vero
1891 2830 2051 2885 satie-

447 2929 561 2980 tate
587 2923 889 2988 subtracta,
919 2936 1259 2992 consequens
1292 2928 1377 2976 est
1408 2920 1528 2976 illas
1556 2936 1774 2992 quoque
1806 2921 2052 2976 immun-

448 3015 550 3073 das
576 3015 886 3088 egestiones
914 3013 1124 3070 tardius
1152 3013 1430 3086 generari;
1463 3021 1518 3068 et
1548 3013 1620 3067 ita
1652 3012 1715 3067 ﬁt
1752 3020 1815 3068 ut
1850 3028 2050 3085 quem-

446 3107 753 3166 admodum
777 3108 961 3164 ﬁuxus
979 3122 1187 3176 earum,
1218 3106 1295 3163 ita
1315 3105 1481 3162 etiam
1509 3104 1689 3162 illusio
1714 3104 2050 3163 dormientes

448 3201 533 3258 vel
570 3202 768 3269 rarius,
800 3200 883 3256 vel
922 3199 1177 3256 subtilius
1218 3198 1504 3270 inquietet,
1546 3198 1674 3269 quia
1714 3214 1825 3253 non
1865 3197 2049 3255 solum

2151 1885 2391 1942 nabitur.
2429 1888 2553 1942 Non
2588 1884 2735 1941 enim
2763 1900 2958 1942 sumus
2985 1886 3088 1943 sub
3113 1886 3264 1959 .lege,
3293 1901 3417 1957 quae
3443 1885 3576 1944 dum
3606 1886 3754 1947 licita

2153 1980 2466 2051 nuptiarum
2482 1979 2606 2051 jura
2636 1979 3008 2050 commendat,
3036 1979 3204 2037 etiam
3227 1980 3383 2038 illum
3411 1980 3751 2054 cuius‘mini-

2154 2073 2324 2128 sterio
2362 2087 2501 2144 opus
2530 2072 2734 2137 illicitae
2759 2071 3141 2132 fornicationis
3169 2076 3437 2148 expletur,
3470 2076 3529 2132 in
3553 2078 3758 2135 nostris

2154 2167 2407 2225 medullis
2428 2168 2605 2225 nutrit
2627 2183 2697 2224 ac
2718 2177 2962 2226 reservat
2981 2168 3238 2227 ardorem
3265 2189 3279 2226 :
3316 2170 3411 2228 sed
3435 2171 3542 2227 sub
3562 2173 3757 2245 gratia,

2155 2277 2280 2335 qua:
2302 2260 2439 2318 dum
2467 2262 2935 2336 incorruptionem
2959 2263 3283 2338 virginitatis
3310 2264 3574 2337 insinuat,
3597 2266 3756 2324 aiam

2155 2356 2321 2415 istum
2357 2357 2641 2415 innoxium
2683 2374 2747 2415 ac
2787 2358 3087 2432 simplicem
3134 2361 3386 2433 corporis
3421 2369 3659 2431 motum,
3702 2371 3757 2419 et

2158 2451 2325 2523 ipsius
2352 2468 2572 2524 quoque
2600 2452 2732 2510 liciti
2759 2453 2935 2510 coitus
2972 2454 3244 2523 interimit
3274 2455 3636 2528 voluptatem;
3669 2464 3755 2513 at-

2159 2561 2268 2618 que
2304 2545 2377 2602 ita
2418 2545 2625 2603 cunctis
2663 2534 3408 2619 impurissimat‘colluvionis
3436 2548 3759 2609 humoribus

2158 2639 2428 2708 arefactis,
2468 2634 2496 2674 ¹³
2541 2640 2737 2714 egregii
2777 2657 2843 2698 ac
2884 2641 3187 2699 laudabiles
3230 2641 3494 2709 eunuchi,
3531 2643 3628 2716 qui
3672 2659 3762 2716 per

2160 2732 2360 2790 lsaiam
2378 2734 2746 2807 praedicantur
2758 2733 3482 2807 effecti,merebimur[szs.
3506 2740 3561 2791 in
3583 2754 3757 2808 marg.

2158 2829 2534 2897 merebuntur]
2560 2828 2711 2886 illam
2738 2844 2862 2901 quae
2892 2830 3239 2902 promittitur
3265 2830 3336 2887 eis
3358 2828 3761 2889 beatitudinem

2158 2919 2453 2992 possidere.
2494 2924 2619 2977 Haec
2664 2920 2832 2991 enim,
2886 2926 2968 2979 ait
3013 2927 3291 2988 Dominus,
3338 2925 3616 2987 numellis,
3669 2926 3762 2996 qui

2158 3015 2507 3071 custbdierint
2542 3018 2772 3073 sabbata
2807 3034 2944 3084 mea,
2976 3023 3028 3075 et
3056 3021 3317 3090 elegerint
3352 3037 3475 3091 qua
3511 3022 3678 3085 volui,
3711 3026 3758 3077 et

2158 3112 2424 3165 tenuerint
2459 3109 2642 3178 {trdus
2676 3112 3051 3182 meum;_dabo
3089 3116 3164 3170 eis
3203 3114 3759 3179 indomameamtin

2157 3206 2328 3259 muris
2345 3205 2478 3260 meis
2499 3205 2688 3269 locum,
2711 3210 2762 3261 et
2780 3215 2801 3243 ο
2831 3222 3023 3262 nomen
3040 3209 3235 3265 melius
3254 3224 3293 3262 a
3309 3210 3442 3279 ﬁliis
3461 3214 3513 3264 et
3524 3209 3754 3278 filiabus,

446 3294 655 3368 egestio
683 3310 750 3351 ex
775 3292 1184 3367 imaginatione,
1204 3290 1304 3349 sed
1324 3291 1641 3365 imaginatio
1669 3306 1734 3348 ex
1761 3292 2048 3366 egestionis
2082 3283 2127 3345 C
2154 3284 2183 3328 ἀ
2210 3312 2400 3353 nomen
2425 3301 2804 3368 sempiternum
2830 3299 2969 3355 dabo
2995 3300 3071 3357 eis
3100 3301 3244 3371 quod
3266 3317 3377 3359 non
3394 3302 3596 3374 peribit
3623 3299 3748 3372 (Isa.

1539 3391 1793 3448 ALARDI
1830 3392 2055 3450 GAZAEI
2094 3395 2650 3483 COMMENTARIUS.

525 3499 563 3565 ξ.
594 3488 863 3565 Proponit
890 3487 1099 3565 aliquot
1132 3487 1377 3542 remedia
1403 3486 1665 3565 adversus
1691 3489 1981 3565 illusiones
1996 3499 2060 3565 _et
2160 3495 2434 3557 stolarum,
2464 3497 2565 3565 qui
2583 3495 2648 3549 ob
2670 3496 2845 3551 robur

451 3556 786 3628 pollutiones
819 3563 1135 3628 nocturnas,
1163 3570 1401 3626 quorum
1431 3557 1682 3628 primum
1709 3567 1794 3628 est
1819 3560 2055 3615 mortiﬁ-

364 3668 371 3675 .
452 3623 596 3696 'catio
637 3624 817 3696 omnis
852 3623 1144 3696 passionis,
1180 3623 1281 3696 seu
1309 3623 1594 3696 appetitus
1633 3625 1932 3696 libidinosi;
1967 3645 2055 3686 se-

450 3693 698 3768 cundum
720 3693 1055 3768 abstinentia
1068 3711 1167 3768 seu
1180 3693 1442 3768 cohibitio
1454 3697 1700 3768 corporis
1714 3707 1770 3753 et
1783 3693 2058 3757 membro-

452 3780 583 3843 rum
611 3766 680 3820 ab
713 3765 866 3821 omni
903 3773 1029 3843 actu
1062 3764 1364 3837 impudico,
1390 3764 1571 3838 quod;
1589 3769 1901 3843 secundum
1915 3787 2051 3843 apo»-

452 3836 680 3903 stolum,
721 3846 804 3892 est
844 3836 1161 3907 cruciﬁgere
1204 3836 1424 3892 carnem
1453 3853 1609 3893 suam
1647 3855 1774 3894 cum
1811 3836 1971 3897 vitiis'
1997 3850 2053 3899 et

452 3907 913 3982 concupiscentiis
936 3907 1053 3976 ejus
1073 3909 1284 3982 (Galat._
1302 3910 1392 3982 v);
1415 3908 1899 3982 tertium,f_irmum
1922 3928 2051 3982 pro-

452 3976 694 4051 ppsiium
724 3987 781 4051 et
807 3977 1054 4032 voluntas
1073 3976 1627 4051 hominis‘interioris,
1654 3978 1707 4034 id
1732 3988 1837 4048 est,
1859 3976 2048 4051 animi,

452 4046 765 4130 abstinendi
795 4055 1057 4130 perpein
1084 4049 1154 4130 ab
1183 4047 1330 4130 omni
1358 4049 1635 4130 voluptate
1660 4046 1910 4130 venerea,
1941 4046 2053 4110 sive

454 4120 668 4176 interna
698 4128 757 4207 ei
784 4118 1177 4207 spiritali,‘sive
1203 4127 1423 4175 externa
1472 4118 1526 4175 et
1554 4123 1845 4207 corporali,
1879 4118 2052 4207 geque

456 4198 757 4264 purumet
801 4191 1215 4264 immaculatum
1261 4206 1491 4263 corpore
1531 4198 1587 4247 et
1628 4191 1819 4264 spiritu
1861 4191 2049 4252 divino

455 4261 719 4332 obsequio
747 4261 1119 4333 mancipandi.
1150 4261 1505 4319 Verum'haec
1531 4261 1845 4320 communia
1884 4275 1940 4321 et
1964 4282 2051 4323 re-

454 4333 691 4410 motiora
733 4341 863 4410 sunt
893 4333 1449 4410 remedia;_propiora
1488 4348 1616 4410 vero
1645 4343 1702 4390 et
1728 4336 1900 4410 magis
1926 4353 2047 4410 spe-

455 4401 623 4475 cialia
644 4400 1028 4475 sunt_fervens
1064 4411 1119 4457 et
1161 4400 1354 4458 devota
1392 4405 1590 4473 oratio,
1621 4400 1920 4475 praesertim
1954 4400 2049 4464 ie-

454 4469 704 4554 spertiua
722 4472 801 4554 νει
830 4473 994 4554 eiiam
1018 4482 1309 4554 nocturna,
1341 4469 1813 4554 sacramentorum
1835 4478 2049 4554 confes-

453 4538 714 4621 sionismet
750 4541 1107 4621 Eucharistiaa
1144 4538 1795 4621 freqdentatiotjejunia,
1838 4550 2047 4621 aliaque

454 4613 900 4687 mortiﬁcationis
938 4620 995 4687 et
1020 4613 1353 4687 poenitentia:
1388 4613 1664 4687 exercitia,
1689 4616 1815 4687 fuga
1850 4613 2047 4676 mulie-

451 4700 600 4753 rum,
630 4686 1237 4761 turpium‘objectorum
1266 4694 1321 4741 et
1339 4685 1662 4761 imaginum,
1690 4685 1783 4761 pia
1813 4696 1871 4744 et
1886 4704 2048 4761 spon-

452 4764 612 4831 tanea
642 4756 1003 4831 suilconfusi‘o
1033 4765 1091 4831 et
1114 4756 1508 4825 erubescentia,
1532 4766 1589 4813 et
1610 4756 1946 4831 huiusmodi,
1974 4761 2046 4820 de

452 4827 651 4899 quibus
679 4829 815 4883 alias
842 4844 985 4899 saepe
1012 4829 1225 4884 dictum
1251 4837 1350 4884 est.

525 4899 551 4932 ι’
582 4898 735 4972 Quos
763 4898 1032 4972 Dominus
1054 4900 1106 4954 in
1139 4900 1427 4972 Evangelio
1450 4900 1802 4958 commendat
1825 4902 2044 4960 dicens:

450 4967 593 5045 ._Sunt
622 4971 852 5045 eunuchi
876 4973 975 5039 qui
995 4986 1050 5045 se
1074 4967 1450 5045 castrath
1471 4979 1693 5044 propter
1715 4991 1937 5045 regnum
1960 4992 2050 5031 οω-

455 5039 629 5112 lorum
670 5039 885 5107 (Matth.
920 5043 1071 5108 XIX),
1101 5041 1157 5096 id
1192 5050 1277 5096 est
1304 5039 1621 5112 perpetuam
1652 5039 2047 5104 continentiam

428 5111 736 5182 elegerunt
776 5118 829 5165 et
867 5118 1145 5183 voverunt,
1190 5111 1365 5183 eoque
1402 5111 1531 5169 voto
1586 5116 1688 5170 sibi
1736 5117 2045 5173 facultatem

451 5181 637 5238 omnis
664 5197 908 5238 venerea:
947 5181 1236 5252 voluptatis
1260 5181 1605 5241 ademerunt.
1642 5188 1723 5242 De
1752 5187 1835 5243 bis
1858 5188 2048 5244 itidem

567 5254 943 5330 Hieronymus
972 5255 1121 5330 (Li‘bi
1154 5271 1171 5307 ι
1209 5254 1420 5310 advers.
1461 5259 1725 5330 iovinian.
1771 5274 1888 5328 cap.
1934 5260 1985 5330 7)
2028 5277 2042 5315 :

453 5326 715 5388 Grandis,
751 5326 951 5398 inquit,
992 5326 1122 5395 ﬁdei
1163 5329 1259 5388 est,
1303 5327 1637 5397 grandiaque
1673 5326 1915 5393 virtutis,
1950 5326 2052 5387 Dei

451 5398 708 5470 {emplum
725 5415 831 5454 esse
839 5399 1217 5470 purissimum,
1235 5403 1404 5453 totum
1413 5412 1469 5452 se
1482 5398 1847 5454 habitaculum
1859 5401 2048 5470 oﬁ'en'e

453 5467 697 5540 Domino,
732 5476 802 5532 et,
833 5467 1003 5540 juxta
1031 5469 1271 5525 eumdem
1294 5470 1627 5540 Apostolum,
1665 5486 1772 5526 esse
1803 5467 2047 5529 sanctum

454 5538 506 5589 et
531 5550 762 5613 cqrpore,
792 5538 848 5595 et
860 5543 1082 5610 spiritu.
1114 5543 1190 5597 Hi
1214 5538 1589 5596 suntfeunuchi
1609 5545 1726 5613 qui,
1754 5559 1810 5599 se
1837 5546 2045 5613 lignum

452 5605 676 5685 aridum
696 5605 1116 5685 obsierilitatem
1129 5617 1404 5682 putantes,
1428 5605 1655 5669 audiunt
1672 5605 1831 5685 apud
1849 5605 2043 5672 Isaiam

453 5677 598 5756 quod
617 5691 717 5756 pro
739 5679 867 5756 ﬁliis
887 5686 939 5734 et
950 5677 1169 5748 ﬁliabus
1192 5685 1364 5756 locum
1382 5687 1439 5738 in
1458 5686 1599 5739 caelis
1624 5686 1691 5740 ha
1700 5677 1859 5741 beant
1878 5704 2048 5756 para-

452 5755 587 5803 tum.
614 5749 823 5827 Horum
845 5754 1003 5827 typus
1031 5759 1110 5827 est
1129 5754 1479 5827 Abdemelech
1499 5758 1558 5827 in
1582 5758 1813 5811 Ieremia
1835 5749 2041 5827 (forem.

449 5818 753 5890 xxxvm),
775 5823 825 5874 et
842 5820 1013 5888 spado
1034 5823 1126 5876 ille
1146 5826 1345 5889 reginae
1365 5825 1647 5887 Candacis,
1664 5828 1724 5880 in
1741 5818 1891 5882 Actis
1907 5829 2048 5898 Apo-

2078 4809 2130 4871 D

2856 3496 2988 3566 ﬁdei
3009 3497 3123 3552 viri
3143 3512 3333 3554 nmen
3348 3500 3589 3555 obtinuit
3612 3502 3750 3567 (Act.

2161 3569 2315 3640 vm)_.
2346 3566 2438 3640 Ad
2466 3567 2559 3620 hos
2585 3570 2637 3621 et
2661 3567 3187 3640 Clemens-successor
3212 3572 3447 3640 apostoli
3470 3574 3635 3634 Petri,
3663 3586 3751 3626 cu-

2151 3634 2473 3712 jus_Paulus
2496 3638 2766 3706 apostolus
2790 3642 3030 3694 meminit
3048 3634 3271 3711 (Philip.
3295 3641 3404 3712 ιν),
3432 3643 3625 3696 scribit
3651 3645 3755 3712 epi'

2160 3706 2346 3780 stolas,
2368 3723 2677 3777 omnemque
2693 3724 2825 3779 pene
2842 3724 3131 3766 semonem
3154 3706 3311 3766 mium
3328 3706 3398 3766 de
3414 3706 3756 3780 virginitdtis

2153 3779 2402 3845 puritate
2425 3780 2884 3835 contentitn'ﬂaic
2907 3782 2965 3838 S.
2998 3781 3375 3845 Hieronymus,
3396 3788 3452 3835 et
3476 3779 3756 3838 rursus‘in

2158 3841 2554 3925 commentario
2580 3849 2890 3925 lsaiaa_(Isa.
2924 3854 3051 3925 va)
3085 3872 3097 3908 :
3128 3841 3319 3914 Talem,
3342 3841 3543 3922 inquit,
3570 3853 3756 3920 fuisse

2520 3935 2696 4004 αυεημε
2715 3923 2865 4004 ese
2901 3918 3108 4004 me
3136 3918 3453 4004 nam.
3496 3918 3754 4004 Joannem

2157 4131 2326 4185 elatus
2338 4134 2682 4203 uirginitatis
2693 4134 2798 4189 alis
2814 4131 3053 4191 cucurrit
3064 4138 3142 4193 ad
3151 4139 3437 4193 Dominum
3455 4137 3629 4203 (Joan.
3640 4153 3679 4196 Χ
3688 4152 3753 4193 tu

2158 4206 2210 4255 et
2230 4200 2359 4273 χχι)
2380 4205 2504 4271 :qui
2522 4205 2581 4257 in
2599 4209 2798 4259 secreta
3026 4221 3082 4267 se
3426 4200 3750 4273 eam,

2158 4287 2323 4346 ausus
2352 4278 2430 4328 est
2470 4274 2665 4337 dicere,
2696 4277 2843 4346 quod
2869 4282 3057 4332 cuncta
3082 4279 3281 4333 secula
3302 4274 3657 4335 nesciebant}
3694 4282 3753 4335 In

2150 4345 2424 4423 principio
2451 4350 2566 4423 erat
2586 4345 2868 4423 _Verbum,_
2896 4354 2948 4423 et
2985 4350 3221 4405 Verbum
3249 4355 3374 4405 erat
3394 4351 3545 4420 aptat
3566 4353 3771 4423 Deum.

2156 4419 2252 4467 etc.
2281 4417 2453 4478 (Joan.
2486 4414 2549 4484 ι).
2580 4419 2826 4473 Facessat
2848 4421 3016 4487 igitur
3045 4423 3220 4476 omnis
3247 4414 3517 4476 casula-tio
3534 4420 3751 4476 Judae-

2154 4499 2299 4562 rum,
2312 4490 2368 4539 et
2385 4487 2524 4540 risui
2534 4487 2776 4562 praebere
2794 4496 3021 4546 secesset
3035 4493 3287 4562 aperiens
3299 4494 3566 4547 semiviris
3584 4507 3751 4561 regna

2154 4556 2419 4632 odiorum,
2444 4572 2567 4632 cum
2584 4558 2856 4632 pudicitia
2886 4576 2990 4616 non
3018 4556 3091 4617 in"
3096 4562 3379 4618 debilitate
3396 4565 3471 4617 sit
3493 4556 3745 4632 corporis.

2155 4627 2249 4681 sed
2269 4628 2327 4680 in
2353 4629 2530 4681 animi
2552 4628 2842 4686 voluntate.

2225 4698 2249 4728 α
2276 4696 2337 4752 Id
2362 4705 2467 4776 est,
2482 4698 2762 4776 majorem
2786 4701 3011 4776 gloriam
3036 4716 3213 4776 quam
3233 4705 3310 4776 sit
3327 4704 3559 4763 ﬁliorum
3587 4708 3645 4757 et
3670 4701 3747 4776 ﬁ-

2157 4766 2518 4846 liarum_.Dei,
2561 4766 2619 4827 ut
2651 4769 2742 4827 hic
2783 4766 2950 4829 abbas
2986 4766 3223 4846 exponit,
3269 4775 3415 4846 viros
3439 4780 3663 4846 sanctos
3688 4773 3749 4828 in

2156 4838 2319 4920 veteri
2345 4842 2693 4920 Testamento
2719 4838 3390 4920 uxoratosiet'conjugatos
3404 4843 3747 4920 intelligens;

2158 4910 2451 4983 velnomen
2469 4913 2902 4969 Christianorum
2922 4931 2951 4970 a
2965 4915 3164 4972 Christi
3178 4910 3409 4973 'né'mine
3419 4910 3749 4983 derivatum,

2157 4981 2302 5058 quod
2322 4988 2506 5058 multo
2526 4983 2738 5058 _melius
2769 4993 2852 5058 est
2880 5001 3051 5058 quam
3079 5000 3284 5045 nomen
3314 4988 3556 5044 ﬁliorum
3584 4981 3753 5042 Abra4

2157 5050 2264 5114 hat,
2298 5068 2409 5124 quo
2437 5052 2614 5110 Judaei
2642 5056 2878 5112 maxime
2896 5050 3307 5125 gloriabantur,
3340 5059 3583 5115 dicentes
3614 5078 3626 5112 :
3653 5059 3751 5113 Se-

2156 5139 2280 5178 men
2299 5126 2539 5198 Abraha:
2556 5142 2767 5198 sumus;
2786 5129 2892 5198 ﬁlii
2905 5126 3143 5186 Abraha:
3161 5146 3367 5186 summ.
3394 5130 3488 5185 Vel
3503 5126 3751 5198 simmici-

2156 5201 2240 5248 ter
2265 5195 2462 5251 melius
2498 5203 2554 5272 et
2584 5195 3030 5272 honoriﬁcentius
3059 5214 3170 5272 prae
3194 5202 3320 5258 ﬁliis
3341 5208 3399 5257 et
3428 5195 3663 5265 ﬁliabus,
3695 5198 3754 5255 id

2155 5272 2260 5347 est2
2301 5282 2467 5347 quam
2503 5267 2576 5347 sit
2623 5268 2824 5347 habere
2862 5267 3266 5347 multos_ﬁlios,
3318 5272 3390 5329 de
3432 5286 3540 5347 quo
3587 5272 3757 5347 etiam

2155 5336 2331 5390 Judaei
2393 5337 2687 5415 plurimum
2741 5342 2957 5415 gloriari
3008 5341 3205 5412 solent,
3235 5336 3545 5415 Aquomédo
3590 5340 3756 5415 etiam

2158 5415 2434 5487 v_e_rterupt_
2456 5409 2621 5487 LX);
2649 5409 2976 5484 Intérpretes
3006 5432 3019 5469 :
3050 5409 3201 5468 τόκού
3225 5409 3512 5487 ὀῦομαστὸν
3550 5414 3756 5485 κρείττω

2155 5476 2274 5551 υἱὸξν
2300 5476 2384 5530 καὶ
2411 5479 2712 5551 βυγαθέρων.

2226 5536 2255 5580 δ
2297 5551 2373 5631 lix
2410 5536 2496 5631 nisi
2518 5536 2723 5631 _verbis
2748 5554 2961 5631 colligit
3003 5558 3072 5613 D.
3116 5558 3462 5631 Augustinus
3494 5555 3760 5631 adversus

2156 5617 2442 5701 hatreticos
2482 5623 2626 5701 (Lib.
2653 5617 2931 5701 de__Sanct71
2966 5617 3240 5701 Virginit‘.’
3258 5646 3305 5685 c.
3335 5635 3403 5685 25
3422 5631 3440 5701 )
3461 5628 3765 5685 continen-

2153 5696 2422 5764 tiaminon
2458 5696 2636 5749 solum
2658 5696 2849 5751 utilem
2870 5714 2991 5755 esse
3009 5696 3185 5757 inbac
3207 5702 3335 5764 vita,
3362 5696 3458 5757 sed
3489 5715 3613 5757 esse
3636 5715 3763 5756 me-

2156 5762 2399 5843 ritoriam
2437 5764 2623 5843 gloriae
2656 5766 2947 5843 singularis
2970 5770 3027 5825 in
3066 5769 3248 5827 futura
3276 5788 3291 5825 :
3325 5762 3505 5839 Quid,
3537 5771 3756 5843 inquit,

2157 5837 2547 5905 tergiversaris,
2564 5840 2735 5908 impia
2749 5837 2990 5898 emeritas?
3000 5843 3143 5910 Quid
3161 5837 3519 5915 temporalem
3536 5837 3759 5900 tantum
