4040 6194
439 363 568 418 1231

1523 346 1803 405 JOANNIS
1836 345 2146 403 CASSIANI
2179 346 2671 406 COLLATIONES.

3614 354 3754 412 1232

436 499 557 544 esse
579 480 885 539 credamus.
916 476 1170 535 Primum
1200 474 1331 546 quia
1378 473 1610 530 cmlestis
1650 471 1793 528 illius
1820 486 2040 529 manna:
2067 476 2121 538 Α
2146 485 2344 544 negare
2372 488 2485 529 non
2512 486 2829 544 possumus,
2876 470 2973 530 sed
3015 471 3154 527 inter
3183 478 3438 528 sanctum
3462 480 3520 528 et
3557 472 3759 534 imma-

436 586 587 639 tanta
616 574 870 647 majestas
900 579 1001 640 est,
1020 578 1084 626 ut
1107 583 1274 626 nemo
1299 567 1403 624 hac
1433 567 1576 625 lutea
1616 581 1781 624 carne
1806 566 2041 623 circum-

436 672 598 732 datus
621 684 717 743 per
756 680 919 724 suum
962 663 1225 720 meritum
1270 661 1388 733 ejus
1415 660 1659 717 edulium
1686 701 1701 728 ,
1732 669 1789 716 et
1836 675 1951 716 non
1978 674 2046 715 ex

437 764 676 841 gratuita
701 759 925 820 Domini
946 757 1194 830 largitate
1222 754 1500 827 percipiat.
1533 752 1744 809 Deinde
1773 753 1895 824 quia
1922 751 2044 808 nul-

439 862 526 918 lus
574 859 650 915 ita
688 856 1115 925 circumspectus
1158 850 1216 906 in
1261 849 1424 922 hujus
1459 848 1651 905 mundi
1702 854 1881 919 potest
1928 859 2046 902 esse

439 954 700 1015 conﬂictu
721 995 735 1025 ,
754 960 817 1008 ut
859 964 985 1006 eum
1011 946 1205 1004 saltem
1247 959 1366 1000 rara
1408 944 1492 999 vel
1538 941 1672 998 levia
1702 947 2045 1013 peccatorum

442 1050 552 1107 tela
584 1062 699 1103 non
738 1044 954 1110 feriant,
1007 1040 1128 1113 quia
1179 1036 1510 1110 impossibile
1553 1042 1638 1091 est
1692 1040 1752 1089 ut
1797 1048 1906 1089 non
1951 1040 2044 1087 aut

443 1140 771 1217 ignorantia,
812 1145 906 1194 aut
929 1131 1286 1206 negligentia,
1333 1138 1427 1186 aut
1455 1128 1719 1194 vanitate,
1756 1134 1853 1181 aut
1879 1125 2046 1181 obre-

444 1238 651 1311 ptione,
702 1241 798 1289 aut
832 1231 1189 1302 cogitatione,
1234 1232 1336 1288 aut
1377 1221 1718 1287 necessitate,
1762 1226 1858 1275 aut
1899 1218 2046 1274 obli-

443 1329 603 1386 vione
627 1331 900 1399 peccetur.
920 1323 1076 1402 Nam,
1088 1318 1191 1373 etsi
1216 1316 1284 1372 ad
1303 1324 1416 1371 tam
1446 1314 1767 1385 praecelsum
1792 1313 1917 1384 quis
1941 1311 2046 1368 vir-

442 1429 629 1478 tutum
649 1418 868 1475 culmen
910 1411 1239 1477 ascenderit,
1268 1418 1334 1465 ut
1371 1407 1757 1479 Apostolicum
1776 1404 1910 1461 illud
1934 1420 2046 1461 non

434 1520 704 1595 jactanter
728 1511 1031 1568 exclamet:
1063 1507 1202 1563 Mihi
1230 1509 1409 1560 autem
1435 1519 1539 1574 pro
1564 1503 1787 1557 minimo
1818 1505 1897 1557 est
1922 1505 1984 1556 ut
2010 1517 2045 1555 a

440 1613 588 1670 vobis
604 1608 841 1678 judicer,
870 1607 968 1658 aut
984 1601 1052 1656 ab
1075 1601 1310 1654 humano
1329 1598 1438 1661 die,
1458 1597 1551 1652 sed
1575 1611 1745 1665 neque
1761 1611 1845 1649 me
1865 1597 2043 1665 ipsum

432 1705 641 1778 judico,
667 1701 806 1755 nihil
833 1700 973 1754 enim
1012 1696 1151 1749 mihi
1170 1695 1407 1749 conscius
1438 1706 1587 1757 sum;
1613 1690 1752 1746 sciat
1774 1705 1832 1745 se
1856 1697 2042 1744 tamen

442 1797 649 1869 absque
690 1800 915 1866 peccato
942 1805 1060 1847 esse
1088 1804 1199 1845 non
1231 1801 1409 1860 posse.
1446 1788 1634 1857 Neque
1662 1783 1808 1839 enim
1847 1782 2043 1839 frustra

2148 564 2396 622 culatum
2439 566 2611 624 multa
2665 564 2917 623 distantia
2949 572 3052 622 est.
3089 563 3254 621 Aliud
3299 573 3384 621 est
3438 564 3593 623 enim
3634 583 3757 629 esse

2148 661 2465 733 quempiam
2515 669 2787 731 sanctum,
2813 659 2870 717 id
2911 668 3015 727 est,
3039 658 3223 717 divino
3254 659 3426 716 cultui
3459 676 3751 723 consecra-

2149 761 2308 823 tum;
2344 753 2453 812 hoc
2480 756 2630 812 enim
2662 770 2869 812 nomen
2915 770 3027 812 non
3053 753 3235 811 solum
3273 753 3625 825 hominibus,
3657 759 3759 818 sed

2149 848 2312 904 etiam
2337 847 2471 907 locis
2494 857 2551 906 et
2572 849 2807 907 vasculis
2824 849 3013 921 templi
3058 856 3225 921 atque
3247 846 3524 907 lebetibus
3542 891 3560 919 ,
3584 858 3763 910 attes-

2151 949 2302 999 tante
2325 943 2624 1016 Scriptura,
2651 958 2951 1001 commune
2986 949 3087 1000 est.
3119 940 3285 999 Aliud
3304 950 3393 999 est
3423 951 3610 1001 autem
3636 961 3761 1004 esse

2149 1035 2356 1107 absque
2402 1044 2643 1108 peccato,
2708 1036 2858 1109 quod
2905 1035 3064 1092 unius
3109 1034 3331 1091 Domini
3391 1038 3567 1094 nostri
3617 1040 3756 1097 Jesu

2151 1128 2351 1187 Christi
2379 1130 2722 1202 singulariter
2743 1128 2993 1186 convenit
3024 1128 3317 1201 majestati,
3351 1129 3421 1186 de
3446 1145 3552 1202 quo
3577 1133 3754 1190 etiam

2151 1224 2452 1297 Apostolus
2478 1226 2631 1281 velut
2653 1225 2988 1298 praecipuum
3006 1222 3138 1295 quid
3169 1238 3233 1279 ac
3253 1222 3489 1295 speciale
3520 1241 3761 1297 pronun-

2151 1317 2248 1373 tiat
2274 1316 2459 1375 dicens
2486 1337 2500 1371 :
2526 1320 2633 1387 Qui
2649 1323 2926 1390 peccatum
2938 1333 3046 1373 non
3063 1318 3196 1386 fecit
3233 1317 3280 1389 (l
3302 1321 3455 1375 Petr.
3488 1319 3578 1390 ιι).
3612 1320 3759 1377 Satis

2151 1410 2299 1467 enim
2329 1411 2486 1468 vilem
2524 1420 2689 1485 atque
2734 1412 3014 1485 indignam
3051 1411 3169 1483 ejus
3206 1411 3498 1483 praeconiis
3537 1413 3758 1471 laudem

2150 1506 2304 1578 quasi
2329 1504 2754 1578 incomparabile
2778 1522 2843 1563 ac
2858 1506 3108 1563 divinum
3130 1504 3182 1561 ei
3201 1504 3410 1577 aliquid
3438 1506 3756 1580 assignavit,

2148 1599 2193 1655 si
2231 1599 2397 1656 etiam
2440 1615 2544 1657 nos
2588 1599 2853 1657 illibatam
2889 1599 2962 1657 ab
3002 1597 3155 1656 omni
3198 1609 3419 1671 peccato
3456 1615 3757 1671 possumus

2149 1692 2444 1764 transigere
2487 1692 2679 1749 vitam.
2709 1695 2926 1750 Rursus
2970 1691 3267 1764 Apostolus
3308 1692 3377 1748 ad
3417 1693 3685 1749 Hebraeos
3725 1712 3742 1747 :

2149 1790 2267 1846 Non
2297 1789 2439 1842 enim
2458 1787 2732 1852 habemus,
2767 1784 2967 1857 inquit,
2997 1787 3295 1856 pontiﬁcem
3324 1786 3420 1854 qui
3443 1801 3548 1840 non
3569 1787 3746 1855 possit

440 1891 590 1949 idem
637 1890 845 1944 Doctor
893 1882 1140 1955 adjunxit
1172 1902 1186 1938 :
1217 1881 1331 1940 Sed
1363 1896 1471 1935 non
1498 1881 1560 1933 in
1600 1878 1694 1933 hoc
1709 1878 2042 1948 justiﬁcatus
2072 1880 2120 1942 Β
2149 1882 2382 1951 compari
2407 1879 2819 1950 inﬁrmitatibus
2847 1881 3069 1946 nostris,
3093 1881 3118 1911 ι
3142 1882 3406 1933 mm
3438 1883 3619 1934 autem
3648 1895 3753 1950 per

442 2000 597 2053 sum;
625 1982 681 2039 id
711 1989 832 2048 est,
864 1993 978 2036 non
1007 1978 1051 2034 si
1078 1992 1180 2049 ego
1219 1976 1424 2048 justum
1453 1989 1546 2029 me
1574 1988 1694 2029 esse
1740 1970 2038 2034 credidero,

440 2092 625 2136 veram
667 2072 958 2131 confestim
1011 2069 1241 2143 gloriam
1301 2066 1612 2140 possidebo;
1665 2064 1745 2119 vel
1786 2064 1911 2136 quia
1951 2079 2042 2120 me

441 2168 774 2228 conscientia
813 2179 936 2220 mea
965 2163 1166 2219 nullius
1195 2160 1395 2233 peccati
1436 2157 1852 2230 reprehensione
1883 2171 2043 2212 com-

440 2262 666 2337 pungit,
699 2258 904 2314 idcirco
957 2253 1163 2310 nullius
1221 2253 1403 2309 sordis
1437 2251 1758 2323 contagione
1789 2248 2043 2319 fuscatus

438 2372 598 2424 sum;
627 2351 800 2408 multa
828 2348 975 2405 enim
1002 2346 1173 2403 etiam
1200 2360 1385 2401 meam
1422 2343 1817 2400 conscientiam
1849 2343 2039 2412 latent,

438 2461 720 2523 qum'cum
740 2443 849 2499 sint
866 2440 1004 2496 mihi
1030 2438 1310 2512 incognita
1336 2447 1501 2510 atque
1517 2438 1772 2505 obscura,
1796 2440 1914 2494 Deo
1934 2453 2040 2493 no-

436 2552 495 2602 ta
520 2550 683 2613 atque
702 2534 989 2594 manifesta
1012 2541 1163 2589 sunt.
1197 2532 1328 2588 Ideo
1351 2531 1640 2603 subjiciens
1685 2549 1700 2587 :
1741 2532 1848 2599 Qui
1862 2535 2044 2587 autem

436 2654 542 2701 me,
572 2631 762 2704 inquit,
782 2629 1006 2700 judicat
1044 2628 1304 2684 Dominus
1325 2625 1515 2693 est;id
1543 2633 1655 2692 est,
1686 2624 1755 2680 ab
1783 2624 1877 2680 illo
1922 2625 2041 2681 solo

437 2746 602 2805 quem
632 2733 837 2783 secreta
867 2721 1124 2779 cordium
1167 2735 1280 2776 non
1306 2719 1510 2787 latent,
1560 2733 1748 2775 verum
1762 2717 1957 2790 judicii
1986 2717 2041 2773 in

437 2840 530 2883 me
552 2820 860 2897 proferetur
879 2830 1127 2871 examen.

1019 2907 1263 2965 CAPUT
1310 2908 1457 2961 VIII.

525 3008 757 3077 Objectio
788 3002 1043 3063 Germani
1070 2998 1319 3077 abbatis...
1348 3011 1417 3077 ex
1445 2996 1678 3077 hisque
1706 2995 1773 3050 de
1797 3010 1957 3049 sacra

894 3070 1227 3144 perceptione
1256 3066 1403 3120 dicta
1426 3069 1570 3118 sunt.

508 3170 857 3226 Germanus:
884 3168 1054 3233 Supra
1085 3160 1287 3216 dictum
1312 3167 1395 3214 est
1418 3174 1528 3214 non
1556 3157 1657 3214 nisi
1685 3167 1903 3215 sanctos
1932 3173 2036 3215 cm-

2151 1977 2331 2030 omnia
2354 1989 2458 2044 pro
2484 1972 2841 2028 similitudine
2867 1972 3066 2042 absque
3087 1976 3303 2042 peccato
3348 1970 3527 2042 (Hebr.
3557 1974 3662 2039 Iv).
3688 1974 3751 2030 Si

2149 2067 2315 2140 igitur
2351 2066 2517 2121 etiam
2545 2074 2777 2121 terrenae
2798 2063 3122 2121 humilitatis
3152 2071 3363 2119 nostra:
3388 2078 3518 2119 cum
3548 2063 3637 2120 illo
3661 2078 3748 2120 ex-

2152 2160 2298 2218 celso
2335 2159 2626 2232 divinoque
2645 2157 2911 2216 Pontiﬁce
2935 2158 3055 2215 hmo
3067 2164 3246 2230 potest
3270 2172 3389 2213 esse
3411 2157 3751 2228 communio,

2150 2264 2212 2312 ut
2240 2256 2403 2313 etiam
2419 2270 2523 2312 nos
2535 2254 2742 2326 absque
2766 2254 2878 2311 ulla
2894 2252 3096 2325 peccati
3114 2251 3429 2310 offensione
3453 2261 3747 2323 tentemur,

2150 2364 2249 2405 cur
2273 2349 2569 2422 Apostolus
2596 2348 2702 2405 hoc
2736 2347 2793 2404 in
2818 2347 2909 2404 illo
2936 2348 3083 2405 velut
3110 2346 3336 2405 unicum
3362 2363 3431 2405 ac
3471 2347 3749 2419 singulare

2148 2444 2448 2516 suscipiens
2474 2444 2643 2517 [Lips.
2673 2447 2732 2501 in
2758 2459 2940 2514 marg.
2970 2443 3315 2516 suscipiens],
3343 2444 3466 2516 ejus
3489 2443 3744 2500 meritum

2147 2537 2216 2593 ab
2258 2537 2575 2594 hominibus
2615 2546 2769 2594 tanta
2827 2536 3090 2594 divisione
3138 2536 3433 2594 discrevit?
3473 2538 3594 2593 Hac
3617 2551 3744 2609 ergo

2148 2632 2265 2688 sola
2285 2632 2355 2687 ab
2381 2632 2644 2688 omnibus
2682 2631 2843 2688 nobis
2893 2631 3211 2704 exceptione
3250 2630 3628 2704 distinguitur,
3657 2631 3746 2702 qui

2147 2738 2250 2780 nos
2272 2739 2388 2781 non
2428 2724 2634 2796 absque
2672 2731 2921 2795 peccato,
2940 2723 3097 2779 illum
3125 2722 3238 2780 sine
3280 2729 3505 2795 peccato
3529 2729 3747 2778 constat

2072 2862 2083 2871 .
2146 2817 2314 2875 fuisse
2347 2826 2640 2874 tentatum.
2661 2817 2799 2888 Quis
2818 2818 3023 2874 etenim
3051 2816 3332 2873 hominum
3355 2815 3606 2886 quamvis
3628 2812 3745 2870 lor-

2145 2911 2219 2967 tis
2240 2919 2404 2982 atque
2438 2910 2669 2966 bellator
2704 2912 2798 2981 sit,
2825 2910 3119 2968 hostilibus
3146 2919 3317 2966 tamen
3339 2909 3465 2964 talis
3485 2906 3741 2980 plerum-

2144 3018 2252 3077 que
2274 3020 2388 3061 non
2427 3008 2642 3077 pateat?
2666 3006 2808 3075 Quis
2835 3005 2984 3089 velut
3015 3002 3406 3077 impenetrabili
3441 3017 3612 3058 carne
3629 3002 3741 3058 cir-

2142 3098 2458 3168 cumdatus,
2502 3099 2670 3155 tantis
2699 3099 3011 3171 praeliorum
3045 3098 3304 3172 periculis
3338 3097 3455 3154 sine
3499 3095 3739 3170 periculo

2143 3192 2473 3249 misceatur?
2502 3193 2600 3250 Ille
2614 3202 2797 3251 autem
2815 3193 2963 3251 solus
2980 3196 3252 3265 Speciosus
3272 3194 3456 3261 forma
3468 3207 3590 3263 pm
3608 3192 3738 3260 [iliis

435 3260 1200 3359 legium-usécrm-nemorgrg
1273 3266 1389 3307 esse
1440 3251 1658 3359 .debgﬂ.’
1712 3251 2033 3359 tioipesﬁ
2071 3276 2118 3341 (ἶ
2137 3286 2410 3340 Milium
2448 3286 2617 3356 (Psal.
2647 3287 2817 3359 xuv)
2855 3251 3231 3344 conditionem
3260 3251 3454 3343 mortis
3468 3251 3734 3340 humanae

432 3370 589 3413 nunc
610 3352 859 3427 adjicitur
892 3346 1231 3421 impossibile
1276 3361 1396 3402 esse
1440 3345 1651 3402 homini
1677 3354 1738 3402 ut
1777 3345 2039 3403 immunis

431 3448 648 3521 penitus
676 3449 748 3502 sit
784 3460 816 3500 a
857 3443 1078 3499 delicto.
1120 3440 1175 3496 Si
1227 3439 1409 3495 nullus
1445 3455 1578 3511 ergo
1620 3438 1756 3495 liber
1792 3455 1824 3495 a
1870 3454 2034 3509 noxa,

431 3541 614 3597 nullus
636 3547 719 3593 est
745 3543 988 3601 sanctus,
1021 3542 1077 3589 et
1123 3548 1460 3603 consequens
1501 3542 1583 3588 est
1628 3541 1689 3588 ut
1738 3533 1906 3589 homo
1945 3534 2033 3591 cui

430 3635 696 3695 sanctitas
734 3635 909 3701 deest,
949 3630 1340 3704 mysteriorum
1375 3629 1575 3685 Christi
1607 3630 1875 3701 particeps
1915 3645 2035 3688 esse

428 3746 543 3788 non
570 3729 759 3803 possit,
792 3734 847 3784 et
883 3742 1114 3800 regnum
1152 3725 1317 3780 etiam
1352 3725 1618 3781 caelorum
1657 3740 1878 3797 sperare
1916 3741 2029 3782 non

427 3823 642 3892 debeat,
662 3821 811 3895 quod
838 3820 968 3878 solis
996 3819 1198 3877 sanctis
1220 3819 1496 3875 Dominus
1521 3818 1825 3890 pollicetur.

1032 3913 1274 3968 CAPUT
1318 3913 1422 3965 IX.

427 4010 715 4081 Responsio
734 4006 880 4081 quod
915 4005 1077 4061 multi
1100 4005 1279 4081 sancti
1300 4019 1407 4081 esse
1417 4005 1650 4081 possint,
1677 4020 1825 4061 nemo
1852 4009 2028 4063 tamen

777 4080 980 4149 absque
1011 4080 1229 4147 peccato
1268 4077 1378 4129 nisi
1407 4076 1667 4131 Christus.

494 4174 747 4232 Theonas
787 4173 1037 4229 :Multos
1076 4168 1300 4243 quidem
1343 4184 1460 4224 esse
1504 4176 1721 4225 sanctos
1751 4186 1815 4226 ac
1846 4170 2027 4243 justos

2143 3393 2271 3433 cum
2316 3379 2568 3435 universa
2611 3379 2788 3436 carnis
2828 3378 3120 3453 fragilitate
3164 3378 3499 3452 suscipiens,
3542 3376 3737 3435 nullius

2141 3478 2224 3527 est
2255 3486 2524 3545 umquam
2549 3471 2727 3529 sordis
2757 3473 3061 3529 maculatus
3094 3478 3325 3531 attactu.

2760 3604 3006 3663 CAPUT
3057 3606 3133 3661 X.

2140 3714 2292 3782 Quod
2333 3715 2477 3771 solus
2512 3717 2684 3773 Filius
2723 3717 2824 3771 Dei
2877 3715 3076 3785 absque
3117 3714 3226 3769 ullo
3275 3713 3488 3786 peccati
3519 3712 3733 3769 vulnere

2651 3787 2838 3841 uicerit
2865 3791 3199 3842 tentatonem.

2205 3909 2232 3945 δ
2254 3909 2519 3964 Tentatus
2562 3915 2647 3965 est
2674 3908 2819 3965 enim
2846 3909 3149 3966 secundum
3177 3904 3585 3964 similitudinem
3617 3921 3733 3964 no-

2134 3984 2316 4054 stram.
2356 3997 2539 4069 (Hebr.
2587 4000 2667 4065 iv)
2700 3996 3091 4070 gastrimargia:
3127 3996 3365 4070 primum
3406 3996 3562 4064 vitio,
3587 4004 3649 4053 ut
3683 3999 3730 4055 ei

2134 4085 2360 4144 callidus
2380 4086 2467 4141 ille
2505 4101 2756 4157 serpens,
2784 4102 2855 4145 eo
2885 4085 3078 4144 ordine
3130 4103 3242 4160 quo
3283 4086 3463 4146 Adam
3492 4094 3621 4144 ante
3642 4102 3734 4144 se.

2134 4176 2363 4234 duxerat
2382 4176 2587 4244 (Genes.
2611 4181 2723 4244 tu),
2752 4174 3004 4231 esurienti
3028 4188 3170 4230 escae
3195 4172 3470 4232 desiderio
3503 4190 3736 4233 conare—

1524 4268 1777 4324 ALARDI
1814 4271 2041 4332 GAZzEl
2079 4273 2637 4333 COMMENTARIUS.

422 4361 615 4419 Pr0bet
644 4361 874 4428 seipsum
899 4359 1069 4411 homo.
1098 4356 1471 4411 Ecclesiastica
1500 4361 1680 4411 autem
1707 4362 2024 4417 consuetudo

422 4432 668 4489 declarat
690 4444 807 4482 eam
834 4429 1208 4498 probationem
1228 4429 1580 4481 necessariam
1598 4442 1728 4490 esse,
1760 4435 1822 4483 ut
1840 4432 2023 4487 nullus

420 4503 532 4558 sibi
555 4502 792 4554 conscius
815 4498 1059 4551 mortalis
1081 4500 1285 4566 peccati
1299 4539 1314 4559 ,
1341 4500 1686 4566 quantumvis
1704 4500 1815 4553 sibi
1832 4506 2024 4556 contri-

422 4577 509 4631 tus
536 4571 808 4632 videatur,
835 4569 1034 4638 absque
1047 4569 1329 4637 praemissa
1338 4569 1730 4624 Sacramentali
1740 4573 2022 4637 confessio-

418 4661 505 4712 ne,
526 4644 601 4698 ad
616 4658 827 4697 sacram
855 4640 1259 4696 Eucharistiam
1286 4638 1527 4712 accedere
1560 4639 1785 4712 debeat:
1810 4643 1952 4710 quod
1983 4660 2019 4700 a

418 4710 744 4773 Christianis
771 4712 1036 4779 omnibus,
1057 4713 1219 4765 etiam
1243 4711 1312 4765 ab
1331 4712 1400 4764 iis
1411 4710 1794 4779 sacerdotibus,
1822 4715 2015 4782 quibus

417 4803 487 4843 ea:
504 4788 670 4855 officio
689 4785 988 4839 incubuerit
1003 4774 1282 4855 celebrare,
1310 4783 1420 4835 hac
1445 4785 1626 4855 sancta
1644 4774 1876 4855 synodus
1898 4801 2016 4855 per.
2045 4774 2097 4837 D

411 4852 575 4928 petua
603 4857 926 4911 servandum
962 4870 1101 4928 esse
1117 4853 1384 4928 decrevit,
1409 4852 1564 4907 modo
1590 4869 1696 4907 non
1734 4854 1873 4910 desit
1898 4852 2012 4913 illis

516 4931 571 4979 ia
584 4928 923 4991 confessoris.
950 4924 1102 4989 Quod
1118 4926 1169 4978 si
1190 4927 1494 4979 necessitate
1516 4930 1738 4993 urgente
1763 4928 2012 4984 sacerdos

416 4996 618 5067 absque
640 4999 849 5064 prmia
868 4998 1194 5068 confessione
1221 4996 1578 5068 celebraverit,
1611 5001 2011 5068 quamprimum

414 5064 751 5140 confiteatur.
770 5067 989 5140 Rursus
1020 5067 1076 5119 in
1102 5064 1325 5140 decreto
1341 5065 1418 5140 de
1437 5064 1788 5124 observandis
1816 5077 1871 5123 et
1896 5070 2011 5124 evi-

413 5135 593 5197 tandis
617 5139 672 5194 in
704 5135 1060 5194 celebratione
1112 5136 1294 5193 Missae
1333 5136 1482 5205 (Sess.
1526 5142 1698 5207 χχιι)
1728 5160 1739 5193 :
1774 5141 2006 5206 Quanta,

411 5212 679 5286 inquiunt,
708 5225 840 5267 cura
881 5208 1190 5286 adhibenda
1214 5211 1289 5263 sit
1313 5213 1378 5286 _ut
1401 5216 1794 5286 sacrosanctum
1835 5214 2012 5286 Missa:

407 5281 728 5356 sacriﬁcium
768 5281 918 5338 omni
942 5282 1216 5356 religionis
1240 5281 1387 5335 cultu
1430 5296 1493 5334 ac
1524 5285 1857 5356 veneratione
1881 5284 2008 5338 cele-

412 5354 617 5427 bretur,
649 5356 828 5427 quivis
856 5354 1023 5421 facile
1044 5355 1360 5427 existimare
1373 5356 1593 5427 poterit,
1630 5355 1728 5427 qui
1750 5356 2011 5427 cogitarit

407 5425 751 5483 maledictum
765 5429 825 5481 in
848 5427 1015 5480 sacris
1036 5426 1231 5479 litteris
1244 5439 1368 5478 eum
1393 5425 1701 5496 vocariiqui
1726 5426 1865 5491 facit
1874 5442 2005 5496 opus

407 5499 510 5552 Dei
545 5501 866 5567 negligenter
910 5500 1120 5562 (Jerem.
1166 5503 1403 5555 XLVIII).
1446 5495 1598 5562 Quod
1620 5498 1670 5550 si
1712 5495 2006 5553 necessario

403 5568 646 5635 fatemur
662 5571 872 5623 nullum
906 5569 1062 5624 aliud
1086 5583 1218 5638 opus
1244 5567 1375 5622 adeo
1407 5573 1651 5622 sanctum
1679 5584 1741 5623 ac
1758 5569 2004 5625 divinum

405 5652 441 5694 a
469 5638 925 5705 Christiﬁdelibus
946 5642 1173 5693 tractari
1191 5654 1366 5710 posse,
1396 5655 1559 5709 quam
1583 5641 1677 5693 hoc
1700 5642 1877 5709 ipsum
1900 5646 2006 5696 tre-

401 5710 655 5765 mendum
684 5713 1016 5782 mysterium,
1054 5726 1160 5777 quo
1186 5713 1394 5779 cieiﬁca
1432 5712 1530 5764 illa
1562 5712 1732 5764 hostia
1762 5728 1871 5782 qua
1899 5716 2003 5766 Deo

403 5783 563 5837 Patri
572 5779 900 5835 reconciliati
910 5793 1091 5832 sumus
1110 5782 1168 5833 in
1192 5782 1363 5832 altari
1373 5796 1474 5849 per
1500 5779 1795 5835 sacerdotes
1819 5784 2001 5850 quoti-

404 5851 493 5921 die
521 5851 853 5913 immolatur,
875 5850 1007 5900 satis
1035 5851 1194 5921 etiam
1216 5855 1441 5917 apparet
1475 5866 1686 5903 omnem
1708 5867 1924 5921 operam
1951 5858 2009 5909 et

2130 4366 2253 4433 ﬁeri
2259 4366 2442 4434 potest
2456 4363 2709 4417 interiori
2724 4362 2899 4417 cordis
2923 4363 3194 4419 mditia
3215 4367 3269 4419 et
3282 4366 3543 4434 puritate,
3565 4367 3731 4434 atque

2132 4432 2391 4489 exteriori
2411 4433 2702 4488 devotionis
2717 4437 3184 4504 acpietatuspecie
3192 4432 3502 4504 peragatur.
3518 4434 3609 4490 Ha:
3625 4432 3720 4488 ibi.

2130 4506 2301 4560 Porro
2345 4505 2626 4575 antiquam
2670 4503 2810 4559 hanc
2856 4504 3026 4560 fuisse
3041 4503 3444 4561 ’observatione
3496 4504 3722 4575 demon—

2131 4582 2270 4656 _s_t_rat
2292 4574 2456 4656 etiam
2480 4574 2557 4656 id
2572 4574 2721 4656 quod
2742 4590 2808 4656 ea
2833 4578 3138 4656 Soaomeno
3165 4584 3355 4656 narrat
3371 4574 3723 4656 Cassiodorus

2127 4646 2222 4717 lib.
2252 4660 2366 4701 vni
2389 4646 2524 4717 hist.
2544 4646 2745 4717 trip._c.
2762 4649 2816 4717 Al.
2841 4650 2906 4701 de
2922 4647 3192 4703 Dioscoro
3212 4655 3268 4702 et
3286 4647 3509 4717 Eulogio
3525 4660 3719 4717 mona-

2125 4716 2244 4773 chis
2271 4714 2482 4788 Egypti
2509 4714 2879 4773 sacerdotibus
2899 4718 3265 4773 sanctissimis
3290 4737 3303 4772 :
3325 4714 3610 4788 Dioscorus.
3630 4714 3714 4770 in-

2124 4788 2260 4858 quit,
2272 4787 2378 4842 non
2386 4788 2620 4857 amplius
2637 4792 2845 4843 centum
2856 4790 3130 4844 monachis
3137 4787 3463 4860 praesidebat
3475 4788 3713 4853 Quicum

2114 4860 2397 4929 presbyter
2419 4864 2577 4922 esset,
2596 4861 2862 4929 sacriﬁcia
2878 4862 3088 4926 faciens
3114 4875 3316 4915 cautem
3340 4859 3719 4929 perfectionem

2118 4931 2409 4985 adhibebat
2431 4930 2788 4985 examinanda
2822 4933 2874 4984 et
2891 4931 3177 5001 diligenter
3207 4930 3561 5000 dijudicando
3579 4943 3718 4985 acce-

2118 5002 2301 5057 dentes
2327 5001 2401 5073 ad
2426 5017 2584 5056 sacra
2607 5003 2879 5069 mysteria,
2904 5004 2987 5057 ita
3021 5008 3084 5057 ut
3113 5005 3402 5073 captarent
3426 5004 3717 5073 mentemst

2115 5074 2254 5142 mali
2284 5072 2585 5142 cujuspiam
2610 5074 2984 5128 conscientiam
3013 5089 3123 5129 non
3151 5069 3433 5127 haberent.
3467 5074 3535 5127 Et
3570 5069 3714 5127 addit

2114 5141 2451 5215 deiEulogio’
2480 5160 2494 5197 :
2525 5143 2780 5212 Eulogius
2803 5144 3083 5215 presbyter
3123 5144 3706 5215 fertur

2113 5214 2766 5284 habuisse’cogitationum
2796 5214 3149 5285 quorumlibet
3171 5216 3247 5269 ad
3274 5214 3343 5270 se
3362 5214 3716 5279 uenientium,

2114 5301 2398 5356 eorumque
2432 5286 2626 5340 delicta
2651 5286 2839 5355 palam
2867 5286 3246 5356 redarguebat,
3276 5291 3329 5341 et
3374 5298 3714 5355 qumque

2119 5358 2346 5412 latenter
2357 5359 2674 5425 cogitassent
2686 5358 2794 5412 sibi
2811 5360 3045 5413 revelata
3060 5358 3471 5424 manifestabat.
3487 5357 3591 5422 Qui
3596 5368 3712 5409 vero

2115 5428 2477 5500 aliquid‘mali
2496 5430 2803 5500 gessissent,
2837 5430 2920 5483 uel
2950 5444 3180 5500 prauum
3195 5429 3481 5483 consilium
3506 5426 3715 5481 habuis-

2112 5504 2249 5566 sent,
2280 5498 2349 5553 ab
2369 5498 2537 5552 altari
2559 5499 2936 5568 suspendebat,
2950 5498 3323 5567 manifestans
3348 5502 3425 5555 eis
3444 5504 3713 5569 peccem

2110 5572 2254 5697 (ἔιωὰ
2266 5574 2500 5697 e%erant,
2515 5574 2568 5625 et
2591 5567 2878 5639 diligentia
2887 5577 3153 5642 purgatos
3164 5585 3354 5626 mersus
3372 5567 3711 5638 sIIspriebat.

2169 5657 2249 5697 nec
2288 5659 2301 5696 I
2343 5658 2379 5697 I.

2169 5657 2249 5698 ωε
2288 5657 2379 5697 lDl.

2181 5723 2206 5749 ι
2230 5714 2369 5769 Vide
2400 5714 2451 5769 in
2490 5712 2628 5768 hanc
2653 5712 2986 5770 sententiam
3029 5720 3221 5769 notata
3260 5711 3456 5768 Collat.
3489 5716 3549 5777 5,
3576 5724 3629 5765 c.
3657 5714 3712 5763 5.

2179 5785 2206 5821 δ
2237 5787 2320 5840 De
2357 5784 2551 5841 Christi
2581 5785 2968 5842 tentationibus
3006 5784 3198 5842 eodem
3228 5783 3398 5839 modo
3427 5789 3484 5836 et
3514 5779 3713 5837 iisdem

2109 5853 2222 5910 fere
2249 5855 2426 5912 verbis
2453 5854 2703 5911 disseruit
2718 5855 2889 5928 abbas
2922 5856 3184 5928 Serapion
3216 5855 3404 5928 collat.
3428 5857 3465 5909 5
3495 5867 3618 5925 cap.
3652 5856 3708 5916 6,

404 5919 745 5990 diligentiam
772 5925 830 5974 in
854 5933 911 5975 eo
927 5918 1235 5989 permittam
1255 5933 1382 5985 esse,
1413 5925 1494 5988 ut,
1524 5918 2000 5990 quanta‘maa'ima
2107 5940 2276 5998 quare
2308 5942 2765 6001 supervacaneum
2808 5926 2971 5985 fuerit
3008 5918 3164 6001 plura
3209 5926 3275 5985 de
3306 5924 3394 5981 his
3409 5918 3705 5982 antistare.
