4040 6194
389 171 523 228 1233

1189 165 1528 224 COLLATIO
1567 168 1726 224 XXII.
1764 197 1836 208 —
1873 167 1965 224 DE
1999 163 2390 224 NOCTURNIS
2425 165 2906 224 ILLUSIONIBUS.

3571 167 3594 220 1
3603 164 3709 223 234

381 301 474 352 tur
506 291 732 350 illudere
755 308 770 346 :
794 292 856 364 si
879 293 1073 364 Filius,
1100 290 1379 363 inquiens,
1425 293 1523 348 Dei
1543 307 1620 356 es,
1645 291 1734 348 dic
1761 296 1824 348 ut
1847 293 1984 365 lapi-
2022 295 2076 359 Α
2102 299 2186 350 est
2211 291 2517 350 secundum
2552 290 2970 349 similitudinem
2997 297 3268 361 nostram,
3296 301 3426 346 cum
3451 285 3708 346 verbera-

385 389 478 445 des
511 389 611 444 isti
626 401 797 458 panes
812 390 948 458 ﬁant
967 387 1180 454 (Matth.
1212 385 1320 458 ιν).
1351 384 1458 442 Sed
1483 385 1698 443 nullum
1725 385 1992 458 recipiens

384 496 450 539 ex
470 479 573 537 hac
596 480 899 538 tentatione
926 487 1232 553 peccatum,
1273 495 1404 536 cum
1426 479 1474 536 ei
1505 479 1734 537 facultas
1765 479 1988 537 indubi-

383 581 499 631 tata
526 581 857 647 suppeteret,
899 572 1108 647 respuit
1134 573 1323 631 cibum
1347 585 1527 646 'quem
1570 576 1623 632 ei
1651 574 1990 649 deceptionis

385 665 580 724 artifex
621 665 919 740 ingerebat,
966 664 1156 726 dicens
1202 685 1216 723 :
1257 667 1379 726 Non
1417 668 1478 721 in
1525 669 1634 724 solo
1673 684 1816 739 pane
1851 671 1991 724 uiuit

385 762 556 828 homo,
589 760 684 816 sed
721 761 783 816 in
823 761 972 817 omni
1012 761 1166 817 uerbo
1197 759 1344 832 quod
1375 761 1619 834 procedit
1657 763 1724 819 de
1764 778 1856 818 ore
1890 765 1994 820 Dei

387 851 560 923 (Deut.
582 851 738 920 vm).
768 855 1035 911 Tentatus
1053 861 1140 910 est
1161 854 1326 911 etiam
1353 853 1657 912 cenodoxia
1679 854 1989 913 secundum

382 943 798 1004 similitudinem
821 955 1094 1017 nostram,
1115 963 1244 1005 cum
1267 947 1318 1006 ei
1341 948 1662 1007 dictumvest
1691 967 1706 1004 :
1733 951 1797 1007 Si
1813 951 1986 1006 Filius

381 1042 482 1096 Dei
497 1053 574 1106 es,
592 1041 746 1096 mitte
769 1044 820 1096 te
842 1042 1091 1098 deorsum
1115 1041 1327 1114 (Matth.
1355 1045 1464 1112 ιν).
1491 1043 1600 1101 Sed
1619 1041 1847 1102 subdola
1869 1040 1985 1099 dia-

381 1133 492 1191 boli
529 1134 878 1208 suggestione
904 1143 1096 1208 captus
1132 1151 1244 1194 non
1271 1144 1378 1206 est,
1415 1145 1472 1194 et
1503 1136 1856 1194 vanissimum
1895 1151 1986 1192 se-

380 1224 667 1283 ductorem
694 1227 864 1284 etiam
897 1227 1310 1300 Scripturarum
1338 1229 1647 1303 objectione
1669 1227 1982 1300 confutans,

379 1320 498 1378 Non
523 1321 772 1386 tentabis,
797 1320 994 1394 inquit,
1012 1325 1298 1380 Dominum
1317 1327 1485 1380 Deum
1501 1327 1655 1378 tuum
1679 1325 1855 1389 (Deut.
1875 1325 1980 1390 γι).

377 1412 639 1470 Tentatus
657 1423 742 1470 est
764 1415 931 1471 etiam
957 1423 1174 1472 tumore
1200 1414 1469 1488 superbiat
1499 1413 1802 1472 secundum
1825 1413 1986 1470 simi-

377 1504 669 1564 litudinem
692 1516 962 1578 nostram,
985 1524 1116 1566 cum
1139 1509 1187 1566 ei
1211 1525 1246 1566 a
1273 1509 1498 1566 diabolo
1530 1507 1987 1582 promitterentur

375 1599 557 1654 omnia
580 1615 746 1672 regna
773 1601 968 1658 mundi
992 1607 1050 1657 et
1074 1601 1248 1675 gloria
1275 1617 1491 1670 eorum,
1521 1601 1618 1658 sed
1641 1601 1797 1658 irrisa
1821 1609 1986 1674 atque

2101 393 2191 442 tus
2210 385 2416 461 ﬂagris,
2436 401 2564 443 cum
2589 386 2784 458 palmis
2802 399 2992 452 caesus,
3013 399 3142 442 cum
3167 391 3456 458 sputorum
3473 381 3707 440 horrore

2098 493 2378 552 respersus
2411 485 2514 546 est,
2551 494 2682 536 cum
2710 477 2783 534 ad
2805 485 3114 534 extremum
3154 475 3378 550 pertulit
3401 475 3579 532 crucis
3606 490 3702 532 ex-

2097 572 2288 644 quisita
2320 571 2586 645 supplicia
2612 571 2834 644 (Matth.
2871 571 3085 643 xxvr);
3115 569 3212 627 sed
3231 570 3398 627 nullis
3432 584 3703 642 umquam

2097 683 2210 724 non
2245 666 2423 724 dicam
2450 666 2820 732 contumeliis,
2859 680 3054 722 verum
3081 680 3152 722 ne
3179 664 3453 736 suppliciis
3476 663 3704 736 quidem

2095 761 2165 819 ad
2207 770 2486 820 tumorem
2530 761 2612 818 vel
2660 759 2946 818 levissima
2989 757 3382 831 indignationis
3431 757 3698 828 impulsus

2095 863 2201 923 est,
2234 855 2362 928 quia
2392 854 2449 911 in
2473 854 2720 928 patibulo
2752 853 3082 912 constitutus
3110 847 3696 922 misericorditerpro—

2093 947 2346 1006 clamavit
2395 969 2410 1006 :
2449 953 2632 1020 Pater,
2679 952 2887 1020 ignosce
2913 950 3012 1016 eis,
3039 962 3148 1003 non
3188 946 3332 1002 enim
3359 945 3534 1001 sciunt
3564 943 3700 1014 quid

2091 1041 2306 1107 faciunt
2329 1044 2476 1108 (Luc.
2508 1041 2724 1114 χχιιι).

2267 1177 2273 1183 ι
2713 1141 2955 1197 CAPUT
2989 1141 3097 1196 XI.

2165 1235 2318 1304 Quod
2346 1235 2406 1292 in
2433 1236 2998 1365 similitudinghﬁkrnhiss
3016 1236 3228 1306 peccati
3251 1233 3397 1290 solus
3421 1235 3627 1290 uenerit

2826 1322 3022 1362 ustus.

2162 1409 2642 1480 Quemadmodum
2695 1425 2824 1468 vero
2873 1417 2932 1466 et
2979 1408 3115 1466 illud
3161 1408 3482 1482 accipietur,
3543 1405 3697 1480 quod

2092 1519 2222 1561 eum
2263 1506 2564 1578 Apostolus
2596 1499 2625 1539 δ
2652 1505 2710 1562 ἰιι
2737 1503 3091 1562 similitudine
3132 1504 3314 1560 carnis
3353 1501 3558 1575 peccati
3598 1515 3694 1558 ve—

2091 1598 2236 1654 nisse
2269 1606 2673 1656 commemorat
2711 1601 2886 1667 (llam.
2924 1601 3083 1668 vm),
3115 1597 3164 1654 si
3206 1596 3378 1652 etiam
3415 1609 3518 1652 nos
3544 1593 3694 1650 nulla

377 1689 660 1764 obiurgata
677 1699 762 1748 est
779 1691 1025 1764 nequitia
1046 1693 1353 1750 tentatoris.
1382 1693 1692 1766 Respondit
1717 1692 1863 1750 enim
1890 1693 1977 1750 ei:
2005 1687 2056 1752 B
2088 1693 2290 1764 peccati
2340 1693 2462 1751 labe
2507 1694 2772 1767 pollutam
2823 1693 3024 1750 habere
3083 1705 3376 1764 possumus
3435 1691 3693 1746 carnem?

383 1784 532 1841 Vade
558 1789 720 1855 retro,
752 1787 988 1844 Satanas
1015 1785 1237 1860 (Matth.
1275 1773 1397 1860 1v};
1418 1790 1678 1860 scriptum
1695 1791 1774 1845 est
1798 1789 1941 1844 enim
1966 1793 1984 1830 ε

371 1881 656 1936 Dominum
688 1884 856 1938 Deum
895 1885 1049 1938 tuum
1075 1881 1332 1937 adorabis
1349 1923 1365 1952 ,
1410 1885 1462 1937 et
1503 1883 1590 1936 illi
1635 1881 1739 1938 soli
1782 1884 1978 1939 senties

372 1971 550 2043 (Deut.
580 1977 689 2041 vx).
721 1974 824 2030 His
848 1981 1040 2034 autem
1065 1973 1390 2032 testimoniis
1413 1973 1704 2032 edocemur
1735 1983 1800 2032 ut
1820 1975 1976 2033 frau-

371 2062 612 2122 dulentis
637 2075 665 2102 ι
689 2066 1130 2140 suggestionibus
1163 2067 1368 2126 inimici
1391 2083 1497 2126 nos
1523 2083 1746 2143 quoque
1778 2069 1972 2126 simili-

371 2166 458 2216 ter
503 2160 827 2218 auctoritate
875 2162 1281 2234 Scripturarum
1331 2162 1630 2220 debeamus
1685 2163 1970 2221 obsistere.

370 2255 618 2312 Rursum
648 2261 893 2314 tentatus
927 2263 1011 2314 est
1036 2255 1291 2329 superbia
1323 2255 1622 2314 secundum
1661 2255 1975 2314 similitudi-

369 2361 497 2403 nem
532 2355 802 2419 nostram,
840 2357 905 2406 ut
941 2348 1088 2406 idem
1131 2349 1452 2408 insidiarum
1488 2348 1678 2408 artifex
1717 2365 1970 2424 regnum,

369 2439 516 2512 quod
545 2439 614 2498 ab
643 2441 762 2514 ipso
805 2443 1052 2501 oblatum
1079 2451 1208 2502 ante
1235 2451 1534 2517 respueret,
1579 2459 1676 2518 per
1714 2443 1972 2502 homines

367 2531 419 2589 ei
453 2533 747 2593 moliretur
779 2536 1060 2610 ingerere;
1103 2537 1207 2595 sed
1242 2537 1447 2610 absque
1487 2545 1712 2610 peccato
1751 2537 1972 2595 insidias

367 2628 630 2684 tentantis
649 2627 834 2686 irrisit.
861 2632 994 2690 Cum
1011 2633 1153 2688 enim
1179 2633 1506 2702 cognouisset
1519 2634 1670 2688 Jesus
1685 2631 1832 2703 quod
1845 2647 1972 2688 oen-

365 2723 481 2776 turi
499 2727 672 2779 essent
687 2728 752 2780 ut
767 2729 1018 2796 raperent
1037 2741 1159 2781 eum
1186 2731 1240 2782 et
1263 2727 1506 2800 facerent
1525 2742 1648 2782 eum
1666 2742 1864 2797 regem,
1885 2727 1971 2795 fu-

362 2814 444 2880 git
471 2815 670 2872 iterum
702 2819 763 2873 in
783 2821 1017 2875 montem
1036 2819 1152 2890 ipse
1178 2819 1321 2874 solus
1351 2821 1529 2886 (Joan.
1558 2819 1669 2889 γι).
1703 2821 1968 2876 Tentatus

2093 1788 2239 1843 Nam
2263 1793 2321 1844 et
2347 1786 2455 1843 hoc
2475 1785 2544 1844 de
2568 1786 2662 1844 illo
2683 1786 2778 1860 qui
2805 1786 2956 1844 solus
2979 1793 3066 1843 est
3080 1785 3286 1858 absque
3312 1790 3535 1856 peccato
3554 1789 3694 1836 tam-

2086 1896 2253 1954 quam
2279 1880 2552 1954 singulare
2577 1889 2950 1938 memoratur:
2981 1883 3137 1939 Hisit
3159 1883 3300 1938 Deus
3316 1879 3516 1934 Filium
3534 1890 3693 1932 suum

2085 1981 2146 2032 in
2171 1977 2587 2034 similitudinem
2610 1977 2790 2031 carnis
2812 1977 3022 2048 peccati
3047 1974 3256 2043 (Galat.
3287 1973 3408 2042 Iv);
3445 1969 3577 2044 quia
3599 1983 3693 2026 ve-

2083 2087 2205 2128 ram
2239 2077 2400 2142 atque
2443 2069 2712 2142 integram
2759 2067 3065 2140 suscipiens
3101 2065 3463 2124 substantiam
3509 2063 3690 2120 carnis

2082 2163 2359 2234 humanae,
2383 2177 2500 2219 non
2528 2161 2707 2234 ipsum
2731 2167 3018 2233 peccatum
3047 2159 3106 2216 in
3131 2175 3218 2228 ea,
3251 2159 3348 2216 sed
3365 2155 3690 2216 similitudi-

2081 2271 2212 2314 nem
2268 2256 2467 2329 peccati
2515 2254 2817 2326 uscepisse
2863 2249 3172 2310 credendus
3215 2259 3317 2308 est.
3377 2247 3686 2308 Similitudo

2081 2351 2234 2408 enim
2262 2365 2375 2407 non
2410 2347 2482 2406 ad
2517 2347 2698 2406 carnis
2731 2347 3038 2414 veritatem,
3073 2354 3096 2382 ο
3120 2343 3426 2403 secundum
3457 2357 3686 2416 pravum

2081 2443 2454 2517 quorumdam
2501 2431 2886 2500 hatréticorum
2928 2453 3172 2506 sensum,
3219 2437 3318 2492 sed
3367 2435 3438 2492 ad
3475 2435 3684 2506 peccati

2080 2544 2163 2594 est
2186 2535 2479 2608 imaginem
2507 2531 2815 2592 referenda.
2848 2534 2980 2589 Erat
3004 2529 3155 2587 enim
3183 2529 3240 2586 in
3263 2529 3384 2601 ipso
3411 2542 3536 2585 vera
3555 2527 3686 2602 qui—

2077 2628 2210 2687 dem
2246 2645 2397 2699 caro,
2438 2627 2535 2686 sed
2561 2627 2769 2700 absque
2804 2633 3052 2698 peccato,
3093 2623 3287 2680 similis
3327 2621 3526 2680 scilicet
3551 2635 3684 2693 pec-

2079 2723 2280 2782 catrici.
2315 2721 2456 2780 illud
2490 2720 2760 2794 siquidem
2794 2719 2866 2777 ad
2892 2719 3148 2776 humanae
3169 2717 3488 2774 substantiae
3515 2715 3684 2788 perti-

2075 2825 2172 2876 net
2198 2816 2502 2886 veritatem,
2539 2816 2648 2874 hoc
2687 2830 2816 2873 vero
2856 2814 2932 2873 ad
2959 2814 3088 2872 vitia
3115 2811 3352 2870 refertur
3379 2819 3436 2868 et
3460 2826 3670 2870 mores.
3697 2801 3704 2808 ’

1463 2969 1722 3022 ALARDI
1757 2969 1986 3025 ΕΑΖᾸΞΙ
2023 2967 2580 3027 COMMENTARIUS.

435 3101 462 3128 ³
497 3090 975 3167 Quemadmodum
1009 3093 1258 3150 Salvator
1299 3101 1717 3167 nosterpmnes
1753 3094 1956 3167 diaboli
1991 3103 2036 3167 C

359 3161 1128 3237 tentationes__Scripturarum
1165 3179 1262 3220 seu
1291 3165 1448 3237 verbi
1484 3165 1654 3237 divini
1699 3163 1958 3237 praesidio

361 3180 690 3220 mutationes
721 3180 1128 3288 scripturarum
1165 3180 1262 3220 seu
1302 3180 1448 3220 verm
1484 3180 1654 3220 alvum
1699 3180 1958 3237 praesidio

361 3232 574 3318 disiecit
593 3249 658 3290 ac
685 3233 842 3318 dispu
867 3235 930 3318 it,
959 3234 1375 3318 itaJApostplus
1413 3234 1661 3318 Ephesiis
1685 3237 1962 3318 consuluii

360 3311 424 3360 ut
448 3305 644 3362 eodem
667 3305 857 3362 contra
885 3305 1210 3362 tentationes
1231 3305 1500 3362 daemonis
1533 3314 1817 3362 uterentur
1847 3326 1860 3361 :
1887 3311 1962 3364 Et

358 3377 589 3450 galeam,
606 3377 868 3450 inquiens,
887 3379 1082 3434 salutis
1097 3379 1370 3447 assumite,
1389 3383 1440 3433 et
1451 3378 1696 3450 gladium
1707 3379 1958 3450 spfudtus,

397 3447 504 3520 uad
536 3451 614 3504 est
643 3448 858 3520 verbum
893 3451 1010 3504 Dei.
1053 3447 1749 3520 Resisteretentationibus,
1786 3449 1962 3520 inquit

360 3462 504 3573 %uoa
536 3462 614 3504 est
643 3462 858 3504 verbum
893 3462 1010 3504 Dei.
1053 3462 1317 3506 uesistere
1343 3462 1749 3513 tentatwnious,
1786 3462 1955 3520 inquit

412 3557 427 3574 .
447 3517 761 3592 ﬁregorius
783 3518 915 3592 (xxx
936 3521 1125 3578 Moral.
1147 3535 1193 3574 c.
1220 3518 1368 3592 ult.),
1387 3522 1600 3575 omnino
1614 3535 1719 3574 non
1741 3521 1955 3592 sufﬁcit,

358 3590 458 3658 qui
481 3589 622 3645 hunc
646 3589 799 3646 verbi
822 3594 922 3648 Dei
944 3595 1117 3648 tenere
1141 3591 1385 3661 gladium
1401 3593 1542 3646 male
1566 3591 1790 3646 vivendo
1809 3595 1958 3661 post-

349 3662 526 3736 ponit.
561 3663 712 3736 Et_S.
741 3661 1196 3736 Hieronymusad
1223 3661 1582 3736 Eustochium
1603 3664 1799 3736 (Epist.
1823 3666 1953 3736 2}):

353 3731 571 3794 Statim,
595 3731 692 3798 ait,
713 3738 776 3788 ut
799 3731 971 3788 libido
989 3735 1300 3789 titillaverit
1321 3748 1553 3796 sensum,
1578 3731 1683 3787 aut
1694 3732 1958 3788 blandum

355 3803 649 3872 voluptatis
665 3804 968 3859 incendium
985 3803 1134 3859 dulci
1148 3819 1240 3860 nos
1253 3805 1426 3875 calore
1433 3804 1766 3875 perfuderit,
1783 3819 1957 3858 erum-

349 3887 544 3941 pamus
562 3875 620 3925 in
630 3887 804 3927 uocem
827 3889 848 3926 .·
866 3875 1126 3927 Dominus
1139 3874 1442 3930 auxiliator
1451 3889 1618 3936 meus,
1637 3889 1745 3928 non
1765 3875 1955 3931 timebo

354 3942 488 4011 quid
513 3943 692 4013 faciat
715 3942 854 4013 mihi
877 3957 1000 4013 caro
1021 3942 1191 4013 (Psal.
1217 3945 1430 4013 cxvn).
1459 3942 1548 4013 Sic
1567 3943 1624 3998 S.
1661 3943 1952 4012 Antonius,

352 4010 504 4084 teste
517 4011 837 4084 Athanasio,
865 4010 1184 4084 daemonum
1214 4010 1605 4084 tentationibus
1631 4010 1958 4084 opponebat

353 4081 506 4155 quasi
541 4083 714 4155 telum
731 4081 889 4155 illum
926 4083 1250 4155 versiculum
1275 4081 1739 4155 Psalmographi‘f
1766 4087 1951 4140 Domi-

351 4152 452 4209 nus
484 4153 624 4208 mihi
645 4152 882 4223 adjutor,
911 4169 1016 4210 non
1041 4154 1234 4210 timebo
1264 4154 1401 4224 quid
1421 4152 1754 4222 faciat’mihi
1777 4156 1950 4211 homo.

350 4225 611 4280 Dominus
638 4225 776 4279 mihi
797 4224 1015 4294 adjutor
1041 4229 1091 4281 et
1117 4239 1213 4294 ego
1235 4225 1525 4294 despiciam
1545 4226 1786 4280 inimicos
1811 4241 1952 4282 meos

353 4295 518 4366 (Psal.
547 4294 763 4368 van),
787 4297 860 4352 Et
893 4295 1048 4350 illum
1088 4315 1102 4352 :
1128 4299 1410 4368 Ensurgai
1429 4298 1592 4365 Deus,
1615 4300 1668 4352 et
1691 4295 1954 4368 dissipen-

351 4370 446 4437 tur
469 4368 678 4422 inimici
714 4367 848 4437 ejus,
863 4370 925 4437 et
950 4369 1173 4436 fugiant
1199 4369 1296 4437 qui
1329 4367 1554 4422 oderunt
1599 4383 1719 4422 eum
1742 4383 1784 4423 a
1813 4367 1954 4435 facie

350 4435 494 4509 eiust
517 4435 762 4509 Denique
787 4436 957 4494 abbas
979 4435 1132 4509 isaac
1159 4435 1336 4494 collat.
1379 4439 1444 4492 10
1471 4439 1619 4509 (Cap.
1651 4437 1760 4508 10),
1789 4438 1952 4496 docet

351 4505 691 4562 versiculum
711 4506 863 4579 illum
893 4506 1085 4579 psalmi
1111 4524 1255 4565 Lxrx
1286 4529 1300 4564 :
1326 4505 1490 4577 Deus,
1521 4505 1582 4564 in
1607 4505 1949 4579 adjutorium

349 4593 525 4633 meum
553 4577 801 4649 intende;
831 4577 1072 4649 Domine,
1112 4579 1187 4633 ad
1215 4579 1589 4649 adiuvandum
1616 4577 1700 4636 me
1725 4581 1947 4648 festina,

348 4663 467 4706 esse
495 4648 936 4722 potentissimum
967 4647 1664 4722 adrexpugnandasomnes
1685 4647 1949 4706 tentatio-F

346 4733 443 4774 nes
464 4719 788 4791 remedium.
812 4720 984 4777 Habet
1009 4719 1300 4791 siquidem,
1323 4720 1516 4791 inquit,
1547 4722 1809 4776 adversus
1831 4724 1950 4779 uni-

347 4803 502 4843 versa
524 4790 842 4846 discrimina
863 4790 1246 4848 invocationem
1263 4793 1388 4857 Dei;
1403 4790 1565 4846 habet
1588 4792 1950 4847 humilitatem

341 4861 452 4933 pun
479 4861 851 4933 confessionis;
873 4863 1030 4918 habet
1051 4862 1434 4918 sollicitudinis
1453 4877 1514 4916 ac
1533 4864 1746 4916 timoris
1757 4877 1950 4933 perpe-

346 4930 808 5003 tuiuigilantiam;
821 4933 978 4989 habet
993 4933 1464 4989 considerationem
1471 4930 1804 5003 fragilitatis
1813 4930 1946 5003 sua,

339 5001 714 5076 emudiiiom's
727 5001 982 5076 ﬁduciam
999 5023 1015 5070 ;
1030 5005 1406 5074 conﬁdentiam
1415 5001 1700 5076 praesentis
1721 5001 1952 5075 semper;

340 5087 447 5144 que
465 5074 702 5128 astantis
723 5073 999 5144 pvrwsidii.
1027 5073 1438 5132 Hic’cersiculus"
1456 5077 1700 5132 omnibus
1726 5073 1951 5144 infesta-

343 5145 483 5216 tione
491 5144 789 5216 damonum
801 5144 1168 5202 laborantibus
1177 5148 1608 5216 inexpugnabilis
1615 5163 1801 5203 murus
1811 5151 1889 5202 est
1899 5151 1952 5204 et

1979 4474 2030 4536 D

2070 3099 2246 3154 carnis
2263 3099 2580 3167 peccatricis
2599 3097 2719 3152 vult
2734 3096 2992 3166 intelligi.
3021 3095 3234 3152 Plenius
3263 3097 3331 3150 D.
3372 3093 3618 3152 Thomas
3657 3111 3673 3149 :

2068 3169 2158 3232 (In
2191 3169 2576 3225 Commentario
2613 3169 2728 3238 ejus
2760 3169 2878 3233 loci)
2911 3187 2928 3222 :
2963 3171 3033 3238 In
3060 3167 3474 3222 similitudinem
3496 3169 3676 3222 carnis

2061 3241 2268 3306 peccati
2311 3255 2427 3319 non
2449 3247 2537 3319 _es_t
2587 3237 2665 3319 sic
2701 3237 3116 3319 inielligendum
3159 3237 3312 3319 quasi
3341 3253 3522 3319 verum
3551 3253 3675 3293 car-

2066 3322 2198 3362 nem
2225 3322 2342 3364 non
2378 3307 2648 3377 habuerit,
2681 3307 2780 3377 sed
2814 3307 2998 3377 solum
3025 3307 3209 3377 carnis
3235 3307 3673 3377 similitudinem,

2109 3377 2229 3450 uasi
2251 3376 2666 3450 phantasticam,
2685 3375 2830 3450 sicut
2847 3375 3131 3450 Manichaai
3153 3375 3374 3444 dicunt;
3401 3391 3529 3432 cum
3560 3375 3676 3450 ipse

2121 3446 2341 3503 ominus
2365 3446 2512 3503 dicat
2529 3449 2695 3504 Luem
2710 3446 2808 3504 ult.
2837 3467 2850 3504 :
2874 3449 3114 3518 Spiritus
3131 3463 3344 3502 carnem
3363 3452 3415 3503 et
3431 3461 3550 3503 ossa
3567 3446 3675 3506 non

2067 3519 2227 3574 habet
2259 3521 2396 3574 sicut
2421 3533 2505 3573 me
2529 3519 2726 3574 videtis
2755 3520 2968 3575 habere.
3006 3518 3159 3575 Unde
3185 3535 3300 3574 non
3330 3519 3510 3574 solum
3541 3518 3676 3578 dicit

2067 3591 2126 3644 in
2162 3591 2572 3646 similitudinem
2601 3591 2801 3654 carnis,
2839 3589 2935 3646 sed
2961 3593 3022 3644 in
3047 3589 3453 3646 similitudinem
3487 3595 3672 3648 carnis

2058 3663 2286 3730 peccati.
2314 3663 2438 3717 Non
2458 3663 2604 3716 enim
2624 3659 2818 3717 habuit
2833 3661 3314 3734 carnemipeccati,
3339 3662 3394 3718 id
3415 3671 3520 3734 est,
3540 3678 3670 3719 cum

2065 3740 2299 3804 peccaio
2324 3741 2645 3804 conceptam
2678 3739 2734 3786 et
2759 3738 2982 3804 peccato
3025 3732 3344 3800 obnoxiam,
3385 3732 3510 3804 quia
3537 3747 3668 3804 caro

2063 3801 2182 3874 ejus
2220 3801 2332 3860 fuit
2356 3801 2617 3872 concepta
2659 3801 2776 3874 per“
2790 3802 3056 3873 Spiritum
3093 3809 3368 3869 sanctum,
3395 3801 3489 3872 Qui
3529 3803 3672 3860 tollit

2063 3878 2364 3942 peccatum.
2397 3874 2593 3932 Matth.
2631 3887 2653 3929 ι
2682 3893 2695 3929 :
2732 3874 2886 3942 Quod
2911 3876 3054 3929 enim
3086 3875 3148 3929 in
3182 3888 3246 3928 ea
3268 3877 3455 3929 natum
3476 3879 3577 3936 est,
3599 3875 3668 3932 de

2061 3945 2272 4014 Spiritu
2311 3950 2494 4001 sancto
2522 3949 2619 4001 est.
2657 3946 2764 4002 Sed
2803 3943 2997 4002 habuit
3031 3943 3442 4000 similitudinem
3487 3945 3668 4002 carnis

2062 4015 2288 4136 geccati,
2319 4015 2377 4070 id
2413 4022 2520 4079 est,
2557 4029 2776 4069 carnem
2804 4015 3055 4076 similem
3087 4015 3234 4070 carni
3275 4014 3583 4085 peccatrici,
3610 4015 3668 4071 in

2101 4099 2168 4136 oc
2212 4083 2363 4136 auod
2397 4093 2517 4136 erat
2565 4083 2844 4136 nassibilis.
2877 4083 3018 4136 Nam
3065 4101 3194 4136 caro
3245 4083 3486 4136 hominis
3538 4093 3666 4136 ante

2101 4099 2168 4139 oc
2212 4083 2363 4154 quod
2397 4093 2529 4154 erat
2565 4083 2844 4154 passibilis.
2877 4083 3018 4140 Nam
3065 4101 3194 4140 caro
3245 4083 3486 4139 hominis
3538 4093 3666 4142 ante

2060 4152 2345 4281 picatum
2387 4152 2627 4225 passioni
2677 4153 2920 4226 subjecta
2964 4169 3079 4211 non
3133 4161 3264 4210 erat.
3319 4155 3403 4210 Ita
3440 4163 3664 4213 sanctus

2145 4239 2322 4281 ornas.

2145 4239 2322 4282 omas.

2133 4305 2154 4332 ο
2174 4295 2472 4368 Marcionis
2489 4293 2889 4368 haeresiarchaa,
2912 4302 3102 4368 contra
3115 4311 3279 4368 quem
3298 4295 3666 4368 Tertullianus

2059 4364 2202 4423 libro
2245 4366 2508 4424 adversus
2549 4382 2674 4424 eum
2715 4364 2969 4424 edito'de
3009 4364 3183 4425 Carne
3216 4367 3448 4436 Christi;
3483 4368 3662 4423 Mani-

2059 4437 2586 4512 chaeorum,_contra
2607 4454 2747 4512 quos
2783 4441 2857 4512 D.
2874 4439 3220 4512 Augustinus
3248 4438 3342 4496 lib.
3367 4438 3434 4495 de
3464 4440 3664 4496 Haere-

2058 4505 2208 4582 sibus
2229 4516 2286 4566 et
2303 4505 2688 4582 alihipassin'i;
2719 4505 3278 4582 Priscillianistarum,
3302 4517 3492 4582 contra
3521 4524 3665 4582 quos

2056 4579 2114 4662 S.
2146 4581 2286 4662 Leo
2295 4579 2542 4662 pontifex
2579 4581 2807 4662 epistola
2833 4584 2921 4662 93_.
2959 4582 3030 4662 Hi
3058 4583 3201 4662 enim
3227 4579 3476 4662 haretici
3499 4579 3662 4662 verba

2055 4649 2316 4720 Apostoli
2334 4649 2628 4776 ἔθειραιεηὶ
2649 4651 3086 4724 interpretantes,
3111 4659 3164 4706 et
3185 4665 3340 4706 more
3361 4649 3662 4722 sOphistico

2057 4720 2215 4776 uuale
2237 4721 2331 4776 aui
2395 4731 2746 4776 exponentes.
2772 4730 2834 4776 ut
2861 4721 3129 4776 dialectici
3157 4721 3482 4776 loauuntur.
3510 4721 3662 4776 dice-

2057 4720 2215 4794 quale
2232 4720 2369 4794 quid
2395 4720 2746 4794 eiponentes,
2772 4720 2834 4778 ut
2861 4721 3129 4777 dialectici
3157 4720 3482 4794 loquuntur,
3510 4721 3663 4794 dice-

2057 4791 2192 4876 bant
2217 4791 2845 4876 Christumnonjei'am
2868 4807 3112 4876 carnem,
3139 4791 3245 4859 sed
3262 4793 3663 4876 phantasticam

2055 4861 2432 4936 assumpsisse,
2477 4863 2890 4936 similitudinem
2932 4861 3084 4920 illam
3124 4861 3306 4936 carnis
3348 4863 3549 4936 peccati
3591 4863 3662 4922 ad

2057 4932 2280 5006 carnem
2309 4932 2504 5004 ipsam,
2530 4933 2734 4990 nonad
2764 4941 3068 5006 peccatum,
3095 4932 3420 4992 referentes.
3457 4935 3661 4993 Contra

2057 5003 2421 5078 'i‘ertuliianus
2441 5006 2580 5072 (Lib.
2604 5021 2642 5060 v
2662 5003 2848 5061 contra
2866 5007 3208 5078 Marcionem)
3235 5026 3252 5062 :
3273 5009 3390 5065 Non
3401 5023 3662 5076 magnum

2055 5074 2221 5148 foret,
2249 5074 2444 5148 inquit,
2471 5078 2520 5132 si
2547 5077 2784 5148 Spiritus
2816 5080 2915 5134 Dei
2939 5095 3153 5135 carnem
3181 5074 3534 5142 remediaret';
3566 5078 3662 5135 sed

2055 5147 2108 5201 si
2137 5161 2260 5202 caro
2302 5147 2600 5203 Consimilis"
2625 5151 2951 5219 peccatrici,
2977 5150 3110 5204 dum
3141 5165 3266 5204 caro
3293 5154 3388 5216 est,
3435 5148 3530 5203 sed
3556 5163 3662 5207 non

344 5214 770 5317 imperita-rabili?t
778 5217 960 5312 (origo,
973 5214 1435 5317 acmunitisﬁimtis
1447 5219 1677 5317 clypteus.
1695 5219 1830 5317 Hinc
1837 5218 1946 5317 iile.
2049 5219 2274 5317 pe'ccati.
2295 5221 2327 5317 ζ
2329 5223 2386 5273 ta
2401 5214 2713 5317 similitudo
2727 5220 2801 5302 ad
2819 5216 3043 5317 titufrum
3057 5214 3533 5317 pecwtjpg‘iine‘t.
3553 5235 3660 5277 non

473 5285 648 5364 (inme
671 5286 720 5339 ἐν
744 5287 1048 5359 ὁμοιώματι,
1069 5288 1123 5344 in
1151 5285 1736 5364 simiiitudinefQuam
1755 5289 1948 5364 lectio-

343 5366 473 5428 nem
503 5351 591 5410 hic
619 5351 824 5414 Auctdr
845 5351 1065 5416 secutus
1085 5367 1184 5427 est,
1208 5358 1305 5416 ubi
1323 5367 1508 5416 tamen
1527 5351 1741 5428 vdlgata
1767 5361 1945 5418 versio

343 5422 509 5552 hinbei
544 5443 557 5477 :
595 5429 662 5508 in
692 5430 1119 5514 similitudinem.
1151 5422 1361 5514 Dicitur
1386 5440 1570 5516 autem
1609 5422 1858 5514 Christus
1887 5432 1946 5488 in

343 5510 387 5552 ει
451 5494 697 5552 ιΙιιιιάωθ
731 5498 811 5552 vel
846 5517 900 5552 ll]
931 5502 1353 5552 rmilltudmem
1385 5518 1562 5552 carnis
1601 5512 1804 5552 neccatl
1841 5518 1946 5552 ve-

334 5494 717 5579 silnilituding
731 5498 811 5579 vel
842 5499 900 5579 in
931 5502 1353 5579 similitudinem
1385 5501 1562 5579 carnis
1593 5503 1804 5579 peccati
1841 5518 1948 5560 ve-

341 5569 508 5646 nisse,
557 5569 633 5623 ait
671 5569 1038 5646 Teriuliianus
1077 5576 1256 5640 (Libro
1281 5575 1349 5631 de
1376 5575 1548 5633 Carne
1581 5569 1785 5632 Christi
1821 5590 1940 5646 cap.

341 5641 509 5722 nvi),
522 5655 628 5695 non
653 5641 800 5712 quod
825 5643 1238 5722 similitudinem
1265 5648 1446 5703 carnis
1465 5649 1751 5722 acceperit,
1780 5641 1948 5722 quasi

337 5715 628 5780 imaginem
643 5715 880 5784 corporis
899 5718 949 5771 et
967 5730 1071 5772 non
1082 5720 1392 5788 ueritatem,-
1415 5717 1507 5775 sed
1523 5715 1943 5776 similitudinem

2056 5289 2132 5344 ad
2171 5289 2488 5345 substantia:
2514 5291 2870 5346 mendacium.
2909 5292 3049 5349 Nam
3059 5289 3168 5346 nec
3191 5289 3493 5346 addidisset
3515 5305 3660 5350 PBG-

2055 5373 2218 5426 cart,
2256 5364 2308 5416 si
2341 5362 2656 5418 substantiae
2689 5362 3104 5418 similitudinem
3132 5362 3288 5418 vellet
3321 5362 3571 5432 intelligi,
3599 5367 3663 5420 ut

2052 5437 2277 5500 negaret
2298 5435 2600 5489 veritatem.
2633 5436 2863 5490 Tantum
2885 5435 3026 5488 enim
3049 5434 3226 5488 carnis
3247 5436 3532 5504 posuisset,
3555 5449 3664 5490 non

2055 5507 2106 5558 et
2129 5505 2354 5574 peccati.
2383 5505 2513 5562 Cum
2539 5520 2667 5560 vero
2695 5507 2772 5560 sic
2797 5507 3029 5574 struxit,
3056 5519 3286 5562 caans
3312 5519 3578 5572 PECCA'II,
3608 5508 3661 5560 et

2053 5573 2422 5630 substantiam
2441 5579 2798 5646 conﬁrmavit,
2821 5577 2881 5632 id
2891 5583 2988 5640 est,
3006 5573 3252 5645 Carnem,-
3277 5581 3328 5634 et
3344 5573 3660 5633 similitudi-

2054 5661 2175 5702 nem
2195 5646 2270 5702 ad
2288 5648 2480 5704 vitium
2504 5646 2822 5704 substantia
2839 5649 3046 5714 retulit,
3066 5648 3128 5706 id
3150 5651 3249 5715 est,
3274 5649 3349 5704 ad
3355 5649 3656 5720 peccatum.
