4040 6194
344 183 480 238 1235

1422 177 1707 235 JOANNIS
1742 174 2049 231 CASSIANI
2087 171 2578 231 COLLATIONES.

3526 175 3671 231 1236

339 302 601 361 Habebat
653 301 1079 359 similitudinem
1129 301 1312 358 carnis
1369 300 1593 373 peccati,
1632 314 1759 356 cum
1800 299 1950 357 velut
1973 305 2029 366 Α
2059 314 2256 372 magna
2283 312 2313 354 a
2342 296 2557 354 cunctis
2580 295 2671 367 qui
2704 310 2771 352 ex
2797 295 3073 368 utriusque
3093 309 3252 351 sexus
3273 297 3667 357 commixtione

341 398 514 455 homo
544 398 771 472 ignarus
798 411 863 453 ac
901 412 999 468 pro
1045 395 1168 453 cibo
1195 394 1457 452 sollicitus
1486 402 1904 468 percontaretur
1934 413 1949 451 :

346 492 481 560 Quot
492 498 659 562 panes
674 490 880 545 habetis
900 489 1087 561 (Marc.
1108 489 1220 561 vi)?
1243 488 1351 545 Sed
1366 488 1507 545 sicut
1523 496 1741 560 peccato
1758 504 1958 561 nequa-

345 596 514 653 quam
532 594 658 637 caro
679 579 839 646 illius,
862 579 935 636 ita
948 595 1054 636 nec
1070 579 1255 637 anima
1278 580 1599 655 ignorantia
1620 580 1952 653 subjacebat.

343 674 597 747 Denique
622 674 805 730 statim
833 675 1161 747 evangelista
1185 673 1508 748 subjungit:
1536 678 1648 732 Hoc
1663 679 1843 732 autem
1866 674 1959 729 di-

346 771 493 827 cebat
515 773 668 827 Iesus
702 774 913 827 tentans
935 784 1052 826 eum
1068 790 1084 837 ;
1112 773 1226 841 ipse
1262 772 1401 826 enim
1435 771 1631 826 sciebat
1661 770 1799 841 quid
1827 773 1960 824 esset

345 865 603 932 facturus
622 868 795 929 (Joan.
829 863 939 936 v1).
971 863 1220 920 Habebat
1240 878 1463 920 carnem
1490 863 1729 921 similem
1765 877 1962 935 pecca—

348 956 493 1023 trici,
521 972 649 1013 cum
676 950 824 1014 velut
859 957 1045 1013 sitiens
1071 973 1103 1012 a
1131 957 1467 1014 Samaritana
1504 955 1734 1012 muliere
1762 967 1956 1027 posce—

350 1058 435 1107 ret
462 1060 656 1123 potum
680 1071 695 1121 ;
724 1050 824 1109 sed
852 1068 962 1108 non
1006 1060 1122 1107 erat
1145 1052 1346 1123 peccati
1375 1049 1537 1108 sorde
1571 1049 1796 1121 polluta,
1828 1048 1956 1119 quia

352 1146 657 1203 econtrario
686 1147 883 1202 mulier
917 1154 1204 1218 provocata
1235 1154 1317 1201 est
1350 1153 1532 1216 petere
1560 1158 1757 1215 aquam
1783 1142 1955 1198 vivam

352 1253 475 1311 qua:
498 1239 649 1295 illam
675 1253 981 1309 numquam
1009 1237 1161 1293 sitire
1200 1236 1559 1307 permitteret,
1588 1234 1685 1291 sed
1723 1235 1876 1291 ﬁeret
1901 1233 1958 1289 in

353 1345 417 1387 ea
456 1329 583 1386 fons
626 1344 785 1401 aqua:
812 1328 1047 1384 salientis
1076 1328 1132 1383 in
1159 1328 1326 1383 vitam
1348 1336 1610 1384 aeternam
1643 1329 1815 1399 (Joan.
1846 1330 1954 1393 ιν).

354 1424 606 1481 Habebat
650 1422 829 1480 carnis
869 1422 1026 1479 istius
1076 1423 1367 1479 veritatem
1418 1436 1547 1478 cum
1592 1420 1858 1478 dormiret
1902 1421 1959 1477 in

353 1517 476 1573 navi
496 1537 517 1587 ;
545 1515 641 1572 sed
666 1531 736 1572 ne
772 1516 979 1588 pariter
1007 1515 1323 1589 navigantes
1359 1515 1561 1586 peccati
1598 1513 1961 1571 similitudine

353 1610 690 1677 fallerentur,
716 1624 941 1679 surgens
961 1612 1250 1681 imperavit
1274 1612 1447 1665 ventis
1476 1613 1526 1665 et
1553 1612 1711 1673 mam',
1741 1614 1792 1664 et
1808 1611 1961 1678 facta

2062 392 2415 466 producimur
2454 388 2712 448 distantia
2749 397 3090 463 segregatur;
3120 389 3269 462 quod
3303 405 3434 447 cum
3473 406 3672 451 omnes

2060 503 2173 546 non
2210 485 2647 557 similitudinem,
2687 484 2783 543 sed
2828 487 3119 543 veritatem
3158 486 3364 557 peccati
3400 486 3464 542 in
3504 501 3677 546 carne

2063 590 2356 656 gestamus,
2387 579 2480 636 ille
2505 594 2617 637 non
2645 579 2951 649 veritatem,
2980 578 3075 636 sed
3096 578 3506 639 similitudinem
3532 597 3673 654 pec-

2064 674 2169 733 cati
2200 682 2256 730 et
2281 688 2424 730 vera:
2451 672 2632 730 Carnis
2656 668 3087 746 assumptionem
3124 673 3384 744 suscepit.
3416 676 3674 749 Denique

2063 767 2190 827 licet
2243 766 2507 838 scriptum
2555 764 2624 823 de
2668 781 2734 822 eo
2788 767 2846 823 in
2896 766 3031 823 Isaia
3085 765 3350 839 propheta
3411 769 3675 830 Pharisaei

2066 861 2401 936 apertissime
2440 859 2838 930 meminissent,
2890 862 3017 932 quia
3055 863 3339 931 peccatum
3376 877 3483 918 non
3519 866 3677 935 fecit,

2064 970 2158 1012 nec
2180 959 2428 1011 inventus
2459 959 2537 1012 est
2566 955 2722 1011 dehis
2755 957 2819 1010 in
2846 969 2936 1010 ore
2962 954 3078 1025 ejus
3109 954 3240 1026 (Isa.
3271 956 3404 1027 Lm)
3436 973 3449 1010 :
3483 964 3672 1015 tamen

2064 1051 2137 1106 ita
2172 1048 2534 1106 similitudine
2575 1049 2755 1105 carnis
2782 1046 2983 1121 peccati
3018 1046 3372 1120 fallebantur,
3410 1059 3472 1106 ut
3509 1050 3671 1109 dice-

2064 1152 2191 1200 rent
2222 1162 2235 1197 :
2262 1148 2394 1201 Ecce
2420 1140 2571 1199 homo
2594 1154 2765 1199 voras:
2788 1148 2842 1198 et
2862 1147 3076 1214 potator
3097 1144 3238 1212 cirri,
3257 1144 3675 1214 publicatorum

2064 1242 2115 1293 et
2136 1241 2475 1307 peccatorum
2497 1239 2702 1292 amicus
2722 1236 2946 1305 (Matth.
2968 1234 3082 1307 xx).
3110 1232 3184 1290 Et
3210 1236 3282 1292 ad
3306 1236 3467 1292 illum
3496 1238 3590 1310 qui
3624 1238 3691 1294 il‘

2065 1330 2361 1387 luminatus
2380 1328 2563 1387 fuerat
2590 1343 2801 1387 meum
2826 1350 2839 1387 :
2868 1334 2954 1387 Do
2986 1330 3219 1400 gloriam
3244 1335 3383 1398 Deo;
3408 1346 3508 1387 nos
3531 1334 3676 1389 enim

2066 1425 2261 1479 scimus
2287 1426 2415 1493 quia
2453 1424 2540 1479 hic
2562 1425 2717 1479 homo
2745 1428 2995 1494 peccator
3036 1428 3114 1479 est
3150 1423 3320 1495 (Joan.
3352 1428 3465 1490 rx).
3508 1426 3580 1482 Bt
3616 1422 3689 1483 ad

2069 1520 2302 1576 Pilatum
2335 1540 2348 1576 :
2380 1522 2503 1578 Nisi
2523 1524 2654 1575 esset
2677 1519 2766 1574 hic
2790 1520 2942 1575 homo
2975 1523 3240 1590 peccator,
3270 1528 3373 1575 non
3410 1534 3529 1575 em
3560 1525 3686 1575 tra-

2069 1612 2390 1668 didissemus
2418 1612 2523 1667 tibi
2546 1611 2723 1683 (Joan.
2758 1606 2970 1682 xvru).
2995 1610 3181 1683 Hujus
3194 1627 3323 1684 ergo
3346 1613 3426 1669 rei
3449 1627 3574 1684 qua:
3594 1611 3676 1671 illi

358 1709 437 1762 est
459 1705 835 1776 tranquillitas
862 1721 1057 1775 magna
1081 1706 1292 1773 (Matth.
1326 1708 1482 1772 vm).
1512 1703 1805 1760 Communi
1835 1718 1961 1759 cum
1997 1708 2047 1773 B
2074 1714 2285 1761 tantum
2313 1705 2599 1779 singularis
2633 1720 2697 1761 ac
2750 1706 2967 1777 propria
2996 1714 3107 1775 est,
3157 1706 3520 1777 aequalitatem
3562 1706 3675 1762 sibi

359 1796 617 1857 omnibus
644 1804 792 1855 sorte
826 1807 1048 1871 peccato
1087 1797 1336 1854 subditus
1369 1795 1674 1864 videbatur,
1705 1812 1835 1853 cum
1874 1796 1966 1853 di-

360 1900 577 1949 ceretur
600 1892 669 1949 de
706 1892 823 1965 ipso
870 1910 891 1947 ελ
914 1894 1017 1949 Hic
1051 1893 1202 1948 homo
1238 1895 1291 1948 si
1324 1896 1458 1947 esset
1494 1893 1779 1962 propheta,
1810 1894 1967 1946 sciret

358 1988 548 2058 utique
568 1995 688 2058 qua:
728 1991 778 2043 et
801 1988 980 2057 qualis
1006 1991 1082 2043 est
1106 1989 1298 2043 mulier
1317 2002 1436 2056 qua:
1462 1988 1636 2055 tangit
1664 2000 1802 2053 eum,
1834 1986 1966 2054 quia

352 2082 633 2150 peccatrix
655 2084 765 2149 est;
792 2081 889 2137 sed
912 2080 1116 2153 peccati
1143 2096 1254 2137 non
1285 2079 1477 2135 habuit
1506 2079 1813 2145 veritatem,
1839 2078 1969 2149 quia

360 2173 736 2244 blasphemam
763 2174 1153 2245 cogitationem
1182 2188 1415 2246 arguens
1449 2170 1737 2241 Pharisei,
1776 2171 1968 2227 statim
2084 2232 2095 2241 ,

361 2267 606 2323 mulieris
624 2275 843 2338 peccata
862 2265 1076 2322 dimisit
1100 2266 1274 2337 (Lucae
1294 2270 1432 2334 vn).
1457 2265 1820 2321 Peccatricem
1840 2278 1969 2320 cum

364 2358 576 2416 caeteris
614 2372 803 2431 gerere
840 2356 1132 2431 putabatur
1171 2373 1417 2428 carnem,
1455 2374 1584 2415 cum
1623 2359 1770 2415 velut
1799 2358 1968 2415 homo

365 2452 424 2509 in
470 2452 675 2508 mortis
712 2450 1028 2508 discrimine
1064 2452 1423 2521 constitutus,
1464 2459 1520 2508 et
1556 2450 1970 2507 imminentium

366 2546 764 2618 suppliciorum
789 2553 998 2602 terrore
1022 2544 1306 2617 perculsus
1330 2542 1511 2601 oraret
1542 2563 1554 2599 :
1577 2548 1760 2609 Pater,
1787 2548 1838 2600 si
1853 2559 1974 2615 pos-

366 2636 799 2702 sibile,'transeat
812 2655 845 2695 a
861 2654 942 2696 me
957 2641 1215 2695 calia‘iste
1228 2639 1442 2711 (Matth.
1460 2642 1634 2710 xxn)
1650 2659 1666 2708 ;
1683 2648 1759 2708 et,
1783 2641 1972 2694 Tristis

368 2741 446 2791 est
472 2738 659 2791 anima
690 2750 812 2791 mea
836 2750 1004 2805 usque
1031 2735 1106 2791 ad
1132 2739 1357 2791 mortem
1388 2734 1597 2806 (Ibid.).
1634 2732 1740 2791 Sed
1769 2731 1973 2806 peccati

370 2829 685 2901 contagium
723 2827 999 2885 nesciebat
1039 2828 1134 2885 illa
1161 2828 1395 2900 tristitia,
1448 2829 1576 2901 quia
1620 2828 1745 2885 vitae.
1781 2835 1974 2885 auctor

367 2931 608 2979 mortem
657 2920 953 2979 formidare
996 2938 1107 2979 non
1148 2930 1377 2995 poterat.
1426 2923 1523 2979 Ait
1558 2922 1705 2979 enim
1748 2943 1761 2978 :
1812 2925 1974 2980 Nemo

371 3019 512 3073 tollit
534 3033 664 3072 ame
685 3020 925 3072 animum
950 3032 1140 3080 meam,
1162 3018 1255 3071 sed
1274 3032 1367 3086 ego
1378 3032 1521 3086 pono
1536 3032 1652 3071 eam
1674 3032 1707 3070 a
1731 3030 1814 3070 me
1837 3017 1971 3086 ipso.

2076 1798 2429 1872 blasphemia
2470 1798 2851 1871 superbiaeque
2901 1798 3132 1856 crimine
3178 1797 3484 1866 vindicabit,
3526 1800 3684 1872 quis-

2072 1893 2197 1967 quis
2225 1907 2286 1950 se
2314 1906 2435 1950 esse
2461 1891 2577 1948 sine
2601 1900 2827 1964 peccato
2855 1906 3023 1949 ausus
3039 1891 3203 1950 fuerit
3241 1893 3496 1965 proﬁteri;
3528 1894 3685 1950 Con-

2073 2002 2310 2061 sequens
2338 1987 2486 2044 enim
2509 1994 2594 2043 est
2631 1994 2694 2043 ut
2719 1985 3137 2044 similitudinem
3168 1987 3351 2045 carnis
3372 1988 3603 2061 peccati,
3630 1998 3687 2045 et

2071 2097 2188 2139 non
2213 2081 2490 2139 veritatem
2518 2082 2751 2155 peccati,
2772 2080 2975 2140 habere
3001 2096 3061 2139 se
3082 2082 3252 2140 dicat.

2659 2219 2903 2311 CAPUT
2939 2221 3101 2277 XIII.

2133 2344 2286 2414 Quod
2303 2360 2410 2400 non
2432 2346 2544 2400 sint
2568 2349 2680 2403 tam
2694 2346 2886 2413 gravia
2906 2349 3125 2415 peccata
3143 2348 3460 2401 sanctorum
3482 2351 3544 2401 ut
3563 2349 3636 2404 eis

2253 2417 2513 2484 auferunt
2541 2418 2792 2473 mentum
2819 2421 2916 2471 aut
2951 2431 3139 2471 nomen
3165 2418 3500 2472 sanctitatis.

2148 2550 2423 2607 Caeterum
2444 2558 2470 2585 ι
2490 2548 2671 2621 justas
2694 2555 2751 2605 et
2773 2556 2992 2605 sanctos
3012 2548 3164 2606 viros
3191 2563 3304 2605 non
3334 2562 3457 2605 esse
3480 2547 3691 2604 immu-

2077 2658 2178 2700 nes
2201 2659 2233 2699 a
2260 2643 2417 2715 culpa
2443 2642 2731 2700 manifeste
2767 2643 3045 2715 Scriptura
3077 2643 3411 2715 pronuntiat,
3443 2642 3635 2700 dicens
3667 2664 3687 2700 :

2078 2728 2107 2768 δ
2132 2736 2336 2807 Septies
2360 2738 2419 2791 in
2446 2736 2537 2792 die
2558 2737 2711 2793 cadet
2727 2736 2915 2806 justus
2943 2740 2994 2791 et
3018 2741 3259 2806 resurget
3276 2738 3452 2803 (PI-oc.
3476 2739 3681 2802 xxrv).

2081 2827 2230 2898 Quid
2256 2827 2403 2884 enim
2434 2829 2582 2885 aliud
2614 2837 2698 2885 est
2724 2827 2918 2886 cadere
2936 2844 3107 2902 quam
3126 2832 3367 2903 peccare?
3394 2831 3467 2885 Et
3487 2836 3693 2886 tamen

2082 2936 2209 2977 cum
2237 2920 2450 2977 dicatur
2478 2921 2674 2993 septies
2716 2922 2932 2993 cadere,
2971 2923 3330 2980 nihilominus
3366 2924 3685 2994 pronuntia-

2083 3023 2174 3071 tur
2201 3014 2405 3087 justus,
2446 3030 2549 3072 nec
2563 3016 2789 3088 justitiae
2816 3016 2936 3089 ejus
2973 3017 3286 3090 przejudicat
3313 3016 3494 3090 lapsus
3521 3015 3681 3090 fragi-

373 3113 692 3168 Potestutem
731 3111 898 3166 habeo
924 3109 1168 3181 ponendi
1194 3124 1330 3173 eam,
1364 3114 1415 3165 et
1454 3113 1770 3180 potestatem
1813 3109 1979 3164 habeo
2008 3092 2053 3156 Ο
2082 3108 2248 3165 litatis
2283 3107 2565 3179 humanas,
2605 3110 2731 3182 quia
2766 3110 3267 3167 multum'interest
3305 3110 3449 3167 inter
3467 3111 3601 3183 justi
3632 3119 3688 3166 et

374 3208 571 3267 iterum
599 3205 847 3260 sumendi
866 3220 982 3260 eam
1005 3207 1176 3271 (Joan.
1210 3204 1295 3271 χ).

964 3307 1210 3364 CAPUT
1254 3306 1384 3362 ΧΠ.

379 3406 530 3472 Quod
541 3407 687 3477 justi
702 3411 753 3463 et
769 3408 940 3477 sancti
958 3420 1131 3461 omnes
1152 3421 1255 3459 non
1280 3406 1506 3472 fuerunt
1523 3407 1580 3460 in
1600 3403 1978 3471 similitudine,

842 3476 935 3529 sed
960 3477 1017 3526 in
1044 3477 1262 3528 tentate
1287 3478 1513 3543 peccati.

450 3578 514 3632 In
552 3574 659 3631 hoc
693 3588 825 3646 ergo
868 3573 958 3637 ille
990 3572 1159 3629 homo
1188 3571 1281 3645 qui
1308 3581 1469 3629 natus
1495 3588 1562 3630 ex
1608 3574 1827 3646 Virgine
1873 3583 1981 3645 est,

2084 3200 2381 3274 peccatoris
2410 3199 2653 3259 hominis
2673 3202 2903 3276 lapsum.
2935 3203 3102 3261 Aliud
3125 3213 3209 3260 est
3234 3204 3379 3260 enim
3402 3202 3683 3260 admittere

2083 3295 2316 3352 mortale
2353 3305 2659 3368 peccatum,
2704 3304 2759 3353 et
2780 3294 2926 3355 aliud
2954 3305 3037 3354 est
3054 3297 3390 3371 cogitatione
3419 3312 3543 3370 quae
3565 3308 3686 3369 pec-

2089 3390 2217 3445 cato
2235 3402 2347 3445 non
2374 3398 2525 3447 caret
2556 3383 2880 3463 pmveniri;
2923 3391 3009 3448 vel
3048 3391 3393 3464 ignorantiae,
3424 3400 3521 3447 aut
3547 3390 3692 3448 obli-

2087 3484 2269 3541 vionis
2306 3500 2514 3557 errore,
2559 3494 2657 3543 aut
2692 3484 2953 3549 facilitate
3003 3484 3165 3543 otiosi
3204 3487 3477 3543 sermonis
3513 3483 3688 3543 offen-

2085 3577 2237 3647 dere,
2271 3588 2292 3615 °
2317 3587 2415 3638 aut
2434 3578 2501 3638 ad
2526 3587 2793 3653 punctum
2819 3579 2880 3637 in
2899 3579 3025 3638 ﬁdei
3048 3579 3263 3640 theoria
3298 3580 3505 3655 aliquid
3526 3579 3689 3638 haesi-

1458 3744 1714 3801 AIARDI
1753 3746 1980 3802 (ΞΑΖᾸΞΙ
2019 3745 2584 3806 COMMENTARIUS.

454 3908 479 3935 ⁸
525 3898 666 3954 Huic
710 3899 807 3954 SS.
852 3899 1077 3961 Patrum
1118 3895 1387 3952 doctrinae
1430 3895 1721 3951 subscribit

385 3967 699 4025 Tridentiua
748 3968 831 4022 his
871 3964 1048 4021 verbis
1092 3966 1247 4038 (Sess.
1294 3968 1325 4021 6
1352 3970 1528 4038 c.711)
1573 3985 1585 4021 :
1622 3964 1861 4024 Licet'in
1888 3968 1990 4023 hac

384 4040 602 4096 mortali
613 4039 729 4094 vita
747 4039 1091 4110 quantumvis
1104 4037 1107 4038 ⁷
1120 4039 1295 4095 sancti
1314 4041 1364 4093 et
1381 4037 1528 4107 justi
1546 4039 1605 4092 in
1635 4039 1773 4093 lwia
1796 4039 1987 4094 saltem

385 4116 437 4169 et
471 4109 816 4182 quotidiana,
847 4126 968 4181 qua:
1010 4113 1174 4165 etiam
1200 4109 1450 4182 venialia
1475 4110 1746 4174 dicuntur,
1769 4115 1989 4182 peccata

385 4179 708 4254 quandoque
734 4179 967 4250 cadant;
994 4197 1098 4237 non
1114 4185 1396 4254 propterea
1416 4179 1671 4254 desinunt
1697 4179 1804 4236 esse
1822 4181 1984 4251 justi.

385 4257 527 4313 Nam
541 4253 817 4325 juStorum
843 4256 942 4308 illa
960 4269 1065 4307 vos:
1094 4259 1192 4320 est,
1216 4257 1265 4307 et
1286 4253 1529 4325 humilis,
1555 4256 1605 4307 et
1632 4267 1804 4307 verum
1829 4271 1845 4306 :
1885 4255 1988 4308 Di-

386 4324 708 4381 mitte'nobis
727 4326 914 4379 debita
930 4330 1147 4391 nostra;
1170 4339 1272 4393 quo
1295 4325 1357 4393 ﬁt
1375 4327 1437 4377 ut
1450 4324 1594 4393 justi
1611 4325 1721 4393 ipsi
1735 4338 1792 4377 eo
1815 4325 1989 4392 magis

386 4411 441 4452 se
466 4396 729 4464 obligatos
757 4395 832 4449 ad
850 4395 1237 4449 ambulandum
1257 4396 1315 4447 in
1338 4396 1429 4447 via
1439 4396 1671 4464 justitiw
1688 4397 1884 4449 sentire
1901 4395 1991 4449 de-

391 4467 572 4546 beant,
605 4482 709 4546 quo
744 4465 961 4546 liberati
975 4466 1099 4546 jam
1132 4481 1165 4519 α
1185 4469 1419 4546 peccato,
1448 4467 1591 4546 servi
1627 4470 1808 4546 autem
1847 4467 1991 4546 [acti

388 4540 517 4600 D60,
545 4536 737 4600 sobrie,
748 4536 919 4605 justo,
949 4541 999 4590 et
1018 4538 1108 4607 pie
1135 4536 1372 4607 uiuentes
1384 4539 1639 4607 proﬁcere
1656 4538 1866 4606 possint

392 4609 663 4666 Christum
682 4604 880 4677 Jesum,
904 4612 998 4663 etc.
1018 4604 1053 4674 ⁷(
1064 4605 1200 4663 Vide
1220 4606 1398 4677 collat.
1426 4609 1495 4660 20
1512 4621 1564 4677 7c.
1586 4604 1713 4677 ult,
1735 4611 1785 4660 et
1804 4604 1985 4660 collat.

390 4685 462 4752 23
489 4696 534 4736 c.
568 4685 602 4735 6
631 4684 682 4752 et
707 4675 869 4752 seq.).
892 4679 1163 4752 Caeterum
1188 4677 1254 4732 ab
1288 4676 1374 4752 his
1401 4684 1455 4732 et
1478 4675 1740 4752 similibus
1768 4686 1988 4752 senten-

390 4725 743 4832 tiis,"quibus
768 4725 1099 4832 ﬁgieneratim
1156 4748 1417 4832 asset-itur
1468 4763 1663 4830 omnes
1706 4745 1984 4817 homines,
2015 4725 2067 4788 Ῑ)

394 4819 742 4894 quantumvis
774 4819 951 4894 iustos
990 4829 1043 4894 et
1073 4828 1313 4887 sanctos,
1346 4835 1459 4894 non
1494 4834 1610 4876 esse
1646 4819 1922 4894 immunes
1960 4835 1991 4874 a

434 4902 641 4964 eccato,
670 4889 867 4964 praeter
892 4893 1167 4949 Christum
1212 4891 1545 4964 Dominum,
1570 4889 1660 4964 qui
1687 4906 1797 4964 non
1825 4907 1992 4963 purus

434 4909 641 4964 eccato,
670 4909 867 4964 praeter
892 4909 1167 4949 cnrnsrum
1212 4909 1534 4957 nominum,
1570 4909 1659 4964 qui
1687 4909 1797 4946 non
1825 4909 1990 4963 purus

389 4909 588 5031 Bome,
612 4963 710 5035 sed
733 4980 890 5019 verus
914 4967 1062 5020 Deus
1082 4972 1136 5035 et
1158 4964 1327 5035 homo
1352 4970 1463 5035 est,
1483 4962 1734 5035 ideoque
1755 4961 1990 5035 *ἀναμάρ-

390 5053 560 5103 τητος,
606 5033 659 5091 id
713 5040 817 5101 est,
875 5034 1272 5104 impeccabilis;
1320 5032 1878 5104 excipienda‘etiam’
1908 5032 1991 5090 est

376 5102 808 5179 Deiparagvirgo
852 5102 1254 5179 Maria,_quam
1284 5104 1381 5160 SS.
1435 5102 1620 5179 Patres
1666 5102 1886 5179 docent,
1926 5121 1990 5179 ei;

379 5176 650 5250 Singulari
683 5176 791 5251 Dei
830 5176 1131 5251 privilegio,
1166 5191 1259 5248 per
1284 5190 1505 5232 omnem
1531 5176 1700 5251 vitam
1723 5176 1800 5251 ab
1836 5176 1989 5251 omni

376 5246 616 5380 auocat?i
642 5246 1987 5387 liberambatguiiviutigiruIIEPGexitiuiseégnde

442 5338 575 5387 ugus
621 5339 723 5380 nus
829 5339 901 5378 ι.
979 5338 1006 5376 e
1091 5338 1121 5374 ιι
1216 5336 1251 5373 α
1415 5335 1639 5372 rata.
1815 5336 1827 5373 :
1968 5347 1987 5361 -

442 5334 723 5380 ueustmus
768 5334 901 5380 (Lib.
940 5334 1006 5377 de
1040 5334 1251 5378 Natura
1287 5334 1337 5373 et
1368 5334 1558 5376 Gratia
1599 5334 1639 5373 c.
1672 5334 1764 5380 eo)
1815 5336 1827 5373 :
1876 5334 1989 5374 Ea:-

386 5322 723 5393 Augustinus
768 5322 901 5396 (Lib.
940 5322 1006 5377 de
1040 5323 1251 5378 Natura
1287 5323 1337 5373 et
1368 5322 1558 5376 Gratia
1599 5334 1639 5373 c.
1672 5322 1764 5387 36)
1815 5336 1827 5373 :
1876 5322 1989 5374 Eac-

386 5398 558 5466 cepta,
593 5394 793 5466 inquit,
822 5397 1007 5450 sancta
1040 5393 1251 5466 uirgine
1289 5392 1488 5453 Maria,
1519 5389 1585 5445 de
1612 5405 1741 5466 qu_a,
1768 5394 1993 5466 propter

385 5462 631 5519 hbnorem
668 5462 915 5530 Domini,
964 5465 1168 5520 nullam
1203 5477 1447 5534 prorsus,
1489 5477 1611 5516 cum
1654 5462 1721 5534 de
1756 5464 1991 5532 peccatis

387 5535 813 5608 agminhabcri
833 5540 948 5608 volo
976 5532 1341 5608 quastionem,
1374 5542 1481 5608 etc.
1515 5535 1586 5589 Et
1614 5532 1802 5608 eadem
1832 5550 1994 5608 syno-

384 5603 490 5663 dus
518 5603 1016 5686 Tridentina,dum
1042 5614 1220 5686 negat
1263 5606 1543 5686 hominem
1584 5606 1751 5686 semel
1774 5603 1991 5686 justiti-

382 5686 569 5735 catum
594 5676 837 5748 possein
866 5685 980 5731 tota
997 5678 1111 5748 vita
1132 5676 1355 5747 peccata
1377 5677 1585 5748 omnia,
1611 5676 1789 5731 etiam
1811 5677 1992 5733 venia-

378 5748 483 5817 lia,
527 5744 724 5815 vitare;
769 5745 909 5802 hanc
949 5744 1153 5815 adjecit
1179 5747 1552 5818 exceptionem
1591 5749 1752 5812 (Sess.
1788 5752 1822 5801 6
1868 5763 1987 5802 cati.

1748 3896 1990 3968 synodus

2097 3902 2191 3972 23)
2220 3920 2232 3956 :
2257 3902 2384 3956 Nisi
2407 3916 2477 3956 ea:
2493 3901 2719 3972 speciali
2735 3903 3147 3972 De'iprivilegio,
3167 3899 3617 3971 quemadmodum
3631 3898 3699 3955 de

2099 3971 2255 4043 beata
2286 3971 2677 4043 Virgineitenet
2707 3971 2958 4028 Ecclesia.

2167 4036 2195 4074 ³⁵
2228 4036 2410 4115 Beda,
2410 4111 2425 4115 _
2440 4057 2535 4097 seu
2564 4043 3038 4115 quisquis‘auctor
3057 4042 3451 4115 Commentarii
3495 4043 3547 4097 in
3570 4056 3697 4097 eum

2096 4110 2523 4196 locqm,.iisdern
2553 4110 3150 4196 p'ene'verbis,-quibus
3178 4113 3266 4196 hic
3301 4114 3471 4196 abbas
3506 4115 3695 4196 :nQuof

2094 4185 2271 4246 modo,
2304 4183 2507 4256 inquit,
2540 4183 2724 4261 justus
2758 4183 3082 4261 appellatur,
3126 4188 3227 4261 qui
3260 4185 3483 4261 cadere,
3512 4185 3575 4261 id
3599 4188 3696 4249 est,

2088 4269 2310 4324 peccare
2327 4258 2690 4311 memoratur?
2705 4257 2817 4312 nisi
2827 4259 2956 4327 quia
2970 4258 3037 4313 de
3050 4258 3250 4311 levibus
3264 4257 3700 4327 quotidc'amlsque

2088 4329 2320 4395 peccatis
2360 4327 2616 4397 loquitur,
2648 4330 2761 4385 sine
2789 4328 2984 4398 quibus
3014 4343 3106 4382 nec
3114 4328 3391 4397 justorum
3411 4328 3691 4397 quitquam

2096 4411 2205 4451 esse
2219 4400 2275 4473 in
2292 4398 2395 4473 hac
2418 4401 2531 4451 vita
2540 4401 2725 4473 potuit
2745 4417 2765 4453 :
2786 4402 2917 4469 quia
2932 4401 3187 4454 nimirum
3198 4414 3301 4469 per
3312 4400 3692 4468 ignorantiam,

2090 4482 2195 4541 per
2220 4468 2560 4532 oblivionem;
2578 4486 2678 4541 per
2710 4468 3100 4539 cogitationem,
3127 4468 3230 4540 per
3256 4486 3572 4533 sermonem,
3596 4483 3699 4538 per

2096 4538 2510 4611 subreptionem,
2543 4538 2639 4609 per
2663 4538 3045 4605 necessitatem,
3075 4538 3176 4611 per
3204 4540 3560 4611 fragilitatem
3582 4548 3695 4593 car-

2096 4611 2201 4672 nis,
2216 4608 2451 4679 singulis
2473 4608 2682 4678 diebus,
2707 4613 2789 4667 vel
2812 4615 2993 4681 inviti,
3017 4608 3101 4666 uel
3115 4608 3363 4679 uolentes,
3383 4614 3692 4681 frequenter

2097 4686 2305 4753 reatum
2328 4683 2681 4749 incurrimus;
2710 4687 2761 4739 et
2782 4687 2960 4737 tamen
2979 4685 3223 4752 resurgit
3228 4684 3423 4753 justus,
3445 4680 3690 4753 videlicet

2099 4753 2229 4875 quia
2251 4751 2437 4821 justus
2479 4757 2576 4836 est,
2615 4769 2709 4837 nec
2734 4755 2967 4824 justitice
3005 4751 3465 4875 ejus
3507 4752 3695 4822 lapsus

2138 4838 2347 4875 umana:
2372 4825 2723 4875 fraathtatts-
2762 4826 2912 4875 Unde
2951 4826 3075 4875 bene
3103 4841 3224 4875 cum
3330 4829 3609 4875 msttcasu
3630 4822 3695 4875 ιο-

2138 4772 2229 4805 υια
2251 4772 2437 4821 justus
2479 4772 2576 4836 est,
2615 4772 2709 4837 nec
2734 4772 2967 4824 justum
3005 4772 3121 4823 ejus
3145 4772 3463 4881 ρτεῗὶνιυᾳιως
3507 4772 3695 4822 iapsus

2138 4838 2347 4878 amante
2369 4825 2723 4895 fragilitatis.
2762 4826 2912 4881 Unde
2951 4826 3075 4880 bene
3103 4841 3224 4879 cum
3321 4822 3701 4894 justtcasulo-

2100 4899 2371 4967 queretur,
2410 4910 2517 4967 non
2551 4896 2729 4959 addit,
2762 4895 2816 4950 in
2843 4896 3086 4965 malum;
3112 4899 3244 4967 quia
3286 4899 3391 4952 etsi
3413 4898 3477 4951 in
3498 4895 3700 4967 malum

2101 4969 2197 5031 est,
2230 4966 2375 5035 quod
2401 4966 2633 5033 cadunt;
2671 4983 2737 5021 ne
2774 4972 2953 5023 tamen
2983 4970 3041 5021 in
3070 4966 3212 5023 malo
3240 4971 3297 5022 in
3329 4967 3477 5035 quod
3502 4966 3702 5021 cecide-

2099 5040 2231 5090 runt
2254 5038 2456 5109 horrere
2475 5041 2704 5109 possint,
2732 5041 2889 5093 citius
2926 5040 3252 5109 resurgendo
3273 5044 3579 5108 procurant.
3619 5039 3698 5109 At

2099 5111 2288 5181 contra
2319 5108 2385 5163 de
2411 5108 2649 5180 reprobis
2676 5128 2693 5162 :
2722 5112 2886 5181 Impii
2909 5108 3110 5178 autem,
3136 5111 3329 5178 inquit,
3361 5111 3609 5165 corruant
3636 5108 3695 5181 in

2099 5180 2303 5233 malum
2327 5199 2344 5233 :
2360 5176 2489 5252 quia
2514 5181 2759 5236 videlicet
2778 5176 2954 5252 impii,
2976 5176 3099 5237 cum
3108 5176 3417 5244 ceciderint,
3438 5181 3518 5235 uel
3538 5176 3701 5250 (quod

2100 5254 2178 5304 est
2195 5254 2422 5335 grauius
2435 5251 2792 5335 ).corruerint,
2811 5251 2873 5335 ut
2888 5255 3175 5335 Scriptura
3197 5253 3355 5318 dicit,
3384 5253 3445 5307 id
3463 5256 3569 5335 est,‘
3584 5264 3700 5335 titan

2099 5478 2266 5520 ααητ.
2291 5478 2425 5520 HERC
2447 5478 2544 5521 lDl.
3601 5509 3607 5515 .

2169 5539 2194 5569 ο
2221 5535 2308 5592 Ad
2347 5546 2631 5609 punctum,
2661 5553 2754 5595 seu
2795 5545 3142 5594 momentum
3176 5536 3465 5609 temporis,
3494 5536 3553 5609 in
3581 5530 3704 5609 fidei

2099 5605 2309 5663 theoria
2347 5604 2637 5682 'haasitare',
2684 5609 2947 5682 contingit
2991 5609 3207 5667 duobus
3255 5604 3458 5682 modis.
3513 5604 3708 5682 Primo

2101 5693 2228 5753 cum
2270 5694 2493 5753 assensu
2524 5681 2683 5753 ﬁrmo
2706 5689 2769 5753 et
2798 5679 2969 5748 cer'to,
3016 5696 3144 5753 cum
3178 5679 3299 5753 quis
3321 5683 3626 5749 spontanee
3652 5681 3711 5753 et

2099 5748 2394 5808 deliberate
2440 5751 2599 5825 elegit
2646 5750 2890 5809 dubitare
2935 5744 2991 5808 et
3035 5744 3235 5809 dubiu's
3281 5744 3603 5823 permanere
3637 5744 3712 5801 de
