4022 6220
317 241 341 292 1
352 238 452 293 237

1116 235 1453 295 COLLATlO
1491 237 1650 293 XXII.
1687 264 1761 277 —
1798 235 1887 290 DE
1924 232 2315 290 NOCTURNIS
2349 228 2833 287 lLLUSlONlBUS.

3490 230 3626 286 l238

315 367 461 429 tare,
485 365 582 416 aut
606 357 792 416 subtili
830 359 1070 433 quadam
1108 361 1425 419 cenodoxim
1459 360 1764 418 titillatione
1793 359 1914 432 pul-
1947 364 2000 426 Α
2024 357 2292 415 cebatur:
2340 334 2535 411 Beatus
2562 369 2637 421 es,
2677 355 2859 410 Simon
2904 355 3203 415 Bar-Jona,
3249 354 3380 422 quia
3414 367 3536 407 caro
3574 357 3627 408 et

316 453 425 512 sari
440 495 457 523 ,
488 460 585 509 aut
618 453 945 511 necessitate
978 461 1189 512 natum
1227 454 1613 527 aliquantisper
1635 470 1667 511 a
1694 468 1917 510 summa

316 544 652 620 perfectione
667 546 947 605 recedere.
963 549 1102 606 Haec
1118 548 1270 606 enim
1290 556 1422 606 sunt
1438 556 1647 620 septem
1666 546 1919 620 lapsuum

316 654 512 713 genera
538 641 593 699 in
622 640 822 713 quibus
840 650 1062 700 sanctus
1100 642 1228 700 licet
1256 656 1676 715 nonnumquam
1726 640 1915 708 cadat,

315 740 501 788 tamen
521 733 703 805 justus
753 748 871 790 esse
899 750 1013 791 non
1061 734 1291 804 desinit;
1332 750 1456 807 quae
1485 733 1736 807 quamvis
1785 732 1918 787 levia

316 839 434 881 esse
478 823 773 882 videantur
798 840 863 882 ac
908 843 1101 900 parva,
1152 836 1339 884 tamen
1391 826 1601 884 faciunt
1642 841 1772 882 eum
1798 824 1919 881 sine

316 921 541 987 peccato
563 927 682 970 esse
710 929 826 971 non
850 929 1027 987 posse.
1058 914 1238 973 Habet
1256 914 1409 973 enim
1437 930 1536 987 pro
1560 913 1758 986 quibus
1774 927 1918 985 quo-

316 1005 580 1063 tidianam
596 1022 803 1080 gerens
830 1008 1231 1081 plenitudinem
1244 1047 1261 1076 ,
1305 1016 1361 1066 et
1403 1007 1616 1066 veniam
1656 1005 1919 1064 veraciter

315 1098 513 1157 debeat
534 1101 841 1172 postulare,
870 1110 928 1159 et
952 1119 1053 1175 pro
1077 1103 1193 1160 suis
1216 1102 1591 1161 indesinenter
1608 1116 1767 1158 orare
1797 1115 1919 1172 pec-

316 1192 469 1262 catis,
488 1191 677 1251 dicens
701 1212 719 1250 :
741 1198 965 1259 Dimitte
991 1198 1338 1254 nobisdebita
1363 1196 1775 1262 nostra(Matth.
1800 1197 1910 1261 vr).

315 1286 393 1349 Et.
427 1294 495 1345 ut
516 1287 940 1347 evidentissimis
986 1289 1285 1363 probemus
1308 1286 1576 1361 exemplis
1618 1294 1673 1342 et
1696 1301 1912 1342 errasse

313 1382 609 1443 numellas
632 1393 974 1453 sanctorum,
1004 1392 1061 1442 et
1079 1393 1269 1447 tamen
1288 1399 1318 1440 a
1341 1398 1442 1451 sua
1464 1398 1579 1440 non
1601 1380 1917 1438 discessisse

305 1474 542 1547 iustitia,
570 1488 722 1538 certe
763 1480 856 1537 ille
900 1480 1247 1538 beatissimus
1280 1487 1340 1536 et
1369 1477 1747 1551 apostolorum
1797 1475 1914 1532 exi-

311 1568 460 1627 mius
504 1574 729 1641 Petrus,
759 1573 895 1646 quid
917 1573 1067 1632 aliud
1094 1571 1407 1631 credendus
1446 1578 1532 1630 est
1552 1569 1724 1629 fuisse
1744 1584 1916 1641 quam

309 1670 553 1736 sanctus,
584 1668 891 1737 presertim
918 1668 973 1725 id
998 1668 1269 1740 temporis
1297 1682 1410 1739 quo
1436 1666 1488 1723 ei
1512 1681 1544 1721 a
1566 1664 1802 1722 Domino
1829 1663 1918 1721 di-

2029 452 2254 521 sanguis
2273 464 2377 505 non
2390 448 2645 503 reuelauit
2666 448 2787 514 tibi,
2813 446 2908 501 sed
2918 448 3083 501 Pater
3100 460 3268 510 meus,
3298 446 3397 515 qui
3411 448 3468 500 in
3479 447 3621 502 cwlis

2029 550 2134 612 est;
2156 549 2206 600 et
2235 542 2490 600 tibidabo
2511 542 2678 598 claues
2702 544 2861 611 regni
2883 542 3151 604 calorum,
3181 545 3233 596 et
3254 541 3625 611 quodcumque

2029 638 2273 706 ligaveris
2317 651 2480 705 super
2517 638 2742 697 terram,
2771 636 2873 689 erit
2900 635 3128 702 ligatum
3152 637 3204 688 et
3248 635 3307 688 in
3353 635 3530 702 catis;
3573 639 3626 690 et

2029 732 2392 802 quodcumque
2419 729 2633 785 solveris
2658 744 2821 799 super
2844 731 3068 795 terram,
3098 728 3204 781 erit
3225 728 3458 782 solutum
3487 732 3538 782 et
3566 729 3623 783 in

2028 827 2168 882 oculis
2184 824 2398 895 (Matth.
2424 823 2579 895 xxv).
2608 821 2755 891 Quid
2778 820 2880 877 hac
2897 820 3193 877 Dominica
3213 820 3373 877 laude
3394 820 3627 892 praecla-

2026 920 2185 976 rius?
2213 916 2362 989 Quid
2404 917 2510 974 hac
2538 924 2811 989 potestate
2840 931 2907 972 ac
2934 915 3277 972 beatitudine
3302 922 3484 987 potest
3509 928 3628 972 esse

2026 1010 2357 1068 sublimius?
2381 1012 2452 1066 Et
2487 1018 2678 1065 tamen
2705 1016 2833 1081 post
2874 1008 3180 1081 paululum,
3203 1023 3334 1064 cum
3362 1008 3628 1080 ignorans

2030 1104 2354 1176 mysterium
2381 1103 2666 1174 passionis,
2700 1109 2873 1159 tantm
2914 1101 3130 1158 utilitati
3164 1104 3330 1172 [Lips.
3362 1104 3422 1156 in
3449 1116 3624 1171 marg.

2027 1194 2294 1264 utilitatis]
2319 1194 2547 1249 humani
2576 1194 2794 1264 generis
2818 1192 3020 1247 inscius
3059 1193 3330 1262 obviaret,
3384 1192 3577 1249 dicens
3609 1211 3623 1248 :

2022 1288 2220 1344 Absita
2248 1291 2318 1351 te,
2357 1287 2617 1349 Domine,
2659 1300 2765 1340 non
2805 1286 2907 1339 erit
2950 1284 3055 1339 tibi
3090 1285 3183 1338 hoc
3196 1304 3214 1351 ,-
3245 1293 3492 1340 meretur
3521 1299 3625 1340 au-

2024 1378 2184 1436 dire:
2222 1379 2374 1436 Vade
2403 1382 2524 1449 post
2562 1394 2663 1445 me,
2710 1379 2965 1441 Satanas,
3016 1378 3326 1433 scandalum
3372 1394 3424 1434 es
3464 1380 3623 1443 mihi,

2024 1477 2153 1545 quia
2163 1490 2268 1529 non
2290 1475 2440 1544 sapis
2464 1488 2525 1528 ea
2548 1488 2667 1542 quce
2694 1474 2795 1527 Dei
2815 1475 2962 1535 sunt,
2989 1471 3082 1526 sed
3103 1487 3164 1525 ea
3196 1488 3317 1541 qua:
3332 1472 3620 1543 :hominum

2027 1569 2233 1641 (Ibid).
2252 1564 2671 1639 Numquidnam
2688 1581 2817 1622 cum
2828 1564 2917 1621 his
2932 1580 3062 1621 eum
3081 1564 3259 1620 verbis
3282 1563 3397 1636 ipsa
3416 1568 3439 1596 ³
3452 1564 3623 1637 sequi-

2024 1670 2113 1719 tas
2156 1663 2482 1734 increparet,
2513 1653 2659 1717 baut
2708 1674 3060 1733 nequaquam
3115 1656 3393 1727 cecidisse,
3438 1666 3532 1714 aut
3567 1657 3623 1714 in

1408 1819 1665 1877 ALARDI
1701 1818 1926 1874 (ΞΑΖᾹΞΙ
1960 1814 2525 1873 COMMENTARIUS.

310 1960 496 2035 aliquo
520 1962 651 2036 ﬁdei
677 1944 929 2036 articulo,
970 1979 1023 2036 γ.
1067 1979 1144 2036 g.,
1175 1967 1265 2022 An
1291 1968 1365 2036 sit
1398 1968 1832 2036 purgatorium?
1856 1970 1909 2019 et
1942 1969 1990 2030 Β
2019 1962 2180 2036 Quod
2220 1970 2281 2036 ut
2307 1962 2510 2036 magis
2558 1969 2774 2036 constet
2819 1962 3198 2036 ipsosMPatres
3229 1961 3401 2036 satius
3446 1958 3615 2019 fuerit

310 2032 426 2091 non
452 2033 566 2090 vult
603 2034 854 2093 assentiri
892 2032 1213 2107 etﬁrmiter
1239 2032 1490 2103 credere,
1515 2032 1666 2107 quod
1692 2036 1912 2107 quidem
2020 2032 2137 2091 suis
2169 2033 2349 2107 verbis
2382 2032 2576 2089 audire
2617 2032 2919 2105 loquentes.
2950 2033 3040 2089 Sic
3068 2033 3261 2107 igitur
3278 2032 3615 2107 Chrysosto-

310 2111 399 2160 est
444 2113 728 2178 peccatum
772 2105 1144 2178 mortiferum.
1202 2109 1346 2164 Nam
1389 2116 1450 2164 ut
1480 2102 1566 2163 ait
1606 2102 1919 2178 Stephanus
2020 2106 2395 2178 mus(Homil.
2445 2108 2517 2161 45
2542 2107 2602 2159 in
2631 2102 2895 2178 Matth):
2939 2105 3084 2173 Quid
3108 2102 3199 2160 'est
3242 2105 3357 2178 hoc,
3395 2102 3608 2178 inquit,

310 2111 399 2160 est
444 2113 728 2175 peccatum
772 2111 1144 2165 mortiferum.
1202 2111 1346 2164 Nam
1389 2116 1450 2164 ut
1486 2111 1566 2163 ait
1606 2111 1913 2178 Stephanus

310 2177 670 2300 ξ’εὲυὲῗέτὲ
689 2177 1573 2300 ἷξεέῖῖξίἕέιξίένιθίὲέςτέὲηυξίῇέλ
1582 2177 1913 2300 limit?

405 2248 499 2300 est.
531 2250 601 2303 Et
618 2249 686 2301 D.
703 2247 1014 2304 B'ernardus
1037 2247 1237 2306 {Fides
1257 2249 1573 2318 ambiguum
1594 2264 1701 2302 non
1721 2248 1909 2314 habet;

478 2320 538 2398 si
563 2319 902 2398 habef._ﬂdes
936 2334 1045 2375 non
1080 2325 1191 2398 est._
1212 2322 1281 2376 Et
1302 2319 1422 2398 hac
1449 2318 1776 2388 inﬁdelitas,
1807 2333 1904 2374 seu

349 2386 578 2463 ubitatio
602 2388 670 2463 de
701 2386 807 2463 ﬁde
832 2398 1013 2463 potest
1035 2406 1149 2463 esse
1175 2391 1233 2446 in
1248 2396 1473 2463 puncto,
1494 2406 1594 2447 seu
1622 2386 1905 2463 momento

309 2459 590 2532 temporis
621 2460 792 2532 (quia
828 2459 1119 2517 voluntatis
1160 2459 1412 2518 assensus
1458 2477 1571 2517 non
1610 2459 1811 2532 pendet
1838 2475 1903 2515 ex

308 2537 562 2603 tempore
584 2530 601 2603 )
626 2550 639 2585 :
670 2530 725 2587 et
750 2530 796 2586 si
832 2532 1135 2603 voluntaria
1162 2541 1274 2600 est,
1306 2532 1471 2587 etiam
1500 2530 1749 2603 mortalis
1786 2537 1903 2597 est,

307 2614 422 2656 non
464 2601 650 2657 minus
677 2617 845 2674 quam
876 2601 1165 2660 delectatio
1200 2617 1444 2667 morosa,
1491 2603 1656 2657 etiam
1696 2601 1750 2655 in
1780 2615 1901 2656 mo-

308 2677 504 2735 mento
520 2712 536 2740 ,
560 2672 868 2730 secundum
892 2689 1084 2741 omnes
1108 2676 1186 2741 (S.
1213 2676 1462 2741 Tho.2-2,
1483 2689 1537 2743 q.
1574 2678 1662 2740 10,
1686 2676 1796 2732 art.
1829 2678 1859 2726 7
1884 2690 1901 2739 ;

309 2746 360 2813 et
380 2742 548 2813 Cajet.
570 2744 673 2809 ib.;
690 2744 949 2813 Majorin.
975 2760 1075 2811 ιη,
1095 2744 1224 2800 dist.
1254 2749 1352 2813 25;
1378 2745 1676 2801 Panormit.
1722 2745 1779 2797 in
1799 2758 1843 2797 c.
1873 2752 1896 2798 1

310 2812 378 2884 de
391 2812 613 2884 lueret;
630 2812 702 2871 M.
728 2812 902 2870 Canus
920 2814 988 2869 de
1009 2818 1157 2870 Locis
1176 2816 1413 2884 Theolog.
1440 2814 1532 2884 lib,
1557 2828 1801 2883 xn,cap.
1817 2812 1897 2883 9).

311 2881 441 2955 A_lio
469 2883 635 2937 modo
678 2885 941 2955 contingit
978 2881 1416 2955 ﬁuctuarercirca
1455 2882 1656 2951 ﬁdem,
1683 2881 1798 2955 nqn
1835 2881 1900 2955 ex

312 2949 474 3030 pleno
517 2965 817 3030 consensu,
843 2949 948 3030 sed
987 2955 1067 3009 vel
1096 2970 1165 3030 ex
1191 2954 1569 3030 subrep_tione_,
1599 2949 1698 3030 seu
1737 2953 1900 3030 haesi-

311 3021 485 3105 tantia
520 3021 999 3105 ponvoluntaria,
1032 3024 1114 3078 vel
1157 3038 1225 3078 ex
1253 3021 1580 3105 negligentia
1608 3023 1697 3105 _in_
1722 3023 1902 3094 repel-

309 3088 470 3146 lenda
500 3089 870 3161 dubitatione,
916 3088 1000 3148 vel
1045 3108 1113 3149 ex
1135 3088 1371 3164 quadam
1407 3088 1902 3158 inﬁrmitatefseu

311 3160 685 3218 imbecillitate
709 3161 854 3220 ﬁdei.
874 3162 943 3219 de
963 3178 1068 3220 uua
1097 3164 1312 3220 dictum
1335 3170 1421 3218 est
1446 3164 1612 3218 Petro
1632 3183 1650 3216 :
1684 3164 1904 3219 Modica

311 3178 685 3218 tmnecnntnte
709 3178 854 3229 uoci,
874 3178 943 3219 ue
963 3178 1068 3233 qua
1097 3178 1312 3220 dictum
1335 3178 1421 3218 est
1446 3178 1612 3218 Petro
1632 3183 1650 3216 :
1684 3178 1903 3219 meum

308 3232 454 3302 ﬁdei,
472 3249 644 3302 quare
664 3234 931 3289 dubitasti
942 3237 1305 3301 (Matth.xrv)
1325 3237 1349 3289 Ρ
1368 3233 1479 3290 Ubi
1499 3233 1770 3290 dubitatio
1792 3249 1903 3289 non

307 3303 450 3359 tollit
476 3304 705 3361 omnino
749 3304 940 3362 ﬁdem.
982 3306 1084 3362 sed
1118 3305 1396 3362 modicam
1440 3313 1498 3362 et
1520 3303 1899 3362 imperfectam

448 3319 705 3390 ;.°"!9'°Q
749 3319 940 3390 ιξαθιιξρ
965 3319 1094 3390 βαι.
1118 3319 1396 3389 medicae
1440 3319 1498 3390 ςι
1520 3319 1899 3390 ιιηρεειςεξιιξω

308 3374 507 3455 arguit.
535 3373 704 3447 Atqui
750 3375 819 3431 de
843 3375 937 3432 tali
964 3375 1306 3434 haesitatione
1340 3376 1396 3432 in
1426 3373 1635 3431 theoria
1662 3373 1788 3431 ﬁdei
1819 3376 1899 3431 lo-

309 3452 497 3516 quitur
520 3443 608 3500 hic
622 3445 813 3512 abbas,
837 3446 973 3503 dum
991 3448 1137 3504 inter
1149 3448 1332 3519 culpas
1355 3448 1591 3503 veniales
1614 3454 1898 3513 recenset;

308 3514 462 3570 auod
484 3517 617 3570 satis
640 3516 878 3570 indicant
902 3517 1016 3570 insa
1048 3519 1209 3570 verba
1234 3539 1247 3570 :
1275 3519 1369 3570 Ad
1392 3522 1653 3570 nuncium
1678 3520 1738 3570 in
1775 3518 1904 3570 ﬁdei

308 3516 617 3642 mue
640 3516 878 3600 indicant
1048 3519 1209 3601 verba
1234 3516 1254 3574 Ξ
1275 3519 1369 3575 Ad
1383 3522 1653 3600 punctum
1664 3518 1903 3661 βῆμά

305 3589 745 3715 ξπὶηωὲιξιᾳυιά
772 3589 1043 3659 hwsitare,
1074 3588 1132 3647 id
1161 3596 1267 3659 est,
1295 3591 1482 3646 levner
1508 3597 1565 3646 et
1586 3605 1661 3645 im
1780 3596 1902 3645 ecte

374 3737 401 3764 ι
425 3732 546 3800 Ipsa
576 3732 838 3802 Equites,
868 3730 925 3786 id
948 3737 1058 3799 est,
1086 3730 1202 3802 ipsa
1240 3732 1475 3799 Veritas,
1512 3745 1712 3801 nempe
1738 3728 1900 3787 Chri-

303 3806 426 3855 stus
451 3802 752 3867 Dominus,
783 3803 878 3873 qui
900 3801 973 3857 de
1004 3801 1182 3873 seipso
1201 3802 1280 3857 ait
1306 3805 1439 3873 :Ego
1474 3818 1595 3859 sum
1622 3804 1734 3864 uia,
1758 3804 1899 3856 ueri-

302 3873 415 3955 tas,
431 3874 619 3955 Aetpuita
656 3876 827 3955 (toan.
851 3874 995 3955 sit).
1013 3875 1090 3951 _Et
1116 3874 1323 3955 Psaltes
1343 3873 1522 3941 regius
1549 3873 1902 3955 :Veritas‘de

302 3943 453 3995 terra
479 3945 600 3994 orta
631 3945 727 4005 est,
755 3946 807 3994 et
830 3942 1055 4010 justitia
1094 3941 1160 3995 de
1193 3942 1317 3995 caelo
1334 3944 1621 4011 prospexit
1676 3941 1894 4011 (Psalm.

304 4014 580 4081 1_._xxnv).
600 4012 695 4065 Est
708 4019 897 4066 autem
906 4009 1253 4081 emphasisin
1279 4010 1446 4081 verbo
1454 4014 1703 4081 Equites
1716 4029 1732 4081 ,-
1746 4012 1898 4081 quasi

304 4078 487 4164 dicati
497 4078 1205 4164 EquissimusDominuset
1220 4080 1422 4151 Iudex,
1439 4078 1614 4137 immo
1628 4078 1898 4152 ipsisiima

304 4150 555 4222 Equitas
580 4150 640 4208 et
662 4153 898 4209 Veritas.
1412 4150 1415 4151 ⁷
1655 4150 1667 4152 ⁷

309 4293 348 4304 Α
375 4223 403 4258 ³³
420 4223 641 4304 Phrasis
668 4223 920 4304 obscura,
942 4222 1105 4304 etsi_c
1128 4222 1496 4304 resolvenda;
1520 4221 1675 4304 quasi
1699 4220 1851 4304 dicat
1882 4242 1893 4279 :

303 4293 546 4350 Omnino
590 4293 904 4353 credendus
937 4301 1025 4351 est
1049 4297 1245 4351 Petrus
1274 4294 1356 4351 sic
1389 4310 1422 4350 a
1450 4293 1695 4349 Domino
1718 4293 1895 4349 incre-

299 4370 464 4436 patus
511 4363 794 4449 cecidisse,
838 4376 895 4449 et
920 4374 1116 4449 tamen.
1143 4366 1203 4421 in
1252 4365 1541 4449 sanctitate
1587 4364 1897 4449 etdjus‘titia

301 4434 686 4506 permansisse.
705 4437 1015 4509 Equivalet
1027 4437 1177 4493 enim
1198 4437 1473 4510 geminata
1504 4434 1722 4507 negatio
1744 4434 1897 4491 afﬁr-

301 4504 562 4591 mationi.
602 4507 710 4564 Sed
751 4509 1021 4591 quaeritur
1046 4508 1326 4591 quomodo
1350 4510 1567 4591 ‘Pet‘rus
1586 4506 1895 4591 .ceciderit,

300 4575 360 4633 id
381 4584 485 4645 est,
515 4575 816 4650 peccaverit
847 4579 1008 4650 (nihil
1034 4575 1174 4634 enim
1208 4580 1367 4634 aliud
1386 4582 1476 4650 est
1501 4578 1706 4650 cadere,
1732 4593 1898 4648 quam

291 4648 536 4733 peccare,
562 4649 641 4704 ait
660 4649 774 4721 ipse
812 4648 1088 4776 sugerius)
1120 4649 1342 4720 quando
1369 4648 1504 4704 dixit
1528 4668 1545 4702 :
1575 4649 1736 4731 Absit
1760 4666 1795 4703 a
1823 4654 1894 4712 te,

299 4723 541 4776 Domme.
561 4735 670 4775 non
689 4724 795 4776 erit
824 4726 867 4776 ti
904 4738 925 4776 ι
946 4722 1059 4776 hoc.
1084 4727 1189 4776 etc.
1214 4720 1429 4776 (Matth.
1452 4720 1601 4776 xu).
1630 4722 1729 4775 ϐω
1757 4734 1894 4776 uuae-

299 4723 541 4784 Domine,
561 4735 670 4775 non
689 4724 795 4776 erit
824 4723 927 4777 tibi
946 4723 1059 4785 hoc,
1084 4727 1189 4776 etc.
1214 4723 1429 4785 (Matth.
1452 4723 1601 4792 xu).
1630 4723 1729 4775 Cui
1757 4734 1899 4791 quae-

301 4788 468 4844 stioni
493 4791 770 4848 solvenda:
797 4791 959 4849 simul
985 4800 1043 4848 et
1065 4790 1193 4847 huic
1218 4791 1340 4847 loco
1366 4789 1698 4846 elucidando
1719 4788 1893 4846 suite-

301 4857 440 4944 eerit
462 4858 702 4944 duorum
732 4864 1083 4944 antiquorum
1105 4866 1334 4944 Patrum
1348 4868 1411 4944 et
1429 4860 1684 4916 Ecclesiae
1705 4860 1899 4917 docto-

301 4943 428 5010 rum
455 4932 761 4987 sententias
782 4932 1119 5003 hic‘referre,
1145 4942 1203 4990 et
1225 4932 1606 4990 hereticorum
1632 4947 1900 5003 perversae

301 5000 737 5076 interpretationi
778 5018 846 5058 ex
873 5002 1118 5076 adverso
1143 5019 1439 5076 opponere.
1482 5003 1587 5059 His
1627 5001 1899 5076 siquidem

300 5015 737 5083 interpretationi
778 5018 846 5058 ex
873 5015 1102 5061 adverso
1143 5019 1439 5076 opponere.
1484 5015 1587 5059 ms
1627 5015 1899 5074 siquidem

300 5071 484 5155 verbis
525 5070 834 5155 admodum
872 5073 1230 5155 insolentibus
1274 5078 1503 5132 Petrum
1526 5088 1594 5155 _e_a
1636 5073 1900 5155 de_caus_a

299 5142 748 5219 reprehendunt;
770 5143 1018 5219 ejusque
1046 5143 1241 5219 ﬁdem,
1260 5145 1609 5219 quantumlin
1621 5145 1767 5219 ipsis
1793 5152 1898 5213 est,

306 5216 524 5270 elevant
544 5224 604 5272 et
624 5215 941 5290 suggillant,
965 5217 1123 5289 quasi
1139 5215 1557 5290 stultevoluerit
1575 5215 1855 5272 Christum
1867 5231 1898 5271 a

304 5292 505 5354 morte,
534 5300 600 5341 ex
625 5285 911 5359 qua'salus
946 5285 1139 5345 nbstra
1181 5285 1482 5359 pendebat,
1510 5301 1789 5344 revocare.
1837 5289 1904 5341 At

304 5354 471 5416 longe
491 5355 603 5412 alio
626 5358 822 5416 spiritu
858 5359 1070 5416 aliaque
1092 5358 1364 5415 modestia
1391 5359 1820 5416 Chrvsostomus
1846 5364 1904 5413 et

304 5367 471 5437 longe
491 5367 603 5412 alio
626 5367 822 5427 spiritu
858 5367 1070 5486 aliaque
1092 5367 1364 5415 modestia
1391 5367 1820 5443 Chrysostomus
1846 5367 1904 5413 et

304 5426 773 5501 Hieronymusde
792 5432 956 5489 Petro
1004 5439 1287 5501 oquuntur
1314 5446 1327 5483 :
1356 5445 1622 5486 nimirum
1637 5426 1905 5501 quemad-

305 5497 541 5582 modum
574 5498 735 5582 paulo
783 5510 907 5582 ante
937 5497 1215 5559 Christum
1252 5502 1451 5582 Filium
1649 5497 1753 5582 rivi
1786 5513 1903 5555 esse

308 5569 612 5693 grotessus',
635 5570 971 5655 singularem
996 5586 1108 5645 pra:
1142 5574 1358 5657 caeterls
1388 5571 1649 5656 apostolis
1684 5571 1740 5625 in
1770 5585 1903 5626 eum

351 5637 481 5696 dem
532 5640 879 5701 ostenderat:
923 5652 999 5698 ita
1056 5661 1201 5701 nunc
1242 5644 1403 5701 illum
1455 5656 1727 5701 maiorem
1778 5656 1903 5701 erga

865 5659 879 5709 ;
923 5656 999 5698 ita
1056 5661 1201 5724 nunc
1242 5656 1409 5724 illum,
1455 5656 1741 5724 majorem
1778 5656 1904 5724 erga

310 5711 571 5798 eumdem
589 5712 873 5796 Christum
891 5728 1140 5798 amorem
1162 5710 1597 5798 demonstrasse;
1623 5723 1682 5771 et
1695 5714 1743 5769 si
1768 5710 1906 5786 quid

310 5787 582 5855 peccavit,
632 5798 696 5840 ex
746 5787 1046 5857 ignorantia
1093 5794 1150 5843 et
1197 5787 1569 5860 imprudentia
1624 5798 1902 5858 peccasse.

2021 2177 2167 2246 quod
2195 2180 2403 2239 Petrus,

2018 2248 2265 2302 uelociter
2284 2247 2493 2310 cecidit,
2522 2251 2574 2301 et
2591 2247 2874 2302 instabilis
2886 2252 2962 2302 est
2986 2246 3201 2316 effectus
3214 2248 3242 2300 ?
3260 2246 3363 2302 Sed
3377 2246 3611 2304 dicimus

2012 2332 2119 2371 non
2147 2333 2257 2373 esse
2274 2320 2474 2372 mirum
2497 2320 2550 2372 si
2569 2318 2663 2373 hoc
2684 2320 2971 2386 ignorauit,
3003 2320 3100 2387 qui
3120 2317 3187 2371 de
3208 2319 3454 2385 passione
3473 2332 3616 2372 reue.

2014 2388 2269 2444 lationem
2286 2390 2523 2444 nondum
2551 2393 2842 2458 acceperat.
2860 2389 3163 2455 Quodenim
3181 2388 3425 2444 Christus
3440 2388 3613 2443 Filius

2013 2462 2115 2515 Dei
2146 2462 2259 2514 uiui
2287 2465 2442 2527 esset,
2469 2460 2790 2514 reuelatione
2817 2460 3102 2514 didicerat.
3130 2460 3449 2525 Mysterium
3487 2474 3614 2514 uero

2013 2532 2187 2584 crucis
2214 2532 2264 2583 et
2304 2531 2705 2584 resurrectionis
2736 2529 2973 2583 nondum
2995 2530 3048 2583 ei
3072 2530 3259 2595 fuerat
3291 2529 3605 2583 revelatum.

2012 2602 2132 2674 Ipse
2156 2615 2284 2674 vero
2312 2600 2591 2674 ostendens
2608 2599 2752 2674 quod
2769 2602 3032 2674 oporteret
3067 2613 3184 2654 eum
3211 2597 3613 2674 adpassionem

2010 2670 2207 2741 uenire,
2229 2673 2448 2725 Petrum
2462 2672 2778 2741 increpauit,
2805 2680 2909 2726 etc.
2929 2672 3000 2726 D.
3029 2678 3214 2725 autem
3241 2670 3612 2741 Hieronymus

2011 2739 2068 2795 in
2096 2741 2506 2797 Commentario
2534 2739 2780 2797 Matthaai
2805 2742 2968 2811 (Vide
2995 2741 3238 2811 eumdem
3267 2743 3325 2794 in
3344 2739 3500 2809 epist.
3533 2741 3612 2797 ad

2011 2812 2292 2881 Algasiam
2312 2816 2501 2882 qucest.
2531 2811 2581 2883 8)
2609 2813 2789 2881 :Saepe
2807 2810 3073 2879 diluimus,
3096 2810 3194 2877 ait,
3210 2813 3374 2864 nimii
3393 2811 3608 2867 ardoris

2010 2885 2315 2953 amorisque
2330 2899 2496 2952 quam
2519 2885 2752 2937 maan‘mi
2774 2884 2944 2950 fuisse
2969 2885 3186 2939 Petrum
3222 2884 3281 2936 in
3319 2884 3607 2937 Dominum

2009 2953 2362 3009 Saluatorem.
2393 2955 2534 3020 Quia
2558 2970 2685 3022 ergo
2716 2959 2839 3023 post
2867 2956 3245 3023 confessionem
3280 2968 3454 3015 suam,
3494 2968 3606 3023 qua

2011 3023 2250 3086 dixerat,
2284 3026 2362 3079 Tu
2399 3039 2452 3079 es
2481 3025 2725 3081 Christus
2761 3023 3050 3093 ﬁliusJDei
3072 3026 3215 3091 uiui;
3238 3029 3289 3079 et
3314 3025 3605 3093 premium

2010 3094 2324 3160 Saluatoris,
2346 3095 2492 3164 quod
2509 3095 2786 3162 audierat,
2807 3098 3003 3151 Beatus
3027 3110 3100 3163 es,
3129 3096 3312 3152 Simon
3337 3094 3572 3163 Barjona
3582 3135 3603 3162 ,

2011 3172 2143 3238 etc.,
2172 3170 2384 3238 repente
2415 3166 2575 3221 audit
2598 3182 2633 3220 a
2651 3168 2890 3230 Domino,
2920 3171 3158 3238 oportere
3175 3182 3230 3221 se
3250 3169 3334 3221 ire
3355 3168 3609 3238 Hieroso-

2012 3235 2234 3303 lymam,
2258 3236 2448 3307 ibique
2473 3238 2647 3292 multa
2671 3239 2801 3307 pati
2811 3254 2847 3292 a
3186 3280 3202 3300 ,
3234 3241 3284 3292 et
3312 3236 3518 3304 scribis,
3553 3241 3605 3292 et

2006 3306 2344 3374 principibus
2383 3306 2737 3371 sacerdotum,
2777 3312 2828 3360 et
2850 3310 3018 3361 occidi
3040 3312 3090 3361 et
3120 3311 3280 3361 tertia
3302 3309 3392 3359 die
3417 3322 3605 3361 resur-

2444 2178 2544 2246 qui
2570 2177 2889 2233 reuelatione
2915 2178 3099 2232 Patris
3132 2177 3341 2246 potitus
3365 2179 3505 2236 erat,
3532 2176 3613 2230 sic

1935 3345 1980 3407 Ο
2006 3345 2737 3445 ξὲιῗὲἒ’ὗἰὶῖἴξίᾶ“τεέἲ’,“ὄιὶῖέῖί
2758 3345 3388 3442 ἆέεἷέιῗόὄῖιίἕὲἑὲὄηᾶ

2008 3461 2102 3500 nec
2126 3450 2286 3515 putat
2302 3448 2425 3515 ﬁeri
2444 3460 2599 3516 posse
2621 3450 2679 3500 ut
2694 3446 2865 3502 Filius
2882 3450 2977 3502 Det
2999 3445 3272 3501 occidatur
3296 3464 3311 3500 :
3343 3450 3606 3501 assumit-

2009 3532 2111 3586 que
2151 3532 2269 3571 eum
2309 3519 2368 3571 in
2395 3517 2647 3585 affectum
2691 3532 2870 3581 suum,
2895 3518 2977 3572 uel
3002 3520 3295 3587 separatim
3332 3518 3501 3583 ducit,
3537 3533 3607 3574 ne

2002 3589 2360 3657 prasentibus
2382 3590 2587 3643 deteris
2608 3589 2985 3659 condiscipulis
3003 3590 3325 3660 mgistrum
3352 3588 3607 3644 uideatur

2008 3674 2253 3727 arguere,
2283 3663 2333 3713 et
2349 3663 2504 3729 erepit
2530 3661 2806 3729 increpare
2838 3661 2995 3714 illum
3029 3663 3269 3714 amantis
3295 3660 3508 3728 affectu.
3549 3663 3603 3715 et

2007 3732 2245 3799 optantis
2259 3731 2433 3785 dicere
2450 3749 2466 3779 ς
2483 3730 2645 3785 Absit
2658 3746 2693 3785 a
2721 3735 2790 3794 te,
2818 3734 3057 3787 Domine.
3087 3732 3184 3799 Vel
3208 3735 3272 3785 ut
3292 3731 3485 3786 melius
3504 3731 3603 3785 ha-

2010 3798 2165 3855 betur
2182 3804 2241 3855 in
2257 3802 2460 3868 Graeco,
2479 3799 2621 3863 ἱλέως
2646 3819 2746 3868 σοι,
2776 3801 2938 3872 Κύριε,
2967 3800 3023 3852 οὗ
3045 3798 3112 3871 μὴ
3165 3799 3305 3852 ἔσται
3326 3818 3405 3872 cor
3426 3805 3598 3869 τοῦτο,

2006 3872 2103 3927 hoc
2120 3877 2217 3940 est,
2239 3874 2511 3943 propitius
2539 3874 2614 3928 sis
2651 3874 2772 3935 tibi.
2802 3874 3040 3940 Domine,
3072 3886 3176 3926 non
3202 3873 3305 3925 erit
3338 3871 3438 3925 tibi
3463 3872 3557 3943 hoc
3581 3890 3602 3926 :

2005 3958 2109 3997 non
2118 3942 2290 4012 potest
2307 3946 2444 4013 ﬁeri,
2468 3958 2561 3998 nec
2591 3945 2859 4014 recipiunt
2878 3959 3037 3999 aures
3054 3958 3204 4011 mere,
3233 3947 3297 3997 ut
3319 3944 3418 3997 Dei
3429 3942 3600 3998 Filius

2004 4015 2317 4067 occidendus
2339 4016 2434 4067 sit.
2450 4015 2543 4068 Ad
2559 4031 2717 4070 auem
2739 4019 2999 4069 Dominus
3012 4028 3287 4069 cenemus
3302 4015 3383 4067 ait
3404 4032 3420 4068 :
3449 4012 3605 4070 Vade

2254 4030 2317 4067 us
2339 4030 2434 4067 ειτι
2450 4030 2542 4068 Αα
2559 4031 2717 4069 auem
2739 4030 2999 4069 υοτηιηω
3012 4030 3287 4069 cenemus
3302 4030 3420 4068 απτ

2005 4031 2317 4067 occidendus
2339 4031 2434 4067 su.
2450 4031 2542 4068 Aa
2559 4031 2717 4082 quem
2739 4031 2999 4069 uomtnus
3012 4031 3287 4069 cenemus
3302 4031 3420 4068 au:
3458 4031 3605 4070 vaae

2005 4086 2151 4136 retro
2177 4098 2288 4145 me,
2342 4087 2539 4137 satana
2558 4123 2573 4147 ,
2626 4084 2945 4138 scandalum
2980 4085 3121 4138 mihi
3143 4099 3215 4139 es.
3257 4086 3490 4140 Satanas
3521 4086 3606 4138 in-

2006 4155 2339 4221 terpretatur
2363 4153 2729 4215 aduersarius,
2750 4156 2862 4208 siue
2877 4156 3187 4208 contrarius
3204 4172 3221 4207 :
3245 4155 3377 4223 quia
3400 4157 3604 4208 contra-

2005 4224 2112 4286 ria,
2134 4224 2347 4292 inquit;
2361 4224 2592 4292 loqueris
2615 4224 2885 4279 uoluntati
2904 4239 3054 4287 mem,
3085 4224 3236 4279 debes
3256 4224 3601 4280 aduersarius

2006 4294 2292 4364 appellari.
2325 4293 2487 4350 Multi
2492 4297 2715 4364 putant,
2740 4296 2996 4364 quodnon
3010 4298 3201 4351 Petrus
3224 4301 3491 4365 correptus
3505 4297 3599 4359 sit,

2006 4365 2100 4417 sed
2126 4365 2471 4417 aduersarius
2494 4366 2724 4417 spiritus
2739 4366 2816 4417 (id
2843 4374 2944 4417 est.
2970 4366 3240 4417 diabolusl
3270 4369 3370 4417 aui
3386 4368 3496 4417 hac
3517 4367 3599 4417 di-

2004 4506 2153 4575 ιίοιιει
2175 4506 2228 4590 9?
2255 4507 2768 4590 semiermes
2792 4511 3022 4590 amem,
3050 4525 3346 4590 ηυηκιιιαηι
3371 4506 3601 4590 aerati-

2002 4590 2125 4631 sum
2152 4578 2359 4634 diaboli
2382 4579 2674 4634 uidebitur.
2687 4581 2836 4636 Vade
2852 4585 2993 4636 retro
3006 4597 3110 4643 me,
3139 4578 3332 4634 satana
3373 4579 3596 4636 Diabolo

2004 4648 2243 4704 dicitur:
2266 4650 2417 4707 Vade
2449 4655 2592 4705 retro
2620 4652 2834 4717 (Matth.
2868 4651 2962 4717 ιν).
3001 4655 3185 4706 Petrus
3212 4650 3373 4704 audit
3402 4668 3420 4703 :
3452 4648 3601 4705 Vade

904 4722 1189 4792 ihoc,_etc.
1214 4720 1429 4792 (Matth.
1452 4720 1601 4792 xxi).
1630 4720 1729 4792 Cui
1757 4734 1901 4792 quae.
1927 4723 1976 4784 ι)
2006 4724 2149 4773 retro
2169 4735 2281 4774 me:
2304 4721 2398 4775 hoc
2421 4725 2517 4784 est,
2543 4736 2760 4791 sequere
2783 4720 3105 4776 sententiam
3121 4736 3321 4785 meam;
3347 4722 3479 4789 quia
3493 4735 3603 4792 non

2005 4793 2159 4860 sapis
2186 4806 2247 4845 ea
2263 4805 2382 4860 qua
2406 4793 2506 4846 Dei
2515 4797 2664 4857 sunt,
2698 4792 2921 4861 sedqua:
2939 4792 3230 4846 hominum.
3259 4794 3388 4848 Mea:
3415 4791 3604 4846 uolun-

2008 4863 2138 4915 tatis
2165 4866 2262 4923 est,
2301 4865 2352 4915 et
2381 4864 2561 4917 Patris
2585 4862 2757 4932 (cujus
2782 4865 2903 4916 ueni
2926 4864 3102 4930 facere
3128 4862 3504 4928 uoluntatem),
3539 4865 3601 4917 ut

2000 4946 2105 5002 pro
2130 4932 2405 4986 hominum
2432 4932 2608 4986 salute
2620 4934 2848 5000 moriar;
2867 4936 2925 4987 tu
2953 4937 3103 4988 mam
3128 4938 3343 4989 tantum
3369 4934 3604 4989 conside.

2007 5017 2139 5057 rans
2169 5003 2517 5065 uoluntatem,
2548 5018 2655 5057 non
2687 5006 2769 5059 uis
2799 5019 3029 5073 granum
3072 5005 3277 5065 cadere.
3304 5008 3366 5060 ut
3407 5005 3603 5059 multos

2005 5074 2220 5148 [ructus
2242 5073 2457 5148 afferat.
2485 5074 2783 5146 Hucusque
2806 5077 2876 5131 D.
2902 5075 3294 5148 Hieronymus.
3329 5078 3373 5130 E
3401 5074 3604 5148 quibus

2008 5143 2284 5217 discimus
2300 5147 2542 5217 Petrum,
2589 5143 2862 5217 satanam,
2901 5160 3016 5217 non
3027 5143 3195 5217 (quasi
3233 5143 3454 5217 proprio
3483 5143 3605 5217 dia-

2010 5213 2256 5288 boli,sed
2277 5215 2428 5288 quasi
2444 5215 2726 5288 communi
2746 5215 3036 5288 adversarii
3056 5213 3317 5288 iocabqu
3338 5213 3369 5269 a
3381 5214 3605 5288 Christo

2011 5285 2178 5359 fuisse
2211 5285 2562 5359 appellatam,
2592 5287 2720 5359 quia
2761 5287 2864 5342 sibi
2917 5302 3016 5358 pro
3071 5286 3397 5359 hominum,
3430 5285 3602 5341 salute

2012 5357 2153 5412 mori
2193 5358 2393 5413 volenti
2427 5357 2832 5424 adversabatur,
2863 5357 3101 5413 ettanta
3125 5358 3359 5412 utilitati
3381 5358 3609 5413 humani

2012 5430 2242 5496 generis,
2271 5437 2334 5484 ut
2360 5427 2437 5483 sit
2463 5428 2553 5483 hic
2571 5428 2761 5496 abbas,
2787 5431 2988 5484 inscius
3002 5433 3053 5483 et
3078 5429 3389 5496 imprudens
3424 5430 3606 5484 obuia-

2013 5499 2121 5553 bat.
2155 5502 2230 5553 At
2252 5513 2350 5569 cur
2377 5513 2507 5554 eum
2537 5498 2786 5555 Christus
2823 5507 2939 5555 tam
2970 5499 3171 5555 acriter
3208 5500 3603 5569 reprehendit?

2012 5568 2329 5640 Respondet
2362 5569 2708 5625 Maldonatus
2733 5572 2826 5635 (In
2874 5576 3155 5626 comment.
3200 5568 3398 5628 Matth.
3441 5572 3600 5639 1m),

2012 5642 2133 5699 Non
2166 5644 2278 5696 tam
2303 5641 2449 5711 quod
2481 5643 2627 5697 Petri
2651 5642 2830 5712 culpa,
2867 5643 3028 5712 siqua
3059 5647 3237 5698 tamen
3271 5645 3406 5711 fuit,
3435 5655 3603 5712 quam

2014 5712 2157 5784 quod
2184 5715 2267 5768 rei
2286 5714 2353 5768 de
2372 5729 2479 5783 qua
2495 5712 2778 5782 agebatur,
2790 5714 3112 5782 magnitudo
3130 5716 3455 5784 merebatur.
3474 5713 3602 5765 Jan-

2013 5783 2198 5841 senius
2238 5798 2369 5841 vero
2420 5784 2711 5857 (Concord.
2768 5800 2956 5855 euang.
3005 5784 3107 5857 66)
3150 5802 3162 5839 :
3214 5783 3602 5855 Imprudenter,
