4040 6194
401 252 532 306 I239

1473 235 1752 293 JOANNIS
1787 231 2090 289 CASSIANI
2126 219 2613 284 COLLATIONES.

3566 216 3711 272 1240

394 370 680 427 sanctitate
723 377 888 438 atque
911 364 1132 438 justitia
1155 378 1266 418 non
1303 359 1667 433 permansisse
1687 355 1992 414 credendus
2018 368 2070 420 Α
2098 365 2312 422 corpore
2339 347 2529 402 mortis
2551 345 2713 414 hujus
2733 345 2760 397 ?
2779 343 2976 400 Gratia
3111 355 3208 409 per
3229 341 3408 395 Iesum
3428 337 3710 396 Christum

399 467 516 520 est?
537 462 684 532 Quid
709 462 802 516 illo
831 460 996 515 etiam
1021 465 1267 527 tempore
1289 458 1311 486 ⁸
1344 451 1619 524 numquid
1639 451 1856 506 ruinam
1873 462 1996 502 ma-

400 555 599 613 nifeste
629 554 909 628 negandus
929 561 1016 609 est
1043 551 1352 622 pertulisse,
1375 563 1483 621 quo
1505 545 1858 611 imminente,
1879 557 1996 613 per-

400 659 720 706 secutorum
764 655 934 712 metu,
980 655 1061 701 ter
1105 644 1410 700 Dominum
1449 655 1652 712 negare
1684 635 1997 708 compulsus

401 751 520 802 est?
549 744 653 800 Sed
680 741 986 806 confestim,
1017 737 1356 812 pmnitudine
1382 735 1766 806 subsequente,
1784 725 1810 763 ¹³
1840 746 1999 786 ama-

409 837 642 896 rissimis
676 835 930 909 lacrymis
954 835 1230 890 maculam
1262 831 1399 887 tanti
1428 827 1673 885 criminis
1695 823 1964 881 abluendo
1982 861 1997 888 ,

411 934 714 992 sanctitatis
728 942 890 1004 atque
905 931 1130 1005 justitia:
1152 929 1413 985 meritum
1429 943 1540 982 non
1565 924 1753 981 amisit
1781 922 1997 994 (Matth.

411 1031 608 1104 xxw).
646 1034 729 1086 De
775 1031 892 1101 ipso
923 1029 1090 1102 igitur
1129 1044 1192 1082 ac
1229 1027 1296 1082 de
1335 1025 1450 1097 ejus
1496 1022 1762 1079 similibus
1797 1018 2002 1075 sanctis

414 1126 550 1184 illud
578 1129 741 1183 etiam
763 1125 910 1198 quod
931 1143 962 1182 a
980 1124 1157 1180 David
1183 1122 1402 1177 canitur
1428 1120 1695 1175 debemus
1719 1117 1999 1188 accipere:

414 1229 464 1282 A
490 1229 713 1281 Domino
737 1239 946 1292 gressus
990 1223 1216 1275 hominis
1244 1221 1579 1286 diriguntur,
1620 1220 1672 1270 et
1706 1215 1851 1268 viam
1889 1205 2002 1280 ejus

415 1321 738 1376 voletnimis.
767 1319 896 1374 Cum
920 1317 1189 1378 ceciderit,
1216 1331 1318 1368 non
1336 1313 1636 1374 collidetur,
1665 1313 1797 1380 quia
1826 1312 2007 1364 Domi-

418 1432 519 1470 nus
545 1417 796 1486 supponit
825 1430 1043 1468 manum
1065 1429 1219 1468 suam
1247 1414 1365 1477 (Ps.
1395 1408 1626 1477 xxxvr).
1668 1406 1836 1477 Cujus
1861 1405 2005 1460 enim

419 1529 637 1586 gressus
665 1531 695 1569 a
725 1513 964 1569 Domino
984 1512 1316 1584 diriguntur,
1342 1507 1472 1582 quid
1497 1505 1647 1563 aliud
1673 1512 1853 1577 potest
1884 1520 2004 1560 esse

419 1625 588 1682 quam
603 1612 832 1682 justus?
863 1609 934 1665 Et
952 1618 1132 1665 tamen
1157 1607 1224 1664 de
1243 1607 1346 1663 hoc
1373 1606 1493 1678 ipso
1517 1603 1718 1660 dicitur
1746 1622 1757 1657 :
1787 1618 1904 1658 cum
1918 1617 2003 1657 ce-

421 1707 638 1778 ciderit,
687 1725 793 1762 non
829 1707 1126 1762 collidetur.
1160 1704 1304 1774 Quid
1341 1711 1425 1759 est
1447 1719 1565 1757 cum
1599 1703 1868 1770 occule-rit,
1909 1699 2007 1755 nisi

420 1817 550 1857 cum
576 1802 788 1875 lapsum
819 1803 1027 1876 peccati
1045 1801 1276 1872 alicujus
1302 1798 1639 1854 incurrerit?
1667 1799 1784 1856 Non
1807 1797 2008 1852 collide-
2038 1813 2087 1875 Β

423 1907 532 1964 tur,
563 1900 756 1973 inquit,
776 1900 834 1956 id
853 1910 957 1970 est,
1002 1914 1353 1972 nequaquam
1365 1897 1457 1954 diu
1472 1896 1817 1969 opprimetur
1838 1896 2010 1952 incur-

420 1997 574 2052 sione
617 1998 873 2070 peccatu:
895 1997 989 2054 sed
1021 1997 1148 2053 licet
1175 1994 1244 2072 ad
1278 2009 1518 2066 prmsens
1555 1993 1800 2050 videatur
1829 1994 2007 2059 elisus,

421 2103 612 2150 tamen
649 2094 834 2151 divino
875 2094 1024 2168 quod
1055 2093 1317 2165 implorat
1343 2100 1554 2148 erectus
1581 2090 1806 2155 auxilio,
1844 2090 2007 2147 celeri

420 2193 818 2250 resurrectione
849 2193 1206 2248 stabilitatem
1229 2191 1458 2262 justitia:
1496 2205 1604 2245 non
1649 2189 1894 2245 amittit:
1922 2189 2004 2247 vel

421 2288 635 2344 etiamsi
665 2289 733 2344 ad
779 2303 1019 2360 praesens
1062 2304 1161 2360 per
1197 2287 1542 2358 fragilitatem
1584 2287 1762 2344 carnis
1810 2287 2013 2358 aliquid

423 2385 731 2453 admiserit,
761 2385 1130 2456 suppositione
1145 2399 1345 2439 manus
1375 2382 1682 2439 Dominica:
1709 2382 2009 2455 reparabit.

423 2482 540 2536 Nec
567 2479 715 2534 enim
744 2488 967 2536 sanctus
995 2495 1115 2536 esse
1142 2479 1341 2535 desinit
1363 2485 1488 2552 post
1513 2479 1747 2548 ruinam,
1770 2479 1861 2551 qui
1887 2495 2015 2536 cum

426 2592 483 2634 se
513 2575 714 2633 ﬁducia
739 2593 969 2650 operum
1002 2593 1232 2634 suorum
1267 2577 1553 2649 justiﬁcari
1578 2593 1690 2633 non
1717 2593 1878 2649 posse
1925 2595 2018 2634 co-

428 2681 678 2745 gnoscat,
716 2682 773 2729 et
802 2674 971 2730 tantis
1007 2683 1358 2745 peccatorum
1395 2673 1628 2730 nexibus
1668 2675 1860 2732 credat
1901 2679 2017 2734 sola

427 2772 649 2828 Domini
665 2773 836 2844 gratia
856 2772 1223 2842 liberandum,
1238 2788 1364 2829 cum
1387 2773 1652 2844 Apostolo
1683 2775 2018 2844 proclamare

427 2885 545 2928 non
599 2871 796 2928 desinit
827 2893 838 2927 :
872 2874 1075 2942 Infelix
1103 2888 1192 2941 ego
1222 2872 1394 2937 homo,
1423 2873 1544 2941 quis
1568 2887 1650 2926 me
1670 2869 1927 2927 liberabit
1953 2875 2018 2929 de

2105 449 2398 505 Dominum
2427 447 2669 498 nostrum
2694 442 2871 507 (Rom.
2901 436 3039 507 vn).

2686 537 2919 596 CAPUT
2956 537 3113 592 XIV.

2106 642 2372 713 Quomodo
2391 638 2797 713 intelligendum
2816 637 2886 713 sit
2905 635 3044 689 illud
3072 634 3322 713 {ipostoli
3353 652 3371 687 :
3404 635 3530 692 Non
3565 638 3710 692 enim

2553 707 2696 780 quod
2713 708 2828 762 volo
2858 707 3050 761 bonum
3077 707 3246 774 facio.

2177 817 2322 872 Nam
2351 829 2476 869 cum
2528 811 2807 884 apostolus
2831 810 3032 866 Paulus
3069 806 3516 864 inaestimabilem
3546 809 3712 882 abys-

2106 925 2230 966 sum
2259 907 2545 980 puritatis,
2583 902 2961 960 resistentibus
3000 900 3403 974 cogitationum
3448 902 3710 972 testibus,

2110 999 2384 1073 penetrari
2412 999 2482 1055 ab
2511 997 2738 1053 homine
2764 1011 2881 1051 non
2909 989 3066 1066 posse
3091 1008 3447 1065 cognoscens,
3479 993 3576 1050 diu
3609 1010 3707 1052 ve-

2111 1096 2190 1151 lut
2229 1110 2320 1165 per
2351 1091 2619 1167 profunda
2651 1091 2908 1164 jactatus,
2954 1096 3081 1144 ante
3119 1085 3393 1143 dixisset:
3426 1091 3542 1145 Non
3566 1091 3710 1144 enim

2110 1191 2255 1260 quod
2298 1189 2414 1243 volo
2458 1188 2670 1249 bonum,
2701 1186 2866 1253 facio,
2897 1183 2991 1238 sed
3017 1181 3161 1251 quod
3205 1181 3299 1236 odi
3341 1181 3571 1244 malum,
3621 1183 3715 1238 hoc

2111 1300 2209 1352 ago
2239 1285 2409 1347 (Rom.
2442 1280 2574 1351 vn).
2603 1282 2673 1334 Et
2698 1293 2920 1334 rursum
2948 1293 2962 1329 :
2992 1277 3056 1332 Si
3073 1280 3258 1330 autem
3286 1275 3432 1344 quod
3453 1275 3595 1338 nolo,
3617 1276 3718 1333 hoc

2111 1378 2284 1444 facio;
2301 1376 2421 1444 jam
2453 1389 2558 1428 non
2585 1388 2679 1441 ego
2721 1385 2910 1441 operor
2934 1368 3106 1430 illud,
3136 1367 3230 1422 sed
3249 1368 3396 1436 quod
3423 1368 3638 1422 habitat
3654 1370 3716 1422 in

2115 1487 2196 1526 me
2222 1474 2495 1540 peccatum
2517 1485 2533 1520 :
2563 1472 2613 1521 et
2636 1465 2965 1521 condelector
3005 1463 3114 1531 legi
3137 1464 3237 1518 Dei
3258 1462 3553 1516 secundum
3581 1464 3718 1516 inte-

2112 1567 2307 1618 riorem
2329 1563 2623 1628 hominem;
2643 1560 2800 1614 video
2821 1563 3002 1612 autem
3019 1557 3191 1611 aliam
3214 1557 3373 1625 legem
3388 1558 3445 1610 in
3459 1555 3715 1610 merubris

2112 1658 2243 1712 meis
2269 1660 2654 1726 repugnantem
2691 1651 2799 1723 legi
2832 1654 3024 1706 mentis
3062 1665 3205 1713 mea,
3233 1654 3284 1704 et
3307 1653 3583 1719 captivum
3623 1665 3710 1705 me

2120 1749 2395 1804 ducentem
2442 1751 2500 1802 in
2529 1749 2695 1816 legem
2715 1747 2924 1815 peccati
2955 1759 3080 1814 qua:
3112 1747 3186 1798 est
3211 1744 3267 1794 in
3299 1741 3554 1795 membris
3579 1743 3714 1796 meis

2126 1843 2302 1917 (ibid.)
2321 1863 2337 1910 -,
2358 1840 2509 1899 omni
2536 1840 2616 1895 vel
2643 1854 2740 1895 sua
2764 1837 2849 1893 vel
2865 1844 3075 1892 naturae
3095 1834 3268 1908 ipsius
3291 1833 3580 1907 fragilitate
3596 1849 3722 1906 per-

2117 1946 2322 2010 specta,
2347 1945 2462 1991 tam
2499 1935 2785 1990 immensa:
2824 1929 3128 1987 altitudinis
3153 1927 3406 1984 vastitate
3445 1928 3711 1984 conterri-

2120 2040 2239 2099 tus,
2269 2029 2338 2086 ad
2361 2027 2695 2084 tutissimum
2740 2032 2962 2096 portum
2999 2021 3169 2079 divini
3210 2020 3468 2094 confugit
3500 2021 3717 2090 auxilii;

2120 2134 2172 2182 et
2195 2124 2347 2196 quasi
2366 2123 2435 2180 de
2458 2120 2659 2193 navigii
2685 2119 2769 2176 sui
2800 2117 3054 2176 oneribus
3082 2116 3432 2174 mortalitatis
3460 2116 3721 2188 oppressi,

2119 2217 2356 2273 naturali
2380 2214 2698 2272 inﬁrmitate
2723 2212 3040 2285 desperans,
3066 2210 3138 2268 ab
3169 2226 3237 2267 eo
3265 2210 3356 2267 cui
3388 2209 3721 2282 impossibile

2121 2309 2257 2366 nihil
2286 2318 2391 2376 est,
2422 2306 2833 2380 naufragiorum
2857 2303 3099 2377 deposcit
3127 2302 3404 2368 remedia,
3437 2318 3563 2358 cum
3585 2317 3720 2374 quo-

2121 2401 2251 2459 dam
2279 2401 2574 2458 miserabili
2589 2398 2894 2456 vociferans
2910 2397 3116 2470 ejulatu
3137 2416 3155 2451 :
3175 2407 3198 2430 ο
3216 2396 3426 2463 Infelix
3439 2412 3527 2464 ego
3551 2396 3717 2457 homo,

2122 2500 2240 2569 quis
2266 2513 2348 2552 me
2372 2496 2618 2551 liberabit
2642 2495 2708 2550 de
2731 2509 2943 2564 corpore
2956 2494 3142 2547 mortis
3171 2491 3333 2561 hujus
3362 2491 3548 2562 (Ibid.)
3564 2493 3587 2545 ἓ
3605 2489 3721 2545 Sta-

2123 2591 2333 2662 timque
2355 2587 2765 2644 absolutionem
2788 2600 2957 2658 quam
2987 2580 3302 2654 desperavit
3328 2580 3400 2638 de
3429 2579 3723 2636 imbecilli-

2123 2693 2233 2740 tate
2260 2691 2495 2750 naturaa,
2523 2680 2588 2737 de
2615 2680 2717 2736 Dei
2763 2677 3103 2752 benignitate
3145 2676 3512 2746 prmsumpsit,
3552 2674 3722 2730 conﬁ-

2124 2778 2320 2836 denter
2345 2778 2646 2850 adjungens
2675 2797 2685 2832 :
2719 2764 2746 2809 δ
2771 2778 2966 2835 Gratia
2999 2775 3098 2830 Dei
3114 2789 3211 2844 per
3241 2773 3507 2829 Christum
3528 2771 3720 2826 Domi—

2125 2889 2253 2928 num
2281 2875 2522 2925 nostrum
2545 2869 2724 2942 (Ibid)

1528 2976 1780 3030 ALARDI
1818 2977 2045 3035 GAZzEl
2079 2975 2634 3036 COMMENTARIUS.

433 3079 629 3156 inquit,
643 3084 766 3151 jam
795 3090 846 3156 et
869 3087 983 3139 sine
1005 3086 1319 3140 discretwne
1348 3084 1630 3137 Dominum
1657 3083 1896 3136 amabat.
1928 3083 2022 3139 Co-
2061 3089 2106 3152 (ζ
2133 3085 2271 3156 lium
2300 3083 2493 3156 gratia:
2521 3097 2638 3139 suae
2673 3080 3152 3156 subministrante,
3205 3087 3263 3136 et
3290 3093 3386 3135 eos
3414 3076 3722 3156 misericor-

435 3153 607 3223 gitare
628 3156 768 3206 enim
783 3155 1054 3210 debuisset
1065 3171 1185 3209 eum
1212 3170 1364 3223 quem
1397 3156 1666 3218 confessus
1681 3159 1794 3206 erat
1805 3169 1913 3207 esse
1927 3156 2024 3209 Dei

437 3221 656 3282 Filium,
679 3224 821 3276 nihil
828 3226 1192 3294 increpatione
1219 3221 1446 3292 dignum
1458 3229 1554 3276 aut
1571 3229 1830 3290 agereaut
1849 3225 2024 3280 dicere

431 3305 614 3360 posse;
631 3293 924 3362 expendere
941 3293 1067 3349 item
1088 3296 1230 3364 quod
1245 3296 1473 3348 discisset
1490 3295 1769 3361 Dominus,
1787 3299 2024 3363 oportere

434 3364 508 3416 sic
531 3366 668 3431 ﬁeri,
696 3381 757 3420 ac
796 3365 912 3420 ideo
943 3369 1114 3420 visum
1141 3382 1248 3421 esse
1285 3366 1451 3420 Patri.
1502 3366 1701 3419 Verum
1739 3368 2023 3433 quominus

437 3434 544 3488 haec
568 3437 940 3505 perpenderet,
966 3441 1158 3491 amoris
1187 3437 1420 3491 nondum
1434 3437 1684 3506 perfecti,
1728 3435 1822 3490 sed
1847 3436 2024 3492 adhuc

437 3507 596 3558 nimis
621 3507 846 3558 humani
861 3508 1190 3559 vehementia
1216 3510 1367 3572 fecit.

507 3582 533 3606 ι
564 3574 789 3628 Minime
827 3575 1055 3646 scilicet.
1103 3575 1237 3643 Quis
1273 3577 1420 3630 enim
1465 3585 1627 3646 neget
1668 3583 1766 3630 aut
1806 3576 2024 3632 dubitet

437 3642 660 3697 Petrum
685 3645 934 3768 negando
955 3642 1230 3702 Christum
1258 3647 1494 3718 graviter
1523 3642 1786 3701 decidisse
1812 3655 1867 3702 et
1907 3647 2021 3702 rui-

437 3728 564 3767 nam
599 3724 753 3768 nertu
779 3721 918 3768 Isse?
967 3720 1136 3768 Fuere
1168 3727 1352 3768 tamen
1376 3717 1467 3768 aui
1498 3717 1878 3768 existimarunt
1927 3720 2021 3768 Pe-

437 3728 564 3767 nam
599 3717 918 3784 pertulisse?
966 3720 1136 3772 Fuere
1168 3717 1352 3772 tamen
1376 3717 1467 3787 qui
1498 3717 1878 3772 existimarunt
1927 3720 2022 3772 Pe-

437 3791 611 3852 trum,
649 3802 776 3841 cum
796 3789 1073 3844 Christum
1103 3788 1334 3859 negavit,
1365 3798 1462 3859 aut
1488 3804 1596 3842 non
1619 3803 1889 3858 peccasse,
1928 3797 2025 3843 aut

435 3863 579 3928 certe
649 3859 943 3914 mentitum
993 3876 1100 3914 non
1157 3858 1302 3925 esse,
1360 3858 1481 3922 sed,
1551 3860 1694 3912 salva
1759 3859 2020 3928 veritate,

436 3927 704 4006 ambigue
726 3931 989 4006 locutum.
1025 3931 1149 4006 .Nec
1171 3931 1336 3992 enim,
1363 3929 1610 4006 aiebant_,_
1634 3927 2020 3994 mentiebatur,

432 3997 527 4066 qui
575 3997 856 4069 Christum
889 3997 1202 4065 hominem,
1255 4014 1456 4069 purum
1497 3997 1720 4064 scilicet,
1763 4013 1820 4053 se
1856 4014 2018 4055 nosse

436 4067 859 4196 negabatguam
890 4074 1068 4147 Deum
1097 4067 1284 4126 verum
1327 4070 1708 4142 cognoscebat.
1735 4072 1884 4142 Quos
1914 4085 2017 4125 no-

436 4146 582 4196 tasse
633 4142 678 4195 vi
721 4151 840 4196 etur
883 4145 951 4196 D.
1004 4143 1371 4196 Hieronvmus
1419 4143 1504 4196 his
1535 4140 1714 4196 verbis
1755 4143 1838 4196 (In
1877 4157 2017 4196 com-

436 4146 582 4196 tasse
633 4140 840 4198 videtur
883 4145 951 4197 D.
1004 4143 1371 4214 Hieronymus
1401 4140 1504 4197 'his
1535 4140 1714 4196 verbis
1733 4140 1838 4214 “(In
1877 4157 2020 4196 com-

439 4217 598 4267 ment.
630 4215 823 4269 Matth.
866 4214 1037 4285 xxvr)
1062 4233 1072 4266 :
1100 4212 1522 4284 scio’quosdam,
1553 4215 1643 4281 pio
1673 4212 1868 4280 affectu
1895 4229 2028 4280 erga

439 4285 738 4352 apostolum
760 4289 996 4351 Petrum,
1024 4287 1193 4339 locum
1227 4286 1366 4338 hunc
1407 4289 1483 4338 ita
1527 4286 1924 4352 interpretatos,
1967 4289 2028 4337 ut

477 4355 671 4407 icerent
695 4358 913 4409 Petrum
938 4371 1043 4408 non
1066 4360 1233 4410 Deum
1261 4371 1492 4424 negasse,
1530 4355 1623 4408 sed
1660 4355 1940 4416 hominem,
1979 4359 2029 4408 et

441 4436 549 4476 esse
577 4438 824 4478 sensum:
863 4428 1032 4479 nescio
1061 4427 1346 4489 hominem,
1379 4428 1505 4492 quia
1545 4428 1649 4478 scio
1681 4427 1868 4478 Deum.
1920 4428 2027 4480 Hoc

440 4508 603 4564 quam
632 4496 889 4559 frivolum
923 4498 1014 4556 sit,
1036 4496 1271 4564 prudens
1301 4497 1458 4550 lector
1497 4497 1774 4562 intelligit.
1808 4499 1894 4550 Sic
1930 4496 2025 4549 de-

437 4563 673 4630 fendunt
699 4563 1121 4634 Apostolum,’ut
1143 4569 1307 4621 Deum
1339 4566 1599 4620 mendacii
1626 4581 1773 4618 reum
1797 4567 2024 4630 faciant.

437 4635 501 4690 Si
518 4638 658 4692 enim
690 4640 788 4693 iste
814 4653 920 4693 non
945 4640 1180 4707 negavit,
1212 4653 1334 4706 ergo
1366 4638 1616 4690 mentitus
1647 4641 1722 4690 est
1751 4638 2024 4699 Dominus,

439 4709 539 4774 qui
556 4708 770 4764 dixerat
789 4730 805 4764 :
827 4712 997 4767 Amen
1017 4711 1132 4764 dico
1149 4710 1268 4769 tibi,
1288 4711 1419 4778 quia
1437 4709 1534 4761 hac
1558 4713 1720 4768 nocte,
1737 4712 2027 4776 antequam

436 4779 610 4845 gallus
629 4787 828 4849 cantet,
869 4788 952 4837 ter
977 4799 1061 4838 me
1085 4781 1320 4850 negabis.
1360 4781 1523 4837 Cerne
1557 4779 1692 4848 quid
1716 4779 1864 4832 dicat
1897 4797 1912 4832 :
1943 4794 2027 4834 HE

437 4862 709 4927 naeuius,
725 4856 1122 4927 nonhominem.
1148 4857 1226 4908 Ita
1243 4853 1634 4927 Dieronymus.
1651 4856 1724 4905 At
1737 4865 2024 4927 quorsum,

440 4921 680 4988 inquies,
727 4924 832 4978 hoc
863 4925 1177 4995 exemllum
1207 4924 1406 4995 allegat
1455 4921 1683 4995 auctor,
1721 4921 1867 4990 quod
1908 4921 2026 4995 ejus

437 5003 605 5066 scopo
641 5000 695 5046 et
726 4992 1050 5066 argumento
1085 4995 1248 5066 hujus
1267 4992 1384 5066 ca'p.
1416 4993 1598 5066 potius
1620 5007 1916 5066 repugnare
1945 4992 2022 5046 vi-

433 5057 618 5128 detur,
658 5077 766 5133 quo
793 5057 956 5120 docet
983 5057 1201 5120 sancto's
1227 5074 1280 5119 et
1315 5057 1493 5134 iustos
1537 5065 1589 5118 in
1620 5057 1720 5118 ha'c
1757 5057 1867 5118 vita
1914 5079 2024 5118 non

435 5145 552 5214 esse
591 5133 863 5191 immunes
898 5152 928 5191 a
961 5135 1139 5208 culpis
1179 5133 1472 5214 venialillus
1507 5143 1568 5214 et
1588 5134 1944 5214 quotidianis,
1965 5144 2023 5189 ut

439 5202 644 5278 dictum
676 5215 780 5272 est,
809 5224 937 5263 cum
964 5202 1176 5264 constet
1203 5206 1345 5262 hanc
1371 5205 1519 5261 Petri
1543 5202 1886 5278 negationem
1908 5221 2024 5259 non

439 5273 605 5333 fuisse
633 5279 852 5346 culpam
883 5280 1062 5336 levem
1083 5287 1138 5334 et
1167 5278 1450 5338 venialem,
1483 5277 1577 5332 sed
1600 5273 1976 5346 gravissimam
2000 5279 2022 5331 ἓ

434 5346 502 5399 R.
533 5349 671 5419 Quia
701 5346 959 5424 deculpa
1005 5351 1147 5406 Petri
1192 5350 1390 5424 leviore
1431 5347 1629 5402 fecerat
1660 5346 2020 5424 mentionem,

435 5417 731 5498 quasuum
775 5417 1055 5498 intentum
1094 5421 1435 5498 pgobaverat,
1466 5434 1592 5498 cum
1620 5417 1865 5498 proclive.
1881 5426 2025 5498 esset

435 5493 495 5539 ut
523 5489 944 5567 eidobjiceretur
987 5489 1296 5567 alia—Petri
1317 5491 1496 5567 culpa
1525 5491 1683 5562 longe
1723 5489 1936 5567 gravior
1967 5490 2022 5544 in

433 5561 728 5639 pegafjone
766 5567 988 5631 Christi,
1038 5565 1167 5620 huic
1211 5561 1499 5639 objectiOni
1530 5561 1827 5639 occurrens
1863 5561 2026 5639 docet

431 5626 537 5710 hoc
575 5629 719 5684 Petri
740 5626 1011 5710 .exempl‘o
1041 5626 1358 5691 sanctos-et
1373 5634 1554 5710 justus
1585 5633 1863 5710 interdum
1901 5634 2025 5701 qui-

431 5697 558 5755 dem
601 5701 840 5772 graviter
877 5697 984 5759 labi
1022 5716 1077 5760 et
1123 5697 1486 5775 peccarefsed
1526 5721 1656 5758 mox
1674 5719 1718 5775 a
1748 5697 2030 5775 lapsu—re;

427 5786 670 5844 surgere,
697 5776 817 5830 Deo
837 5772 1182 5844 supponente
1203 5791 1431 5828 manum
1459 5789 1641 5837 suam,
1670 5773 1722 5826 id
1751 5772 1855 5836 est,
1877 5772 2026 5826 auxi-

2057 4465 2104 4525 D

2134 3152 2284 3210 diter
2301 3147 2548 3224 Erigente
2574 3174 2585 3208 :
2615 3152 2846 3224 proinde
2875 3152 2998 3208 licet
3015 3151 3084 3207 ad
3114 3161 3338 3224 tempus
3365 3147 3593 3204 subinde
3623 3163 3722 3204 ex-

2130 3225 2315 3281 cidant
2339 3241 2368 3280 a
2392 3221 2702 3296 justitia'et
2721 3224 3034 3296 sanctitate;
3084 3238 3199 3277 non
3228 3221 3304 3296 ita
3333 3229 3538 3282 tamen,
3564 3227 3622 3296 ut
3650 3233 3719 3275 ex

2131 3296 2260 3352 albo
2279 3290 2557 3367 iustorum
2585 3294 2797 3364 penitus
2825 3293 3138 3367 eradantur,
3167 3291 3296 3367 quia
3323 3290 3722 3367 Aperpoeniten-

2132 3361 2298 3432 tiam,
2321 3368 2518 3422 saltem
2551 3361 2856 3421 eitremam
2879 3373 2935 3420 et
2958 3361 3201 3430 finalem,
3223 3363 3292 3418 ad
3314 3361 3591 3432 justitiam
3634 3375 3722 3416 re-

2133 3443 2435 3504 vertuntur,
2465 3444 2523 3490 et
2566 3435 2759 3491 merita
2803 3435 3230 3506 praecedentium
3274 3435 3544 3488 bonorum
3578 3446 3724 3488 recu-

2131 3517 2354 3579 perant;
2394 3516 2448 3564 et
2496 3507 2600 3562 hoc
2627 3513 2710 3560 est
2744 3506 2890 3577 quod
2917 3506 2998 3579 ait
3032 3506 3362 3579 Psalmista:
3391 3508 3580 3579 Justus
3610 3519 3725 3558 ann

2131 3575 2396 3642 ceciderit,
2435 3594 2540 3633 non
2579 3575 2880 3640 collidetur,
2920 3577 3002 3632 sic
3037 3575 3323 3642 nimirum,
3371 3583 3434 3629 ut
3474 3575 3532 3628 in
3571 3581 3728 3629 inter.

2130 3665 2266 3704 num
2298 3657 2485 3720 pereat
2509 3689 2523 3712 ,
2543 3656 2598 3702 et
2626 3664 2655 3702 a
2689 3650 2796 3703 Deo
2823 3647 3135 3719 abjiciatur,
3166 3647 3335 3701 instar
3369 3644 3511 3700 vasis
3549 3642 3726 3700 collisi

2130 3728 2183 3774 et
2207 3719 2497 3789 confracti.
2543 3718 2812 3789 Loquitur
2838 3718 2991 3772 enim
3030 3718 3100 3789 de
3147 3717 3358 3789 electis,
3384 3729 3526 3784 quos
3564 3718 3724 3769 Deus

2133 3756 2696 3860 ἴδεέῖῐὲὶὶἷῆ¹¹έὶοέιῖἓι⁹ἒιῖ
2704 3756 3550 3860 ἓξυὶᾜρεἳῖιυέἰῖἒᾟῖίέἇῖᾧρ
3564 3756 3724 3860 Et;

2132 3853 2562 3932 destinavitihos
2576 3865 2626 3932 et
2637 3853 2994 3928 justiﬁcavit';
3012 3874 3152 3932 quos
3174 3853 3356 3912 autem
3373 3853 3720 3927 justiﬁeavit,

2133 3930 2235 4002 ho_s
2263 3940 2317 3986 et
2335 3930 2672 4002 gloriﬁeabit.

2203 3995 2229 4032 ¹³
2251 4003 2306 4057 8.
2335 3995 2448 4057 Ϊιθο
2477 4001 2720 4073 pontifex
2748 4016 2920 4057 serm.
2945 4007 2980 4057 9
2999 4001 3066 4058 de
3090 4000 3342 4072 passione
3363 3998 3622 4073 Domini:
3641 4001 3726 4073 Ee-

2127 4075 2271 4142 lices,
2303 4073 2402 4141 ait,
2437 4070 2618 4128 sdncte
2643 4075 2914 4142 Apostole,
2944 4070 3189 4142 lacrymte
3218 4077 3354 4134 tua,
3383 4087 3507 4140 qua
3525 4070 3600 4142 ad
3635 4070 3724 4124 di-

2135 4141 2385 4198 luendam
2431 4145 2644 4214 culpam
2667 4141 2992 4212 negationis,
3031 4141 3288 4197 virtutem
3315 4144 3459 4196 sacri
3497 4141 3725 4194 habuere

2137 4215 2492 4283 baptismatis.
2533 4215 2740 4282 Adfuit
2766 4217 2905 4268 enim
2931 4214 3152 4269 dextera
3170 4216 3392 4269 Domini
3413 4215 3586 4267 nostri
3607 4214 3725 4266 Jesu

2135 4285 2356 4353 Christi,
2393 4302 2512 4355 qua:
2546 4287 2806 4340 labentem
2835 4291 2904 4348 te,
2926 4289 3245 4355 priuqu
3282 4285 3548 4353 dejiceris,
3575 4284 3722 4355 exci-

2131 4361 2302 4425 peret,
2339 4352 2725 4425 (at—ﬁrmitatem
2766 4352 2955 4410 standi
2986 4358 3044 4410 in
3080 4352 3194 4425 ipso
3232 4352 3464 4409 cadendi
3484 4352 3718 4424 periculo

2134 4429 2393 4496 recepisti.
2416 4428 2586 4496 [Vidit
2613 4429 2670 4480 in
2699 4432 2748 4481 te
2774 4429 3174 4494 Dominus_non
3197 4425 3359 4495 ﬁdem
3387 4429 3564 4494 ﬁctam
3583 4466 3596 4484 ,
3619 4437 3724 4477 non

2137 4498 2463 4552 dilectionem
2474 4514 2735 4560 aversam,
2758 4497 2855 4552 sed
2866 4500 3223 4552 constantiam
3233 4499 3408 4564 fuisse
3422 4497 3717 4549 turbatam.

2137 4569 2452 4623 Abundavit
2495 4571 2670 4636 ﬂetus,
2701 4569 2796 4622 ubi
2835 4584 2941 4624 non
2979 4569 3175 4635 defecit
3211 4568 3456 4637 affectus,
3502 4571 3554 4620 et
3595 4567 3721 4631 fons

2135 4640 2422 4693 cha-ritatis
2452 4640 2587 4692 lavit
2613 4639 2776 4693 verba
2821 4640 3134 4706 formidinis
3172 4659 3188 4692 :
3217 4654 3309 4693 nec
3337 4637 3602 4691 tardatum
3637 4638 3714 4688 est

2133 4711 2424 4764 remedium
2442 4711 2769 4773 abolitionis,
2782 4712 2879 4764 ubi
2890 4726 2993 4764 non
3010 4713 3125 4776 fuit
3130 4711 3394 4779 judicium
3405 4706 3717 4758 voluntatis.

2135 4782 2250 4837 Cito
2289 4783 2470 4850 itaque
2499 4784 2554 4835 in
2571 4782 2895 4836 soliditatem
2922 4797 3077 4835 suam
3106 4782 3272 4834 rediit
3305 4785 3448 4849 petra
3469 4819 3482 4838 ,
3512 4781 3727 4830 tantam

2135 4854 2390 4921 recipiens
2411 4853 2810 4919 fortitudinem,
2833 4857 2894 4906 ut
2919 4853 3064 4922 quod
3091 4856 3217 4906 tunc
3245 4853 3302 4904 in
3330 4850 3529 4906 Christi
3552 4863 3726 4918 expa-

2134 4926 2567 5003 veratﬂpassione,
2592 4926 2652 5003 in
2667 4939 2762 4977 suo
2782 4927 2901 5003 post
2921 4924 3202 5003 supplicio
3211 4938 3324 5003 non
3349 4923 3577 4975 timeret.

2205 5002 2226 5028 °
2266 4989 2468 5064 Corpus
2491 4989 2675 5048 martis
2693 4989 2952 5063 appellat,
2980 4989 3158 5064 inquit
3182 4994 3551 5062 Hieronymus
3590 4989 3722 5054 (Lib.

2136 5077 2157 5118 I
2186 5065 2343 5135 Apol.
2370 5068 2425 5118 in
2460 5068 2639 5133 Ruﬁn.
2675 5081 2719 5119 c.
2742 5065 2822 5135 6),
2850 5065 2994 5135 quod
3012 5063 3186 5128 vitiis,
3215 5069 3264 5118 et
3284 5063 3502 5127 morbis,
3527 5065 3576 5135 et
3595 5074 3718 5135 perf-

2124 5131 2553 5197 .turbationibus,
2593 5152 2654 5189 ac
2674 5131 2837 5190 morti
2859 5131 3150 5205 subjaceat,
3180 5135 3347 5190 donec
3375 5149 3493 5188 cum
3517 5131 3723 5205 Christo

2135 5211 2382 5275 resurgat
2403 5208 2462 5260 in
2489 5209 2692 5275 gloria;
2733 5212 2784 5262 et
2805 5204 3009 5276 fragile
3025 5209 3184 5278 prius
3205 5207 3383 5278 lutum
3405 5204 3731 5278 excoquatur

2132 5274 2346 5343 fervore
2372 5274 2608 5346 Spiritus
2633 5281 2807 5333 sancti
2818 5281 2875 5332 in
2905 5274 3094 5336 testim
3115 5277 3522 5337 solidissimum,
3545 5274 3734 5328 demu-

2133 5351 2253 5402 tans
2281 5349 2536 5418 gloriam,
2559 5365 2664 5403 non
2699 5355 2975 5404 naturam.
3010 5351 3089 5403 lta
3117 5347 3517 5418 Hieronymus.
3538 5347 3738 5418 Potest

2132 5425 2318 5473 tamen
2343 5417 2618 5490 genitivus
2635 5422 2798 5490 hujus
2817 5419 3178 5477 referrietiam
3195 5417 3264 5473 ad
3277 5417 3523 5490 mortem
3535 5417 3733 5490 ipsam,

2134 5498 2197 5562 ut
2216 5487 2407 5545 sensus
2431 5489 2501 5544 sit
2529 5508 2541 5544 :
2572 5495 2648 5562 De
2678 5487 2891 5562 corpore
2913 5493 3105 5547 mortis
3135 5490 3298 5562 hujus
3321 5489 3379 5544 id
3399 5499 3504 5555 est,
3535 5487 3592 5541 in
3619 5499 3733 5554 quo

2131 5559 2237 5616 hoc
2264 5575 2435 5632 genus
2463 5561 2658 5617 mortis
2686 5559 2851 5618 etiam
2881 5562 3080 5617 invitus
3097 5559 3370 5632 experior.

2203 5632 2230 5666 ἀ
2260 5629 2465 5703 Duplex
2488 5632 2650 5688 lectio
2672 5633 2816 5702 apud
2839 5633 3084 5689 Graecos.
3111 5629 3292 5703 Aliqui
3317 5631 3475 5703 enim
3501 5629 3696 5697 legunt
3719 5645 3734 5681 :

2132 5703 2376 5775 χάρις-τῶ
2419 5702 2546 5775 Θεῷ,
2577 5705 2759 5772 gratia
2805 5708 2929 5769 Deo,
2978 5705 3032 5759 id
3077 5712 3181 5771 est,
3211 5702 3557 5775 gratiasfago
3595 5703 3738 5775 Περι

2135 5783 2192 5828 ut
2235 5772 2519 5846 Chrysost.
2551 5776 2764 5845 (Homil.
2794 5780 2902 5845 13),
2923 5783 2975 5832 et
3000 5772 3370 5846 Hieronymus
3395 5772 3598 5842 (Epist.
3630 5773 3731 5825 £51
