4040 6194
233 282 361 337 1241

831 407 1074 464 CAPUT
1106 404 1233 463 XV.

236 511 435 581 Objicit
461 511 759 568 Germanus
774 550 794 573 ,
825 512 1255 635 θῗωρείᾶοὲωρέῗγη
1270 518 1503 576 persona
1523 502 1839 573 Apostolum

938 595 965 635 c
1201 618 1214 630 .

307 686 617 744 Germanus
648 702 664 737 :
707 682 870 740 Multi
910 682 1018 739 hoc
1067 680 1432 754 apostolicum
1488 678 1566 735 ita
1610 677 1836 751 intelligi

234 775 433 835 debere
476 775 760 845 deﬁniunt,
796 783 859 832 ut
901 775 1010 832 hoc
1047 790 1178 831 eum
1217 788 1330 830 non
1365 788 1433 830 ex
1484 787 1603 841 sua,
1644 770 1743 829 sed
1771 787 1839 829 ex

236 877 585 942 peccatorum
648 884 879 942 persona
951 867 1149 925 dixisse
1201 865 1532 923 conﬁrment
1550 906 1567 934 ,
1644 880 1838 921 eorum

236 962 442 1019 scilicet
476 962 570 1034 qui
622 963 862 1020 volentes
904 961 1226 1033 semetipsos
1246 976 1281 1017 a
1309 959 1683 1032 corporalibus
1714 959 1839 1016 ille-

237 1055 414 1113 cebris
473 1070 538 1112 ac
600 1055 964 1128 voluptatibus
1036 1054 1348 1123 abstinere,
1399 1052 1649 1111 obstricti
1697 1052 1840 1109 vitiis

237 1148 497 1221 pristinis,
536 1157 595 1205 et
621 1149 984 1207 oblectatione
1015 1147 1312 1207 carnalium
1356 1145 1672 1218 passionum
1704 1160 1838 1218 cap-

235 1242 409 1311 tivati,
438 1243 761 1317 semetipsos
792 1242 1051 1300 cohibere
1074 1257 1189 1299 non
1216 1249 1468 1313 possunt,
1497 1239 1635 1296 dum
1654 1242 1680 1271 ³
1711 1238 1838 1293 ino-

236 1334 334 1397 lita
390 1337 785 1395 consuetudine
823 1337 1113 1405 vitiorum,
1156 1335 1306 1392 velut
1348 1333 1545 1390 immiti
1598 1330 1836 1405 quadam

235 1429 544 1499 tyrannidis
602 1429 981 1488 dominatione
1002 1470 1021 1499 ,
1075 1428 1350 1501 depressi,
1411 1427 1481 1485 ad
1531 1427 1839 1483 libertatem

139 1535 150 1544 '
235 1520 513 1591 pudicitim
561 1523 830 1595 respirare
883 1538 995 1581 non
1030 1530 1277 1595 possunt.
1333 1520 1629 1592 Quomodo
1688 1520 1839 1578 enim

233 1612 399 1671 beato
460 1617 730 1687 Apostolo
745 1657 763 1688 ,
825 1633 993 1689 quem
1039 1616 1109 1675 ad
1154 1630 1440 1673 summum
1494 1612 1844 1687 perfectionis

232 1705 406 1763 totius
442 1707 682 1777 culmen,
722 1718 935 1765 certum
972 1718 1058 1765 est
1095 1709 1423 1780 pervenisse,
1467 1706 1600 1764 illud
1646 1706 1844 1779 poterit

873 275 1213 336 COLLATIO
1253 275 1436 332 XXIII.
1476 301 1548 316 --
1586 272 1676 327 DE
1717 271 1937 327 VELLE
1973 269 2211 327 BONUM
2248 271 2336 327 ET
2374 271 2604 328 AGERE
2642 272 2903 328 MALUM.

3415 274 3550 331 1242

1862 406 1918 467 Α
1943 401 2194 456 membris
2213 402 2344 456 meis
2369 402 2545 469 (Rom.
2579 402 2709 473 vn).
2737 401 2801 456 In
2824 415 2934 472 quo
2965 400 3133 473 igitur
3156 399 3276 457 haec
3300 414 3550 474 persona

1944 493 2256 566 apostolicae
2301 502 2534 566 possunt
2568 494 2812 566 coaptari
2827 495 2856 548 ἵ
2888 493 3037 564 Quid
3081 493 3228 549 enim
3283 501 3364 549 est
3416 492 3548 551 boni

1943 586 2093 659 quod
2116 586 2204 652 ille
2227 601 2338 643 non
2375 588 2621 659 potuerit
2645 586 2915 661 implere?
2942 589 3016 643 Et
3046 587 3375 656 econtrario,
3415 584 3553 659 quid

1944 678 2081 736 illud
2110 687 2194 737 est
2220 679 2349 737 mali
2376 680 2529 753 quod
2563 680 2756 738 nolens
2779 687 2835 737 et
2857 679 3069 748 odiens,
3102 689 3289 736 tamen
3322 687 3553 752 cogente

1942 780 2159 842 natura,
2201 773 2400 830 invitus
2444 773 2770 832 admiserit?
2815 774 2902 831 Ad
2934 789 3108 846 quam
3168 788 3297 829 vero
3349 773 3556 844 peccati

1944 864 2123 937 legem
2167 866 2450 923 electionis
2496 882 2610 938 vas,
2643 866 2698 924 in
2722 883 2836 940 quo
2877 866 3133 925 Christus
3167 866 3441 923 Dominus
3467 866 3548 923 lo-

1943 959 2231 1031 quebatur,
2250 961 2438 1032 potuit
2460 962 2711 1033 captivus
2744 961 2982 1019 adduci?
3011 962 3120 1033 Qui
3154 976 3283 1018 cum
3320 968 3549 1021 omnem

1943 1053 2397 1125 inobodicntiam,
2439 1064 2495 1112 et
2532 1071 2757 1113 omnem
2804 1056 3159 1112 extollentem
3188 1070 3249 1112 se
3290 1053 3549 1111 advmus

1944 1148 2127 1202 Deum
2151 1147 2505 1204 altitudinem
2529 1149 2850 1221 captivasset
2880 1151 2954 1221 (ll
2977 1151 3097 1207 Cor.
3131 1152 3219 1218 x),
3248 1147 3317 1205 de
3349 1156 3548 1204 semet-

1945 1239 2064 1310 ipso
2082 1254 2212 1296 cum
2242 1238 2441 1296 ﬁducia
2467 1241 2841 1311 proclamabat
2879 1257 2894 1293 :
2928 1246 3137 1297 Bonum
3176 1257 3395 1309 agonem
3435 1255 3548 1294 cer-

1945 1336 2080 1402 tavi,
2122 1348 2341 1390 cia-sum
2376 1338 2757 1397 consummavi,
2795 1336 2957 1404 ﬁdem
2993 1337 3233 1400 servavi;
3272 1334 3338 1388 de
3363 1337 3550 1388 caetero

1947 1430 2181 1499 reposita
2206 1434 2285 1484 est
2322 1430 2460 1483 mihi
2489 1443 2681 1484 corona
2707 1429 2964 1498 justitiw,
2994 1442 3159 1498 quam
3197 1427 3385 1483 reddet
3412 1426 3554 1483 mihi

1944 1525 2206 1579 Dominus
2228 1523 2289 1578 in
2308 1522 2407 1577 illa
2428 1522 2518 1577 die
2535 1521 2721 1592 justus
2734 1522 2913 1592 judea:
2938 1520 3013 1593 (ll
3039 1524 3174 1577 Tim.
3196 1523 3309 1592 4.).

2534 1615 2780 1672 CAPUT
2811 1615 2965 1671 XVI.

2306 1709 2510 1766 Dilatio
2534 1711 2829 1780 propositae
2860 1709 3190 1780 quastionis.

230 1799 525 1857 convenire
559 1799 709 1871 quod
750 1799 885 1858 dicit
931 1818 944 1856 :
977 1804 1101 1857 Non
1127 1804 1272 1858 enim
1305 1801 1451 1871 quod
1472 1799 1588 1856 volo
1622 1801 1837 1865 bonum,
1875 1809 1925 1872 Β
2022 1799 2272 1857 Theonas
2303 1820 2316 1856 :
2360 1802 2668 1857 lntrantem
2698 1815 2793 1857 me
2820 1799 3159 1857 tutissimum
3186 1797 3388 1854 silentii
3418 1813 3552 1870 por-

229 1891 400 1957 facio,
425 1891 520 1947 sed
541 1893 687 1963 quod
707 1893 802 1949 odi
824 1894 1048 1957 malum,
1071 1894 1167 1948 hoc
1194 1908 1314 1962 ago.
1347 1892 1488 1950 lllud
1510 1891 1674 1950 etiam
1688 1886 1843 1965 quod

227 1982 515 2057 subjungit
544 2002 558 2038 :
602 1988 665 2043 Si
699 1990 880 2042 autem
920 1985 1063 2055 quod
1103 1986 1245 2053 nolo,
1277 1986 1372 2041 hoc
1398 2001 1518 2055 ago,
1563 1986 1686 2056 jam
1731 2001 1840 2042 non

228 2092 332 2146 ego
352 2092 540 2147 operor
578 2078 739 2141 illud,
765 2078 860 2134 sed
887 2079 1030 2149 quod
1056 2079 1267 2134 habitat
1316 2081 1375 2133 in
1404 2094 1489 2134 me
1514 2079 1839 2149 peccatum?

227 2170 352 2226 Nec
394 2185 509 2227 non
551 2170 716 2227 etiam
758 2171 906 2229 hoc:
948 2172 1287 2231 Condelector
1313 2174 1456 2228 enim
1493 2174 1603 2242 legi
1643 2175 1744 2229 Dei
1759 2187 1840 2228 se-

232 2264 470 2321 cundum
488 2267 795 2322 interiorem
806 2268 1073 2323 hominem
1088 2286 1105 2333 ;
1122 2266 1274 2322 video
1291 2270 1473 2322 autem
1492 2268 1658 2322 aliam
1676 2267 1841 2335 legem

236 2363 298 2417 in
331 2361 587 2418 membris
612 2364 763 2427 meis,
812 2367 1206 2434 repugnantem
1232 2363 1343 2432 legi
1372 2364 1567 2417 mentis
1601 2377 1750 2425 meai,
1793 2367 1845 2417 et

234 2456 618 2527 Minume
650 2457 926 2513 ducentem
956 2458 1016 2512 in
1058 2456 1225 2526 legem
1259 2458 1486 2527 peccati,
1512 2471 1633 2525 qua:
1668 2459 1747 2511 est
1784 2457 1848 2511 in

1945 1900 2088 1962 tum,
2109 1906 2302 1950 rursus
2318 1893 2389 1950 ad
2418 1894 2748 1952 immensum
2772 1891 3213 1966 profundissimaa
3235 1890 3552 1964 quaestionis

1946 1987 2167 2060 pelagus
2188 2001 2444 2044 revocare
2470 1986 2769 2056 conamini;
2801 1986 2899 2044 sed
2925 1985 3397 2060 Opportunitatem
3428 1983 3552 2042 ﬁdae

1945 2081 2193 2138 stationis
2219 2082 2492 2154 amplexi,
2519 2081 2609 2139 hic
2634 2082 2854 2138 interim
2879 2096 3043 2139 cursu
3071 2089 3191 2137 tam
3222 2080 3404 2153 longa:
3432 2077 3553 2134 col-

1945 2174 2167 2233 lationis
2199 2190 2443 2245 emenso,
2493 2175 2879 2232 taciturnitatis
2920 2173 3222 2231 anchoram
3267 2172 3552 2245 iaciemus,

1949 2277 2012 2326 ut
2032 2268 2269 2326 crastina
2290 2268 2398 2338 die,
2442 2269 2488 2325 si
2525 2277 2714 2326 tamen
2750 2269 2899 2325 nulla
2945 2269 3028 2325 vis
3072 2266 3420 2339 tempestatis
3446 2264 3554 2321 ob-

1952 2362 2171 2431 stiterit,
2216 2362 2347 2417 tlatu
2389 2362 2632 2433 prosperi
2669 2361 2896 2434 spiritus
2946 2361 3251 2432 explorato,
3304 2357 3552 2430 disputa-

1954 2454 2123 2511 tionis
2144 2454 2258 2511 vela
2284 2454 2607 2526 pendamus.

1324 2582 1577 2637 ALARDI
1610 2581 1837 2637 GAZJEI
1873 2579 2437 2637 COMMENTARIUS.

458 2697 510 2768 8)
537 2696 629 2771 Ad
660 2697 959 2771 Algasiam.
992 2697 1104 2771 Alii
1130 2711 1267 2771 vero
1293 2698 1457 2771 εχάρις
1483 2700 1572 2749 τοῦ
1602 2694 1765 2771 Genii,
1783 2696 1837 2751 in

235 2766 513 2839 genitivo:
534 2766 589 2824 id
606 2776 709 2839 est,
730 2766 911 2839 gratia
930 2770 1045 2830 Dei,
1067 2784 1189 2839 sup.
1214 2766 1468 2839 liberabit
1487 2782 1598 2839 me,
1616 2782 1731 2823 non
1753 2768 1836 2839 lex

236 2836 437 2909 Moysi,
462 2853 591 2910 non
631 2836 773 2895 vires
812 2848 1058 2907 naturae;
1106 2836 1269 2910 atque
1310 2836 1418 2894 hoc
1467 2836 1638 2894 modo
1678 2837 1841 2894 vertit

241 2916 433 2979 noster
456 2909 740 2979 interpres.

313 2984 353 3048 ε
372 2976 570 3048 lpolita
587 2976 685 3031 Seu
705 2978 1000 3033 inveterata
1023 2978 1291 3048 vitiorum,
1304 2976 1644 3048 consuetudo
1671 2993 1840 3048 quam

242 3042 460 3117 difﬁcile
502 3054 987 3117 curetur,__praeter
1035 3045 1137 3117 alia
1180 3046 1477 3117 Scriptura:
1506 3042 1839 3117 testimonia,

242 3114 404 3172 docet
437 3115 711 3186 evidenter
744 3114 836 3171 illa
868 3114 1127 3186 Jeremim
1151 3114 1438 3186 sententia,
1488 3130 1596 3186 qua
1627 3116 1838 3172 invete-

241 3194 424 3243 ratam
462 3185 785 3243 Judaeorum
807 3185 1129 3259 perstringit
1173 3184 1481 3259 malitiam:
1504 3184 1588 3243 'Si
1629 3191 1843 3242 mutare

236 3262 412 3328 potest
449 3259 693 3327 Ethiops
730 3256 923 3327 pellem
967 3256 1141 3320 suam,
1169 3260 1265 3310 aut
1304 3256 1517 3327 pardus
1554 3259 1842 3314 varietates

244 3344 407 3397 suas;
430 3334 482 3384 et
502 3344 592 3384 vos
614 3330 868 3399 poteritis
888 3328 1219 3399 benefacere,
1248 3343 1367 3399 cum
1393 3328 1842 3399 didiceritisma-

243 3399 359 3454 lum
386 3396 780 3470 (Jeremjuu).
802 3401 921 3456 Non
944 3404 1168 3465 natura,
1202 3397 1396 3467 inquit,
1412 3396 1615 3454 ibidem
1646 3398 1845 3470 Hiero-

242 3468 466 3542 nymus,
516 3468 609 3526 sed
648 3471 823 3525 nimia
858 3470 1235 3525 consuetudine
1275 3474 1326 3523 et
1361 3485 1553 3542 amore
1581 3469 1847 3539 peccandi

239 3540 542 3622 firmatum,
574 3542 667 3622 sic.
693 3543 751 3622 in
798 3546 1050 3622 naturam
1076 3554 1405 3622 .conversum
1449 3540 1848 3622 pideatur.._§t

244 3608 299 3666 in
330 3611 569 3683 Epistola
589 3610 671 3683 ad
710 3613 919 3683 Laetam
968 3609 1039 3667 de
1073 3608 1417 3683 institutione
1446 3609 1591 3683 filiae
1615 3630 1649 3683 :7
1681 3611 1843 3681 Difﬁ-

236 3681 431 3748 culter,
453 3681 647 3753 inquit,
669 3682 933 3753 eraditur,
955 3682 1099 3752 quod
1112 3681 1272 3736 rudes
1287 3684 1463 3736 animi
1471 3681 1844 3753 perbiberunt.

238 3756 439 3810 Recens
477 3752 612 3808 testa
651 3752 749 3808 diu
786 3758 838 3807 et
873 3769 1115 3823 saporem
1154 3755 1348 3807 retinet
1388 3752 1688 3823 etiodorem
1742 3768 1846 3823 quo

232 3825 483 3894 primum
500 3824 706 3879 imbuta
727 3828 822 3879 est.
851 3821 1085 3879 Basilius
1115 3823 1170 3878 in
1188 3823 1414 3894 Regalis
1445 3822 1616 3880 fusius
1636 3821 1837 3894 dispar.

240 3899 385 3965 (cap.
416 3898 491 3962 6).
512 3894 840 3965 Consuetudo
867 3898 1129 3965 vetustate
1130 3898 1576 3965 ﬁrmatanaturw
1588 3897 1699 3949 vim
1710 3895 1841 3949 solet

237 3961 495 4019 nancisci.
511 3962 936 4031 Chrysostomus
949 3961 1004 4016 in
1018 3964 1068 4016 ll
1080 3961 1148 4017 ad
1163 3962 1413 4017 Corinth.
1433 3968 1589 4032 cap.4
1610 3981 1623 4016 :
1641 3966 1840 4031 Magna

1947 2697 2023 2748 est
2042 2693 2442 2749 consuetudinis
2463 2694 2743 2763 tyrannis;
2766 2691 3239 2763 adeoque'magna,
3259 2691 3555 2763 utperinde

1949 2768 2101 2833 cogat
2120 2779 2183 2818 ac
2200 2769 2425 2819 natura.
2455 2761 3285 2834 Denique,hancdifﬁcultatem
3298 2761 3553 2834 inseipso

1948 2831 2207 2905 expertus
2228 2837 2320 2905 7D.
2372 2831 2714 2905 Augustinus
2739 2832 2988 2905 eamdem
3005 2832 3226 2905 prolixe
3253 2831 3556 2905 declaravit

1949 2902 2343 2960 in'narratione
2392 2902 2510 2961 sua:
2534 2903 2932 2960 conversionis.
2963 2902 3053 2959 Sic
3096 2903 3246 2959 enim
3276 2903 3419 2958 inter
3450 2902 3555 2959 alia

1947 2972 2043 3046 lib.
2073 2990 2159 3030 vn
2180 2975 2330 3046 (Cap.
2355 2980 2410 3042 5)
2428 2973 2849 3032 Confessionum
2868 2993 2881 3028 :
2899 2977 3122 3046 Ligatus
3135 2990 3279 3030 eram
3292 2989 3398 3029 non
3405 2974 3555 3046 ferro

1948 3045 2139 3109 alieno,
2169 3044 2418 3101 s'edﬁmea
2445 3048 2627 3114 ferrea
2651 3046 2943 3101 voluntate.
2979 3045 3126 3102 Velle
3151 3061 3325 3101 meum
3346 3044 3557 3100 tenebat

1947 3115 2234 3183 inimicus;
2266 3121 2318 3172 et
2351 3117 2480 3171 inde
2506 3117 2646 3172 mihi
2662 3121 2904 3171 catenam
2919 3118 3141 3185 fecerat,
3162 3118 3558 3171 etconstrinme-

1950 3189 2039 3239 rat
2051 3200 2139 3258 me
2166 3204 2183 3239 :
2213 3188 2412 3256 quippe
2433 3203 2500 3258 ea;
2520 3189 2792 3243 voluntate
2804 3202 3056 3258 perversa
3079 3189 3230 3255 facta
3251 3192 3329 3243 est
3353 3186 3553 3258 libido;

1950 3260 2001 3309 et
2028 3256 2158 3309 dum
2186 3259 2420 3312 servitur
2440 3257 2677 3324 libidini,
2706 3256 2859 3326 facta
2876 3263 2955 3313 est
2972 3258 3325 3325 consuetudo;
3352 3261 3401 3312 et
3424 3257 3556 3312 dum

1949 3326 2322 3380 consuetudini
2336 3344 2444 3381 non
2467 3331 2757 3389 resistitur,
2778 3331 2929 3394 facta
2954 3334 3031 3383 est
3053 3332 3376 3394 inecessitas.
3408 3327 3555 3382 Beda

1962 3394 2016 3449 in
2047 3410 2167 3465 cap.
2202 3400 2266 3450 15
2294 3397 2451 3452 Luem
2473 3395 2592 3450 haec
2620 3395 2688 3449 de
2709 3395 2940 3450 Zachaao
2964 3414 2977 3447 :
3012 3399 3315 3450 latrantem
3350 3398 3556 3451 Jericho

1951 3464 2279 3522 Salvatorem
2305 3466 2486 3521 videre
2526 3464 2839 3535 quaerebat;
2868 3466 2959 3520 sed
2980 3481 3101 3536 prce
3142 3466 3301 3520 turba
3324 3481 3429 3520 non
3449 3481 3555 3536 po-

1958 3540 2120 3603 terat;
2137 3538 2268 3606 quia
2284 3539 2477 3606 gratia:
2496 3552 2661 3606 quam
2678 3536 2879 3590 mundo
2900 3536 3154 3593 Salvator
3167 3537 3355 3591 attulit
3372 3538 3554 3606 parti-

1955 3609 2137 3732 cipare
2161 3606 2443 3678 cupiebat;
2489 3608 2584 3662 sed
2609 3608 2800 3662 inclita
2822 3609 3073 3661 vitiorum
3112 3606 3449 3690 consuetudo,
3483 3623 3555 3663 ne

1954 3693 1986 3731 a
2056 3683 2236 3733 votum
2265 3680 2587 3749 perveniret,
2631 3678 2895 3733 obstabat.
2939 3678 3143 3733 Eadem
3178 3694 3373 3749 quippe
3398 3678 3556 3748 turba

1955 3751 2131 3803 naria:
2151 3750 2570 3814 consuetudinis,
2595 3764 2716 3818 qua:
2730 3764 2923 3804 caecum
2940 3750 3278 3816 clamantem,
3294 3766 3358 3803 ne
3377 3750 3556 3805 lumen

1947 3824 2167 3889 peteret,
2207 3821 2534 3890 increpabat,
2567 3823 2727 3876 etiam
2768 3822 3139 3890 suspicientem
3180 3820 3549 3889 publicanum,

1951 3905 2018 3945 ne
2045 3892 2225 3946 Iesum
2244 3892 2445 3955 videat,
2473 3891 2679 3947 tardat.

703 4192 1487 4295 COLLATIO
1566 4192 1840 4295 VIG

1947 4192 2361 4293 'SIMA
2460 4193 3078 4311 ΤΕΒΤΙΑ,

1308 4363 1464 4438 Qua:
1503 4364 1602 4426 est
1640 4359 1840 4426 tertia
1876 4358 2140 4427 abbatis
2179 4359 2491 4427 Theonaa.

1150 4508 1241 4558 DE
1293 4507 1546 4559 VELLE
1596 4508 1867 4560 BONUM
1915 4508 2009 4559 ET
2053 4507 2315 4561 AGERE
2364 4508 2648 4560 MALUII.

742 4732 983 4791 CAPUT
1020 4732 1343 4790 PRIMUM.

312 4825 551 4887 Reverso
595 4827 763 4900 igitur
798 4828 952 4898 luce,
1000 4841 1134 4884 cum
1184 4825 1255 4883 ad
1309 4835 1334 4862 ⁸
1390 4825 1839 4897 perscrutandam

236 4925 500 4997 abyssum
521 4921 828 4992 apostolicae
846 4920 1166 4992 quaestionis
1194 4934 1413 4977 summa
1432 4934 1463 4975 a
1487 4918 1650 4975 nobis
1673 4935 1837 4976 senex

233 5015 660 5089 compelleretur
692 5014 971 5083 instantia,
998 5016 1074 5071 ita
1099 5012 1301 5072 effatus
1328 5021 1412 5072 est
1441 5032 1456 5069 :
1497 5013 1837 5071 Testimonia

1868 4739 1920 4802 1)
1953 4735 2153 4807 quibus
2190 4735 2425 4808 probare
2453 4735 2763 4807 conamini,
2818 4733 3128 4807 apostolum
3165 4732 3392 4789 Paulum
3441 4747 3555 4789 non

1946 4842 2013 4882 ex
2039 4843 2161 4896 sua,
2199 4827 2296 4884 sed
2335 4836 2686 4900 pecmtorum
2714 4826 2915 4885 dixisse
2954 4841 3227 4899 persona:
3256 4830 3377 4887 Non
3412 4830 3554 4884 enim

1946 4922 2091 4991 quod
2116 4922 2231 4977 volo
2253 4923 2468 4990 bonum,
2488 4925 2662 4991 facio;
2687 4922 2783 4977 sed
2806 4922 2949 4993 quod
2975 4923 3070 4978 odi
3084 4920 3289 4978 malum
3316 4924 3413 4979 hoc
3429 4938 3549 4993 ago.

1948 5014 2044 5071 Vel
2088 5014 2225 5071 illud
2267 5017 2372 5073 :Si
2401 5020 2579 5072 autem
2612 5016 2769 5091 quod.
2785 5018 2902 5073 nolo
2938 5018 3031 5073 hoc
3072 5019 3241 5087 facio,
3281 5018 3403 5089 jam
3449 5033 3554 5076 non

1342 5142 1599 5197 ALARDI
1635 5142 1860 5198 GAZEI
1899 5140 2459 5200 COMMENTARIUS.

313 5262 354 5329 δέ
372 5259 644 5328 Abyssum
670 5259 977 5329 apostolica
1004 5259 1336 5328 quaestionis,
1370 5257 1475 5323 vel,
1503 5266 1569 5313 ut
1590 5256 1842 5329 superius

240 5328 386 5387 dixit
411 5330 621 5393 (Collat.
643 5328 715 5389 2f
734 5345 855 5400 cap.
886 5330 1034 5395 ult.),
1062 5331 1376 5384 immensum
1396 5328 1841 5400 profundissimw

240 5401 559 5480 quaestionis
577 5478 584 5480 _
601 5399 856 5480 pelagus“
869 5399 1216 5480 hyperbolice
1269 5407 1426 5480 vocat
1473 5399 1841 5480 quinstionem

241 5469 467 5544 quidem
495 5469 645 5544 fatis
672 5469 958 5527 difﬁcilem
979 5479 1036 5527 et
1061 5470 1351 5544 obscuram
1377 5469 1446 5527 de
1471 5469 1646 5527 verbis
1688 5476 1844 5544 Apo-

240 5540 371 5614 s'toli
393 5540 462 5614 ad
489 5543 659 5614 Rom.
675 5555 804 5614 cap.
831 5556 925 5598 v11
941 5558 1113 5614 nuper
1130 5559 1161 5597 a
1184 5540 1461 5614 Germano
1484 5540 1843 5614 propositam,

240 5621 302 5670 et
346 5612 473 5669 huic
506 5610 783 5686 cenationi
826 5610 1155 5670 reservatam
1207 5612 1418 5686 :Acujus
1459 5610 1676 5667 summa
1724 5610 1844 5670 haec

241 5692 328 5741 est
360 5702 375 5739 :
406 5687 492 5739 An
528 5683 602 5740 ibi
630 5683 889 5755 loquatur
914 5686 1209 5753 Apostolus
1236 5684 1291 5740 in
1316 5683 1547 5755 persona
1585 5693 1835 5755 peccato-

242 5769 406 5838 rum,
422 5763 483 5811 ut
506 5754 1161 5838 volebatGermanusLan
1180 5754 1486 5838 inpersona
1507 5770 1630 5838 sua,
1648 5755 1842 5838 suique

242 5824 507 5883 similium
530 5825 587 5884 id
606 5833 690 5883 est
710 5824 1026 5899 iustorum?
1065 5825 1181 5896 Vel,
1209 5824 1330 5885 aliis
1378 5825 1598 5884 verbis:
1638 5829 1724 5883 An
1748 5824 1838 5883 lo-

1950 5265 2148 5332 quatur
2172 5257 2242 5317 de
2266 5257 2588 5332 hominibus
2617 5259 2828 5332 impiis,
2859 5260 2913 5332 in
2942 5259 3149 5332 peccati
3179 5265 3321 5315 statu
3352 5256 3557 5332 consti-

1949 5326 2085 5386 tutis
2123 5340 2180 5387 et
2223 5330 2663 5402 carnalibus;ran
2699 5326 2832 5386 'vero
2872 5326 3150 5402 de'justis,
3192 5344 3286 5400 per
3323 5326 3557 5402 gratiam

1949 5402 2153 5474 renatis
2203 5410 2261 5458 et
2303 5401 2710 5474 spiritualibus,
2760 5401 2937 5474 qualis
2967 5399 3098 5474 ferat
3136 5399 3556 5474 Paulus'?_Qu_m

1951 5471 2175 5543 quidem
2225 5468 2458 5543 quaestio
2488 5488 2602 5530 non
2648 5468 2795 5529 adeo
2815 5471 3052 5529 difﬁcilis
3079 5479 3165 5527 est
3205 5479 3263 5526 et
3287 5468 3555 5543 profunda

1950 5540 2014 5598 ut
2040 5540 2389 5614 huicabbati
2422 5543 2549 5614 _visa
2587 5552 2690 5599 est.
2745 5545 2884 5599 Nam
2927 5551 3160 5614 utroque
3183 5540 3352 5614 modo
3391 5540 3555 5598 verba

1950 5612 2197 5685 Apostoli
2239 5612 2432 5687 exponi
2468 5615 2835 5687 posse_docet
2865 5619 2931 5671 D.
2949 5612 3337 5687 Augustinus,
3351 5619 3405 5669 et
3432 5620 3557 5685 post

1949 5684 2078 5741 eum
2101 5688 2177 5740 D.
2207 5684 2484 5754 Thomas,
2497 5701 2599 5742 nec
2627 5684 2829 5742 desunt
2854 5684 3080 5757 utrique
3091 5684 3227 5757 parti
3255 5684 3338 5742 sui
3359 5684 3555 5757 aucto-

1944 5771 2051 5820 res,
2074 5765 2129 5830 et
2161 5752 2718 5830 qassertoresgantiqui
2756 5766 2828 5830 et‘
2863 5752 3107 5830 probati.‘
3120 5757 3370 5830 Priorem
3406 5752 3555 5830 enim

1944 5826 2343 5900 expositionem
2382 5823 2723 5887 tradiderunt
2772 5823 3218 5902 Chrysostomus,
3262 5823 3558 5895 Theoth’
