4022 6220
243 304 374 361 1249
888 293 1228 353 COLLATIO
1267 292 1448 349 XXIII.
1486 321 1558 334 -κ
1595 292 1684 347 DE
1722 291 1944 346 VELLE
1981 289 2216 347 BONUM
2259 290 2343 345 ET
2382 289 2610 345 AGERE
2648 288 2910 345 MALUM.
3425 297 3560 379 i250
3630 346 3639 351 -

239 430 328 485 tia
361 430 561 482 nostra
586 424 765 497 (Isaiae
790 421 979 494 LXIV).
1003 424 1072 476 Et
1101 427 1162 477 ut
1185 417 1382 491 aliquid
1412 416 1592 475 adhuc
1614 415 1838 474 eviden-
1868 419 1922 484 Α
1950 416 2097 472 tione
2114 414 2396 487 justiﬁcet,
2430 413 2621 471 dicens
2650 432 2663 468 :
2690 416 2999 484 Justiﬁcata
3024 421 3105 472 est
3130 417 3360 474 Sodoma
3382 434 3451 474 ea:
3479 424 3551 475 te.

241 520 348 578 tius
390 517 713 586 inferamus,
736 525 762 552 ι
785 514 921 588 legis
957 527 1178 586 quoque
1208 511 1377 584 ipsius
1402 517 1672 584 praecepta
1714 508 1841 565 vita—
1948 512 2019 565 Et
2045 510 2279 565 iterum:
2301 510 2444 577 Quid
2473 511 2613 563 enim
2634 511 2876 579 peccavit
2898 524 3049 564 soror
3069 514 3163 571 tua
3181 512 3457 569 Sodoma?
3484 517 3555 571 Et

238 613 331 683 lia,
354 628 477 685 qum
503 610 704 667 dicitur
727 608 981 666 ordinata
998 606 1326 679 perangelos
1352 607 1411 659 in
1434 620 1601 659 manu
1627 604 1840 659 media-
1936 607 2259 676 justiﬁoaeit
2283 606 2524 659 animam
2550 619 2707 660 suam
2731 606 3039 659 auersatria:
3062 607 3249 674 Israel,
3278 622 3550 679 compara-

239 710 367 764 toris
397 706 600 777 (Galat.
631 704 753 776 ιιι),
779 711 837 760 et
873 702 941 759 de
981 716 1086 773 qua
1116 699 1265 779 idem
1297 697 1616 771 Apostolus,
1653 701 1844 769 Itaque

239 802 348 864 lete,
378 801 577 873 inquit,
604 803 793 855 sancta
810 801 865 854 et
880 796 1202 853 mandatum
1218 799 1459 851 sanctum
1486 798 1537 849 et
1547 794 1763 864 justum
1790 797 1843 850 et

238 893 430 949 bonum
470 893 636 964 (Rom.
669 891 807 963 v11),
850 890 895 946 si
933 887 1252 962 perfectioni
1298 886 1627 959 evangelicae
1657 884 1841 943 conle-

236 995 453 1054 rantur,
485 985 719 1042 minime
746 985 890 1041 bona
918 983 1105 1041 divino
1133 981 1552 1055 pronuntiantur
1595 980 1838 1049 oraculo,

238 1080 314 1139 ait
330 1081 506 1137 enim:
533 1073 638 1136 Et”
666 1080 793 1136 dedi
820 1081 896 1135 eis
909 1083 1180 1149 praecepta
1205 1093 1313 1132 non
1342 1077 1500 1144 bona,
1527 1080 1577 1131 et
1590 1076 1841 1146 justitias

235 1173 298 1228 in
336 1174 531 1243 quibus
554 1188 661 1227 non
703 1174 881 1227 vivent
926 1173 985 1225 in
1013 1172 1092 1226 eis
1137 1168 1345 1240 (Ezech.
1390 1168 1514 1239 xx).
1545 1166 1841 1239 Apostolus

237 1278 458 1338 quoque
503 1265 578 1322 ita
625 1264 752 1321 novi
797 1263 1002 1321 lumine
1047 1261 1380 1319 Testamenti
1429 1260 1661 1332 gloriam
1706 1259 1839 1331 legis

237 1357 483 1416 afﬁrmat
531 1358 798 1427 obtundi,
832 1366 894 1415 ut
935 1372 1058 1414 eam
1099 1353 1389 1428 evangelici
1432 1350 1840 1425 comparatione

234 1450 467 1525 fulgoris
509 1467 610 1509 nec
656 1451 1014 1525 gloriﬁcatam
1055 1465 1175 1506 esse
1221 1446 1557 1520 pronuntiet,
1602 1445 1835 1502 dicens:

232 1547 259 1581 °
294 1549 438 1605 Nam
472 1563 566 1602 nec
603 1548 894 1616 gloriosum
934 1549 1011 1602 est
1055 1544 1116 1600 id
1161 1544 1304 1615 quod
1332 1544 1693 1613 gloriﬁcatum
1736 1544 1834 1603 est,

226 1643 455 1710 propter
466 1641 800 1694 excellentem
825 1641 1057 1708 gloriam
1080 1639 1150 1709 (ιι
1164 1638 1283 1693 Cor.
1307 1635 1421 1707 ιιι).
1436 1635 1464 1671 ἀ
1481 1636 1658 1705 Quam
1679 1649 1838 1690 com-

230 1731 576 1803 parationem
599 1729 766 1785 etiam
786 1729 844 1785 in
871 1736 1023 1800 parte
1060 1728 1357 1790 contraria,
1399 1725 1454 1781 id
1489 1733 1589 1788 est,
1628 1726 1681 1780 in
1712 1740 1836 1797 pec-

1951 701 2091 755 tione
2111 700 2569 769 praeuaricatricis
2606 698 2761 754 Iuda
2789 698 2998 770 (Ezech.
3020 700 3171 770 1m).
3202 702 3284 757 Ita
3304 701 3468 775 igitur
3490 714 3549 763 et

1952 791 2322 849 universarum
2370 791 2564 849 merita
2606 792 2898 859 virtutum,
2932 808 3058 865 qua:
3101 796 3354 866 superius
3390 812 3548 854 com-

1950 883 2245 956 prehendi,
2282 899 2410 941 cum
2451 900 2548 957 per
2600 900 2659 942 se
2706 885 2851 942 bona
2904 894 3070 958 atque
3123 889 3360 960 pretiosa
3408 890 3546 961 sint,

1949 984 2134 1033 tamen
2178 976 2437 1034 theorica‘.
2488 977 2747 1035 claritatis
2790 980 3203 1051 comparatione
3240 981 3544 1041 fuscantur.

1950 1069 2156 1126 Multos
2191 1070 2397 1127 etenim
2428 1080 2650 1127 sanctos
2694 1072 2946 1144 quamvis
2991 1072 3264 1131 bonorum
3292 1091 3543 1147 operum,

1947 1161 2176 1219 temnis
2217 1169 2405 1218 tamen
2448 1163 2641 1220 studiis
2679 1174 3001 1238 occupatos,
3030 1183 3062 1223 a
3088 1169 3545 1243 contemplatione

1947 1255 2147 1313 summi
2171 1254 2315 1312 illius
2353 1255 2484 1312 boni
2508 1256 2792 1311 retrahunt
2812 1272 2875 1313 ac
2892 1260 3191 1316 retardant.

2578 1358 2822 1416 CAPUT
2862 1361 2929 1415 V.

2053 1459 2327 1516 Neminem
2347 1471 2554 1514 summo
2565 1458 2658 1513 illi
2671 1458 2803 1511 bono
2817 1460 3084 1514 intentum
3110 1474 3219 1517 esse
3232 1461 3445 1530 jugiter

2653 1543 2829 1598 posse.

2017 1635 2041 1664 θ
2066 1633 2213 1688 Nam
2250 1630 2375 1704 quis
2413 1630 2647 1703 eripiens
2688 1629 2908 1702 inopem
2948 1630 3017 1687 de
3041 1647 3213 1689 manu
3253 1631 3543 1693 fortiorum

1947 1725 2084 1798 ejus,
2115 1733 2171 1782 et
2210 1740 2443 1797 egenum
2479 1732 2535 1781 et
2576 1739 2871 1797 pauperem
2913 1740 2944 1781 a
2972 1724 3349 1797 diripientibus
3385 1743 3540 1796 eum;

231 1831 488 1881 catorum
531 1821 741 1879 meritis
781 1819 1202 1894 compensandis
1225 1818 1502 1891 Scriptura
1528 1826 1831 1887 conservat,
1868 1827 1917 1890 Β
1942 1820 2065 1893 quis
2090 1826 2380 1876 contemne
2420 1818 2596 1875 molas
2632 1818 2979 1890 iniquorum,
3014 1826 3070 1873 et
3095 1818 3163 1875 de
3191 1819 3377 1876 medio
3404 1821 3542 1879 den-

229 1924 293 1974 ut
324 1932 423 1974 eos
457 1916 549 1989 qui
589 1915 763 1973 multo
805 1914 990 1971 minus
1026 1913 1175 1986 impii
1217 1920 1377 1979 sunt,
1406 1911 1652 1984 pejorum
1683 1912 1846 1969 colla-
1952 1913 2088 1970 tium
2126 1928 2318 1970 eorum
2346 1912 2565 1985 rapinas
2594 1919 2947 1985 extorqueas,
2977 1911 3033 1967 in
3060 1912 3175 1985 ipso
3203 1914 3547 1973 intercessio-

1338 2037 1591 2094 ALARDI
1629 2038 1854 2095 GAZzEI
1889 2037 2450 2096 COMMENTARIUS.

225 2156 504 2226 sordibus,
543 2156 637 2212 sed
664 2171 846 2227 panno
878 2156 1117 2219 sordido,
1139 2158 1197 2211 in
1224 2171 1327 2226 quo
1361 2159 1488 2211 sunt
1518 2159 1708 2227 partes
1750 2158 1834 2227 ni-

227 2228 384 2291 tidis.
414 2233 464 2283 et
486 2226 677 2299 partes
702 2226 1010 2299 maculatte.
1042 2228 1179 2283 Haec
1205 2228 1340 2299 ipse,
1365 2241 1488 2299 qum
1524 2226 1594 2299 ad
1624 2226 1833 2282 intelli-

225 2296 1096 2372 gentiam—illiussententiaenon
1121 2296 1473 2370 parum’lucis
1497 2296 1755 2372 afferunt.

301 2372 325 2402 ⁸
359 2369 420 2426 Id
448 2378 559 2435 est,
589 2369 840 2425 salutaria
881 2367 1134 2440 quidem,
1156 2377 1214 2425 et
1236 2376 1444 2440 sancta,
1475 2367 1573 2440 sed
1600 2383 1709 2423 non
1735 2383 1834 2440 per

224 2453 288 2496 se
317 2440 389 2496 ad
416 2440 650 2496 salutem
679 2448 735 2496 et
771 2438 936 2495 vitam
968 2438 1235 2508 efﬁcacia,
1267 2439 1366 2495 nisi
1404 2438 1676 2496 mediante
1703 2438 1832 2510 gra-

224 2511 328 2583 tia.
360 2512 602 2583 Illustrat
629 2511 776 2567 hunc
800 2510 983 2566 locum
1008 2512 1485 2583 D.»Hieronymus
1528 2509 1736 2583 eisdem
1778 2517 1832 2565 et

224 2580 375 2653 aliis
402 2582 624 2652 insuper
658 2582 955 2653 Scriptura:
995 2582 1275 2637 sententiis
1308 2580 1334 2635 ε’
1354 2581 1828 2653 Considerandum,

222 2651 405 2724 inquit
419 2655 493 2723 (in
512 2651 637 2709 Is.c.
662 2651 859 2723 Liui),
880 2653 1023 2723 quod
1040 2654 1394 2722 justitiaquw
1412 2655 1467 2705 in
1497 2652 1610 2724 lege
1635 2656 1735 2724 est,
1761 2652 1836 2707 ad

223 2722 678 2793 cornparationem
704 2722 1041 2793 Evang’elicte
1047 2725 1334 2794 puritatis,
1354 2722 1703 2777 immunditia
1732 2737 1833 2775 no-

220 2796 483 2849 minetur.
506 2797 719 2851 Etenim
752 2811 857 2849 non
894 2801 973 2849 est
991 2793 1105 2863 glor
1114 2797 1351 2863 iﬁcatum
1371 2793 1517 2863 quod
1533 2795 1693 2863 prius
1715 2793 1833 2862 glo-

221 2864 500 2935 riﬁcatum
528 2867 668 2931 fuit,
701 2869 924 2935 propter
948 2866 1290 2919 excellentem
1317 2866 1572 2932 gloriam.
1610 2864 1758 2919 Unde
1784 2868 1837 2918 et

222 2933 541 3001 Apostolus,
556 2936 653 3001 qui
663 2933 952 2986 secundum
956 2936 1238 3002 justitiam
1248 2950 1369 3002 quis
1379 2936 1441 2987 in
1456 2935 1564 3002 lege
1586 2938 1686 2996 est,
1704 2935 1835 2988 uni-

223 3016 388 3057 uersa
417 3002 782 3071 compleuerat,
819 3002 952 3055 dicit
971 3018 1025 3056 se
1043 3006 1221 3055 omnia
1245 3002 1467 3056 duxisse
1490 3019 1593 3071 pro
1612 3005 1829 3070 damno,

222 3076 291 3128 ut
302 3072 574 3129 Christum
583 3073 994 3138 lucrifacerel,et
1005 3076 1224 3141 propter
1236 3072 1547 3126 eminentem
1556 3074 1835 3127 scientiam

221 3145 451 3199 Domini
472 3144 648 3197 nostri
671 3143 796 3196 Jesu
827 3142 1047 3209 Christi,
1064 3146 1281 3212 propter
1304 3158 1458 3211 quem
1481 3148 1668 3198 cuncta
1691 3144 1835 3197 arbi-

222 3217 414 3269 tratur
440 3216 605 3284 quasi
621 3216 873 3284 stercora,
893 3218 955 3266 ut
971 3211 1244 3271 Christum
1257 3211 1597 3280 lucrifaciat,
1610 3218 1662 3269 et
1686 3216 1834 3269 inve-

216 3283 538 3365 niaturﬁon
782 3298 935 3338 suam
944 3284 1243 3365 justitiam,
1270 3286 1470 3365 qucein
1493 3284 1721 3365 Iegeest,
1736 3285 1832 3340 sed

209 3370 323 3426 per
355 3355 514 3425 ﬁdem
542 3356 779 3426 Christi,
797 3371 917 3425 qua:
941 3360 1020 3410 est
1040 3371 1111 3410 ea:
1135 3359 1240 3412 Deo
1257 3355 1481 3425 justitia
1505 3356 1547 3421 (l
1577 3355 1693 3411 Cor.
1726 3370 1825 3422 nr;

218 3424 435 3516 29592:.
467 3428 590 3516 κως
606 3424 841 3516 Etiam.
1144 3424 1473 3516 etiam
1499 3427 1827 3516 seselis!"
1853 3452 1899 3516 c

218 3497 452 3560 Christi,
474 3502 525 3552 et
558 3498 848 3552 aduentum
866 3498 994 3553 Filii
1023 3499 1134 3560 Dei,
1155 3497 1470 3567 ptedagoga:
1494 3498 1623 3566 legis
1649 3498 1828 3552 obser-

215 3572 321 3624 vat
342 3570 704 3636 caremonias,
716 3568 909 3623 audiat
926 3568 1189 3638 populum
1207 3570 1535 3636 conﬁtentem
1552 3568 1695 3638 quod
1716 3584 1826 3622 om-

215 3641 311 3694 nis
332 3640 433 3693 illa
455 3641 684 3710 justitia
703 3654 889 3709 panno
913 3639 1281 3694 sordidissimo
1301 3644 1657 3709 comparetur,
1674 3641 1762 3693 cui
1778 3644 1828 3694 et

212 3712 420 3767 Esther
446 3711 699 3765 diadema
725 3725 901 3771 suum,
942 3710 1085 3779 quod
1112 3714 1227 3764 erat
1245 3712 1403 3778 reque
1426 3711 1709 3779 potestatis
1737 3711 1826 3764 ine

212 3783 391 3852 signa,
422 3784 717 3852 comparat,
749 3780 894 3851 quod
928 3796 1271 3850 nequaquam
1298 3781 1593 3843 voluntate,
1620 3780 1715 3835 sed
1735 3796 1825 3836 ne-

212 3851 468 3909 cessitate
490 3851 742 3920 portabat
770 3852 948 3904 dicens
976 3870 993 3904 :
1016 3854 1097 3905 Tu
1115 3854 1218 3905 scis
1245 3853 1603 3906 necessitatem
1630 3866 1822 3914 meam,

211 3919 500 4003 quoniam"
514 3919 748 3973 detestor
764 3921 979 4003 signum
1298 3935 1448 4001 mea,
1634 3927 1823 4002 esis“-

205 3988 320 4064 per
337 3994 499 4061 caput
519 4005 724 4055 meum,
750 3992 809 4042 in
835 3989 1025 4043 diebus
1053 3991 1367 4042 ostensionis
1394 4004 1521 4042 mete
1548 3988 1825 4044 abominor

209 4061 399 4146 illud,
416 4063 557 4116 sicut
594 4075 836 4146 pannum
863 4063 1224 4146 menstruum,
1250 4074 1344 4113 nec
1360 4063 1519 4129 porto
1546 4060 1605 4111 in
1633 4059 1822 4114 diebus

210 4135 421 4207 quietis
452 4130 838 4202 mete(Esther,
858 4130 1001 4199 xxv).

287 4197 320 4236 δ
349 4203 537 4258 Habes
575 4202 717 4257 hanc
755 4200 1079 4258 sententiam
1127 4198 1257 4255 alibi
1301 4198 1543 4255 nonnihil
1589 4199 1820 4272 explica-

207 4272 582 4354 ιειιιιτι-(οοίιιιτἶ
602 4277 690 4339 21,
707 4287 841 4354 cap:
861 4272 970 4342 ss).

284 4348 311 4378 ο
341 4340 524 4400 Verba
554 4340 799 4415 Apostoli
828 4343 880 4398 in
911 4340 1125 4416 Vulgata
1152 4342 1407 4416 yersione
1443 4340 1777 4416 subobscura
1803 4358 1817 4395 :

202 4420 359 4477 Nam
386 4431 478 4471 nec
516 4413 871 4485 gloriﬁcatum
898 4419 994 4483 est,
1010 4413 1167 4485 ’φιοά
1201 4416 1402 4485 claruit
1432 4415 1491 4467 in
1530 4413 1628 4468 hac
1655 4418 1819 4485 parte

196 4491 450 4561 propter
472 4484 807 4561 excellentem
827 4484 1054 4561 gloriam
1075 4485 1148 4557 (ιι
1172 4484 1434 4561 Coruini).
1458 4485 1673 4561 Sensus
1693 4492 1811 4561 est:

198 4554 222 4561 ’
309 4554 364 4613 Β
402 4558 623 4620 claruit,
652 4555 707 4612 id
734 4554 843 4625 est,
860 4558 946 4611 lex
982 4554 1105 4628 quae
1142 4554 1437 4627 gloriﬁcata
1466 4562 1551 4610 est
1578 4554 1634 4610 in
1659 4554 1819 4627 legis-

198 4576 392 4688 ἔξω
420 4631 627 4688 Moyse.
663 4643 776 4683 non
817 4642 942 4683 vere
982 4626 1274 4688 gloriﬁcata
1310 4626 1475 4682 estin
1503 4625 1605 4682 hac
1643 4634 1815 4688 parte,

221 4639 282 4688 at

286 4644 392 4709 ore
420 4631 627 4700 Moyse,
663 4643 776 4709 non
817 4642 942 4709 vere
982 4625 1392 4709 gloriﬁ'cata_est
1418 4626 1475 4680 in
1503 4625 1815 4709 hac_pai'te,
1862 4654 1871 4663 υ

200 4701 263 4758 id
296 4708 408 4767 est,
451 4697 864 4772 comparatione
900 4697 1035 4770 legis
1076 4697 1428 4768 evangelicae,
1474 4697 1694 4770 propter
1722 4712 1815 4753 ex-

201 4772 511 4843 cellentem
532 4768 648 4843 ejus
686 4768 935 4843 gloriam.

280 4840 310 4877 α
332 4839 545 4913 Similis
557 4835 725 4913 'plane
739 4842 897 4913 locus
923 4849 1007 4898 est
1032 4839 1162 4896 huic
1189 4838 1538 4913 consentiens
1562 4837 1817 4913 idemque
1846 4835 1899 4899 D
1928 4844 2223 4913 impeditur
2249 4857 2344 4912 per
2372 4835 2823 4913 inordinationem
2844 4835 3161 4895 interiorum

195 4910 529 4984 luculentus
562 4910 703 4984 apud
729 4911 811 4984 D._
832 4911 1231 4984 Hieronymum
1258 4911 1295 4967 l.
1330 4926 1363 4984 ιᾼ
1381 4910 1647 4984 adversus
1665 4910 1820 4984 Pela-

197 4982 412 5058 gianos
440 4979 681 5058 (Cupio)
719 4998 732 5034 :
779 4979 1412 5058 Quid_mirum,__inquit,
1444 4984 1503 5058 in
1548 4981 1824 5038 collatione

194 5052 518 5113 sanctorum
543 5052 678 5106 alios
707 5066 817 5107 esse
841 5053 1101 5116 meliores,
1127 5056 1262 5108 alios
1290 5052 1606 5120 inferiores,
1635 5068 1753 5108 cum
1787 5068 1815 5108 e

195 5126 483 5183 contrario
496 5124 555 5177 in
574 5123 854 5178 collatione
871 5128 1208 5192 peccatorum
1231 5126 1326 5180 hoc
1345 5124 1584 5193 intelligi
1606 5125 1815 5193 possit?

196 5197 301 5255 Ad
342 5195 679 5250 Hierusalem
713 5194 937 5257 dicitur,
971 5210 1093 5265 qua:
1118 5196 1305 5249 multis
1326 5200 1667 5264 peccatorum
1698 5199 1815 5249 erat

195 5265 463 5336 confossa
482 5266 831 5336 uulneribus:
861 5268 1164 5336 Justiﬁcata
1188 5270 1265 5320 est
1280 5266 1505 5321 Sodoma
1521 5280 1589 5319 ea:
1608 5270 1674 5321 te.
1696 5267 1813 5323 Non

196 5335 361 5411 quod
389 5335 723 5411 Sodomdper
743 5354 798 5393 se
815 5337 972 5411 justa
988 5335 1083 5411 sit,
1098 5353 1219 5411 quae
1244 5338 1304 5411 in
1323 5340 1548 5411 aeternos
1574 5337 1812 5411 collapsa

194 5407 417 5466 cineres
441 5407 601 5460 audit
636 5424 732 5476 per
759 5410 1083 5464 Ezechielem
1114 5428 1130 5462 :
1156 5408 1385 5464 Sodoma
1409 5409 1723 5463 restituetur
1752 5410 1813 5462 in

195 5480 502 5547 antiquum
525 5477 887 5548 (Ezech.xv1).
914 5481 1021 5538 Sed
1056 5480 1202 5549 quod
1232 5483 1628 5549 comparatione
1648 5479 1809 5533 scele-

192 5551 428 5608 ratioris
460 5549 794 5603 Hierusalem
819 5551 928 5605 huic
944 5552 1102 5619 justa
1127 5551 1404 5606 videatur.
1429 5551 1529 5605 Illa
1552 5552 1693 5603 enim
1714 5551 1815 5605 Dei

190 5622 413 5704 Filium
441 5620 756 5703 trucidavit;
924 5627 1140 5693 propter
1167 5621 1559 5704 abundantiam
1572 5622 1812 5704 paniset

184 5707 302 5766 per
332 5690 570 5744 luxuria:
591 5690 1269 5759 magnitudinem—excessit
1294 5693 1512 5748 modum
1539 5691 1806 5763 libidinis.

190 5761 540 5834 Publicanus
567 5764 626 5815 in
644 5763 947 5834 Evangelio,
969 5767 1069 5832 qui
1089 5765 1615 5834 percutiebatpectus
1641 5765 1811 5827 (Luae

189 5832 411 5904 xvm),
439 5834 601 5902 quasi
629 5833 935 5889 thesaurum
954 5832 1328 5903 cogitationum
1349 5832 1729 5906 pessimarum,
1760 5839 1812 5891 et

1939 2159 2256 2211 conscientia
2285 2155 2599 2211 delictorum
2632 2156 2806 2212 oculos
2846 2171 2952 2211 non
2996 2156 3231 2211 audebat
3274 2156 3539 2220 attollere,

1940 2228 2298 2297 superbientis
2317 2229 2584 2282 Phariscei
2604 2227 2882 2282 collatione
2888 2231 2951 2297 ﬁt
2966 2228 3188 2297 justior.
3216 2231 3287 2284 Et
3308 2230 3543 2283 Thamar

1939 2300 2038 2354 sub
2061 2300 2231 2369 specie
2244 2300 2536 2352 meretricis
2551 2298 2702 2365 fallit
2717 2299 2935 2366 ludam,
2960 2304 3013 2353 et
3032 2301 3201 2369 ipsius
3224 2302 3541 2354 sententiam

1939 2314 2038 2354 suo
2153 2314 2231 2353 cie
2244 2314 2536 2352 meretricis
2551 2314 2702 2365 rauu
2717 2314 2935 2366 Juaam,
2960 2314 3013 2353 et
3032 2314 3201 2369 ipsius
3224 2314 3541 2354 sententiam

1939 2372 2037 2439 qui
2058 2314 2306 2438 gemas
2324 2375 2423 2432 est,
2450 2374 2685 2423 meretur
2711 2368 2904 2423 audire
2933 2386 2951 2422 :
2987 2372 3286 2439 Justiﬁcata
3304 2375 3383 2424 est
3407 2370 3545 2424 Tha-

1939 2438 2064 2495 mar
2081 2442 2253 2510 magis
2278 2455 2438 2510 quam
2456 2455 2546 2508 ego
2568 2439 2773 2510 (Genes.
2802 2438 3082 2510 xngrtt).
3100 2438 3188 2494 Ex
3210 2440 3403 2509 quibus
3423 2456 3540 2495 om-

1940 2511 2098 2565 nibus
2114 2509 2452 2580 approbatur
2465 2525 2569 2562 non
2579 2509 2751 2563 solum
2778 2509 2854 2561 ad
2878 2512 3326 2577 comparationem
3341 2512 3540 2566 divina

1943 2582 2246 2650 majestatis
2275 2580 2511 2634 homines
2538 2594 2883 2647 nequaquam
2914 2594 3021 2650 esse
3039 2581 3325 2648 perfectos,
3352 2582 3447 2636 sed
3474 2597 3540 2639 ne

1943 2649 2253 2720 angelorum
2283 2650 2500 2722 quidem
2523 2654 2910 2722 et‘carterorum
2938 2649 3210 2705 hominum
3237 2654 3335 2722 qui
3366 2654 3536 2709 uirtu-

1944 2727 2058 2777 tum
2077 2720 2319 2777 culmﬂzﬁ
2337 2720 2774 2789 conscenderunt,
2794 2728 2897 2775 etc.

2015 2801 2037 2829 θ
2076 2796 2141 2848 ιη
2190 2806 2406 2847 summa
2446 2809 2460 2846 :
2509 2791 2632 2863 quis
2672 2805 2929 2863 exercens
2964 2806 3135 2863 ropera
3184 2792 3307 2849 vita!
3346 2795 3541 2852 activa!

1944 2871 2125 2936 potest
2169 2863 2328 2919 simul
2383 2862 2571 2917 vacare
2619 2862 3107 2936 contemplationi?
3160 2864 3370 2920 Eodem
3422 2864 3539 2923 fere

1941 2933 2110 2990 modo
2135 2941 2521 3004 percunctatus
2541 2941 2628 2988 est
2656 2933 2966 3005 Germanus
2988 2933 3093 2989 col.
3127 2943 3177 3001 ι,
3199 2950 3250 2989 c.
3273 2942 3336 2991 12
3357 2952 3373 2990 :
3406 2938 3536 3005 Quis

1937 3010 2116 3075 potest
2138 3003 2336 3073 fragili
2362 3020 2521 3059 carne
2532 3003 2911 3071 circumdatus,
2940 3006 3019 3058 ita
3049 3020 3156 3060 esse
3182 3006 3305 3061 huic
3326 3003 3539 3063 theorite

2578 3187 2591 3207 ς
2634 3187 2699 3200 ww
2733 3187 2841 3214 vr“,
2858 3187 2882 3200 ν
2907 3187 3183 3214 ΙΙΒΠΪῸἯἏΠΙΌ,

1944 3217 2283 3272 humanitate
2304 3218 2609 3286 peregrinis
2645 3217 2727 3270 uel
2764 3217 3169 3273 aduenientibus
3196 3220 3539 3277 exhibenda?

1945 3289 2210 3364 Postremo
2227 3288 2348 3355 quis
2376 3304 2481 3364 non
2510 3288 2877 3364 interpelletur
2902 3291 3133 3364 corporis
3154 3291 3324 3364 ipsius
3350 3294 3538 3364 pravi.

1940 3360 2103 3419 sione,
2125 3358 2219 3431 uel
2237 3370 2365 3431 cura
2384 3357 2528 3431 ?_Cui
2556 3357 2723 3409 abbas
2750 3359 2934 3431 Moses
2960 3357 3034 3431 ita
3064 3357 3533 3431 respondit’wap.

1946 3434 2031 3493 13,
2062 3422 2224 3481 collat
2274 3424 2324 3493 1)
2370 3442 2385 3477 :
2416 3425 2682 3495 Inluerere
2702 3424 2917 3495 quidem
2950 3429 3057 3481 Deo
3073 3422 3306 3495 jugiter,
3336 3422 3537 3485 et'coii-

1936 3496 2275 3567 templationi
2285 3495 2422 3564 ejus,
2438 3494 2884 3567 quemadmodum
2894 3496 3093 3558 dicitis,
3108 3494 3537 3567 inseparabiliter

1935 3566 2196 3641 copulari,
2226 3566 2557 3641 impossibile
2590 3570 2667 3621 est
2695 3566 2904 3620 homini
2925 3567 3082 3621 istius
3108 3566 3287 3641 carnis
3309 3572 3533 3641 fragili-

1937 3645 2046 3695 tate
2070 3639 2412 3693 circumdato.
2449 3639 2646 3693 Verum
2676 3642 2878 3706 oportet
2912 3652 3006 3691 nos
3041 3641 3176 3694 scire
3209 3640 3308 3693 ubi
3340 3639 3535 3699 nostra

1934 3712 2127 3765 mentis
2168 3711 2510 3763 intentionem
2547 3708 2834 3762 debeamus
2877 3708 3069 3763 habere
3095 3710 3352 3780 defixam,
3385 3720 3436 3768 et
3458 3716 3534 3770 ad

1934 3798 2099 3866 ριξαηῑ
2125 3780 2535 3866 destinatum
2560 3780 3206 3866 ξεῖηρεῖτέξπίτηφμρεττοξ
3234 3798 3532 3866 reverens

1933 3847 2214 3921 intuitum,
2233 3860 2337 3907 etc.
2367 3852 2551 3921 Porro,
2564 3849 2631 3906 ad
2650 3847 2975 3921 ampliorem
2992 3849 3153 3921 hujus
3184 3852 3285 3907 loci
3322 3854 3537 3911 clarita-

1932 3930 2046 3978 tem
2071 3918 2374 3980 necéssaria
2403 3920 2631 3977 omnino
2669 3918 2881 3977 videtur
2908 3923 2980 3975 D.
3012 3918 3244 3978 Thomas
3284 3923 3531 3983 doctrina

1934 3996 2080 4060 (2-2,
2123 4011 2177 4063 q.
2211 3998 2333 4057 182,
2360 3997 2468 4048 art.
2501 3991 2576 4064 3),
2607 4006 2712 4062 qua
2740 3991 2956 4061 quaerit,
2986 4000 3042 4047 et
3068 3992 3301 4064 explicat
3344 4000 3529 4052 utrum

1930 4067 2046 4117 vita
2058 4079 2155 4138 oon
2156 4068 2295 4132 temp
2300 4065 2467 4138 latina
2487 4064 2814 4131 impediatur
2822 4078 2924 4131 per
2931 4066 3099 4138 vitam
3107 4067 3369 4138 activam?
3377 4067 3527 4138 quod

1931 4141 2015 4188 est
2056 4130 2226 4216 hujus
2255 4130 2461 4216 capitis
2508 4130 2912 4216 argumentum.
2962 4135 3284 4216 .Dicend‘um,
3331 4130 3527 4216 inquit,

1930 4203 2073 4272 quod
2098 4201 2215 4258 vita
2249 4203 2427 4257 activa
2443 4201 2972 4272 potestconsiderari
2998 4209 3264 4272 quantum
3283 4205 3357 4259 ad
3382 4201 3520 4262 duo.

1936 4271 2050 4331 Uno
2092 4274 2245 4329 modo
2274 4277 2536 4344 quantum
2565 4271 2644 4338 ad,
2662 4275 2836 4341 ipsum
2864 4271 3107 4327 studium
3130 4279 3182 4329 et
3216 4279 3528 4334 emercitium

1929 4347 2257 4400 exteriorum
2282 4346 2582 4417 actionum;
2604 4347 2662 4417 et
2680 4345 2758 4417 sic
2783 4345 3133 4410 manifestum
3151 4351 3230 4401 est
3246 4348 3391 4417 quod
3410 4352 3527 4405 vita

1925 4418 2105 4471 activa
2115 4416 2339 4487 impedit
2359 4415 2842 4488 contemplativam,
2858 4417 2915 4468 in
2927 4422 3193 4484 quantum
3204 4415 3528 4488 impossibile

1924 4491 2004 4542 est
2026 4488 2171 4558 quod
2196 4488 2399 4557 aliquis
2418 4487 2577 4540 simul
2607 4490 2887 4556 occupetur
2904 4488 3047 4541 circa
3070 4487 3359 4545 ceteriores
3372 4495 3529 4547 actio-

1925 4574 2016 4612 nes
2035 4557 2106 4632 et
2127 4559 2325 4614 divina:
2360 4557 2796 4628 contemplationi
2818 4562 2990 4632 uacet:
3011 4559 3141 4632 Alio
3174 4562 3327 4616 modo
3350 4568 3525 4632 potest

1924 4630 2263 4686 considerari
2284 4631 2401 4683 vita
2431 4632 2607 4683 activa
2635 4633 2895 4698 quantum
2917 4629 2991 4683 ad
3009 4631 3122 4697 hoc,
3147 4633 3290 4700 quod
3308 4629 3525 4687 interio-

1923 4715 2008 4756 res
2034 4704 2229 4756 anima:
2250 4702 2519 4770 passiones
2540 4702 2802 4769 componit
2817 4704 2879 4770 et
2905 4700 3149 4770 ordinat.
3170 4704 3241 4756 Et
3257 4708 3523 4770 quantum

1927 4772 2004 4826 ad
2021 4774 2134 4835 hoc,
2161 4768 2277 4826 vita
2303 4772 2480 4826 activa
2510 4768 2736 4843 adjueat
2758 4769 2832 4823 ad
2850 4768 3369 4843 contmplationem,
3402 4788 3522 4843 qua:

3287 4859 3313 4897 8
3318 4858 3518 4899 tonum.

1939 4857 2223 4913 impeditur
2249 4857 2344 4912 per
2372 4857 2823 4895 inoramauonem
2844 4857 3161 4895 interiorum
3182 4857 3515 4911 passwnum.

1939 4914 2087 4987 (Inde
2113 4911 2565 4987 Gregorius__dic_it
2602 4912 2662 4963 in
2688 4914 2849 4987 sexto
2875 4913 3169 4987 Moralium
3192 4913 3341 4987 (Cap.
3378 4916 3465 4987 27)
3502 4935 3515 4968 :

1931 4985 2059 5041 Cum
2088 4984 2544 5053 contemplationis
2571 4996 2744 5035 arcem
2769 4982 2951 5051 aliqui
2984 4986 3155 5039 tenere
3190 4982 3517 5054 desiderant,

1923 5058 2082 5126 prius
2105 5070 2159 5109 se
2192 5056 2248 5107 in
2277 5067 2461 5126 campo
2490 5067 2592 5126 per
2615 5054 2929 5126 exercitium
2965 5058 3136 5123 operis
3170 5057 3416 5126 probent,
3458 5063 3519 5113 ut

1920 5123 2145 5181 sollicite
2165 5126 2355 5188 sciant,
2382 5125 2434 5177 si
2453 5123 2609 5177 nulla
2628 5123 2751 5193 jam
2776 5124 2924 5178 mala
2944 5123 3218 5194 proximis
3242 5123 3515 5196 irrogant,

1920 5199 1972 5267 si
1995 5199 2237 5267 irrogata
2258 5212 2292 5249 a
2312 5197 2578 5267 proximis
2596 5197 2972 5264 aaquanimiter
2982 5202 3224 5265 portant,
3255 5200 3307 5251 si
3324 5199 3517 5253 oblatis

1921 5266 2069 5322 bonis
2094 5264 2475 5338 temporalibus
2493 5280 2827 5334 nequaquam
2838 5264 3194 5322 mens’lartitia
3209 5268 3455 5331 soluitur,
3467 5272 3520 5324 si

1918 5339 2213 5394 subtractis
2224 5354 2331 5393 non
2351 5339 2518 5391 nimio
2542 5351 2766 5390 maerore
2783 5339 3077 5391 sauciatur.
3095 5339 3176 5394 Ac
3200 5338 3391 5394 deinde
3400 5355 3516 5408 per-

1913 5410 2161 5479 pendant
2187 5412 2238 5465 si
2262 5424 2380 5464 cum
2405 5409 2479 5463 ad
2504 5409 2807 5477 semetipsos
2829 5410 3090 5463 introrsus
3112 5409 3353 5475 redeunt,
3379 5414 3439 5465 in
3458 5427 3515 5466 eo

1918 5480 2061 5549 quod
2086 5482 2399 5549 spiritualia
2436 5480 2729 5540 rimantur,
2756 5494 3095 5548 nequaquam
3128 5496 3302 5535 secum
3332 5497 3515 5537 rerum

1916 5552 2294 5621 temporalium
2312 5550 2777 5611 umbrastrahant,
2790 5550 2873 5604 vel
2882 5552 3114 5617 fortasse
3129 5555 3330 5607 tractas
3348 5570 3515 5608 manu

1918 5621 2256 5676 discretionis
2269 5622 2612 5689 abigantJix
2625 5622 2719 5674 hoc
2729 5636 2854 5689 ergo
2865 5624 3181 5677 exercitium
3190 5624 3314 5679 vitae
3326 5628 3514 5681 actium

1918 5694 2125 5758 confert
2140 5693 2215 5747 ad
2223 5692 2709 5766 contemplativam,
2723 5692 2866 5760 quod
2879 5695 3087 5763 quietat
3097 5697 3380 5751 interiores
3391 5711 3514 5766 pas-

1916 5767 2107 5827 siones,
2145 5780 2213 5819 em
2235 5764 2427 5831 quibus
2462 5762 2850 5836 phantasmata
2888 5762 3229 5836 proemium,
3252 5782 3354 5836 per
3391 5762 3511 5835 qua:
3604 5800 3613 5807 -

1916 5836 2286 5906 contemplatio
2310 5836 2623 5906 impeditur.
2647 5836 2728 5890 Ita
2755 5835 2806 5891 S.
2836 5835 3095 5894 Thomas.
