4040 6194
516 273 644 327 i251

1594 266 1877 323 JOANNIS
1913 265 2221 322 CASSIANI
2259 264 2750 324 COLLATIONES.

3698 277 3840 335 £32

516 397 604 452 nis
646 409 834 467 opere,
864 392 1063 450 divinae
1104 388 1402 464 majestatis
1437 391 1668 465 gloriam
1699 391 1886 465 quieta
1929 401 2114 449 mente
2141 396 2194 461 Α
2223 396 2480 464 quoniam
2500 394 2659 450 adea
2680 408 2802 465 qua:
2826 395 2965 449 mihi
2989 408 3119 465 opus
3149 398 3375 449 erantet
3396 395 3483 449 his
3508 400 3607 467 qui
3631 415 3840 459 mm

517 490 777 563 suspiciat
802 490 972 558 [Lips
1001 490 1061 542 in
1086 502 1265 557 marg.
1298 487 1612 560 suscipiat]?
1644 487 1776 557 Quis
1787 486 2114 545 alimoniam

515 584 840 659 pauperibus
880 582 1289 648 administrans,
1331 589 1428 638 aut
1476 582 1886 638 advenientium
1929 580 2116 638 turbas

515 678 775 735 benevola
801 677 1136 733 humanitate
1165 676 1480 749 suscipiens,
1508 676 1565 732 in
1591 691 1656 733 eo
1684 677 1949 749 temporis
1977 691 2115 749 pun-

518 779 616 829 cto
650 787 759 844 quo
789 786 889 842 pro
913 771 1327 828 necessitatibus
1377 770 1611 827 fratrum
1653 770 1885 827 sollicita
1930 780 2117 827 mente

518 865 867 936 distenditur,
892 867 1318 923 immensitatem
1344 881 1603 939 supernae
1628 865 1979 923 beatitudinis
1998 881 2119 938 spe-

520 962 757 1033 culetur;
793 969 847 1017 et
885 977 1012 1018 cum
1046 961 1333 1032 praesentis
1362 962 1490 1017 vitae
1531 959 1830 1033 angoribus
1869 959 2118 1030 curisque

518 1057 844 1124 concutitur,
878 1056 1049 1113 futuri
1087 1056 1273 1113 saeculi
1314 1063 1521 1111 statum
1570 1056 1779 1111 elevato
1821 1070 1850 1110 a
1887 1053 2118 1110 terrenis

518 1150 788 1223 contagiis
823 1150 987 1207 corde
1032 1150 1362 1221 prospiciat?
1394 1148 1558 1207 Unde
1590 1148 1778 1204 beatus
1810 1146 1985 1203 David
2025 1162 2118 1203 so-

517 1244 633 1298 lum
660 1243 766 1297 hoc
795 1243 1003 1297 bonum
1039 1240 1247 1296 homini
1290 1256 1406 1296 esse
1446 1240 1728 1310 deﬁniens,
1768 1245 1889 1298 Deo
1912 1241 2120 1314 jugiter

517 1333 783 1391 inharere
819 1333 1110 1402 desiderat,
1154 1332 1338 1389 dicens
1371 1354 1383 1388 :
1440 1337 1581 1390 Mihi
1623 1340 1809 1391 autem
1844 1336 2121 1392 adhterere

520 1434 625 1486 Deo
653 1430 845 1483 bonum
875 1431 970 1495 est,
1013 1443 1212 1498 ponere
1251 1430 1311 1482 in
1358 1431 1582 1485 Domino
1620 1433 1724 1485 Deo
1767 1444 1914 1500 spem
1949 1445 2122 1485 meam

522 1522 684 1594 (Psal.
718 1520 931 1592 Lxxn).
968 1520 1130 1590 Quod
1156 1522 1317 1577 etiam
1338 1522 1693 1579 Ecclesiastes
1722 1538 1754 1577 a
1783 1523 2000 1579 nemine
2023 1522 2121 1594 ju-

518 1622 729 1672 storum
754 1598 868 1670 sini:
895 1614 1114 1686 querela
1144 1614 1328 1686 perlici
1354 1630 1512 1687 posse
1552 1615 1911 1688 pronuntians
1935 1635 1947 1669 :
1979 1617 2118 1682 Quia

519 1725 624 1765 non
658 1713 738 1764 est
764 1709 912 1763 homo
946 1709 1150 1778 justus,
1181 1709 1278 1777 ait,
1316 1713 1376 1764 in
1406 1714 1551 1765 terra
1577 1712 1673 1779 qui
1694 1712 1869 1778 faciat
1900 1710 2117 1780 bonum,

2221 493 2368 552 sunt,
2386 491 2827 545 ministraverunt
2840 502 3031 543 manus
3046 490 3166 543 ista:
3183 488 3395 555 (Actor.
3420 496 3554 557 xx).
3581 493 3685 549 Vel
3710 510 3838 555 cum

2221 580 2805 638 Thessalonicensibus
2831 579 3094 648 scribens,
3121 581 3182 636 In
3201 580 3387 636 labore
3417 586 3471 637 et
3504 586 3838 655 fatigatione

2223 681 2371 733 nocte
2394 680 2446 732 et
2470 677 2556 733 die
2578 682 2859 748 operatum
2880 690 2940 732 se
2963 674 3130 731 fuisse
3153 682 3397 731 testatur
3419 679 3495 744 (Il
3516 680 3695 736 Thess.
3720 684 3836 754 nr).

2225 768 2439 839 Quibus
2464 769 2588 827 licet
2614 786 2813 844 magna
2850 768 3029 826 eidem
3072 768 3403 829 meritorum
3430 772 3707 844 stipendia
3736 793 3837 850 pa-

2224 872 2496 932 rarentur,
2540 868 2726 922 tamen
2770 879 2927 921 mens
2970 863 3091 936 ejus
3129 865 3387 935 quamvis
3432 877 3624 925 sancta
3676 879 3836 944 atque

2226 956 2497 1027 sublimis,
2541 972 2656 1015 non
2693 966 2908 1031 poterat
2936 972 3049 1012 non
3098 956 3167 1011 ab
3220 957 3315 1013 illa
3360 959 3573 1017 caelesti
3622 962 3838 1023 theoria

2225 1051 2527 1109 intentione
2551 1052 2756 1108 terreni
2800 1051 2979 1123 operis
3009 1050 3305 1123 aliquando
3346 1051 3544 1110 divelli.
3574 1059 3835 1132 Denique

2226 1159 2353 1202 cum
2391 1160 2452 1202 se
2476 1146 2649 1203 tantis
2664 1161 2731 1203 ac
2767 1145 2963 1202 talibus
2997 1143 3152 1200 ditari
3179 1143 3451 1203 fructibus
3473 1161 3758 1217 cerneret,
3785 1162 3838 1211 et

2227 1239 2549 1294 econtrario‘
2582 1236 2806 1295 theorim
2843 1237 3054 1294 bonum
3082 1237 3251 1294 corde
3278 1248 3552 1311 pensaret,
3584 1258 3653 1300 ac
3692 1244 3834 1303 velut

2226 1332 2284 1388 in
2308 1347 2415 1388 una
2443 1332 2596 1389 lance
2625 1339 2903 1390 tantorum
2932 1330 3185 1388 laborum
3212 1332 3551 1405 profectum,
3582 1338 3641 1395 in
3667 1339 3831 1398 altera

2225 1426 2646 1485 delectationem
2695 1426 2893 1484 divina:
2936 1426 3405 1498 contemplationis
3467 1431 3829 1504 appenderet,

2228 1519 2322 1576 diu
2372 1521 2616 1578 examine
2660 1521 2895 1594 pectoris
2954 1520 3038 1576 sui
3089 1520 3499 1592 quodammodo
3542 1528 3830 1602 castigato,

2228 1626 2256 1652 ⁸
2283 1616 2418 1673 dum
2451 1617 2605 1673 illum
2644 1616 2771 1673 hinc
2805 1615 3059 1672 laborum
3087 1616 3346 1689 stipendia
3374 1620 3833 1681 immensa’dele-

2229 1716 2395 1777 ctant,
2409 1709 2554 1766 illinc
2577 1708 2906 1766 desiderium
2922 1709 3150 1766 unitatis
3171 1718 3221 1766 et
3236 1711 3607 1784 inseparabilis
3617 1717 3832 1774 Christi

522 1806 573 1857 et
589 1818 697 1857 non
717 1806 896 1872 peccet
919 1803 1132 1870 (Eccles.
1164 1801 1297 1873 vn).
1313 1802 1450 1871 Quis
1470 1801 1618 1858 enim
1639 1817 1904 1875 umquam
1926 1818 2121 1875 quam-
2154 1808 2200 1870 Β
2231 1802 2463 1859 societas
2484 1803 2649 1859 etiam
2676 1801 2744 1862 ad
2777 1803 3167 1860 resolutionem
3191 1805 3372 1861 carnis
3397 1806 3612 1876 invitat,
3645 1810 3836 1869 anxiis

521 1896 603 1953 vis
626 1895 931 1967 praecipuus
974 1896 1222 1952 omnium
1262 1894 1539 1967 iustorum
1579 1904 1742 1968 atque
1780 1905 2116 1967 sanctorum,

522 1988 686 2061 hujus
712 1989 959 2062 corporis
983 1989 1209 2046 vinculis
1227 1989 1531 2063 colligatus,
1561 2006 1844 2057 summum
1882 1990 1988 2048 hoc
2015 1991 2121 2048 bo-

516 2099 653 2140 num
682 2083 756 2140 ita
800 2083 1079 2156 possidere
1108 2083 1345 2156 potuisse
1391 2083 1695 2141 credendus
1728 2091 1829 2154 est,
1867 2093 1928 2140 ut
1954 2100 2121 2140 num-

519 2191 687 2250 quam
724 2193 756 2232 a
798 2177 979 2234 divina
1019 2177 1480 2249 contemplatione
1511 2176 1819 2247 discedens,
1848 2193 1919 2234 ne
1955 2193 2119 2249 parvo

521 2270 743 2341 quidem
759 2278 1006 2341 tempore
1033 2270 1103 2324 ab
1130 2284 1198 2325 eo
1230 2270 1322 2340 qui
1353 2271 1503 2328 solus
1540 2270 1721 2327 bonus
1751 2280 1860 2341 est,
1893 2272 2121 2328 terrenis

519 2362 943 2434 cogitationibus
966 2369 1184 2433 putetur
1207 2360 1467 2430 affectus;
1489 2363 1582 2434 qui
1620 2378 1924 2436 numquam
1952 2365 2118 2421 ullam

518 2455 648 2521 cibi,
679 2456 844 2511 ullam
882 2454 1222 2523 indumenti,
1255 2456 1557 2513 aliarumve
1595 2459 1896 2515 carnalium
1933 2475 2118 2517 rerum

515 2549 748 2622 gesserit
770 2563 997 2605 curam:
1038 2564 1338 2621 numquam
1368 2548 1436 2605 de
1473 2548 1709 2606 fratrum
1750 2551 2115 2623 susceptione,

517 2642 585 2700 de
622 2642 728 2699 loci
755 2642 1211 2710 commutatione,
1240 2641 1313 2699 de
1355 2642 1560 2699 cellulae
1588 2643 1892 2701 structione
1916 2644 2118 2700 sollici~

510 2742 626 2806 «ωε,
642 2744 737 2794 aut
747 2751 911 2808 opem
933 2736 1171 2810 aliquam
1186 2736 1412 2794 humani
1438 2736 1775 2810 concupierit
1791 2737 2115 2812 adjumenti,

509 2830 832 2902 autinopim
867 2831 1153 2888 sterilitate
1185 2840 1411 2888 vexatus
1443 2831 1590 2887 illam
1631 2834 1957 2889 sententiam
2000 2836 2120 2890 Do-

512 2924 729 2981 minicm
758 2923 1143 2996 increpationis
1166 2925 1454 2981 incurrerit
1485 2944 1496 2979 :
1521 2927 1599 2982 Ne
1620 2926 1845 2981 solliciti
1858 2928 1981 2981 sitis
1999 2929 2122 2980 ani-

515 3032 616 3072 ma:
637 3023 832 3073 vestrm
857 3018 991 3087 quid
1014 3019 1364 3084 manducetis,
1380 3034 1548 3086 neque
1566 3020 1777 3087 corpori
1787 3022 1959 3074 vestro
1984 3019 2121 3089 quid

523 3110 836 3164 induamini
863 3109 1076 3179 (Matth.
1095 3109 1214 3179 vi)?
1236 3109 1488 3181 Denique
1517 3109 1699 3182 ipsum
1721 3109 1879 3167 illum
1907 3119 2121 3182 aposto-

2228 1894 2454 1951 tandem
2484 1894 2784 1966 proclamat
2824 1902 2885 1951 et
2923 1894 3056 1952 dicit
3097 1891 3166 1952 εδ
3198 1898 3342 1964 Quid
3381 1898 3578 1969 eligam
3627 1904 3829 1972 ignoro,

2226 1994 2465 2047 coarctor
2504 1994 2686 2046 autem
2715 2007 2741 2046 e
2764 1991 2991 2055 duobus,
3023 1991 3358 2048 desiderium
3388 1994 3587 2050 habens
3615 1998 3836 2054 dissolvi

2229 2088 2421 2141 etcum
2459 2086 2667 2141 Christo
2707 2099 2834 2149 esse,
2875 2086 3043 2141 multo
3069 2088 3211 2141 enim
3248 2088 3481 2156 melius;
3519 2106 3830 2161 permanere

2229 2182 2409 2234 autem
2438 2181 2497 2233 in
2530 2195 2687 2235 carne
2716 2181 3069 2236 necessarium
3096 2182 3274 2251 magis
3296 2189 3523 2255 propter
3558 2202 3648 2242 vos
3689 2184 3825 2259 (Ριιί.

2227 2274 2325 2342 ’φ’
2355 2277 2414 2340 η’
2845 2353 3084 2410 CAPUT
3106 2356 3206 2411 v1.

2300 2450 2633 2522 Quantopere
2654 2451 2943 2522 Apostolus
2964 2453 3209 2520 fratrum
3253 2454 3484 2511 salutem
3504 2458 3755 2513 sitirent.

2298 2550 2438 2607 Cum
2465 2550 2627 2622 igitur
2657 2553 2843 2610 multis
2866 2553 3045 2611 modis
3060 2554 3195 2612 boni
3239 2556 3406 2630 hujus
3429 2558 3823 2629 excellentiam,

2227 2644 2440 2700 cunctis
2467 2644 2634 2702 etiam
2678 2645 3079 2719 praedicationis
3106 2664 3220 2706 sum
3256 2649 3532 2707 fructibus
3570 2653 3828 2724 pratulis-

2226 2745 2328 2806 set,
2361 2746 2548 2795 tamen
2579 2740 2872 2810 charitatis,
2903 2741 3020 2799 sine
3044 2757 3149 2814 qua
3176 2758 3339 2800 nemo
3370 2746 3673 2803 Dominum
3709 2763 3828 2818 pro-

2228 2839 2492 2901 meretur,
2545 2835 3004 2906 contemplatione
3056 2835 3386 2891 submittitur
3430 2852 3445 2889 :
3489 2852 3553 2894 ae
3602 2848 3828 2912 propter

2227 2925 2351 2982 illos
2406 2925 2603 2998 quibus
2650 2926 2826 2984 adhuc
2868 2929 2976 2997 lac,
3029 2930 3175 2985 velut
3217 2928 3518 2996 nutricula,
3571 2930 3827 2989 uberibus

2229 3019 2549 3093 evangelicis
2579 3020 2965 3095 immulgebat,‘
2986 3031 3007 3059 ο
3033 3022 3396 3080 divulsionem
3423 3038 3456 3079 a
3484 3012 3710 3082 Christo
3729 3020 3825 3083 sibi

2227 3112 2448 3185 quidem
2484 3113 2733 3180 noxiam,
2773 3115 2871 3172 sed
2916 3115 3125 3173 caeteris
3158 3116 3519 3173 necessariam
3542 3133 3658 3174 non
3688 3108 3826 3177 rect)-

521 3198 633 3255 lum
677 3201 902 3257 Paulum
924 3244 940 3270 ,
970 3203 1062 3272 qui
1092 3202 1343 3258 omnium
1381 3212 1700 3259 sanctorum
1726 3203 1974 3260 laborem
2002 3220 2121 3277 pas-
2154 3203 2200 3268 C
2230 3214 2331 3263 sat.
2359 3207 2582 3264 Etenim
2611 3208 2679 3264 ad
2703 3208 3027 3267 electionem
3051 3210 3219 3283 hujus
3245 3211 3587 3283 potissimum
3626 3213 3709 3268 rei
3732 3214 3824 3269 illa

516 3292 736 3351 sionum
759 3295 1155 3351 numerositate
1185 3295 1613 3364 transcenderat,
1642 3312 1985 3371 nequaquam
2011 3298 2117 3356 hoc

516 3386 742 3460 implere
766 3388 1009 3461 potuisse
1030 3388 1368 3446 conﬁdenter
1388 3389 1709 3457 astruimus,
1731 3390 1849 3462 ipso
1873 3392 1930 3448 in
1958 3392 2115 3449 Acti-

521 3479 624 3539 bus
657 3484 1051 3554 Apostolorum
1097 3482 1374 3554 discipulis
1411 3491 1704 3540 attestante
1752 3503 1764 3538 :
1805 3488 1924 3556 Ipsi
1962 3489 2113 3542 scitis

2222 3301 2392 3359 nimia
2430 3302 2643 3374 pietatis
2675 3304 2871 3360 virtute
2912 3304 3275 3376 compellitur,
3314 3320 3421 3378 qua
3451 3310 3548 3377 pro
3576 3294 3607 3337 ⁴¹
3651 3305 3824 3363 salute

2222 3393 2460 3452 fratrum
2493 3411 2744 3467 suorum,
2773 3397 2817 3454 si
2844 3406 2989 3454 esset
3029 3398 3318 3470 possibile,
3361 3401 3528 3455 etiam
3574 3399 3823 3457 ultimum

2223 3486 2590 3544 anathematis
2647 3488 2860 3546 malum
2919 3495 3166 3562 optasset
3216 3491 3522 3548 incurrere.
3578 3493 3826 3562 Optimam

1608 3637 1865 3695 ALARDI
1903 3639 2128 3695 GAZEI
2166 3639 2727 3699 COMMENTARIUS.

586 3783 611 3811 ³
654 3772 1065 3853 Pulchre__huic
1108 3775 1503 3853 locoqquadrat
1541 3776 1662 3835 haec
1706 3783 1778 3835 D.
1823 3781 2112 3853 Augustini

513 3845 782 3903 sententia
813 3848 956 3913 (Lib.
981 3848 1203 3915 xxx,de
1231 3845 1453 3906 Ciuitc.
1486 3853 1572 3916 19)
1602 3867 1613 3901 :
1649 3853 1831 3906 Otium
1868 3845 2114 3906 sanctum

520 3921 724 3992 quierit
748 3918 988 3992 charitas
1004 3921 1281 3992 ueritatis,
1296 3923 1564 3992 negotium
1575 3921 1789 3988 justum
1800 3925 2115 3992 suseipitne-

406 4038 415 4046 ,
513 3991 733 4069 cessitas
751 3987 1055 4077 etiaritatis.
1093 3990 1265 4077 Quam
1286 3991 1577 4077 sarcinam,
1586 3992 1637 4045 si
1653 3992 1832 4077 nullus
1858 3987 2116 4077 imponit,

504 4057 870 4127 percipienda:
898 4062 1060 4127 atque
1085 4060 1353 4114 intuenda:
1367 4061 1667 4116 vacandum
1688 4068 1767 4118 est
1792 4057 2034 4119 veritati.
2054 4067 2113 4121 Si

513 4134 695 4184 autem
715 4131 1032 4203 imponitur,
1046 4132 1387 4201 suscipienda
1397 4137 1476 4187 est
1487 4137 1713 4203 propter
1727 4134 1935 4190 charita
1941 4137 2008 4189 tis
2021 4151 2109 4191 ne-

512 4203 837 4256 cessitatem.
854 4201 964 4257 Sed
988 4218 1082 4256 nec
1101 4205 1178 4257 sic
1193 4205 1407 4257 omnino
1421 4201 1666 4259 veritatis
1682 4206 1958 4261 delectatio
1970 4207 2115 4262 dese-

513 4273 684 4327 renda
698 4277 794 4335 est,
808 4274 1244 4346 nesubtrahatur
1261 4275 1360 4327 illa
1368 4277 1634 4343 suavitas,
1653 4281 1703 4331 et
1718 4279 1989 4346 opprimat
2004 4280 2111 4331 ista

511 4346 813 4417 necessitas.
828 4343 973 4417 Ilaec
995 4343 1330 4417 Augustinus
1354 4346 1520 4417 (Vide
1546 4347 1603 4402 S.
1632 4348 1727 4401 Th.
1743 4343 1880 4414 ’Ξῖ-2,
1903 4364 1958 4417 q.
1986 4352 2106 4414 I82,

511 4417 618 4486 art.
642 4412 936 4486 I).AEodeAm
963 4412 1172 4486 spectat
1197 4415 1431 4486 insignis
1454 4424 1634 4472 textus
1663 4412 1969 4473 Innocentii
1994 4412 2110 4473 ter?

513 4481 571 4557 tii
601 4481 831 4557 in;Jure
854 4481 1133 4557 Canonico
1155 4484 1238 4557 his
1281 4481 1460 4540 vérbis
1488 4503 1773 4555 expressus
1814 4493 2011 4557 (Extra
2045 4491 2111 4545 de

512 4553 764 4626 Regular.
788 4568 903 4624 cap.
930 4554 1091 4626 Licet)
1125 4574 1142 4610 :
1164 4556 1267 4611 Illa
1285 4570 1490 4626 semper
1512 4553 1698 4626 regula
1724 4553 2111 4615 inviolabiliter

481 4672 487 4678 .
512 4625 836 4708 observetur,
859 4629 920 4680 ut
944 4627 1125 4708 nullus
1139 4627 1338 4697 absque
1362 4625 1823 4708 licentia’Romani
1836 4634 2107 4708 pontiﬁcis
2136 4629 2194 4694 Ι)
2221 4649 2367 4708 vam.
2410 4635 2571 4708 Unde
2623 4625 2918 4708 Gregorius
2966 4637 3113 4693 homi

501 4700 804 4772 prwsumat
838 4699 1103 4772 occasione
1139 4714 1471 4769 quacumque
1495 4699 1728 4755 deserere
1746 4699 2109 4772 priesulatum

510 4768 585 4834 (id
629 4777 735 4841 est,
775 4769 1202 4839 episcopatum);
1233 4773 1489 4840 quoniam
1517 4773 1656 4826 sicut
1699 4768 1877 4841 majus
1917 4774 2109 4829 bonum

509 4841 709 4915 minori
723 4840 852 4915 bono
869 4843 1227 4915 praeponitur,
1242 4844 1323 4896 ita
1334 4844 1626 4897 communis
1643 4840 1859 4898 utilitas
1886 4846 2111 4915 speciali

512 4910 751 4986 utilitati
768 4914 1087 4986 praefatur.
1117 4916 1188 4986 Et
1219 4915 1276 4967 in
1313 4915 1407 4986 hoc
1436 4929 1564 4968 casu
1594 4919 1731 4970 recte
1767 4910 2108 4986 prcepbnitur

510 4979 1015 5055 doctrinasilentiq,
1054 4984 1357 5039 sollicitudo
1385 4979 1837 5055 contemplationi,
1869 4979 1920 5041 et
1957 4986 2108 5042 labor

506 5050 712 5127 quieti:
730 5050 822 5105 Ad
851 5052 992 5127 quod
1028 5055 1221 5127 utique
1249 5050 1639 5127 designandum
1668 5050 1977 5127 unigénitus
2006 5060 2106 5114 Dei

504 5122 653 5191 ﬁlius
678 5123 827 5178 Jesus
855 5122 1098 5179 Christus
1120 5139 1225 5177 non
1251 5125 1316 5179 de
1330 5122 1553 5181 Rachele
1571 5122 1862 5182 secundum
1889 5144 2103 5184 carnem

506 5198 673 5269 natus
687 5198 782 5258 est,
800 5194 894 5249 sed
916 5193 996 5269 de
1009 5196 1107 5269 Lia
1133 5196 1339 5261 (Genes.
1361 5196 1529 5267 XXIX)
1548 5220 1561 5263 ;
1584 5214 1676 5254 nec
1687 5200 1889 5269 legitur
1905 5216 2025 5254 eum
2044 5203 2103 5255 in

507 5264 723 5320 domum
750 5281 903 5321 suam
937 5267 1113 5323 Mona
1140 5269 1413 5338 recepisse,
1436 5264 1531 5324 sed
1557 5264 1781 5325 Martha
1801 5269 2015 5341 (Matth.
2044 5270 2098 5342 ι).

503 5338 640 5392 Haec
674 5338 932 5392 nontil‘ex.

561 5352 640 5393 aee
674 5348 932 5393 υοηῑιιθχ.

573 5410 598 5443 ι’
626 5408 685 5464 ld
718 5408 1069 5486 est,_ancipiti
1105 5408 1374 5486 desiderio
1403 5410 1678 5483 utrimque
1721 5411 2009 5486 impellor;
2040 5423 2094 5472 et

502 5484 686 5568 utrum
712 5481 781 5536 de
810 5481 1026 5568 duobus
1060 5482 1276 5568 malim,
1313 5482 1523 5568 ignoro,
1570 5481 1673 5539 una
1691 5500 1770 5568 le}
1800 5481 1954 5568 parte
1995 5481 2102 5568 ﬁcu:

504 5546 657 5629 piens
688 5565 779 5617 per
799 5562 1037 5609 mortem
1059 5546 1277 5629 dissolvi
1303 5546 1363 5609 ei
1385 5546 1517 5612 esse
1533 5570 1659 5611 cum
1685 5546 1924 5629 Christo,
1952 5558 2101 5629 quod

498 5620 568 5698 (si
592 5630 718 5698 mea»
737 5628 952 5698 tantum
995 5623 1288 5680 commoda
1316 5631 1581 5698 spectem)
1606 5628 1779 5682 multo
1810 5620 1952 5698 mihi
1971 5620 2098 5685 "me-

501 5689 606 5744 lius
646 5696 767 5769 esti
792 5692 896 5745 alia
941 5703 1125 5750 autem
1163 5711 1227 5751 ex
1267 5689 1438 5769 pati-te,
1478 5689 1890 5769 permanere‘in
1937 5716 2099 5756 carne

499 5759 865 5842 necessarium
900 5774 1122 5842 prppter
1172 5759 1291 5832 vos,
1321 5767 1374 5842 id
1416 5759 1519 5835 esi,
1551 5769 1811 5842 vitam_et
1855 5785 2099 5842 prasen-

498 5829 632 5886 tiam
672 5845 851 5887 meam
888 5829 1043 5887 vobis
1071 5829 1431 5891 necessariam
1475 5829 1629 5907 puto,
1678 5839 1748 5894 ad
1793 5829 2097 5909 prbl'ectum

2225 3790 2472 3855 vestrum
2494 3772 2551 3838 lit
2571 3782 2829 3855 gaudium
2852 3783 2999 3841 fidei.

2294 3863 2316 3889 ο
2346 3854 2482 3928 Quia
2527 3854 2696 3928 multo
2743 3857 2954 3928 melius,
2991 3856 3159 3928 inquit
3184 3854 3259 3921 (id
3292 3862 3396 3922 est,
3434 3854 3753 3927 jucundius
3778 3867 3831 3915 et

2222 3924 2512 3995 optabilius
2546 3924 2697 3997 nimi)
2727 3926 2952 3983 dissolvi
2987 3934 3039 3983 et
3062 3924 3305 3983 essecum
3334 3924 3553 3985 Christo
3575 3945 3592 3993 ;
3609 3942 3826 3997 perma-

2222 4002 2546 4084 n‘eraa‘utem
2577 4000 2635 4051 in
2652 4013 2834 4077 carne,
2846 4003 3210 4084 inecessafium
3482 4001 3820 4084 eoswhil‘ip.

2223 4067 2288 4141 ι),
2313 4070 2411 4141 Est
2433 4074 2619 4141 autem
2629 4068 2761 4137 jure
2788 4070 3147 4125 admirandus
3170 4067 3387 4125 dimittis
3412 4067 3825 4141 Apostolusfait

2222 4136 2642 4210 Theodoretus)
2670 4141 2815 4209 quod
2854 4143 3020 4195 vitam
3061 4157 3179 4196 cum
3230 4144 3414 4196 multis
3453 4136 3749 4196 laboribus?
3774 4150 3823 4197 et

2216 4209 2470 4333 peraculis
2511 4209 2843 4279 coniunctam
2888 4212 3164 4267 hominum
3190 4213 3385 4268 salutis
3421 4227 3589 4268 causa
3613 4220 3822 4283 prtem-

2244 4296 2323 4333 eri
2353 4322 2365 4333 .

2244 4283 2365 4335 erit.

2291 4338 2320 4425 (ξ
2348 4352 2616 4425 Praeterea
2651 4367 2773 4425 quae
2806 4352 2933 4409 alibi
2960 4353 3015 4409 in
3049 4353 3192 4410 hanc
3219 4354 3468 4425 Apostoli
3491 4352 3819 4409 sententiam

2217 4422 2535 4508 scripsimus
2562 4424 2772 4508 (Cgllat.
2800 4430 2855 4508 ξ),
2877 4427 3138 4508 5911.18),
3158 4422 3548 4508 notandumex
3577 4429 3643 4480 D.
3666 4425 3818 4480 Tho-

2218 4506 2311 4547 ma
2342 4492 2549 4566 (2—2,q.
2588 4498 2707 4562 I82,
2734 4492 2844 4550 art.
2875 4498 2925 4565 2)
2942 4492 3617 4567 'vitam'contemplativam
3637 4510 3819 4551 secun-

2219 4560 2355 4618 dum
2386 4574 2534 4648 seet.
2546 4565 2865 4648 simpliciter
2887 4581 3003 4648 esse
3032 4566 3254 4648 majoris
3280 4566 3667 4648 merili_quam

3116 4590 3118 4617 ι
3144 4582 3254 4623 om
3280 4582 3461 4623 menu
3503 4582 3667 4637 quam
3690 4582 3814 4622 aen-

3116 4582 3156 4695 i.
3190 4645 3222 4693 3
3264 4650 3424 4709 super
3468 4636 3814 4692 Ezechielem

2218 4704 2352 4760 dicit
2379 4724 2395 4779 ξ
2416 4704 2839 4778 Οοπερτηριατῖυα
2876 4715 2955 4763 est
2983 4710 3160 4779 major
3181 4704 3367 4763 merito
3394 4722 3553 4776 quam
3576 4710 3771 4761 actim
3796 4726 3814 4761 :

2217 4779 2347 4846 quia
2376 4778 2486 4833 hcce
2517 4781 2575 4832 in
2598 4794 2702 4833 usu
2733 4783 3019 4851 praesentis
3043 4784 3222 4850 operis
3248 4780 3468 4845 laborat,
3500 4780 3691 4848 inquo
3720 4794 3818 4833 ne»

2216 4861 2352 4932 cosse
2379 4854 2456 4904 est
2482 4853 2750 4931 proximis
2777 4852 3094 4932 subvenire;
3125 4853 3226 4932 illa
3408 4865 3597 4932 sapore
3626 4853 3819 4904 intimo

2214 4924 2500 4992 venturam
2520 4921 2643 4991 jam
2670 4924 2909 4992 requiem
2938 4923 3210 4991 degustat,
3254 4922 3457 4977 scilicet
3482 4921 3536 4975 in
3564 4932 3819 4992 conteru-

2213 4988 2462 5070 platione
2485 4988 2622 5070 Dei._
2644 4988 2827 5070 Pot—est
2852 4988 3039 5070 tamen
3063 4994 3384 5066 contingere
3427 4991 3577 5064 quod
3622 4990 3819 5070 aliquis

2214 5061 2269 5115 in
2295 5061 2548 5136 operibus
2576 5063 2700 5119 ἤιξε
2723 5064 2915 5120 activae
2943 5066 3064 5136 plus
3091 5061 3371 5119 mereatur
3404 5061 3575 5136 quam
3589 5063 3725 5136 alius
3752 5062 3815 5115 in

2213 5130 2359 5206 operi
2368 5132 2467 5206 bus
2479 5132 2603 5206 vitae.
2614 5141 2829 5206 contem
2835 5130 3049 5206 plativae
3064 5157 3074 5190 :
3091 5143 3220 5206 puta
3232 5136 3276 5190 si
3300 5130 3515 5206 propter
3527 5130 3818 5187 abundan-

2211 5202 2345 5279 tiam
2360 5202 2523 5279 divini
2544 5204 2777 5279 amoris,
2790 5202 2851 5262 ut
2858 5208 2981 5279 ejus
2996 5202 3245 5279 voluntas
3263 5202 3572 5279 impleatur,
3586 5210 3817 5279 propter

2214 5272 2387 5345 ipsius
2416 5275 2649 5348 gloriam
2675 5272 2950 5333 interdum
2974 5277 3204 5334 sustinet
3234 5294 3266 5334 a
3298 5272 3818 5333 dulcedine'divinm

2212 5347 2686 5422 contemplationis
2729 5349 2798 5403 ad
2830 5359 3046 5422 tempus
3088 5349 3367 5422 separari;
3412 5349 3555 5403 sicut
3584 5350 3821 5422 Aposto-

2214 5414 2297 5471 lus
2318 5414 2534 5491 dicebat
2558 5420 2623 5473 ad
2657 5422 2822 5475 Rom.
2854 5437 2909 5477 rx
2940 5414 2961 5475 Ξ
2978 5414 3247 5491 Optabam
3269 5435 3364 5490 ego
3384 5422 3503 5490 ipse
3527 5414 3820 5473 anathema

2211 5496 2319 5565 €_s_se
2366 5503 2401 5542 a
2458 5489 2681 5565 Christo
2702 5507 2804 5565 pro
2845 5489 3114 5565 fratribus
3341 5489 3517 5565 Quod
3538 5502 3823 5565 espgnem

2211 5557 2637 5635 Chrysostomus
2666 5557 2725 5617 in
2738 5563 2837 5635 lib.
2845 5557 2919 5617 de
2940 5557 3391 5635 Cumpunctione,
3408 5557 3709 5635 dicit(Lib.
3730 5567 3781 5623 ι)
3805 5579 3821 5613 :

2211 5632 2299 5685 Ita
2329 5636 2491 5686 totam
2525 5637 2749 5688 mentem
2789 5633 2904 5703 ejus
2948 5632 3269 5691 demerserat
3300 5648 3457 5688 amor
3490 5634 3722 5698 Christi,
3761 5635 3826 5685 ut

2211 5703 2377 5757 etiam
2400 5704 2542 5774 quod
2561 5706 2612 5758 ei
2624 5720 2741 5774 prce
2756 5708 2959 5761 caeteris
2982 5704 3690 5773 omnibusamabiliuserat,
3714 5717 3827 5758 esse

2206 5788 2327 5827 cum
2347 5775 2575 5839 Christo,
2592 5790 2784 5831 rursus
2800 5777 3056 5849 idipsum,
3079 5780 3210 5849 quia
3222 5781 3300 5832 ita
3316 5776 3563 5847 placent
3580 5777 3824 5842 Christo,

2205 5849 2566 5902 contemneret.
