4040 6194
245 296 275 348 ηί
286 296 387 351 253

891 287 1230 346 COLLATIO
1270 285 1453 342 ΧΧΙΗ.
1493 312 1566 326 ·-
1603 285 1692 339 DE
1732 252 1955 337 VELLE
1994 282 2230 339 BONUM
2265 282 2349 339 ET
2387 285 2618 341 AGERE
2656 282 2917 340 MALUM.

3426 289 3563 344 1254

251 421 412 489 enim,
437 416 635 488 inquit,
672 419 791 486 ipse
809 430 899 485 ego
916 415 1331 470 anathemaesse
1349 411 1610 469 aChristo
1621 427 1722 481 pro
1734 412 1859 478 fra-
1888 412 1942 476 Α
1966 411 2240 468 exercitus
2277 415 2456 484 [Lips.
2486 416 2551 468 in
2572 429 2749 484 marg.
2779 413 3037 486 exertus]
3080 427 3145 469 ac
3171 414 3398 486 vigilans
3434 422 3521 472 est
3541 456 3557 485 ,

252 512 602 575 tribus'meis,
633 511 735 581 qui
755 514 883 565 sunt
908 511 1120 578 cognati
1143 509 1253 563 mei
1288 506 1582 562 secundum
1610 519 1818 559 carnem
1835 543 1850 571 ,

251 605 357 675 qui
371 607 501 660 sunt
520 605 786 660 Israelita:
805 606 980 674 (Rom.
1009 601 1117 673 Ix);
1140 600 1249 658 hoc
1270 608 1372 667 est,
1398 599 1593 655 vellem
1612 613 1714 671 ego
1739 613 1853 653 non

250 699 435 755 solum
464 697 885 768 temporalibus,
931 710 1121 753 verum
1164 695 1334 751 etiam
1362 693 1641 767 perpetuis
1670 691 1853 748 addici

140 800 155 809 '
255 790 460 863 pmnis,
491 790 795 847 dummodo
844 804 1060 860 omnes,
1096 789 1144 847 si
1189 788 1303 845 fieri
1351 795 1555 860 posset,
1602 785 1856 842 homines

253 883 457 941 Christi
484 885 762 942 consortio
784 882 1119 953 fruerentur.
1149 883 1348 940 Certus
1372 880 1572 938 etenim
1603 894 1727 936 sum
1756 878 1858 935 uti-

253 975 445 1034 liorem
473 977 693 1036 Christo
720 986 778 1035 et
800 977 936 1034 mihi
961 976 1214 1035 omnium
1241 975 1476 1033 salutem
1518 987 1658 1039 esse,
1687 988 1855 1046 quam

253 1084 457 1127 meam.

859 1164 1098 1221 CAPUT
1129 1166 1253 1221 νη.

387 1266 563 1334 Quod’
586 1267 752 1336 lippis
795 1267 999 1321 similes
1044 1269 1172 1319 sunt
1191 1306 1206 1332 ,
1246 1267 1347 1334 qui
1394 1278 1450 1319 se
1496 1263 1723 1318 credunt

591 1339 660 1391 ab
687 1339 836 1393 omni
848 1341 1064 1407 peccato
1091 1339 1355 1393 immunes
1385 1349 1513 1390 esse.
1696 1359 1700 1362 ’

321 1443 541 1499 Bonum
568 1457 700 1517 ergo
730 1442 839 1499 hoc
873 1457 1157 1499 summum
1182 1440 1263 1509 (id
1292 1448 1398 1509 est,
1433 1439 1529 1495 Dei
1557 1444 1856 1511 conspectu

247 1535 385 1604 frui,
415 1544 472 1593 et
490 1537 704 1594 Christo
724 1537 932 1610 jugiter
958 1535 1248 1605 inhaerere)
1272 1544 1336 1591 ut
1360 1533 1599 1607 perfecte
1620 1540 1858 1605 Aposto-

252 1628 340 1686 lus
364 1631 541 1701 possit
562 1629 817 1701 adipisci,
849 1629 1077 1687 dissolvi
1118 1637 1274 1701 optat
1299 1645 1329 1685 a
1356 1643 1591 1701 corpore
1629 1627 1856 1697 (Philip.

246 1723 332 1791 ι),
360 1720 509 1793 quod
536 1719 808 1777 caducum
845 1730 901 1776 et
926 1721 1119 1777 multis
1160 1720 1604 1791 fragilitatisrsuaa
1630 1719 1862 1775 necessi-

1961 514 2025 561 ut
2051 506 2186 562 dum
2214 506 2487 577 psalmum
2522 506 2640 563 D'eo
2665 502 2840 575 canit,
2870 521 3181 579 numquam
3207 523 3238 564 a
3264 508 3562 580 Scriptum

1961 613 2124 655 sensu
2160 599 2278 672 ejus
2315 599 2537 656 animus
2576 598 2920 657 abducaturP
2964 601 3240 670 Quis'tam
3282 600 3566 659 familiaris

1962 696 2081 751 Deo
2109 702 2332 766 tamque
2359 695 2722 767 conjunctae,
2752 695 2843 768 qui
2884 696 3262 768 ApoStolicum
3290 695 3427 752 illud
3462 698 3569 753 ἰων-

1963 788 2177 861 perium
2196 830 2212 859 ,
2242 805 2353 862 quo
2395 790 2515 846 sine
2540 789 2946 847 intermissione
2988 805 3146 848 orare
3176 806 3281 847 nos
3317 791 3569 863 praecipit

1964 880 2009 953 (Ι
2034 883 2214 938 Thess.
2242 898 2284 940 v
2298 888 2341 951 ),
2370 884 2453 939 vel
2483 899 2594 940 uno
2617 883 2706 940 die
2728 898 2787 940 se
2807 882 3039 957 gaudeat
3055 886 3569 954 exsecutumi’Quae

1960 974 2090 1030 licet
2117 975 2307 1031 omnia
2337 975 2618 1033 nonnullis
2642 975 2735 1048 qui
2772 985 2900 1032 sunt
2933 976 3292 1032 crassibribus
3318 975 3461 1032 vitiis
3483 976 3568 1032 in-

1967 1067 2135 1123 voluti
2154 1108 2170 1131 ,
2192 1068 2333 1125 levia
2357 1076 2520 1140 atque
2547 1084 2578 1124 a
2621 1077 2842 1141 peccato
2881 1082 3028 1142 pene
3058 1070 3233 1126 aliena
3257 1069 3564 1137 videantur,

1964 1162 2263 1217 scientibus
2291 1160 2478 1218 tamen
2516 1162 2871 1234 perfectionis
2910 1163 3143 1230 bonum,
3193 1163 3354 1220 etiam
3395 1163 3567 1219 mini-

1962 1254 2181 1311 marum
2202 1270 2393 1311 rerum
2424 1254 2722 1310 multitudo
2755 1255 3078 1326 gravissima
3105 1263 3213 1310 est.
3247 1258 3413 1312 Velut
3440 1257 3486 1312 si
3514 1257 3568 1311 in

1964 1348 2203 1421 aliquam
2244 1356 2507 1418 magnam
2550 1347 2786 1403 domum
2826 1347 3018 1402 multis
3051 1347 3457 1414 instrumentis,
3481 1361 3570 1402 va-

1963 1440 2165 1507 sculis,
2211 1440 2440 1496 seminis
2478 1439 2820 1512 impeditam,
2878 1454 3056 1494 unum
3093 1439 3304 1511 integra
3348 1440 3570 1496 visuum

1965 1535 2080 1591 acie
2118 1534 2517 1607 perspicacem,
2542 1534 2785 1589 alterum.
2815 1532 2901 1589 cui
2932 1533 3223 1589 oculorum
3249 1533 3572 1607 lumenvohj

1964 1627 2172 1685 tuderit
2200 1627 2488 1700 lippitudo,
2514 1627 2723 1699 pariter
2741 1640 3013 1698 ponamus
3054 1627 3352 1699 ingressos,
3380 1642 3570 1682 nonne

1966 1714 2097 1779 cum
2126 1724 2394 1793 [Lipctin
2430 1736 2607 1791 marg.
2655 1722 2749 1788 et]
2774 1720 2863 1776 ille
2892 1720 2979 1776 cui
3008 1719 3080 1775 ad
3114 1717 3343 1775 videnda
3383 1719 3570 1775 omnia

252 1815 462 1872 tatibus
483 1814 806 1887 impeditum
831 1830 945 1870 non
963 1821 1143 1887 potest
1161 1829 1193 1870 a
1217 1813 1417 1869 Christi
1446 1812 1727 1869 consortio
1743 1827 1857 1869 non
1889 1807 1938 1870 B
1970 1814 2138 1871 hebes
2164 1814 2274 1871 erit
2294 1813 2539 1881 obtutus,
2573 1812 2712 1869 nihil
2732 1812 2857 1869 illic‘
2880 1810 3025 1869 aliud
3047 1827 3166 1868 esse
3203 1811 3441 1897 aestimet
3465 1810 3571 1868 nisi

252 1907 428 1965 avelli.
448 1911 473 1941 ³
498 1907 845 1981 lmpossibile
882 1916 968 1963 est
995 1906 1149 1962 enim
1175 1906 1342 1962 etiam
1378 1908 1552 1963 menti
1582 1922 1710 1979 qum
1740 1915 1858 1963 tam

251 2002 462 2059 crebris
497 2003 649 2058 curis
693 1999 1046 2068 distenditur,
1092 2008 1211 2055 tam
1246 1998 1516 2067 molestis,
1552 2008 1669 2056 tam
1702 2000 1860 2056 variis

252 2095 550 2167 angoribus
585 2093 939 2166 praepeditur,
960 2134 965 2141 .
986 2091 1173 2148 divino
1221 2090 1333 2149 frui
1373 2106 1603 2164 semper
1639 2092 1856 2151 intuitu.

254 2189 424 2260 Quod
449 2189 602 2245 enim
628 2197 742 2245 tam
770 2188 1025 2260 pertinax
1052 2194 1375 2245 sanctorum
1403 2186 1684 2253 studium,
1711 2186 1862 2258 quod

250 2291 374 2340 tam
403 2282 641 2340 arduum
683 2289 865 2355 potest
907 2295 1026 2338 esse
1069 2279 1443 2353 propositum,
1477 2281 1566 2336 cui
1613 2295 1737 2336 non
1769 2279 1866 2335 ali-

252 2375 475 2449 quando
505 2376 592 2433 ille
621 2384 872 2432 versutus
898 2373 1184 2430 insidiator
1209 2373 1442 2430 illudat?
1466 2372 1604 2443 Quis
1625 2371 1697 2428 ita
1727 2372 1862 2429 soli-

251 2471 460 2529 tudinis
504 2480 711 2528 secreta
770 2478 1041 2535 sectatus,
1096 2470 1481 2527 universorum
1546 2468 1862 2524 mortalium

251 2565 535 2622 consortia
554 2563 875 2634 declinavit,
902 2572 961 2620 ut
983 2579 1290 2636 numquam
1312 2562 1738 2636 cogitationibus
1764 2578 1857 2619 su-

250 2658 485 2730 perﬁcis
513 2659 812 2728 laberetur,
843 2667 900 2716 et
945 2657 1143 2714 intuitu
1172 2672 1365 2714 rerum
1387 2657 1471 2713 vel
1501 2656 1863 2728 occupatione

253 2758 479 2809 actuum
509 2758 855 2817 terrenarum
899 2751 969 2808 ab
998 2751 1086 2808 illa
1131 2765 1254 2823 qua:
1303 2765 1431 2808 vere
1468 2749 1585 2806 sola
1625 2759 1683 2805 et
1718 2749 1863 2806 bona

253 2854 344 2902 est
390 2845 489 2904 Dei
548 2848 1008 2919 contemplatione
1074 2845 1372 2902 deciderit?
1442 2845 1580 2913 Quis
1643 2853 1859 2901 tantum

256 2936 480 3007 spiritus
519 2954 785 3007 umquam
828 2940 1005 3008 potuit
1031 2939 1269 2995 retinere
1311 2937 1613 3005 fervorem,
1644 2945 1709 2994 ut
1738 2953 1859 2993 non

253 3026 538 3083 interdum
600 3027 827 3082 lubricis
882 3028 1303 3099 cogitationibus
1367 3030 1424 3083 in
1475 3030 1597 3099 ipsa
1644 3045 1861 3100 quoque

255 3119 527 3178 orationis
574 3118 879 3177 intentione
923 3121 1249 3184 translatus,
1292 3128 1512 3191 repente
1554 3120 1623 3176 de
1666 3122 1862 3178 coeles-

251 3213 415 3271 tibus
457 3213 528 3270 ad
570 3221 782 3270 terrena
824 3212 1130 3269 corruerit?
1159 3213 1298 3282 Quis
1343 3221 1628 3298 nostrum,
1667 3224 1730 3270 ut
1764 3230 1861 3270 caa-
1891 3201 1935 3264 C

252 3316 376 3365 tera
433 3306 886 3381 pervagationum
942 3314 1192 3378 tempora
1242 3306 1692 3378 praetermittam,
1746 3324 1862 3363 non

251 3402 357 3461 illo
402 3403 568 3459 etiam
600 3410 887 3458 momento
916 3416 1026 3473 quo
1075 3405 1188 3458 Deo
1240 3401 1550 3474 supplicans
1576 3401 1646 3457 ad
1688 3400 1862 3457 subli-

253 3494 374 3553 mia
427 3495 589 3568 erigit
638 3504 908 3563 mentem,
960 3493 1203 3567 quodam
1264 3503 1495 3574 stupore
1558 3494 1860 3567 collapsus}

255 3589 432 3648 etiam
462 3604 563 3664 per
594 3589 652 3651 id
698 3589 781 3645 vel
821 3588 1029 3644 invitus
1075 3585 1357 3657 offendat,
1408 3603 1507 3661 per
1547 3587 1694 3660 quod
1738 3603 1866 3660 spe-

250 3682 421 3742 rabat
480 3685 701 3741 veniam
764 3682 1133 3741 delictorum?
1194 3682 1359 3757 Quis,
1421 3683 1645 3755 inquam
1669 3723 1685 3751 ,
1748 3691 1864 3739 tam

1965 1910 2201 1966 armaria
2225 1952 2240 1978 ,
2287 1910 2489 1975 lectos,
2537 1922 2794 1976 scamna,
2846 1908 3110 1980 praesepia
3131 1948 3146 1972 ,
3196 1915 3255 1962 et
3305 1904 3571 1978 quidquid

1964 2018 2078 2059 non
2106 2011 2218 2058 tam
2244 2002 2419 2060 oculis
2445 2002 2792 2073 speculantis,
2821 2016 2988 2073 quam
3016 2000 3269 2057 manibus
3296 1999 3571 2073 palpantis

1966 2095 2288 2153 occurrerit:
2339 2104 2561 2152 econtra
2602 2094 2693 2151 hic
2721 2094 2815 2168 qui
2843 2095 3147 2151 clarissimo
3173 2094 3448 2150 luminum
3474 2090 3571 2148 'vi-

1969 2207 2099 2264 gore
2127 2191 2293 2247 etiam
2321 2191 2534 2248 occulta
2561 2191 2798 2246 rimatus
2824 2200 2939 2259 est,
2973 2191 3145 2246 multa
3172 2189 3282 2245 illic
3315 2185 3570 2246 minutii-

1971 2286 2141 2349 sima,
2170 2292 2369 2356 etquae
2399 2284 2497 2340 vix
2524 2284 2740 2356 possint
2769 2283 2935 2338 etiam
2955 2297 3189 2339 numero
3215 2280 3574 2354 comprehen-

1970 2378 2063 2449 di,
2113 2378 2286 2435 inesse
2332 2378 2682 2450 pronuntiet,
2713 2390 2835 2447 qua:
2879 2377 2925 2432 si
2954 2374 3252 2447 aliquando
3290 2375 3350 2430 in
3399 2388 3571 2430 unum

1971 2476 2256 2534 cumulum
2298 2482 2727 2547 congregemur,
2757 2489 3058 2544 paucorum
3087 2488 3211 2543 quae
3251 2472 3339 2526 ille
3382 2471 3572 2542 palpa—

1971 2577 2123 2626 verat
2151 2567 2588 2639 magnitudinem
2625 2565 3025 2621 numerositate
3059 2570 3447 2635 compensent,
3479 2570 3574 2619 aut

1970 2663 2133 2718 etiam
2175 2658 2406 2717 fortasse
2433 2659 2861 2717 transcendant?
2909 2661 2993 2715 Ita
3024 2657 3193 2730 igitur
3213 2658 3240 2694 ³³
3272 2655 3441 2712 sancti
3484 2663 3572 2713 at-

1971 2769 2079 2826 que
2119 2753 2215 2825 (ut
2238 2754 2314 2809 ita
2340 2753 2553 2820 dicam)
2584 2752 2828 2810 videntes
2844 2794 2867 2821 ,
2889 2753 3092 2825 quibus
3114 2750 3466 2824 perfectionis
3494 2760 3576 2807 est

1969 2846 2248 2916 studium,
2300 2831 2474 2904 etiam
2521 2848 2613 2906 illa
2658 2862 2781 2920 quae
2835 2848 2983 2903 velut
3032 2845 3358 2903 tenebrosus
3406 2844 3573 2900 animi

1967 2941 2285 2996 nostri-non
2313 2941 2555 2998 intuetur
2581 2950 2854 3015 aspectus,
2883 2941 2942 2996 in
2980 2940 3285 3011 semetipsis
3311 2938 3575 3012 sagaciter

1970 3032 2418 3107 deprehendunt,
2487 3035 2858 3106 acerrimeque
2935 3033 3334 3105 condemnant,
3403 3020 3575 3106 usque

1971 3125 2107 3181 adeo
2149 3135 2209 3182 ut
2251 3126 2375 3199 qui,
2420 3129 2564 3185 sicut
2598 3136 2808 3186 nostrae
2848 3127 3064 3185 videtur
3100 3128 3325 3185 incuria:
3365 3142 3438 3183 ne
3484 3134 3574 3185 te-

1969 3219 2092 3274 nuis
2132 3219 2353 3291 quidem
2414 3223 2623 3292 peccati
2667 3236 2848 3291 nmvo,
2893 3237 3047 3295 pum
3099 3222 3394 3279 candorem
3435 3234 3573 3277 con-

1971 3312 2210 3368 scientia
2244 3313 2612 3378 fuscaverunt,
2647 3317 2835 3371 multis
2875 3317 2976 3372 sibi
3018 3317 3249 3372 maculis
3284 3314 3574 3371 videantur

1971 3403 2225 3476 aspergi,
2267 3404 2314 3460 si
2359 3419 2471 3460 non
2515 3404 2697 3460 dicam
2747 3420 2899 3461 vanm
2945 3406 3302 3476 cogitationis
3357 3406 3570 3475 impro-

1970 3495 2112 3551 bitas
2139 3494 2195 3550 in
2225 3495 2363 3551 atria
2393 3495 2594 3551 mentis
2639 3495 2952 3575 irrepserit,
2984 3495 3086 3553 sed
3120 3497 3201 3552 vel
3239 3496 3436 3569 psalmi
3480 3493 3574 3568 qui

1972 3587 2238 3645 dicendus
2279 3597 2360 3646 est
2406 3588 2720 3646 recordatio
2768 3590 3033 3646 orationis
3079 3598 3335 3662 tempore
3390 3589 3574 3646 inten-

1974 3683 2185 3740 tionem
2214 3683 2576 3755 supplicantis
2597 3683 2898 3742 averterit:
2932 3693 2954 3720 °
2995 3684 3048 3741 Si
3091 3685 3256 3753 enim,
3291 3684 3573 3756 inquiunt,

1366 3810 1621 3865 ALARDI
1659 3811 1883 3866 ΕΑΖᾸΞΙ
1921 3809 2479 3879 COMMENTARIUS.

330 3936 359 3964 ⁸
383 3930 456 3982 D.
481 3924 796 3980 Bemardus
821 3938 989 3978 serm.
1012 3931 1045 3978 5
1072 3924 1141 3978 de
1165 3927 1559 3994 Assumptione
1586 3930 1648 3979 B.
1673 3927 1864 3982 Mariae

248 3999 367 4056 tria
415 3995 809 4066 impedimenta
859 3994 1362 4066 contemplationis
1429 4003 1721 4049 enumerat
1783 3996 1865 4050 his

248 4066 447 4126 verbis
475 4063 654 4121 {Tria
679 4069 826 4125 sunt.
856 4063 1053 4135 inquit,
1082 4063 1205 4135 qum
1243 4065 1456 4119 oculum
1499 4066 1865 4134 intelligentia:

246 4138 635 4206 confundunt,
687 4141 850 4261 citate
897 4152 934 4189 a
975 4136 1433 4219 contemplatione
1480 4138 1598 4189 veri
1646 4138 1893 4218 luminis.

248 4208 592 4263 excludunt.
643 4211 758 4263 tene
821 4222 866 4260 ω
910 4207 1108 4262 scilicet
1148 4210 1514 4263 peccatorum.
1569 4207 1866 4262 recordatw

248 4208 560 4268 excludunt
575 4249 592 4275 ,
643 4207 866 4263 tenebrat
910 4207 1108 4262 scilicet
1146 4210 1514 4276 peccatorum,
1569 4207 1866 4262 recordatio

248 4280 569 4339 earumdem
584 4319 599 4342 ,
643 4283 694 4333 et
737 4293 869 4333 cura
909 4282 1238 4332 terrenarum
1279 4282 1511 4332 actuum.
1560 4280 1740 4332 Primo
1772 4278 1866 4333 illo

249 4352 421 4409 modo
450 4350 725 4405 turbatum
746 4365 804 4404 se
838 4350 1134 4421 plangebat
1176 4350 1442 4421 propheta
1467 4364 1589 4403 cum
1613 4349 1812 4403 diceret
1846 4367 1862 4403 :

246 4423 565 4491 Dereliquit
588 4437 671 4477 me
692 4423 864 4475 uirtus
895 4435 1039 4483 mea,
1064 4425 1115 4475 et
1134 4421 1313 4475 lumen
1333 4421 1608 4475 oculorum
1630 4435 1865 4474 meorum

247 4500 310 4551 et
339 4496 524 4563 ipsum
547 4508 653 4546 non
674 4496 753 4546 est
786 4506 987 4546 mecum
1020 4493 1241 4559 (Psalm.
1274 4497 1529 4558 xxxv").
1574 4493 1700 4548 Cum
1724 4493 1865 4545 mim

247 4562 379 4622 luce
390 4562 631 4632 justitite
653 4562 1021 4625 destituimur,
1049 4564 1130 4617 nil
1158 4564 1314 4618 aliud
1334 4578 1501 4632 quam
1526 4567 1866 4631 peccatorum

242 4639 569 4693 nostrorum
604 4634 843 4688 tenebras
870 4635 1190 4687 invenimus.
1222 4636 1354 4689 Item
1383 4634 1612 4688 secundo
1649 4649 1703 4689 se
1730 4649 1865 4702 gra-

239 4709 383 4765 vari
402 4705 684 4769 sentiebat,
704 4720 823 4760 cum
841 4704 1040 4759 diceret
1061 4722 1077 4758 :
1100 4706 1387 4760 Conversus
1401 4720 1520 4759 sum
1539 4707 1600 4759 in
1620 4720 1866 4761 (erumna

242 4794 412 4843 mea,
442 4778 574 4832 dum
610 4778 895 4845 conﬁgitur
916 4777 1074 4845 spina
1099 4774 1268 4846 (Psal.
1313 4774 1505 4844 xxxr),
1531 4782 1865 4844 peccatorum

242 4848 465 4907 scilicet
480 4847 793 4901 recordatio.
824 4849 1004 4902 Tertio
1028 4849 1278 4917 occupari
1296 4861 1351 4902 se
1369 4848 1729 4915 conqueritur,
1747 4863 1866 4901 cum

244 4919 413 4989 dicit
443 4935 459 4970 :
492 4918 630 4983 Quia
669 4919 913 4989 cinerem,
940 4922 1217 4986 tamquam
1250 4933 1447 4989 panem
1473 4919 1866 4972 manducabam

243 4986 433 5058 (Psal.
455 4990 557 5055 cu),
576 4989 802 5041 cinerem
819 4988 1018 5042 scilicet
1036 4986 1267 5043 actionis
1276 5004 1377 5059 pro
1390 5005 1537 5059 pane
1550 4990 1866 5059 contempla—

226 5060 449 5119 tionis.
475 5059 800 5127 Quicumque
818 5073 943 5127 ergo
964 5062 1155 5114 mentis
1181 5061 1391 5114 oculum
1413 5060 1613 5113 divina:
1632 5065 1863 5113 contem-

237 5131 513 5206 plationi
538 5130 653 5206 uult
694 5130 992 5206 intendere,
1026 5133 1268 5206 profecto
1296 5146 1499 5206 necesse
1526 5136 1604 5185 est
1643 5136 1705 5185 ut
1743 5146 1864 5185 eum

237 5201 421 5284 prius.
454 5201 525 5284 ab
549 5202 644 5284 hoc
679 5202 892 5284 triplici
936 5201 1315 5284 impedimento
1341 5203 1569 5284 studeat
1598 5217 1860 5284 purgare,

240 5271 423 5342 Quod
447 5273 499 5325 si
519 5275 641 5341 quis
664 5274 846 5339 facere
873 5272 1179 5339 contendat,
1218 5274 1426 5326 noverit
1443 5278 1639 5355 contra
1678 5274 1865 5342 tripli-

240 5358 375 5401 cem
400 5343 643 5423 morbum
662 5344 863 5413 tripr
885 5358 1094 5423 quoque
1113 5344 1233 5410 fore
1252 5343 1565 5423 remedium.
1598 5345 1738 5401 Nam
1752 5347 1865 5423 pri-

240 5428 387 5472 mus
432 5412 645 5481 quidem
682 5412 781 5481 per
803 5412 1200 5483 confessionem,
1231 5414 1494 5469 secundus
1535 5431 1634 5485 per
1663 5412 1864 5470 oratio-

239 5499 426 5562 nem,_
470 5484 660 5562 tertius
704 5492 924 5562 curatur
958 5502 1061 5558 per
1102 5489 1351 5562 quietem.
1371 5489 1514 5562 Alta”
1535 5484 1859 5543 Bernardus.

237 5552 429 5615 Aliud
453 5568 619 5625 porro
646 5552 1337 5629 impedimeiitum—profert
1363 5559 1417 5613 S.
1453 5557 1696 5612 Thomas
1716 5562 1860 5625 (2-2,

238 5646 303 5713 ᾳ.
507 5629 616 5680 art.
644 5623 1140 5713 7.2),ve'hementiam
1171 5629 1491 5713 passionum
1509 5633 1679 5713 ἐρυθ
1715 5623 1859 5713 sunt,

240 5697 466 5771 inquit,
492 5697 937 5771 quteimpediunt
960 5704 1138 5754 actum
1173 5697 1633 5771 contemplationis
1658 5717 1677 5754 :
1704 5701 1859 5756 vehe-

235 5770 465 5829 mentia
477 5770 767 5839 passionis,
782 5783 882 5839 per
897 5785 1060 5837 quam
1076 5770 1413 5826 abstrahitur
1421 5774 1647 5826 intentio
1666 5773 1863 5827 anima:

237 5844 322 5899 ab
341 5840 784 5909 mtelligibilibus
801 5841 877 5895 ad
893 5841 1196 5907 sensibilia;
1221 5849 1273 5897 et
1298 5844 1559 5899 tumultus
1578 5845 1863 5900 exteriores

1973 3932 2397 4081 $163333:
2432 3997 2576 4081 “olim
2610 3992 2877 4081 yidentes
2919 3996 3210 4081 appellatis
3239 3998 3263 4052 Ι
3292 3998 3429 4069 Reg.
3462 4013 3522 4081 ix
3559 4017 3572 4052 :

1976 4069 2117 4124 Olim
2163 4068 2227 4121 in
2278 4069 2445 4122 Israel
2482 4070 2559 4119 sic
2605 4068 2919 4134 loquebatur
2964 4068 3337 4137 unusquisque
3376 4068 3575 4125 vadetis

1977 4138 2245 4221 consulere
2269 4138 2716 4221 .Yenite,
2754 4142 2808 4221 et
2836 4138 3113 4221 ρατηυείαᾴ

1974 4210 2117 4262 enim
2142 4208 2407 4278 propheta
2429 4207 2630 4261 dicitur
2664 4206 2820 4260 hodie
2836 4248 2853 4269 ,
2879 4208 3174 4262 uocabatur
3196 4209 3325 4262 olim
3353 4206 3572 4265 Videas.
3630 4236 3637 4243 -

1974 4279 2063 4334 Sic
2090 4279 2186 4334 ibi.
2220 4276 2534 4359 Rationem
2556 4276 2675 4359 ejus
2695 4277 3351 4359 pomenclaturaa_reddi_t_
3367 4280 3423 4334 S.
3448 4281 3578 4359 Hie-

1972 4365 2239 4422 ronymus
2284 4350 2365 4402 his
2415 4347 2669 4422 verbis.(
2684 4350 2859 4422 Epist.
2912 4354 3044 4415 103,
3076 4350 3150 4405 ad
3188 4351 3513 4422 Paulinum)
3557 4370 3569 4405 :

1972 4420 2250 4491 Propheta
2273 4421 2686 4489 appellabantur
2710 4420 2963 4476 Videntes
2981 4464 2997 4484 ,
3029 4422 3164 4491 quia
3184 4423 3436 4478 videbant
3453 4420 3575 4478 eum

1974 4508 2131 4565 quem
2159 4495 2341 4546 cwteri
2364 4507 2470 4565 non
2488 4491 2756 4546 videbant.
2785 4492 3068 4547 Abraham
3094 4493 3240 4548 vidit
3264 4494 3405 4549 diem
3433 4495 3570 4565 ejus,

1973 4569 2025 4618 et
2043 4564 2261 4618 laetatus
2272 4567 2349 4618 est
2370 4562 2545 4633 (Joan.
2565 4568 2717 4627 vm).
2735 4565 3136 4634 Aperiebantur
3152 4566 3276 4619 caeli
3287 4562 3570 4628 Ezechieli,

1973 4637 2072 4703 qui
2092 4635 2292 4705 populo
2314 4637 2582 4704 peccatori
2604 4634 2778 4688 clausi
2794 4640 2968 4698 erant,
2992 4644 3095 4690 etc.
3123 4636 3345 4703 (Ezech.
3384 4650 3407 4689 ι
3426 4636 3463 4705 ).
3486 4636 3572 4691 Ad

1977 4707 2115 4760 hanc
2141 4707 2611 4759 nomenclatorem
2647 4705 2894 4760 allusisse
2940 4706 3155 4761 videtur
3185 4710 3410 4772 Auctor,
3439 4705 3572 4761 dum

1896 4753 1947 4816 D
1974 4775 2060 4831 hic
2088 4776 2233 4830 viros
2268 4784 2489 4830 sanctos
2530 4784 2589 4830 et
2627 4774 2898 4844 perfectos
2933 4776 3089 4844 quasi
3132 4791 3224 4845 per
3251 4753 3574 4831 antonoma-

1974 4847 2112 4927 siam
2147 4847 2406 4927 videntes
2435 4854 2733 4927 nuncupat,
2756 4846 2881 4927 quia
2912 4845 3171 4927 minimos
3187 4846 3570 4927 ‘et_leviss.imos

1975 4917 2143 4972 etiam
2184 4915 2426 4972 defectus
2471 4917 2526 4970 in
2570 4915 2786 4987 sefipsis’
2811 4918 3104 4971 observant
3151 4924 3206 4971 et
3235 4917 3568 4987 discutiunt,

1972 5002 2113 5059 quos
2151 4988 2314 5043 rudes
2343 4997 2399 5041 et
2435 4986 2745 5059 imperfecti
2782 4995 3112 5059 praetereunt
3149 4998 3199 5042 et
3242 5005 3356 5044 non
3387 4986 3573 5045 anim;

1970 5058 2290 5130 advertunt.
2320 5059 2398 5130 lta
2423 5061 2492 5113 1).
2519 5058 2819 5127 Gregorius
2848 5060 3037 5130 (Greg.
3067 5061 3127 5113 in
3150 5061 3173 5114 Ι
3194 5060 3321 5129 Reg.
3354 5076 3399 5115 c.
3430 5066 3571 5126 IX):

1977 5131 2199 5193 Videas,
2233 5128 2431 5200 inquit,
2462 5134 2559 5192 est,
2598 5133 2696 5199 qui
2733 5132 2947 5186 interna
2970 5128 3136 5185 etiam
3166 5128 3420 5200 respicit,
3453 5147 3574 5200 quae

1968 5217 2117 5256 mens
2144 5201 2444 5256 carnalium
2465 5216 2574 5255 non
2604 5202 2856 5255 attendit.
2892 5202 3041 5257 Unde
3068 5208 3117 5256 et
3144 5202 3210 5256 de
3232 5204 3430 5257 sanctis
3454 5205 3567 5256 ani-

1968 5273 2204 5328 malibus
2231 5274 2431 5327 dicitur
2461 5291 2477 5326 :
2503 5274 2568 5326 In
2593 5274 2820 5326 circuitu
2842 5277 2893 5327 et
2908 5274 3057 5327 intus
3077 5272 3240 5342 plena
3266 5277 3425 5327 erant
3447 5288 3567 5327 ocu-

1969 5344 2039 5399 lis
2069 5346 2280 5408 (Ezech.
2322 5348 2387 5413 ι).
2415 5344 2522 5410 Qui
2537 5346 2595 5397 in
2616 5344 2971 5398 deterioribus
2999 5346 3364 5413 circumspecti
3380 5386 3395 5407 ,
3419 5348 3470 5399 et
3490 5346 3568 5398 in-

1970 5418 2227 5471 trinsecus
2238 5415 2457 5485 providi
2474 5419 2627 5478 sunt;
2650 5430 2754 5485 quo
2766 5420 2951 5470 contra
2969 5416 3278 5470 carnalium
3297 5415 3568 5470 doctorum

1964 5489 2439 5557 praesumptionem
2460 5488 2519 5539 in
2537 5488 2831 5555 Evangelio
2852 5488 3107 5543 Daminus
3124 5502 3359 5555 arguens
3372 5490 3453 5541 ait
3469 5505 3489 5541 :
3508 5488 3571 5543 Si

1968 5573 2133 5613 ctecus
2156 5573 2285 5612 caeco
2308 5557 2564 5612 ducatum
2586 5562 2829 5627 prmstat,
2860 5560 3016 5613 ambo
3040 5561 3095 5611 in
3117 5559 3331 5625 foveam
3345 5558 3565 5613 cadunt.

2040 5638 2062 5663 ο
2090 5628 2354 5684 Similiter
2396 5629 2756 5685 ratiocinatur
2800 5633 2867 5684 D.
2929 5627 3255 5685 Benedictus
3297 5629 3368 5685 de
3412 5644 3569 5685 reve-

1968 5701 2141 5756 rentia
2181 5700 2446 5755 orationis
2471 5716 2637 5771 agens
2668 5701 2823 5769 (Cap.
2859 5706 2925 5755 20
2948 5702 3180 5770 Regulte)
3206 5718 3226 5756 :
3252 5703 3314 5758 Si
3341 5716 3457 5755 cum
3490 5702 3573 5753 ho-

1969 5772 2205 5826 minibus
2247 5772 2556 5842 potentibus
2597 5772 2839 5826 volumus
2880 5773 3069 5842 aliqua
3116 5788 3425 5842 suggerere,
3466 5785 3571 5824 non

1962 5844 2361 5914 praesumimus,
2379 5845 2492 5901 nisi
2502 5859 2623 5908 cum
2638 5843 2947 5898 humilitate
2956 5848 3008 5898 et
3018 5847 3317 5900 reverentia
3328 5859 3347 5895 :
3369 5845 3570 5912 quanto
