4040 6194
301 225 433 281 1257

294 347 464 421 ipsius
481 343 742 402 virtutem
758 339 973 415 penitus
995 339 1335 410 ignorantes,
1359 331 1737 392 existimamus
1765 331 1892 388 nul-
1921 333 1976 397 Α

294 448 404 505 lam
433 443 660 502 omnino
675 439 892 512 culpam
917 453 979 494 ex
999 435 1116 494 istis
1141 435 1332 494 otiosis
1355 449 1418 490 ac
1440 431 1665 488 lubricis
1691 429 1894 502 cogita-

293 547 508 604 tionum
539 535 857 598 excursibus
877 550 984 592 nos
1005 549 1166 608 poe
1181 529 1526 597 contrahere,
1551 527 1647 584 sed
1661 527 1824 584 hebet
1833 543 1894 582 u-

295 644 422 703 dine
449 636 734 712 stupefacti
761 644 816 692 et
844 634 988 690 velut
1027 631 1314 688 oculorum
1351 628 1595 687 caecitate
1634 627 1895 700 percussi,

293 741 436 802 nihil
466 741 524 797 in
554 737 710 794 nobis
750 733 852 792 nisi
892 732 1120 790 crimina
1159 727 1408 803 capitalia
1437 724 1894 798 contemplemur,

294 859 464 918 eaque
489 837 878 898 tantummodo
908 833 1182 893 credimus
1220 828 1500 898 evitanda,
1539 841 1664 901 quae
1709 826 1893 898 legum

295 957 510 1017 quoque
549 936 894 996 saecularium
943 932 1230 991 severitate
1279 927 1634 995 damnantur,
1684 938 1718 979 a
1764 921 1882 994 qui-

294 1039 398 1096 bus
440 1038 486 1096 si
513 1051 614 1093 nos
642 1035 920 1091 immunes
951 1031 1031 1088 vel
1062 1026 1342 1102 paululum
1367 1021 1721 1091 senserimus,
1756 1019 1891 1076 nihil

293 1135 458 1194 nobis
506 1135 682 1192 inesse
727 1129 931 1206 peccati
951 1109 956 1114 ’
979 1126 1231 1202 protinus
1269 1121 1619 1180 arbitramur.
1657 1115 1892 1174 Proinde

294 1232 362 1291 ab
391 1232 482 1289 illo
510 1225 816 1302 vidﬁntium
852 1231 1089 1283 ‘numero
1131 1218 1419 1294 segregati,
1460 1217 1586 1289 quia
1630 1211 1892 1271 minutias

294 1331 596 1389 multarum
623 1327 874 1385 sordium
901 1338 1025 1398 quae
1049 1321 1188 1380 intra
1227 1333 1332 1376 nos
1358 1323 1591 1389 aggesta:
1615 1319 1741 1370 sunt
1774 1325 1887 1368 non

293 1429 572 1490 videmus,
600 1436 949 1498 nequaquam
977 1417 1179 1476 salubri
1207 1412 1632 1488 compunctione
1661 1409 1891 1470 morde-

293 1539 440 1594 mur,
497 1523 542 1580 si
587 1535 811 1578 sensum
856 1523 1111 1572 nostrum
1157 1509 1590 1584 interpellaverit
1624 1503 1893 1580 aegritudo

293 1618 548 1684 tristitiae,
593 1632 696 1673 nec
735 1614 985 1672 dolemus
1019 1624 1173 1668 vana:
1214 1608 1400 1682 gloriae
1439 1605 1623 1663 subtili
1669 1617 1896 1676 sugges-

294 1720 446 1776 tione
501 1713 718 1789 pulsati,
767 1727 868 1768 nec
915 1711 983 1768 de
1031 1711 1232 1766 emissa
1275 1707 1486 1768 tardius
1529 1705 1611 1762 vel
1659 1703 1893 1776 tepidius

293 1774 542 1874 oratione
585 1810 880 1874 deﬂemus,
925 1821 1028 1864 nec
1069 1811 1391 1876 reputamus
1426 1801 1494 1860 ad
1537 1800 1756 1873 culpam
1794 1815 1892 1856 cur
1921 1774 1969 1838 Β

289 1911 644 1989 psallentibus
681 1908 764 1966 vel
790 1905 1075 1965 orantibus
1100 1903 1261 1959 nobis
1291 1899 1494 1973 aliquid
1528 1897 1677 1956 aliud
1721 1914 1889 1971 quam

290 2013 408 2086 ipsa
450 2009 624 2068 oratio
664 2006 746 2062 vel
787 2003 1030 2078 psalmus
1069 1999 1395 2064 occurrerit;
1447 2011 1548 2052 nec
1581 1995 1718 2053 illud
1755 1995 1891 2052 hor-

288 2121 500 2173 remus,
546 2099 694 2176 quod
733 2099 907 2156 multa
939 2111 1062 2168 qua:
1108 2097 1189 2150 vel
1222 2093 1367 2166 loqui
1403 2091 1486 2148 vel
1520 2105 1678 2163 agere
1702 2105 1889 2149 coram

289 2200 611 2263 hominibus
656 2199 852 2272 pudet,
881 2211 997 2252 non
1041 2190 1412 2252 erubescimus
1455 2189 1542 2246 vel
1589 2187 1660 2246 ad
1698 2188 1891 2246 horam

288 2299 456 2359 corde
495 2295 798 2369 concipere,
833 2291 984 2367 quod
1025 2291 1212 2349 divino
1255 2295 1438 2362 patere
1466 2287 1724 2345 novimus
1753 2302 1891 2345 con-

285 2400 521 2474 spectui,
557 2413 660 2454 nec
689 2395 1053 2468 pollutionem
1093 2391 1336 2464 turpium
1362 2390 1708 2450 somniorum
1747 2391 1891 2466 larga

286 2501 522 2558 ﬂetuum
561 2497 835 2554 ablutione
871 2507 1204 2568 purgamus;
1235 2507 1335 2549 nec
1363 2493 1613 2566 lugemus
1641 2491 1790 2564 quod
1835 2493 1892 2550 in

286 2605 409 2678 ipsa
451 2603 811 2672 eleemosyne
859 2597 1078 2670 pietate,
1124 2611 1251 2652 cum
1281 2594 1364 2652 vel
1396 2595 1629 2652 fratrum
1653 2595 1888 2652 necessi-

282 2703 494 2765 tatibus
536 2701 919 2770 subvenimus,
949 2699 1031 2755 vel
1073 2687 1392 2754 alimoniam
1430 2697 1756 2770 pauperibus
1791 2697 1894 2755 mi-

279 2810 614 2878 nistramus,
645 2805 998 2863 serenitatem
1042 2809 1248 2859 nostrae
1284 2801 1566 2858 hilaritatis
1607 2801 1894 2860 obnubilat

284 2927 451 2967 avara
487 2909 794 2976 cunctatio;
823 2921 927 2962 nec
954 2903 1100 2962 feriri
1136 2918 1238 2960 nos
1263 2902 1373 2960 ullo
1415 2902 1692 2960 credimus
1725 2886 1920 2960 detri-I

283 3017 502 3077 mento,
532 3023 682 3075 cum,
723 3005 982 3062 derelicta
1021 3003 1292 3058 memoria
1331 3003 1452 3070 Dei,
1491 3018 1555 3057 ea
1595 3017 1718 3072 quae
1765 3011 1892 3058 sunt

280 3109 611 3183 temporalia
651 3115 814 3179 atque
849 3119 1111 3178 corporea
1141 3104 1480 3176 cogitamus,

279 3214 602 3274 Salomonis
629 3211 766 3270 illud
795 3217 1010 3282 aptetur
1048 3207 1320 3280 eloquium
1355 3227 1369 3263 :
1403 3217 1430 3243 ⁸
1469 3211 1746 3266 Ferieru-nt
1784 3226 1888 3278 me,

286 3318 394 3377 sed
419 3333 527 3373 non
563 3317 717 3372 dolui
725 3334 744 3384 ;
771 3319 821 3370 et
849 3313 1164 3370 delusa-unt
1201 3327 1304 3375 me,
1335 3326 1431 3380 ego
1471 3313 1649 3366 autem
1695 3313 1892 3367 nescivi

273 3427 468 3491 (Prov.
502 3422 702 3490 xxrn).

935 209 1274 271 COLLA’I‘IO
1308 210 1492 268 XXIII.
1532 238 1606 250 —
1642 207 1732 263 DE
1768 204 1992 262 VELLE
2027 202 2262 261 BONUS!
2303 203 2388 260 ΕΤ
2429 201 2659 258 AGERE
2697 201 2956 256 MALUM.

3469 205 3605 260 {258

2471 322 2490 330 ”
2592 325 2831 382 CAPUT
2861 325 3008 380 VIII.

2073 433 2408 488 Peccatorum
2427 427 2796 496 fwditatemct
2820 427 3245 552 magtnitudinem
3266 431 3533 500 perpauci

2633 513 2923 552 coanoscun
2953 537 2968 552 .

2633 513 2968 568 cognoscunt.

2073 609 2350 666 Econtrab
2379 607 2434 664 hi
2457 607 2550 680 qui
2571 621 2847 664 summam
2870 606 3042 662 totius
3065 605 3357 680 voluptatis
3385 616 3438 664 et
3465 623 3603 682 gau-

2001 703 2075 761 dii
2118 713 2172 762 et
2199 703 2548 762 beatitudinis
2584 717 2720 771 sua,
2745 703 2801 758 in
2836 701 3143 762 divinarum
3182 719 3246 759 ac
3273 703 3598 776 spiritalium

2002 815 2185 856 rerum
2223 807 2439 856 tantum
2466 796 2924 870 contemplatione
2951 797 3330 865 constituunt,
3371 809 3496 853 cum
3527 797 3596 853 ab
3627 812 3638 818 '

1999 909 2061 950 ea
2086 893 2239 950 inviti
2270 895 2351 950 vel
2381 890 2958 964 paululumZviolentis
2993 889 3418 962 cogitationibus
3465 891 3595 948 abs-

1999 985 2308 1054 trahuntur,
2359 985 2510 1041 velut
2551 982 2830 1058 quoddam
2875 983 2928 1040 in
2978 997 3042 1040 se
3098 968 3362 1058 sacrilegii
3426 999 3600 1056 genus

1997 1081 2253 1154 praesenti
2282 1065 2640 1154 paenitudinis
2675 1079 2910 1150 puniunt
2933 1077 3160 1150 ultione;
3188 1095 3252 1136 ac
3276 1079 3598 1136 vilissimam

1998 1179 2330 1243 creaturam,
2374 1172 2444 1230 ad
2479 1188 2646 1244 quam
2693 1171 2763 1228 sit
2806 1173 3054 1229 detortus
3101 1172 3302 1229 mentis
3347 1173 3598 1242 intuitus,

1996 1267 2240 1327 Creatori
2274 1281 2376 1324 suo
2414 1281 2474 1323 se
2523 1265 2824 1337 praetulisse
2879 1265 3156 1338 lugentes,
3195 1281 3334 1336 pene
3365 1265 3600 1322 dixerim
3631 1289 3642 1296 π

1999 1361 2297 1433 impietatis
2335 1358 2438 1414 sibi
2466 1358 2680 1414 crimen
2713 1357 3022 1425 ascribunt;
3051 1367 3108 1415 et
3136 1357 3258 1414 licet
3279 1357 3350 1415 ad
3385 1359 3600 1432 conspi-

1999 1453 2248 1512 ciendam
2281 1451 2479 1510 diviuaa
2506 1451 2696 1524 gloriae
2724 1450 3060 1518 claritatem,
3085 1451 3273 1508 oculos
3307 1453 3388 1509 sui
3417 1453 3600 1510 cordis

2000 1563 2223 1607 summa
2256 1545 2530 1603 alacritate
2557 1551 2902 1612 convertant,
2932 1552 3119 1599 tamen
3144 1545 3312 1600 etiam
3340 1546 3600 1604 brevissi-

2001 1657 2121 1698 mas
2143 1639 2449 1698 carnalium
2477 1637 2880 1709 cogitationum
2912 1636 3160 1693 tenebras
3196 1653 3310 1694 non
3338 1635 3598 1708 ferentes,

2000 1733 2266 1810 quidquid
2291 1732 2362 1790 ab
2385 1733 2480 1790 illo
2508 1747 2638 1790 vero
2665 1731 2874 1790 lumine
2900 1732 3101 1789 mentis
3126 1740 3408 1804 aspectum
3433 1743 3601 1791 retra-

1999 1826 2106 1896 hit,
2135 1834 2500 1884 exsecrantur.
2533 1827 2779 1898 Denique
2808 1841 2937 1882 cum
2983 1823 3128 1882 hunc
3143 1825 3342 1883 beatus
3367 1836 3592 1900 aposto-

1996 1923 2083 1981 lus
2120 1924 2362 1979 Joannes
2389 1919 2651 1979 affectum
2695 1918 2903 1978 cunctis
2949 1918 3106 1976 vellet
3143 1918 3466 1978 infundere:
3502 1925 3600 1982 Fi-

2000 2018 2136 2087 lioli,
2159 2015 2356 2088 inquit,
2385 2016 2548 2071 nolite
2573 2015 2802 2084 diligere
2816 2013 3094 2078 mundum,
3115 2029 3284 2085 neque
3307 2031 3368 2070 ea
3389 2031 3508 2084 qua
3529 2018 3586 2070 in

1998 2111 2200 2168 mundo
2211 2114 2336 2166 sunt
2367 2129 2382 2164 :
2405 2111 2456 2166 si
2471 2111 2595 2180 quis
2621 2109 2808 2179 diligit
2823 2109 3104 2179 mundum,
3127 2125 3235 2166 non
3261 2113 3339 2166 est
3355 2109 3596 2166 charitas

1999 2208 2097 2262 Dei
2127 2207 2187 2260 in
2223 2205 2374 2275 ipso;
2397 2205 2530 2274 quia
2559 2218 2711 2259 omne
2747 2203 2892 2273 quod
2912 2205 2969 2258 in
2992 2203 3192 2259 mwtdo
3211 2207 3308 2272 est,
3347 2206 3600 2273 concupi-

1998 2303 2200 2359 scentia
2223 2301 2403 2356 carnis
2435 2303 2486 2355 et
2509 2301 2928 2370 concupiscentia
2955 2296 3250 2361 oculorum,
3268 2303 3318 2354 et
3348 2299 3601 2370 superbia

1996 2397 2123 2451 vitae
2131 2399 2210 2450 est
2223 2413 2240 2461 ;
2253 2409 2378 2464 quae
2389 2396 2580 2448 nonest
2593 2407 2662 2448 ea:
2669 2395 2851 2455 Patre,
2864 2391 2957 2448 sed
2965 2407 3033 2448 ea:
3039 2391 3242 2446 mundo
3255 2405 3307 2446 es
3313 2396 3354 2454 t,
3377 2396 3427 2448 et
3439 2405 3600 2448 mune

1999 2491 2102 2545 dus
2116 2491 2263 2560 perit
2274 2493 2326 2542 et
2345 2487 2769 2556 concupiscentia
2785 2485 2900 2554 ejus
2914 2503 2932 2552 ,-
2950 2486 3054 2554 qui
3065 2487 3246 2540 autem
3259 2485 3400 2554 facit
3416 2487 3596 2541 volun-
3621 2521 3628 2524 -

2000 2587 2162 2639 tatem
2188 2583 2307 2648 Dei,
2328 2581 2512 2635 manet
2533 2580 2595 2633 in
2617 2582 2878 2634 retentum
2915 2581 2960 2644 (Ι
2991 2580 3151 2634 Joan.
3173 2581 3268 2644 II).
3289 2577 3600 2636 Fastidiunt

2001 2691 2132 2750 ergo
2158 2673 2328 2731 sancti
2354 2673 2606 2729 universa
2629 2671 2687 2726 in
2711 2671 2908 2743 quibus
2930 2671 3170 2729 mundus
3202 2671 3301 2728 iste
3329 2681 3591 2742 versatur,

2001 2768 2098 2824 sed
2123 2764 2458 2838 impossibile
2484 2771 2568 2820 est
2605 2771 2665 2820 ut
2686 2779 2799 2820 non
2833 2761 2904 2820 ad
2931 2779 2991 2819 ea
3017 2763 3098 2818 vel
3124 2761 3273 2820 brevi
3309 2763 3596 2836 cogitatio-

1999 2875 2133 2914 num
2157 2857 2436 2930 rapiantur
2463 2869 2708 2925 excessu,
2731 2839 3026 2927 nullusque.
3041 2853 3206 2910 etiam
3234 2871 3379 2912 nunc
3407 2855 3596 2916 homi-

2000 2935 2172 3007 num°
2212 2955 2482 3022 (excepto
2505 2949 2746 3006 Domino
2785 2958 2840 3006 et
2879 2949 3156 3006 Salvatore
3196 2950 3404 3021 nostro)
3437 2959 3597 3008 natu-

2001 3044 2170 3100 ralem
2210 3043 2658 3116 pervagationem
2693 3043 2922 3116 mentis,
2950 3043 3025 3099 ita
3053 3042 3262 3102 deﬁxus
3289 3059 3508 3117 semper
3543 3045 3601 3102 in

1525 3103 1600 3161 ita
1639 3113 1703 3160 ut
1732 3105 1893 3162 “bis
1922 3128 1968 3192 C
1999 3135 2101 3191 Dei
2140 3103 2600 3206 contemplatione
2649 3103 2932 3204 continuit,
2978 3145 3038 3192 ut
3081 3152 3382 3210 numquam
3411 3103 3490 3193 ab
3535 3153 3598 3194 ea

1997 3235 2184 3300 raptus
2210 3225 2506 3284 mundana:
2552 3227 2876 3299 cujusquam
2907 3229 2980 3284 rei
3020 3228 3379 3287 delectatione
3421 3245 3599 3302 pecca-

1998 3328 2103 3388 ret,
2122 3318 2330 3374 dicente
2354 3319 2636 3389 Scriptura
2663 3337 2676 3372 :
2704 3329 2730 3354 ι
2749 3322 2939 3374 Sidera
2962 3323 3084 3388 ipsa
3107 3337 3214 3375 non
3244 3327 3372 3376 sunt
3395 3325 3598 3379 munda

2000 3417 2060 3469 in
2079 3417 2357 3483 conspectu
2383 3413 2498 3482 ejus
2532 3412 2669 3478 (Job.
2700 3411 2864 3483 xxv).
2899 3413 2967 3467 Et
2992 3411 3189 3468 iterum
3217 3429 3230 3468 :
3263 3415 3286 3442 °
3308 3416 3372 3471 Si
3397 3417 3455 3469 in
3475 3431 3601 3472 san-

1388 3533 1645 3588 ALARDI
1683 3531 1918 3590 GAZJEI
1947 3531 2508 3620 COMMENTARIUS.

265 3655 410 3723 pter
427 3647 651 3723 arbitrii
676 3643 982 3723 libertutem
1023 3657 1058 3697 α
1254 3641 1541 3723 deﬂectere,
1573 3649 1675 3723 etc.
1718 3645 1889 3723 Purro

267 3711 647 3779 inanifestum
675 3723 758 3771 est
799 3715 962 3770 etiam
1002 3727 1114 3784 non
1143 3712 1232 3767 hic
1260 3713 1342 3784 agi
1372 3711 1440 3768 de
1464 3711 1532 3768 iis
1564 3713 1656 3784 qui
1685 3727 1742 3784 se
1773 3713 1888 3770 im-

267 3788 587 3866 peccabiles
611 3786 902 3866 jactarent,
943 3782 1038 3866 sed
1067 3784 1159 3854 qui
1194 3797 1254 3838 se
1281 3782 1597 3866 sanctosnet—
1622 3783 1889 3866 perfectos

265 3853 560 3936 putarent,
592 3853 656 3912 e'o
703 3855 856 3936 quod
864 3853 1157 3936 graviora,
1187 3868 1284 3933 seu
1311 3853 1557 3936 capitalia
1578 3895 1594 3921 ,
1619 3853 1682 3910 ut
1711 3864 1887 3923 vocat,

259 3925 516 3992 crimina
546 3925 668 3981 non
711 3925 1112 3992 admitterent,
1133 3925 1346 3992 minora
1379 3925 1601 3992 interim
1637 3940 1750 3979 non
1788 3943 1890 3982 cu-

260 3990 470 4063 rantes
515 4018 528 4054 :
583 4010 722 4068 quos
743 4003 748 4008 ‘
770 3993 966 4068 idcirco
1011 3991 1141 4068 dicit
1186 3991 1436 4068 virtutem
1468 3990 1886 4068 _&vapaptnciat;,

261 4062 375 4134 seu
428 4062 802 4148 ἆναμαέτήτρυ,
835 4063 891 4119 id
909 4071 1000 4146 .est
1025 4062 1422 4148 impeccantite,
1465 4062 1736 4135 ignorare.
1765 4069 1892 4148 “De-

256 4131 451 4218 {lique
503 4131 559 4196 et
591 4131 885 4194 Cassianus
907 4135 1022 4216 ipse
1070 4131 1130 4186 τὸ
1162 4131 1512 4218 ἇγςιμάρτητυῦ
1562 4149 1674 4218 non
1729 4135 1890 4218 aliter

257 4207 696 4287 interpretatur,
727 4207 1368 4287 quamimpeccantiam,
1399 4220 1534 4287 ιι-ορΔ
1555 4213 1746 4287 εεωριη
1783 4207 1888 4287 ίῳ,

257 4275 834 4362 peccahilitatem,:ut
861 4275 1040 4362 videre
1077 4285 1160 4332 est
1200 4291 1250 4358 c.
1282 4281 1352 4331 20
1378 4283 1448 4358 .et
1474 4279 1538 4331 21
1572 4275 1732 4362 hujus
1759 4277 1885 4362 coll.

255 4345 416 4418 'Esto
447 4354 618 4427 igitur
641 4359 704 4408 ut
731 4349 1072 4427 ἀνριμᾴρτητος
1094 4347 1238 4427 ex__vi
1276 4345 1421 4427 secis
1451 4362 1565 4402 non
1598 4345 1744 4427 male
1771 4347 1885 4404 for-

251 4417 423 4489 iasse
467 4417 614 4479 ’ῦθηί
657 4417 839 4492 possit
867 4417 1261 4492 impeccabilis,
1289 4417 1346 4474 id
1381 4427 1485 4486 est,
1519 4421 1613 4492 qui
1636 4435 1766 4492 non
1789 4435 1882 4476 so-

251 4441 423 4489 tasse
475 4435 614 4479 veru
657 4435 828 4492 pOSSIt
867 4435 938 4475 nn
979 4435 1261 4486 eccamus,
1289 4435 1346 4474 ια
1381 4435 1485 4486 eet,
1519 4435 1609 4490 qui
1655 4435 1766 4475 non
1789 4435 1882 4476 so-

249 4505 390 4561 lum
426 4511 549 4554 non
578 4490 842 4561 peccavit,
877 4435 978 4546 ses
1003 4489 1096 4562 qui
1123 4505 1234 4546 non
1262 4503 1486 4560 peccare
1527 4491 1744 4562 quidem
1779 4507 1884 4562 po—
1915 4461 1965 4522 D

247 4560 412 4638 test,
451 4573 520 4623 ut
565 4560 826 4638 Christus
855 4560 1160 4626 Dominus,
1199 4575 1310 4616 non
1339 4560 1558 4638 tamen
1584 4560 1711 4638 hoc
1739 4560 1879 4638 luco,

247 4630 462 4714 neque
485 4635 632 4714 apud
664 4635 726 4688 D.
757 4633 1158 4714 Hieronymum
1177 4639 1291 4714 ,u‘t.
1306 4632 1351 4686 ei
1380 4630 1521 4714 falso
1549 4630 1884 4714 tribuit_Le4

245 4700 442 4773 xicon
475 4700 754 4784 Graecum.
796 4703 908 4784 Sed
942 4700 1012 4758 de
1189 4700 1680 4784 satis,‘in._quibus_
1715 4705 1884 4784 eluci-

243 4769 474 4846 dandis
503 4779 560 4834 id
591 4773 946 4833 incommode
973 4772 1192 4846 accidit,
1219 4769 1371 4843 quod
1390 4769 1522 4846 nihil
1552 4774 1709 4830 nobis
1735 4775 1886 4846 adiu-

241 4843 448 4915 menti
508 4864 540 4902 a
591 4863 722 4902 mss.
775 4853 829 4901 et
854 4843 1275 4916 antiquioribus
1319 4844 1530 4900 excusis
1574 4843 1878 4914 accessefit,

335 4923 426 4981 od
461 4918 540 4975 illi
566 4917 754 4973 Grazca
783 4914 1108 4988 velpeni‘tus
1127 4914 1400 4988 emittant,
1427 4922 1492 4970 ut
1510 4923 1566 4971 et
1593 4916 1884 4988 Dionysius

237 4985 726 5066 βατεριπειειεξξξ.
751 4985 830 5040 νει
855 4985 946 5066 ,ἓῖὲ
997 4985 1257 5066 mendose
1299 4993 1355 5066 ei
1399 4993 1660 5066 corrupte
1699 4985 1882 5059 expri-

237 5055 449 5132 inant',
491 5068 556 5116 ut
597 5058 727 5132 nihil
759 5057 889 5132 certi
920 5055 1021 5111 hac
1044 5055 1108 5132 in
1137 5065 1292 5132 parte
1331 5056 1456 5112 inde
1480 5055 1662 5114 haberi
1697 5055 1877 5132 queat.

315 5151 349 5179 ει
398 5127 632 5194 Textus
681 5127 944 5199 Vulgatus
975 5143 988 5180 :
1044 5128 1467 5186 Verberaverunt
1509 5143 1611 5197 me,
1645 5127 1740 5186 sed
1777 5147 1883 5186 non

233 5211 445 5274 dolui;
479 5205 780 5260 tramerunt
807 5214 918 5265 me;
948 5202 999 5252 et
1027 5215 1120 5267 ego
1144 5214 1250 5274 non
1279 5201 1422 5255 sensi
1440 5203 1630 5274 (Prov.
1655 5203 1878 5274 xm").

235 5271 512 5355 Quando
541 5274 819 5355 evigilaho,
843 5274 895 5326 et
921 5285 1106 5326 rursus
1123 5272 1247 5324 vina
1269 5273 1534 5355 neperia‘m
1547 5271 1738 5355 ?"Yide
1758 5285 1882 5355 quae

229 5341 452 5426 Euprag
483 5341 906 5426 annotavimus
925 5358 992 5398 ex
1023 5341 1426 5426 commentario
1457 5342 1526 5399 D.
1550 5341 1883 5426 .Hiermijmi

231 5413 366 5486 sive
413 5417 616 5478 Bedae.
653 5415 854 5472 Eadem
883 5414 994 5472 fere
1023 5413 1188 5470 habet
1212 5415 1284 5469 D.
1333 5413 1634 5486 Gregorius
1659 5414 1714 5470 in
1757 5416 1882 5472 Pas-

230 5494 426 5558 torali
461 5493 645 5558 (Part.
674 5502 748 5543 Ill
774 5503 891 5558 cap.
917 5491 1026 5556 33).

312 5563 347 5604 ι’
385 5569 553 5624 Cum
580 5561 634 5614 in
661 5557 909 5615 moribus
937 5566 1179 5615 extrema
1211 5565 1340 5615 sunt
1366 5557 1512 5626 vitia,
1541 5566 1594 5613 et
1623 5558 1794 5614 virtus
1824 5557 1882 5614 in

225 5637 450 5700 medio
490 5629 781 5712 consistat,
808 5629 976 5712 priori
1002 5639 1242 5712 extremo
1263 5673 1276 5699 ,
1293 5629 1460 5712 quod
1497 5629 1880 5712 superior-ica-

222 5713 362 5787 pite
404 5702 701 5787 exposuit,
731 5700 1068 5787 quonscilicet
1101 5700 1347 5787 nonnulli
1376 5701 1444 5758 de
1467 5717 1564 5787 sua
1593 5701 1880 5787 sanctitate

223 5770 289 5842 5t
338 5770 711 5856 perfectione
739 5770 1108 5841 conﬁdentes,
1137 5771 1333 5830 leviora
1366 5781 1588 5845 peccata
1613 5772 1787 5830 vitare
1824 5781 1880 5830 et

486 5865 759 5920 Parnon.
800 5862 1008 5918 XLIX.

1997 3657 2189 3698 curare
2215 3638 2773 3714 negligunt,_alterum
2797 3654 2957 3714 _nu_nc
2997 3647 3314 3714 extremum
3346 3646 3596 3714 opponit,

1998 3728 2109 3785 quo
2139 3708 2895 3785 quida'm'nimisscrupulosj
2928 3717 2982 3765 et
3013 3711 3163 3785 auxii
3189 3712 3258 3768 de
3285 3708 3456 3785 culice
3499 3708 3600 3774 elei

2002 3779 2266 3855 phantum
2303 3781 2542 3849 faciunt,
2573 3779 2680 3855 huc
2715 3779 2922 3845 est,-de
2949 3781 3196 3836 minimis
3223 3791 3278 3836 et
3313 3783 3598 3844 levissimis

1971 3851 2302 3916 ,del'ectibus
2325 3867 2504 3924 supra,
2520 3851 2746 3924 modum
2775 3859 3046 3923 anguntur
3069 3859 3124 3907 et
3147 3867 3391 3924 maerore
3432 3857 3598 3913 conﬂ-

1999 3926 2332 3999 ciuntur;_et
2353 3923 2508 3999 si_ve_l
2537 3923 2827 3980 minimum
2852 3937 2885 3978 a
2911 3923 3391 3999 contemplationis
3411 3934 3464 3981 et
3481 3927 3596 3999 spi-
3623 3971 3629 3977 .

1998 3997 2200 4070 ritualis
2235 3994 2534 4070 dulcedinis
2569 4002 2733 4070 gustu
2779 4003 3098 4062 avocentur,
3133 3994 3316 4052 animo
3359 3994 3596 4070 despdn-

1997 4065 2129 4121 dent
2160 4073 2214 4119 et
2236 4080 2295 4118 se
2313 4079 2344 4118 a
2363 4065 2482 4118 Deo
2502 4063 2748 4118 desertos
2772 4070 2981 4132 putant.

2067 4139 2092 4168 ο
2123 4137 2378 4210 _Excepta
2415 4133 2580 4187 etiam
2626 4132 2744 4204 ejus
2798 4141 2970 4210 matre
2999 4134 3342 4210 sanctissima
3393 4138 3595 4210 virgine

1999 4205 2170 4262 Maria
2215 4223 2228 4259 ε
2271 4203 2470 4275 magno
2517 4203 2703 4259 tamen
2747 4203 3026 4275 utriusque
3065 4203 3400 4262 discrimine.
3449 4203 3594 4268 Nam

1999 4277 2264 4349 Christus;
2281 4272 2554 4349 Dominus
2588 4281 2780 4349 natura
2823 4272 3204 4349 impeccabilis,
3235 4284 3292 4332 nt
3329 4281 3498 4349 Deus,
3539 4291 3593 4338 et

1997 4349 2200 4428 unione
2251 4345 2606 4428 hypostatica,
2628 4353 2720 4428 _ut.
2741 4344 2940 4428 homo}
2973 4347 3144 4428 Maria
3192 4363 3328 4428 vero_
3365 4366 3431 4407 ex
3479 4344 3594 4425 ἐρα.

1995 4419 2120 4492 ciali
2166 4415 2341 4491 gratia
2365 4425 2420 4492 et
2465 4416 2721 4487 singulari
2767 4415 3029 4473 beneﬁcio
3055 4419 3133 4492 ab
3176 4420 3330 4492 omni
3371 4415 3588 4492 peccato

1993 4490 2071 4546 sic
2099 4487 2441 4546 communita
2463 4495 2520 4544 et
2535 4497 2880 4559 praeservata,
2903 4497 2962 4544 ut
2975 4491 3180 4546 nullius
3197 4491 3272 4546 rei
3294 4487 3591 4554 mundanae

1990 4561 2275 4618 dilectione
2313 4575 2578 4632 umquam
2626 4560 2876 4632 peccarit,
2913 4569 2974 4616 ut
3010 4561 3254 4632 superius
3295 4563 3590 4632 probatum

1991 4635 2204 4700 (Collat.
2235 4638 2305 4688 22
2332 4648 2452 4702 cap.
2488 4636 2591 4694 l3).

2061 4704 2086 4739 ⁸
2115 4704 2343 4774 Vulgata
2382 4703 2541 4758 lectio
2577 4703 2714 4767 (Job.
2741 4705 2893 4765 xxv)
2923 4720 2934 4754 :
2960 4705 3090 4774 Ecce
3119 4703 3247 4757 luna
3283 4707 3447 4759 etiam
3485 4721 3592 4764 non

1988 4775 2249 4846 splendet,
2281 4774 2518 4846 cistella:
2545 4787 2651 4826 non
2669 4775 2795 4846 sunt
2819 4773 3032 4846 mundis
3048 4775 3124 4846 «in
3135 4780 3409 4842 conspectu
3433 4777 3548 4846 ejus
3569 4797 3588 4835 ,-

1991 4842 2192 4916 tfuanto
2207 4846 2382 4914 magis
2404 4842 2564 4916 homo
2580 4843 2830 4916 putredo,
2853 4848 2904 4898 et
2930 4843 3076 4912 ﬁlius
3105 4845 3334 4916 hominis
3358 4842 3588 4905 vei-ints!

1991 4913 2053 4998 In
2082 4913 2545 4998 conspectu'ejus,
2577 4913 2638 4998 id.
2664 4913 3301 4998 est‘,'in‘comparatione
3339 4917 3486 4989 ejus,
3509 4919 3588 4976 ait

1992 4987 2332 5060 Augustinus
2472 4988 2658 5038 annot.
2680 4985 2905 5053 in‘Job).
3365 4985 3383 4989 ⁷

2023 5127 2036 5131 _
2062 5062 2085 5090 ⁶
2117 5061 2194 5131 Ita
2221 5057 2398 5131 Graeci
2432 5062 2754 5131 interpretes
2786 5072 2800 5131 ς
2828 5055 2887 5107 Εἰ
2918 5054 3046 5131 grata
3085 5055 3240 5131 ἆχίφγ
3265 5057 3320 5111 οὖ
3349 5062 3585 5131 πιστεύει,

1990 5127 2196 5199 οὐρανὸς
2221 5127 2274 5180 δὲ
2310 5127 2366 5180 οὗ
2393 5127 2610 5197 καθαρὸς
2635 5125 2856 5180 ἐναντίον
2883 5126 3051 5183 αὐτοῦ.
3077 5125 3336 5184 Similiter
3363 5136 3430 5186 Ι).
3465 5125 3586 5188 Au;

1971 5201 2236 5326 ‘gustinus
2267 5217 2280 5254 :
2305 5201 2370 5257 Si
2395 5203 2454 5254 in
2480 5200 2680 5254 sanctis
2719 5201 2832 5253 suis
2859 5214 2965 5254 non
2988 5205 3066 5253 est
3091 5201 3242 5268 ﬁdes,
3276 5201 3378 5271 vel,
3408 5209 3473 5256 ut
3497 5205 3587 5261 alii

2011 5279 2196 5326 egunt.
2219 5287 2325 5326 non
2348 5275 2426 5326 est
2457 5271 2645 5326 ﬁdens.
2665 5275 2718 5324 et
2743 5271 2926 5324 caelum
2951 5286 3057 5325 non
3078 5275 3156 5324 est
3179 5272 3440 5326 mundum
3463 5281 3587 5326 ante

2011 5279 2196 5344 egunt,
2219 5287 2325 5344 non
2348 5275 2426 5326 est
2455 5271 2645 5344 ﬁdens,
2665 5275 2718 5324 et
2743 5271 2926 5344 ctutum
2951 5286 3057 5344 non
3078 5275 3156 5344 est
3179 5272 3440 5344 mundum
3463 5281 3588 5332 ante

1989 5340 2126 5398 eum.
2160 5343 2386 5415 Vulgata
2429 5341 2627 5406 editio,
2653 5355 2817 5410 quam
2843 5342 3006 5396 etiam
3039 5340 3124 5396 hic
3151 5345 3364 5397 Auctor
3385 5343 3592 5404 fatetur

1988 5413 2420 5470 emendatiorem
2452 5433 2469 5469 :
2499 5416 2627 5469 Ecce
2645 5453 2662 5475 ,
2684 5415 2828 5467 inter
2852 5417 3064 5467 sanctos
3087 5428 3238 5466 nemo
3276 5416 3591 5473 immutabi-

1991 5487 2089 5552 lis;
2111 5490 2162 5541 et
2179 5487 2296 5540 cceli
2330 5501 2436 5540 non
2457 5489 2582 5540 sunt
2613 5484 2808 5538 mundi
2829 5485 2887 5538 in
2913 5489 3189 5552 conspectu
3206 5485 3340 5552 ejus,
3362 5495 3472 5544 etc.
3488 5490 3586 5547 Cui

1986 5557 2178 5612 similis
2207 5556 2466 5612 sententia
2496 5555 2694 5626 legitur
2715 5554 2841 5610 Job.
2869 5569 2931 5610 Iv
2963 5556 3276 5624 :Numqm’d
3303 5557 3456 5615 homo
3487 5565 3589 5619 Dei

1987 5631 2383 5700 comparatione
2391 5627 2803 5700 justiﬁcabitur,
2821 5630 2921 5680 aut
2933 5628 3140 5700 factore
3159 5643 3255 5700 suo
3265 5631 3461 5697 purior
3485 5636 3590 5689 erit

1987 5693 2118 5756 vir?
2136 5704 2283 5762 Ecce,
2304 5693 2408 5770 qui
2427 5693 2670 5756 seruiunt
2691 5699 2760 5764 ei,
2789 5713 2894 5754 non
2925 5693 3048 5770 sunt
3071 5693 3309 5763 stabiles,
3332 5705 3383 5755 et
3409 5703 3463 5756 in
3480 5719 3580 5758 an-

1990 5774 2122 5843 gelis
2139 5773 2252 5828 suis
2285 5769 2480 5842 reperit
2507 5771 2856 5843 pravitatem.
2886 5769 2992 5828 Ubi
3015 5770 3210 5827 Graeca
3238 5769 3314 5828 ita
3336 5780 3534 5830 sonant
3568 5795 3580 5830 :

3230 5863 3300 5912 4ο
