4040 6194
411 216 547 271 i259

1486 203 1766 259 .lOANNlS
1803 200 2108 258 CASSIANI
2146 197 2637 279 COLLATIONES.

3590 198 3728 256 i260

409 340 507 394 etis
526 337 639 391 suis
660 350 767 390 non
785 331 1021 403 conﬁdit,
1058 335 1110 387 et
1144 334 1202 386 in
1228 331 1436 400 angelis
1464 332 1576 385 suis
1601 328 1801 399 reperit
1813 328 2009 397 pravi-
2036 327 2089 390 Α
2118 332 2236 380 tur:
2256 327 2405 392 Ecce,
2419 322 2618 395 inquit,
2638 336 2814 378 omnes
2838 336 2927 377 vos
2945 319 3284 377 ascendentes
3301 322 3484 391 ignem
3502 325 3731 382 accusati

413 434 610 496 tatem;
655 428 789 497 sive,
832 435 892 483 ut
934 423 1278 482 emendatior
1308 422 1594 481 translatio
1623 420 1789 478 habet
1832 440 1846 473 :
1881 423 2010 477 Ecce
2117 418 2736 490 ﬂammis,ambulatein
2760 418 2959 473 lumine
2981 418 3123 486 ignis
3138 416 3321 479 vestri,
3342 418 3394 470 et
3412 418 3474 471 in
3489 419 3725 487 ﬂamis

409 525 556 577 inter
590 524 797 577 sanctos
824 520 939 590 ejus
969 535 1119 575 nemo
1142 517 1515 586 immutabilis,
1545 521 1596 572 et
1622 516 1740 571 caeli
1754 530 1859 569 non
1885 517 2011 569 sunt
2119 530 2256 586 quas
2281 512 2822 581 succendisttstlsaite
2840 508 2915 582 ι).
2932 511 3006 568 Et
3024 509 3223 566 iterum
3250 517 3304 564 τε
3333 510 3440 578 Qui
3467 512 3732 578 incendit,

411 616 604 690 mundi
615 616 673 670 in
690 616 967 685 conspectu
992 611 1109 682 ejus
1135 612 1270 683 (Job.
1298 609 1419 681 xv).

1035 707 1274 763 CAPUT
1311 707 1415 761 XI.

413 803 669 861 Recedere
696 818 733 857 a
760 804 884 864 Deo,
912 803 1265 872 perniciosum
1311 805 1361 855 et
1394 811 1632 869 presens
1660 798 1887 851 exitium
1919 798 2015 850 est.

484 899 657 954 Recte
697 895 864 969 igitur
893 902 1133 960 sanctos,
1160 893 1253 967 qui
1279 891 1611 948 memoriam
1636 890 1739 946 Dei
1758 888 2021 946 stabiliter

415 990 731 1055 retinentes,
771 989 925 1062 quasi
956 1005 1052 1061 per
1076 995 1324 1044 extensas
1362 987 1418 1042 in
1447 984 1667 1041 sublimi
1693 984 1870 1040 lineas
1896 999 2021 1039 sus-

416 1097 587 1155 penso
638 1081 893 1138 feruntur
922 1082 1160 1150 incessu,
1186 1090 1211 1117 δ
1247 1077 1637 1145 schoenobatis,
1670 1092 1811 1148 quos
1858 1074 2020 1146 vulgo

411 1174 769 1232 funambulos
798 1184 1017 1240 vocant,
1046 1174 1277 1230 dixerim
1305 1168 1730 1241 comparandos,
1752 1168 1843 1240 qui
1874 1182 2022 1224 sum-

416 1284 571 1325 mam
608 1282 723 1322 suae
759 1267 949 1322 salutis
1000 1281 1063 1321 ac
1103 1265 1227 1320 vitae
1252 1263 1304 1319 in
1350 1262 1746 1335 angustissimo
1802 1260 2020 1317 funiculi

413 1360 564 1417 illius
600 1358 821 1416 tramite
860 1358 1226 1422 collocantes,
1261 1353 1659 1411 atrocissimam
1688 1367 1747 1409 se
1788 1360 2022 1408 mortem

419 1453 669 1527 protinus
696 1452 1015 1507 incursuros
1045 1464 1162 1506 esse
1183 1464 1295 1505 non
1329 1446 1636 1521 ambigunt,
1659 1446 1703 1502 si
1727 1445 1807 1502 vel
1833 1443 2024 1517 exigua

423 1563 521 1620 pes
549 1561 741 1604 eorum
770 1545 1100 1602 titubatione
1137 1543 1449 1612 deviaverit,
1486 1549 1583 1598 aut
1619 1539 1853 1598 modum
1882 1540 2025 1596 illius

417 1640 673 1698 salutaris
702 1639 1019 1696 directionis
1059 1636 1367 1694 excesserit.
1403 1636 1510 1706 Qui
1540 1635 1678 1692 dum
1723 1642 1841 1691 arte
1872 1632 2024 1690 miri-

2120 608 2318 680 inquit,
2347 608 2636 671 malitiam,
2652 609 2857 677 peribit
2884 605 2953 659 ab
2975 620 3037 659 ea
3065 605 3248 672 (Prov.
3287 607 3364 671 v).

2756 707 2994 763 CAPUT
3021 707 3097 760 Χ.

2128 808 2279 876 Quod
2308 809 2367 862 hi
2383 810 2481 877 qui
2501 806 2577 861 ad
2590 808 2968 877 perfectionem
2987 804 3214 859 tendunt
3236 806 3293 877 in
3310 806 3541 877 veritate
3560 807 3738 864 humi-

2197 876 2416 943 lientur}
2448 881 2499 934 et
2517 876 2615 935 Dei
2631 879 2813 948 gratia
2835 892 3037 948 semper
3056 890 3111 930 se
3133 876 3372 930 sentiant
3394 876 3659 947 indigere.

2197 969 2225 1015 δ
2256 982 2396 1039 Cum
2436 996 2566 1054 ergo
2615 980 2938 1052 semetipsos
2981 976 3226 1051 quotidie
3270 979 3511 1036 sentiant
3559 983 3733 1039 sancti

2129 1085 2367 1134 terrenae
2419 1074 2758 1148 cogitationis
2811 1073 3050 1147 pondere
3093 1081 3479 1146 prmgravatos,
3529 1075 3598 1131 ab
3638 1077 3732 1134 illa

2129 1170 2333 1226 mentis
2372 1168 2705 1226 sublimitate
2747 1166 3019 1235 decidere,
3065 1174 3122 1222 et
3145 1166 3369 1235 invitos,
3401 1166 3577 1251 immo
3603 1186 3731 1228 vero

2130 1264 2297 1320 etiam
2327 1263 2635 1320 nescientes
2659 1263 2715 1319 in
2736 1264 2911 1337 legem
2937 1259 3144 1334 peccati
3174 1260 3473 1334 mortisque
3500 1262 3734 1333 traduci,

2131 1367 2316 1432 atque,
2342 1367 2402 1414 ut
2430 1367 2631 1415 caetera
2664 1356 3098 1431 praetermittam,
3125 1354 3228 1411 illis
3260 1356 3462 1411 saltem
3490 1372 3614 1429 quae
3648 1374 3737 1413 su-

2132 1452 2314 1526 perius
2336 1451 2745 1526 comprehendi,
2778 1450 2940 1507 bonis
2968 1448 3189 1523 quidem
3220 1464 3283 1506 ac
3306 1449 3493 1522 justis,
3527 1450 3627 1507 sed
3650 1459 3740 1507 ta-

2133 1563 2265 1605 men
2290 1546 2539 1611 terrenis,
2571 1562 2601 1602 a
2625 1552 2915 1618 conspectu
2938 1543 3042 1599 Dei
3078 1543 3337 1615 operibus
3373 1546 3609 1614 avocari,
3636 1545 3735 1601 ha-

2133 1640 2267 1697 bent
2309 1638 2556 1713 profecto
2597 1655 2694 1712 pro
2719 1630 2920 1711 quibus
2951 1637 3020 1694 ad
3055 1641 3237 1694 Deum
3254 1638 3455 1711 jugiter
3488 1639 3731 1712 ingemi-

421 1734 521 1792 ﬁca
558 1749 750 1791 aereos
793 1748 1015 1807 gressus
1052 1747 1150 1804 per
1195 1729 1377 1787 inania
1417 1728 1748 1797 moliuntur,
1799 1727 1843 1785 si
1881 1728 2028 1783 illam
2058 1726 2106 1788 B
2138 1741 2312 1803 scant,
2344 1732 2548 1789 habent
2586 1749 2686 1805 pro
2713 1732 2911 1805 quibus
2947 1731 3003 1786 in
3025 1730 3245 1786 veritate
3272 1729 3538 1787 humiliati
3562 1739 3732 1803 atque

422 1829 793 1902 angustiorem
834 1826 1064 1900 vestigio
1091 1824 1345 1882 semitam
1365 1865 1380 1893 ,
1400 1840 1517 1881 non
1541 1832 1701 1880 cauta
1725 1831 1889 1895 atque
1913 1821 2028 1878 sol-

425 1922 576 1979 licita
604 1921 985 1978 moderatione
1033 1918 1387 1985 servaverint,
1424 1927 1571 1976 terra
1610 1932 1735 1991 quae
1767 1916 2028 1973 omnibus

428 2016 577 2074 velut
601 2018 861 2075 naturalis
895 2025 978 2073 est
1011 2016 1176 2085 basis,
1216 2020 1269 2072 et
1300 2014 1689 2072 solidissimum
1727 2012 1935 2069 cunctis
1963 2027 2025 2067 ac

408 2106 814 2167 ‘ﬁrmissimum
845 2109 1294 2178 fundamentum,
1325 2108 1387 2165 ﬁt
1425 2108 1532 2164 illis
1560 2121 1803 2180 praesens
1821 2121 1884 2161 ac
1912 2121 2028 2161 ma-

425 2198 627 2260 nifesta
655 2203 942 2275 pernicies,
965 2219 1075 2258 non
1101 2202 1230 2275 quia
1251 2202 1398 2258 illius
1422 2208 1620 2256 natura
1642 2207 1908 2268 mutetur,
1933 2198 2027 2256 sed

428 2298 554 2370 quia
578 2297 651 2352 illi
683 2297 739 2351 in
767 2312 892 2353 eam
917 2295 1183 2367 praecipiti
1214 2294 1396 2351 carnis
1417 2292 1658 2365 pondere
1687 2292 2024 2359 dilabuntur.

430 2393 513 2447 Ita
548 2390 721 2447 etiam
754 2387 1025 2445 indefessa
1048 2387 1138 2444 illa
1173 2386 1275 2444 Dei
1305 2386 1537 2455 bonitas,
1564 2385 2029 2457 immutabilisque

430 2482 737 2542 substantia
776 2482 890 2555 ipsa
916 2480 1140 2555 quidem
1171 2479 1450 2537 neminem
1475 2477 1648 2548 laedit,
1676 2477 1776 2536 sed
1809 2493 1912 2534 nos
1929 2476 2028 2535 de-

428 2577 679 2636 clinando
725 2593 755 2633 a
810 2576 1044 2634 summis
1084 2584 1247 2650 atque
1287 2574 1356 2631 ad
1383 2574 1495 2631 ima
1536 2571 1825 2643 tendendo,
1870 2571 2031 2630 nobis

425 2673 564 2746 ipsis
605 2670 998 2729 consciscimus
1036 2677 1301 2739 mortem,
1348 2667 1522 2726 immo
1569 2668 1684 2742 ipsa
1739 2666 2029 2725 declinatio

425 2780 578 2822 mors
614 2764 848 2822 efﬁcitur
876 2763 1188 2820 declinanti.
1243 2766 1335 2820 Va:
1363 2766 1521 2832 enim,
1550 2761 1747 2833 inquit,
1774 2762 1871 2829 eis,
1900 2777 2031 2832 quo-

427 2863 577 2915 niam
603 2864 923 2916 recesserunt
944 2875 977 2913 a
994 2876 1094 2914 me.
1127 2859 1519 2926 Vastabuntur,
1548 2860 1799 2927 quoniam
1818 2871 2033 2925 prtem-

426 2956 592 3010 ricati
622 2959 750 3009 sunt
776 2957 835 3008 in
859 2970 942 3008 me
964 2953 1128 3024 (Osece
1152 2957 1280 3019 vn).
1313 2954 1383 3008 Et
1409 2951 1607 3006 iterum
1639 2968 1652 3004 :
1696 2954 1789 3005 Va:
1812 2951 1886 3003 eis
1914 2964 2032 3002 cum

427 3060 681 3100 recessero
707 3047 776 3100 ab
805 3049 879 3100 eis
910 3045 1076 3115 (Oscae
1105 3044 1214 3113 Ix).
1242 3045 1455 3111 Arguet
1482 3055 1721 3113 namque
1750 3044 1801 3095 te
1817 3039 2033 3095 malitia

426 3142 544 3200 tua,
568 3141 618 3192 et
644 3139 855 3193 aversio
888 3143 985 3193 tua
1014 3137 1320 3206 increpabit
1357 3142 1426 3192 te.
1464 3137 1607 3193 Scito
1652 3140 1703 3191 et
1730 3135 1869 3198 vide,
1900 3136 2034 3206 quia

348 3270 352 3291 ,
433 3225 642 3281 malum
668 3231 718 3280 et
749 3243 999 3280 amarum
1033 3233 1111 3281 est
1137 3228 1417 3298 reliquisse
1457 3232 1506 3281 te
1533 3229 1819 3283 Dominum
1866 3228 2033 3282 Deum

426 3323 588 3374 tuum
610 3318 815 3391 (Jerem.
844 3318 933 3391 ιι).
963 3314 991 3351 δ
1018 3321 1296 3376 Funiculis
1333 3335 1569 3392 namque
1611 3334 1829 3375 suorum
1846 3336 2034 3391 pecca-

426 3416 609 3468 torum
637 3416 1005 3484 unusquisque
1033 3415 1424 3483 constringitur
1466 3413 1643 3485 (Prov.
1672 3416 1753 3482 v).
1786 3413 1870 3470 Ad
1898 3429 2036 3486 quos

429 3507 562 3563 satis
600 3514 971 3578 competenter
1014 3518 1043 3560 a
1079 3507 1320 3563 Domino
1359 3508 1662 3579 increpatio
1700 3507 1801 3563 ista
1844 3507 2035 3580 dirigi-

2136 1827 2470 1900 compuncti,
2511 1835 2532 1862 θ
2584 1842 2696 1882 non
2725 1825 2907 1883 verbis
2944 1823 3345 1894 tantummodo,
3386 1823 3487 1880 sed
3531 1823 3738 1882 affectu

2136 1921 2458 1995 semetipsos
2487 1919 2841 1993 pronuntient
2882 1928 3215 1992 peccatores,
3246 1926 3299 1975 et
3326 1920 3540 1975 veniam
3579 1936 3738 1976 vera-

2134 2013 2268 2070 citer
2301 2028 2398 2086 pro
2435 2012 2690 2069 omnibus
2723 2028 2846 2085 quae
2887 2012 3127 2084 quotidie
3162 2011 3403 2085 superati
3446 2011 3735 2085 fragilitate

2131 2106 2307 2164 carnis
2339 2107 2649 2175 incurrunt,
2693 2121 2757 2162 ac
2789 2105 3019 2183 gratiam
3049 2106 3277 2162 Domini
3299 2106 3503 2179 jugiter
3548 2114 3740 2178 postu~

2134 2202 2328 2272 lantes,
2371 2216 2525 2258 veras
2566 2199 2907 2273 paenitentiae
2954 2200 3228 2273 laerymas
3258 2199 3632 2258 indesinenter
3665 2200 3742 2258 ef-

2135 2294 2391 2353 fundant.
2440 2294 2651 2368 Quippe
2691 2294 2782 2367 qui
2832 2294 3051 2351 videant
3094 2294 3293 2353 iisdem
3342 2295 3474 2369 ipsis
3519 2312 3599 2365 se,
3641 2312 3742 2369 pro

2138 2390 2333 2463 quibus
2353 2389 2613 2446 continuo
2654 2387 2844 2446 dolore
2870 2389 3049 2446 vexati
3080 2397 3235 2461 sunt,
3267 2390 3436 2447 etiam
3476 2407 3647 2464 usque
3668 2389 3740 2447 ad

2138 2482 2390 2540 ultimum
2446 2483 2574 2540 vitae
2607 2496 2722 2540 suae
2766 2481 2936 2540 ﬁnem
2978 2483 3203 2541 aestibus
3244 2484 3547 2552 involutos,
3574 2483 3741 2540 etiam

2140 2578 2286 2650 ipsas
2303 2576 2726 2650 supplicationes
2753 2593 2881 2635 suas
2896 2577 3099 2635 offerre
3126 2595 3185 2637 se
3208 2580 3324 2637 sine
3352 2579 3745 2655 cogitationum

2139 2672 2409 2729 anxietate
2444 2689 2558 2729 non
2604 2688 2782 2755 posse.
2810 2673 3027 2746 Experti
3074 2674 3244 2747 igitur
3271 2690 3331 2731 se
3374 2672 3635 2730 humanis
3666 2673 3747 2730 vi-

2138 2764 2290 2822 ribus
2336 2764 2701 2822 desideratum
2746 2764 2938 2835 linem,
2967 2765 3257 2823 obsistente
3300 2767 3478 2823 carnis
3505 2767 3745 2835 sarcina,

2139 2875 2252 2915 non
2282 2875 2439 2932 posse
2469 2860 2805 2933 contingere,
2847 2877 3027 2935 neque
3064 2862 3135 2916 illi
3164 2862 3437 2933 praecipuo
3486 2876 3751 2916 summo-

2141 2964 2247 3021 que
2272 2948 2418 3005 bono
2446 2949 2755 3006 secundum
2774 2950 2956 3008 cordis
2983 2950 3061 3007 sui
3084 2949 3420 3007 desiderium
3441 2965 3606 3022 posse
3625 2966 3748 3007 con-

2137 3041 2313 3115 jungi,
2343 3041 2441 3099 sed
2478 3042 2546 3101 ab
2571 3043 2690 3116 ejus
2713 3042 2922 3101 intuitu
2955 3044 3195 3116 captivos
3218 3044 3289 3101 ad
3316 3043 3593 3101 mundana
3629 3054 3745 3102 tra-

2139 3134 2290 3205 duci,
2319 3134 2388 3192 ad
2419 3137 2652 3209 gratiam
2679 3137 2775 3193 Dei
2805 3139 2896 3210 qui
2924 3139 3122 3211 impios
3152 3138 3423 3211 justiﬁcat
3448 3138 3745 3195 convolan-

2140 3235 2242 3298 tes,
2269 3245 2393 3286 cum
2444 3230 2708 3303 Apostolo
2748 3241 3121 3305 protestantur
3152 3253 3164 3289 :
3198 3233 3410 3302 Infelix
3433 3249 3522 3302 ego
3563 3234 3737 3296 homo,

2142 3325 2265 3393 quis
2280 3339 2365 3379 me
2387 3325 2637 3380 liberabit
2666 3326 2732 3381 de
2759 3342 2974 3397 corpore
2989 3330 3176 3383 mortis
3194 3327 3394 3397 hujus?
3414 3328 3597 3385 Gratia
3627 3327 3740 3389 Dei,

2141 3431 2239 3485 per
2275 3419 2449 3471 Jesum
2495 3418 2770 3475 Christum
2797 3423 3083 3475 Dominum
3119 3426 3365 3476 nostrum
3405 3424 3575 3485 (Rom.
3606 3419 3741 3490 vn).

2141 3508 2398 3566 Sentiunt
2445 3509 2589 3568 enim
2635 3526 2692 3568 se
2727 3512 2936 3569 bonum
2981 3513 3127 3570 istud
3173 3512 3326 3587 quod
3374 3515 3586 3579 volunt,
3631 3528 3745 3569 non

1522 3686 1779 3742 ALARDI
1819 3686 2045 3743 ΕΑΖᾸΞΙ
2087 3688 2647 3748 COMMENTARIUS.

429 3850 481 3906 Si
500 3855 704 3926 contra
728 3862 928 3926 pueros
956 3862 1086 3904 suos
1108 3845 1454 3926 non_credit;_
1472 3856 1893 3926 contra‘autem
1932 3865 2032 3926 an-
2068 3851 2114 3915 C
2149 3852 2275 3921 boli,
2306 3854 2495 3924 quibus
2514 3854 2691 3910 decem
2713 3861 2762 3912 et
2784 3861 2898 3912 octo
2911 3861 3072 3913 annis
3095 3858 3347 3926 ligauerat
3373 3856 3657 3911 mulierem
3681 3860 3750 3914 in

431 3919 582 4046 glelos
628 3918 758 3975 suos
801 3918 1080 4000 obliquum
1113 3918 1241 3989 quid
1271 3918 1614 3990 excogitavit.
1656 3920 1768 3973 Pro
1812 3934 1923 3989 quo
1962 3923 2032 3976 D.

490 4000 807 4046 ieronvmus
835 3989 961 4046 lerat
991 4006 1006 4043 :
1033 3992 1104 4045 Et
1125 3993 1310 4044 contra
1338 3988 1552 4046 angelos
1579 4004 1702 4044 suos
1731 4005 2032 4046 perversum

490 3991 807 4064 ieronymus
835 3988 965 4064 legit
991 4006 1006 4043 :
1033 3992 1104 4045 Et
1125 3993 1310 4064 contra
1338 3988 1702 4064 angelossuos
1728 3988 2037 4060 peruersum

432 4063 571 4133 quid
613 4059 914 4132 cogitavit:
936 4059 1274 4133 Augustinus
1310 4073 1441 4115 vero
1479 4077 1491 4115 :
1534 4061 1596 4117 Si
1631 4066 1817 4115 contra
1863 4075 2037 4118 servos

430 4132 552 4189 suos
575 4148 680 4189 non
696 4133 884 4197 credit,
912 4137 962 4188 et
986 4132 1245 4203 adversus
1268 4132 1485 4203 angelos
1492 4146 1726 4203 pravum
1747 4133 1885 4203 quid
1896 4149 2038 4203 repe-

431 4206 526 4260 rit.
554 4204 786 4261 Videtur
803 4213 987 4260 autem
1013 4202 1099 4258 hic
1118 4202 1290 4259 abbas
1312 4201 1426 4258 duo
1448 4201 1537 4258 illa
1568 4201 1687 4258 loca
1703 4201 2037 4272 confudisse,

432 4283 487 4332 et
515 4291 545 4331 e
573 4274 795 4333 duobus
810 4290 979 4331 unam
1005 4273 1267 4329 conﬂasse
1295 4272 1634 4330 sententiam.

504 4355 530 4381 ι
562 4344 1139 4417 Σχοινᾳὸάτης-ᾯΔῙῘΠΕ
1184 4342 1560 4417 funambulus,
1614 4345 1709 4417 qui
1743 4360 1841 4417 per
1878 4345 2039 4403 funes

437 4413 692 4495 extensos
723 4416 900 4495 (_quos
1037 4418 1363 4495 extensos-in
1391 4415 1608 4471 sublimi
1618 4413 1808 4495 _lineas
1842 4417 2036 4495 vocat)

439 4483 678 4542 ludendo
728 4483 986 4557 discurrit
1024 4493 1141 4557 aut‘
1159 4484 1444 4557 graditur:
1476 4488 1631 4557 quasi
1674 4483 2039 4557 funiambulo,

437 4559 645 4628 σχοῖνος
669 4555 834 4628 enim,
878 4555 936 4613 id
965 4562 1070 4623 est,
1114 4552 1300 4628 fu'nis;
1329 4552 1510 4628 palm;
1531 4557 1772 4628 ambulo.
1820 4552 2039 4616 Primus

436 4625 619 4685 autem
659 4627 990 4684 Latinorum
1050 4626 1277 4683 Messala
1331 4625 1603 4684 Corvinus
1653 4625 2040 4687 funambulum

434 4698 594 4774 dixit,
623 4714 789 4774 quem
820 4698 999 4774 Graaci
1027 4697 1364 4774 σχοινοὸάιςην
1391 4707 1610 4774 νος-θυι,
1641 4707 1704 4755 ιη
1731 4708 1888 4774 nota;
1913 4703 2038 4759 Cia-

434 4768 659 4898 copi)qu
678 4771 960 4828 Iuvenalis
999 4768 1160 4827 satira
1210 4776 1241 4826 3
1292 4768 1411 4827 haec
1454 4768 1522 4826 de
1562 4772 1783 4828 Nerone
1814 4772 2038 4846 ejusque

434 4856 532 4898 ari
576 4858 681 4898 us:

426 4843 640 4901 artibus
668 4861 681 4896 :

493 4975 675 5034 Augur,
699 4972 1065 5030 Schmnobates,
1089 4970 1308 5022 medicus
1323 5010 1336 5034 ,
1357 4985 1544 5036 magus,
1575 4975 1734 5025 omnia
1757 4977 1905 5029 novit.

434 5124 638 5182 Caelius
662 5122 831 5195 epist.
858 5117 930 5195 ad
956 5120 1281 5195 Ciceronem
1313 5120 1409 5177 lib.
1441 5138 1571 5191 vm,
1591 5127 2031 5185 schwnobaticam

436 5199 618 5271 facere
641 5192 1193 5271 diiit,_id_est,_arter_n
1217 5192 1657 5271 illamexercere.
1682 5202 1764 5254 De
1783 5199 2031 5271 elephan-

431 5263 505 5327 tis
524 5265 860 5339 funambulis
874 5264 1080 5339 Plinius
1105 5263 1199 5319 lib.
1225 5280 1338 5339 vni
1355 5268 1551 5339 Na_tur.
1577 5266 1784 5324 Histor.
1809 5263 1937 5339 c.'2,
1965 5271 2034 5329 de

430 5341 634 5414 quibus
664 5338 1033 5421 etiamexstat
1052 5335 1226 5421 faceta
1254 5336 1555 5419 admodum
1579 5340 1814 5421 epistola
1838 5335 2030 5415 Lipsii,

435 5408 602 5484 quam
628 5427 657 5467 a
693 5409 883 5467 multis
906 5408 1064 5465 annis
1091 5423 1185 5464 me
1212 5408 1403 5481 legisse
1428 5408 1672 5465 memini.
1908 5408 1929 5415 ’
2019 5408 2028 5414 ⁷

449 5555 454 5557 Α
503 5483 529 5519 δ
554 5485 873 5553 Iniquitates
891 5497 1004 5537 suae
1026 5482 1249 5557 capiunt
1273 5481 1519 5557 impium,
1541 5486 1591 5538 et
1606 5483 1832 5557 funibus
1849 5502 2028 5557 pecea-

433 5555 616 5634 torum
647 5551 907 5634 'suorum_
917 5551 1352 5634 constringitur.
1391 5551 1558 5634 habet
1586 5555 1809 5634 vulgata
1849 5551 2026 5634 versio

437 5622 608 5706 (frey.
649 5625 731 5706 χ).
780 5628 845 5705 D.
884 5624 1269 5706 Hieqonvmus.
1302 5624 1355 5679 in
1378 5622 1778 5706 _l€zechielis'c.
1816 5644 1924 5706 _1v,
1955 5629 2025 5687 ad

435 5686 613 5772 illud;
641 5695 770 5772 Ecce
795 5686 1120 5772 circumdedi
1141 5700 1188 5772 te
1213 5696 1438 5772 uinculis
1472 5698 1650 5772 :AAlia,
1682 5699 1875 5772 inquit,
1900 5686 2027 5756 sunt

440 5766 655 5823 Domini
676 5762 913 5829 vincula,
943 5766 1213 5830 quibusin
1237 5767 1463 5821 salutem
1484 5768 1719 5837 ligamur
1734 5762 1771 5837 ;”
1783 5762 1894 5826 alia
1913 5773 2026 5828 dia-

2145 3926 2466 4000 Euangelio;
2490 3926 2636 3982 unde
2648 3932 2699 3983 et
2725 3929 2953 3996 funibus
2967 3934 3301 4000 peccatorum
3323 3943 3551 3983 suorum
3570 3944 3746 3985 unus-

2147 3998 2373 4070 quisque
2401 4000 2805 4068 conslringitur.
2833 3998 3142 4068 Quw’solvit
3164 4002 3421 4055 Dominus
3436 4016 3539 4070 per
3557 4005 3746 4070 typum

2146 4069 2622 4141 Lazarisuscitati,
2641 4073 2740 4139 qui
2753 4070 2997 4138 fasciolis
3006 4073 3270 4126 etinstitis
3287 4069 3748 4141 vinctust

2146 4139 2487 4263 ἷιέὃίέφαιονο
2526 4142 2695 4205 (Luc.
2751 4148 2935 4209 XIII).
2970 4141 3106 4197 Vide
3133 4140 3390 4199 eumdem
3437 4139 3514 4198 in‘
3543 4157 3664 4213 cap.
3704 4158 3743 4198 γ

2174 4223 2319 4264 satae.
3054 4230 3057 4231 ⁷

2216 4282 2239 4313 ε
2263 4282 2343 4356 Ita
2370 4296 2437 4336 ex
2452 4281 2649 4356 Graeco
2675 4290 2831 4338 textu
2859 4285 3043 4340 LXX.
3088 4284 3357 4356 vulgatus
3383 4292 3567 4356 autem
3597 4304 3610 4339 :
3641 4284 3747 4351 Qui

2148 4351 2387 4427 loquitur
2413 4354 2708 4427 merutacia,
2733 4369 2839 4409 non
2866 4356 3099 4425 effugiet
3119 4351 3297 4427 (Prov.
3329 4355 3480 4422 χιι).

2217 4423 2241 4458 ⁶
2274 4422 2434 4504 Quod
2478 4424 2667 4507 stricte
2702 4422 3021 4507 annotatum
3049 4441 3080 4482 a
3121 4422 3400 4493 Ciaconio,
3434 4423 3596 4507 paulo
3640 4440 3741 4480 ex-

2145 4496 2671 4570 pressiusannotare
2707 4496 2883 4570 visum
2922 4505 3024 4570 est,
3068 4506 3307 4570 quatuor
3338 4496 3513 4568 capita
3556 4511 3745 4553 conse-

2146 4564 2362 4635 quentia
2389 4565 2518 4641 (hoc
2540 4567 2971 4641 comprehenso),
2988 4564 3161 4641 usq'ue
3186 4568 3255 4625 ad
3281 4564 3582 4641 extrémam
3612 4583 3741 4641 par:

2147 4642 2259 4691 tem
2285 4637 2473 4708 capitis
2496 4644 2582 4705 13,
2610 4637 2840 4695 totidem
2871 4637 3043 4696 verbis
3062 4637 3116 4696 et
3136 4656 3249 4696 uno
3270 4646 3523 4695 contextu
3549 4637 3740 4693 haberi

2146 4707 2373 4763 nomine
2399 4710 2470 4763 D.
2516 4709 2810 4782 Augustini
2846 4710 2984 4783 inter
3027 4712 3144 4783 ejus
3173 4708 3541 4783 sermonesAde
3574 4710 3741 4783 "rem.

2144 4792 2298 4849 pore,
2324 4776 2693 4856 sermone“.
2719 4785 2833 4837 Aut
2859 4782 3027 4856 igitur
3051 4776 3381 4856 'Augustinus
3397 4795 3427 4834 a
3447 4776 3738 4856 cassiauo,

2143 4856 2261 4917 aut,
2302 4850 2448 4922 quod
2486 4852 2665 4908 verius
2690 4860 2842 4925 puto,
2864 4850 3593 4925 Cassianus'abgAgugustiuog
3615 4865 3742 4925 mu-

2142 4920 2479 4995 tuatustaut
2520 4938 2585 4978 ex
2627 4920 2880 4995 operibus
2908 4924 3223 4980 alterutrius
3265 4920 3471 4995 hicfvel
3518 4920 3630 4976 illic
3673 4921 3747 4995 ab

2141 4989 2320 5076 aliquo
2341 4989 2624 5076 insertum
2644 4989 2712 5063 ;'e
2739 4994 2942 5076 quibus
2970 4995 3106 5076 quid,
3134 4993 3605 5076 verosimillimum
3646 4993 3743 5060 sit,

2140 5062 2259 5139 aliis
2281 5063 2640 5139 judicandum
2678 5062 2946 5139 relinquo.
2984 5062 3149 5124 Certe
3176 5065 3501 5139 Cassianum
3543 5068 3743 5133 Augu-

2140 5133 2297 5190 stino'
2330 5135 2704 5210 synchronon,
2736 5133 3026 5210 aut—aetate
3047 5139 3304 5210 vicinum,
3319 5136 3478 5210 fuisse
3498 5140 3742 5201 constat,

2141 5211 2259 5286 tum
2288 5207 2514 5286 ex_'libro
2556 5209 2914 5286 p..Prosperi
2964 5208 3231 5286 adversus
3278 5207 3633 5286 Collatorem,
3684 5212 3751 5260 et

2142 5275 2259 5365 aliis
2306 5277 2424 5365 ejus
2471 5279 2685 5365 scriptis
2720 5275 3221 5365 ad'Angustinum,
3274 5291 3392 5336 tum
3434 5293 3501 5333 ex
3526 5276 3753 5333 ratione

2141 5354 2452 5420 temporum
2479 5359 2534 5406 et
2560 5351 2944 5426 chronologia.‘

2208 5422 2249 5503 ﬂ
2275 5421 2569 5503 Quomodo
2618 5424 2714 5479 viri
2732 5424 2972 5503 “sancti.
2994 5432 3052 5503 _et
3086 5422 3313 5503 perfecti
3356 5438 3478 5503 non
3526 5429 3751 5502 tantum

2136 5490 2336 5561 verbis,
2363 5490 2457 5563 sed
2498 5493 2665 5549 etiam
2694 5492 2917 5563 affectu,
2956 5495 3011 5551 id
3048 5490 3151 5563 est,
3180 5495 3392 5551 sincere
3433 5502 3489 5551 et
3531 5509 3594 5548 ex
3624 5494 3749 5547 ani-

2135 5576 2229 5643 mo
2261 5570 2315 5618 et
2356 5562 2471 5619 sine
2517 5564 2735 5643 ﬁctione
2760 5562 2966 5638 seipsOs
3002 5567 3365 5643 pronuntient
3406 5572 3758 5643 peceatores,

2134 5636 2416 5709 i_mmo_et
2456 5637 2809 5709 gravissimos
2838 5636 3180 5709 peccatores,
3226 5647 3287 5694 ut
3324 5638 3379 5694 S.
3408 5636 3759 5695 Franciscus

2133 5703 2493 5834 ggnseitllsicere
2518 5708 2748 5777 solebat,
2769 5703 3086 5768 dictum/est
3121 5703 3190 5767 ad
3229 5708 3321 5765 lib.
3354 5724 3450 5764 xu
3496 5708 3753 5764 Institut.

2131 5789 2249 5849 cap.
2287 5789 2375 5835 ιδ.
