4040 6194
271 211 274 214 ’
300 224 434 281 1266

935 219 1274 276 COLLATIO
1311 221 1494 276 XXIII.
1531 251 1606 262 —-
1642 222 1732 278 DE
1769 222 1990 280 VELLE
2026 223 2264 280 BONUM
2302 226 2389 282 ET
2431 225 2660 282 AGERE
2697 227 2960 283 MALUM.

3473 233 3612 289 l266

295 363 488 418 suam,
542 346 806 419 serpentis
849 347 1196 418 persuasione
1235 345 1522 416 seductus,
1565 348 1735 406 illiciti
1789 349 1896 406 cibi
1921 353 1975 418 Α
2003 353 2134 408 vos?
2186 352 2330 422 Quid
2366 359 2534 425 ergo?
2561 354 2841 426 Numquid
2881 328 3100 427 emptor
3141 354 3244 411 iste
3283 365 3530 414 versutus
3559 367 3615 416 et

296 441 644 514 perceptione
685 439 1035 509 distractam,
1097 440 1238 514 jugo
1295 451 1568 514 perpetua:
1625 444 1898 500 servitutis

295 532 518 592 addixit.
567 535 672 590 Hic
715 549 954 606 namque
1006 550 1128 592 mos
1175 535 1318 592 solet
1378 535 1520 592 inter
1571 536 1899 594 vendentem

296 637 684 701 ementemque
723 629 948 698 servari,
996 637 1058 685 ut
1093 629 1142 686 is
1185 628 1279 701 qui
1321 644 1379 685 se
1407 630 1587 686 alieno
1619 630 1768 702 cupit
1793 630 1902 687 do-

296 721 465 778 minio
487 722 822 795 mancipare,
864 721 1064 795 aliquid
1099 722 1260 795 pretii
1301 739 1402 794 pro
1421 723 1639 796 jactura
1666 723 1903 797 propria

296 814 561 873 libertatis
605 825 661 873 et
716 815 1019 873 addictione
1079 824 1357 890 perpetuat
1399 818 1674 876 servitutis
1723 834 1754 874 a
1799 833 1901 876 suo

291 917 662 982 consequatur
683 918 948 981 emptore.
979 909 1140 979 Quod
1167 909 1333 966 etiam
1363 909 1506 968 inter
1528 911 1705 968 Adam
1736 919 1902 985 atque

294 1009 605 1073 serpentem
653 1001 1098 1059 manifestissime
1142 1003 1392 1060 videmus
1446 1003 1752 1077 impletum.
1807 1004 1902 1061 llle

297 1095 446 1152 enim
489 1110 519 1152 a
543 1103 792 1169 serpente
827 1095 1064 1168 pretium
1103 1097 1364 1154 libertatis
1391 1111 1506 1154 suae
1528 1113 1626 1156 esu
1666 1096 1902 1155 interdi-

297 1198 405 1249 ctae
446 1189 658 1246 arboris
702 1189 920 1262 capiens
944 1228 962 1258 ,
990 1206 1021 1246 a
1059 1190 1292 1248 naturali
1343 1191 1598 1248 libertate
1629 1190 1898 1258 discessit,

299 1283 486 1355 illique
509 1283 703 1342 maluit
727 1285 1079 1358 semetipsum
1105 1294 1362 1359 perpetua
1389 1285 1588 1343 dedere
1615 1285 1894 1354 servitute,

197 1407 210 1417 —
298 1391 328 1432 a
343 1391 452 1448 quo
467 1377 618 1434 vetiti
633 1379 782 1452 pomi
797 1379 996 1436 letbale
1015 1380 1251 1452 pretium
1272 1379 1448 1438 fuerat
1464 1388 1744 1438 assecutus
1761 1397 1776 1435 :
1793 1393 1900 1450 qua

296 1466 551 1542 deinceps
569 1471 878 1529 conditione
891 1473 1238 1540 constrictus,
1255 1474 1658 1530 nonimmerito
1673 1487 1899 1529 omnem

303 1564 637 1633 posteritatis
676 1581 792 1624 suae
830 1568 1146 1640 progeniem
1201 1575 1463 1640 perpetuo
1493 1566 1670 1624 eidem
1690 1605 1706 1634 ,
1743 1565 1902 1637 cujus

298 1651 524 1712 effectus
551 1665 634 1713 est
675 1674 892 1730 servus,
947 1659 1186 1716 subdidit
1223 1657 1512 1718 famulatu.
1563 1659 1727 1730 Quid-
1753 1659 1900 1716 enim

2002 445 2225 502 callidus
2279 449 2522 504 Domino
2569 456 2696 505 iero
2725 457 2889 521 atque
2932 449 3182 522 legitimo
3215 451 3312 523 jus
3356 450 3611 513 domina-

2003 537 2170 594 tionis
2189 538 2428 611 eripuit?
2455 541 2584 596 Non
2629 540 2722 598 ita.
2767 542 2958 613 Neque
3006 541 3153 596 enim
3198 543 3278 598 sic
3320 543 3407 600 ille
3447 523 3610 604 omne

2001 639 2028 668 ι
2059 631 2331 703 peculium
2357 633 2460 690 Dei
2497 633 2659 691 unius
2697 633 2904 692 fraudis
2925 634 3218 700 dolositate
3263 638 3516 709 pervasit,
3547 647 3611 696 ut

2007 727 2312 796 potentiam
2351 727 2582 784 dominii
2625 728 2712 786 sui
2741 743 2904 786 verus
2930 728 3246 794 dominator
3293 721 3572 788 amitteret
3584 773 3606 803 ,

2007 819 2100 890 qui
2134 819 2317 893 ipsum
2364 837 2584 895 quoque
2625 830 2934 895 emptorem
2967 823 3018 892 τ’,
3064 823 3316 894 quamvis
3357 822 3612 897 refugam

2007 919 2174 986 atque
2205 915 2482 984 rebellem,
2511 923 2704 972 tamen
2725 915 2858 990 jugo
2887 915 3135 988 reprimit
3174 917 3478 987 servitutis;
3509 917 3610 975 sed

2007 1005 2137 1077 quia
2185 1009 2278 1080 qui
2315 1009 2578 1067 omnibus
2627 1009 3037 1066 rationabilibus
3091 1011 3358 1068 creaturis
3397 1011 3610 1071 arbitrii

2007 1098 2314 1157 libertatem
2345 1101 2570 1158 Creator
2610 1101 2934 1172 indulserat,
2973 1117 3068 1158 eos
3087 1103 3180 1174 qui
3207 1118 3264 1160 se
3300 1113 3489 1160 contra
3528 1101 3611 1162 fas

2009 1191 2192 1250 edacis
2246 1195 2699 1264 concupiscentiae
2740 1195 3168 1265 transgressione
3219 1196 3600 1267 vendiderant,

2004 1289 2208 1346 invitos
2234 1289 2305 1346 ad
2356 1288 2656 1361 ingenitam
2685 1287 2996 1345 libertatem
3039 1304 3294 1346 revocare
3341 1305 3450 1346 non
3502 1293 3601 1346 de-

2005 1381 2142 1436 buit.
2194 1379 2474 1437 Abhorret
2515 1380 2786 1452 siquidem
2829 1379 2902 1436 ab
2937 1379 3032 1435 illo
3053 1379 3280 1452 justitim
3310 1388 3363 1436 et
3397 1380 3608 1453 pietatis

2007 1482 2232 1531 auctore
2282 1472 2546 1546 quidquid
2592 1471 2822 1529 bonitati
2874 1472 3228 1545 aequitatique
3268 1475 3610 1531 contrarium

2005 1575 2108 1624 est.
2135 1565 2347 1624 Malum
2375 1567 2524 1624 enim
2551 1565 2728 1624 fuerat
2765 1565 2810 1622 si
2844 1580 3120 1622 concessae
3147 1565 3411 1623 libertatis
3443 1567 3608 1625 bene-

2007 1658 2193 1716 ﬁcium
2231 1670 2565 1730 revocasset;
2611 1660 2878 1732 injustam
2936 1659 2980 1716 si
3045 1659 3280 1716 liberum
3326 1659 3608 1718 hominem

295 1746 444 1804 aliud
503 1749 694 1806 servile
721 1751 1036 1824 conjugium
1065 1760 1243 1824 potest
1269 1767 1560 1826 procreare
1587 1767 1756 1825 quam
1793 1767 1901 1810 ser-
1931 1739 1980 1802 Β
2011 1753 2252 1824 potentia
2275 1769 2373 1811 sua
2401 1753 2719 1826 opprimens
2747 1761 2912 1826 atque
2936 1751 3248 1825 captivans,
3276 1763 3298 1788 ο
3339 1753 3608 1813 libertatis

1391 1903 1645 1958 ALARDI
1685 1903 1910 1958 (ΞΑΖᾸΞΙ
1949 1903 2508 1960 COMMENTARIUS.

372 2040 398 2066 ο
425 2029 707 2105 Peculium
744 2031 848 2105 Dei
874 2029 1009 2088 dicit
1049 2030 1330 2105 hominem
1364 2031 1431 2089 ad
1469 2033 1768 2105 imaginem
1791 2034 1896 2090 Dei

297 2100 612 2175 conditum,
665 2109 720 2158 et
751 2101 895 2159 velut
933 2103 1193 2174 peculiari
1227 2104 1344 2175 ejus
1371 2102 1508 2160 sorti
1542 2100 1613 2159 cf
1640 2103 1894 2162 thesauro

301 2169 636 2228 destinatum
683 2188 746 2229 ac
795 2169 1148 2230 reservatum.
1199 2169 1369 2230 Porro
1421 2175 1708 2230 illustrabit
1748 2175 1896 2230 hunc

299 2240 486 2298 locum
518 2243 575 2299 S.
599 2243 839 2316 Thomas
871 2244 959 2316 (ιιι
981 2250 1133 2316 part.
1167 2263 1222 2316 q.
1251 2251 1319 2301 48
1348 2251 1457 2300 art.
1487 2250 1543 2310 4)
1571 2253 1894 2316 argumento

301 2326 334 2368 a
361 2327 419 2368 se
467 2315 773 2389 proposito,
821 2315 1049 2388 ejusque
1094 2315 1417 2389 solutione,
1455 2325 1528 2389 ut
1565 2315 1898 2389 intelligatur

297 2385 577 2460 quatenus
595 2385 764 2460 homo
805 2385 902 2459 per
929 2385 1208 2460 peccatum
1236 2386 1560 2460 diabolosit
1585 2385 1815 2460 traditus
1841 2395 1897 2444 et

300 2453 713 2526 quodammodo
745 2453 1130 2528 venumdatus,
1156 2468 1210 2516 et
1269 2475 1329 2516 er
1355 2458 1549 2515 Christi
1585 2458 1895 2530 passionem

299 2523 574 2602 {diaboli
605 2529 731 2602 jure
779 2535 836 2585 et
879 2529 1125 2586 dominio
1169 2475 1487 2602 redemptus
1523 2545 1588 2586 ac
1616 2530 1890 2584 liberatus.

299 2597 518 2672 Nullus,
559 2597 756 2672 inquit,
785 2605 916 2656 emit
941 2603 1024 2656 vel
1045 2602 1265 2656 redimit
1287 2597 1432 2672 quod
1457 2617 1614 2657 suum
1639 2615 1747 2656 esse
1787 2615 1894 2656 non

300 2667 494 2742 desiit;
519 2670 614 2726 sed
634 2667 877 2728 honiines
903 2688 1198 2742 numquam
1224 2667 1496 2728 desierunt
1522 2687 1634 2729 esse
1661 2673 1778 2734 Dei,
1807 2685 1896 2742 se-

299 2739 546 2813 cundum,
557 2743 699 2796 illud
717 2745 807 2798 Ps.
841 2759 996 2800 XXIII
1011 2763 1023 2795 :
1041 2739 1257 2800 Domini
1267 2748 1344 2799 est
1361 2748 1526 2811 terra,
1546 2747 1595 2798 et
1612 2741 1894 2813 plenitudo

299 2808 436 2877 ejus,
466 2812 609 2868 orbis
643 2816 932 2876 terrarum,
963 2818 1014 2869 et
1055 2817 1294 2869 universi
1317 2817 1418 2877 qui
1445 2808 1695 2868 habitdnt
1728 2815 1787 2867 in
1813 2827 1888 2868 eo.

299 2830 436 2877 ejus,
466 2830 609 2868 orbis
643 2830 932 2876 terrarum,
963 2830 1014 2869 et
1055 2830 1294 2869 universi
1355 2831 1415 2868 ui
1445 2830 1695 2868 naonant
1728 2830 1787 2867 in
1813 2830 1888 2868 eo.

277 2890 280 2893 '
299 2881 454 2960 E_rgo
475 2883 690 2960 videtur
701 2884 845 2960 quod
871 2883 1108 2960 Chrtstus
1125 2899 1231 2960 non
1247 2830 1534 2960 regentth
1550 2898 1644 2960 nos
1663 2896 1895 2960 suapas-

298 2951 464 3004 sione.
499 2951 818 3021 Respondet
847 2971 862 3006 :
893 2953 986 3006 Ad
1011 2955 1105 3006 hoc
1127 2954 1413 3008 dicendum
1428 2955 1572 3022 quod
1587 2955 1738 3008 homo
1757 2951 1892 3009 dici-

299 3023 389 3075 tur
406 3035 516 3076 esse
535 3023 636 3077 Dei
661 3021 948 3092 dupliciter
967 3041 984 3076 :
1009 3038 1117 3077 uno
1135 3023 1290 3078 modo
1313 3025 1372 3076 in
1389 3021 1653 3092 quantum
1673 3024 1894 3092 subjici-

300 3095 391 3146 tur
407 3094 667 3162 potestati
685 3093 829 3162 ejus;
854 3096 906 3148 et
929 3093 1024 3147 hoc
1047 3093 1200 3148 modo
1223 3092 1519 3163 numquam
1551 3094 1715 3148 desiit
1743 3095 1894 3149 homo

299 3163 400 3218 Dei
407 3177 536 3230 esse,
556 3163 846 3218 secundum
864 3163 1006 3218 illud
1023 3167 1162 3220 Dan.
1186 3179 1252 3219 1v
1269 3183 1280 3218 :
1295 3166 1618 3219 Domi-natur
1639 3165 1892 3219 Ewcelsus

294 3234 544 3304 intregno
571 3235 863 3298 hominum,
876 3239 927 3290 et
944 3237 1254 3304 cuicumque
1274 3235 1524 3304 voluerit,
1553 3234 1708 3289 dabit
1727 3235 1886 3290 illud.

296 3303 600 3376 Aliomodo
623 3321 722 3376 per
744 3309 993 3362 unionem
1015 3303 1300 3362 charitatis
1325 3307 1399 3362 ad
1425 3303 1543 3361 eum
1557 3345 1573 3372 ,
1602 3307 1893 3360 secundum

373 3375 443 3448 od
460 3375 667 3432 dicitur
691 3381 846 3434 Rom.
867 3392 982 3434 vm
1013 3394 1028 3432 :
1055 3379 1118 3434 Si
1141 3379 1264 3447 quis
1291 3379 1545 3448 spiritum
1568 3377 1772 3434 Christi
1786 3391 1894 3431 non

373 3447 474 3513 bet,
505 3448 594 3504 hic
619 3463 727 3502 non
755 3453 832 3504 est
857 3447 990 3518 ejus.
1032 3449 1212 3504 Primo
1249 3463 1372 3518 ergo
1399 3448 1553 3504 modo
1596 3463 1896 3517 numquam

299 3517 452 3602 homo
479 3517 891 3602 desiitesseDei.
913 3520 1160 3602 Secundo
1177 3517 1475 3602 vero
1677 3532 1787 3602 esse
1799 3521 1901 3574 Dei

291 3601 394 3712 per
399 3592 696 3688 peccatum,
715 3594 766 3646 et
779 3590 896 3645 ideo
909 3593 969 3673 in
991 3595 1254 3676 quantum
1410 3607 1446 3645 a
1459 3593 1671 3662 peccato
1695 3589 1894 3673 libera-

308 3672 405 3744 λεδ,
423 3659 649 3744 ρηνιειο
669 3675 834 3744 passo
854 3664 1237 3744 satisfaciente,
1257 3663 1464 3744 duntur
1480 3676 1580 3744 per
1582 3675 1894 3744 passionem

302 3727 506 3815 Qhristi
531 3745 639 3810 esse
658 3727 1170 3815 redemptusQuod
1193 3733 1238 3788 si
1259 3727 1730 3815 ulteriusjobﬁcias
1739 3730 1894 3815 _nu_lla

297 3813 450 3880 opus
473 3797 640 3858 fuisse
691 3797 1100 3874 redemptione,
1151 3797 1600 3886 quandoquidem
1648 3802 1894 3886 diabolus

295 3867 579 3952 hominem
601 3869 816 3952 fraude_
833 3873 1150 3952 adduxerat,
1171 3873 1401 3952 ideoque
1427 3882 1626 3952 injuste
1651 3872 1894 3952 ροεειάθτ

295 3937 412 4022 bat,
438 3955 470 4022 ει
489 3954 597 4022 quo
620 3939 862 4022 proinde
877 3940 1045 3996 homo
1070 3937 1184 3996 nun
1203 3937 1378 4022 pretio
1401 3937 1776 4022 redimendus,
1799 3943 1895 3999 sed

295 4009 346 4064 vi
393 4009 721 4082 eripiendus
753 4018 896 4079 erat,
952 4027 1078 4067 cum
1104 4009 1323 4082 nemini
1353 4027 1452 4067 sua
1489 4010 1642 4068 fraus
1669 4009 1896 4082 dol’usve

298 4081 624 4155 patrocinari
642 4081 856 4148 debeat,
883 4081 1238 4155 respondetS.
1275 4082 1522 4155 Thomas
1539 4081 1690 4155 quod
1711 4098 1895 4152 quam-

296 4154 378 4206 vis
401 4153 666 4226 diabolus,
711 4153 986 4225 quantum
996 4155 1058 4209 in
1081 4157 1198 4226 ipso
1228 4158 1362 4218 erat,
1393 4153 1608 4226 injuste
1625 4153 1892 4210 hominem

297 4237 400 4278 sua
425 4225 627 4292 fraude
645 4226 919 4297 deceptum
940 4226 1040 4281 sub
1065 4227 1321 4282 servitute
1339 4229 1559 4292 teneret,
1578 4225 1794 4294 justum
1807 4230 1890 4281 ta-

296 4308 414 4369 men
428 4301 544 4369 erat
565 4297 662 4354 hoc
676 4297 939 4354 hominem
959 4299 1102 4369 pati,
1133 4301 1238 4354 Deo
1258 4299 1606 4369 permittente
1623 4300 1892 4369 quantum

294 4364 370 4420 ad
395 4368 627 4436 culpam,
663 4373 716 4439 et
737 4364 1028 4424 ordinante
1053 4364 1317 4439 quantum
1343 4369 1419 4424 ad
1439 4364 1683 4439 plenam;
1703 4371 1754 4422 et
1773 4367 1891 4423 ideo

294 4450 368 4490 ea:
383 4441 545 4505 parte
565 4440 667 4493 Dei
688 4438 915 4508 justitia
953 4438 1207 4510 exigebat
1238 4445 1301 4496 ut
1335 4438 1487 4495 horno
1518 4439 1887 4510 redimeretur,

295 4511 599 4580 noniautem
616 4524 694 4580 ea:
713 4514 872 4580 parte
901 4511 1124 4566 diaboli.
1163 4512 1228 4566 In
1264 4510 1514 4568 eamdem
1543 4509 1889 4580 sententiam

298 4578 372 4632 D.
395 4577 997 4652 Bernardus'adversus
1039 4583 1263 4652 Petrum
1301 4579 1658 4638 Abailardum
1703 4579 1888 4652 dispu-

2172 2036 2381 2090 metalli
2389 2034 2736 2106 inmetallum
2752 2034 3101 2106 damnantur.
3116 2031 3394 2106 Refugum
3416 2041 3604 2090 tamen

2002 2103 2169 2161 habet
2208 2121 2390 2178 sermo
2427 2105 2514 2162 ille
2543 2109 2617 2178 D._
2630 2104 2955 2178 Augustini,
2977 2105 3046 2160 de
3076 2103 3398 2178 quo‘su'pra.
3433 2107 3602 2178 Porro

2003 2184 2314 2258 emptorem
2335 2175 2567 2258 ﬁgurate
2587 2171 3052 2258 dixitdiabolum,
3068 2171 3219 2258 qugd
3239 2171 3610 2258 isiveluti'con:

2005 2245 2242 2319 tractum
2267 2245 2590 2319 quemdam
2640 2247 2940 2319 emptionis
2971 2245 3108 2319 cum
3155 2245 3378 2319 homine
3404 2245 3603 2319 inierit;

1997 2317 2156 2384 dum,
2189 2316 2380 2374 oblato
2405 2317 2530 2374 cibo
2560 2316 2756 2389 vetito,
2788 2316 2942 2389 quasi
2973 2317 3172 2388 pretio,
3203 2316 3448 2389 salutem
3485 2317 3607 2389 ejus

2001 2397 2408 2460 mercatusest,
2429 2404 2662 2460 eumque
2699 2388 2758 2443 in
2780 2386 2938 2460 suam
2969 2386 3294 2460 potestatem
3323 2403 3388 2460 ac
3419 2386 3604 2444 domi-

2000 2459 2154 2515 nium
2198 2459 2434 2528 redegit;
2464 2457 2608 2528 unde
2650 2457 3017 2528 venumdatus
3045 2459 3212 2512 homo
3240 2457 3457 2528 dicitur,
3492 2473 3605 2514 non

2001 2529 2072 2584 ab
2099 2529 2225 2595 alio,
2256 2525 2359 2584 sed
2392 2525 2429 2584 a'
2457 2527 2670 2598 seipso;
2716 2535 2772 2584 et
2793 2543 2904 2598 non
2931 2525 3020 2598 alii
3053 2542 3217 2598 quam
3241 2527 3479 2596 diabolo,
3508 2542 3604 2584 ve-

2002 2599 2083 2656 lut
2099 2599 2335 2668 emptori
2355 2639 2370 2666 ,
2394 2597 2492 2654 sed
2518 2597 2688 2656 inﬁdo
2713 2604 2768 2654 et
2789 2597 3158 2654 fraudulento.

2073 2679 2095 2705 °
2123 2667 2504 2744 Ita_Cuychius
2530 2685 2592 2726 ex
2621 2669 2982 2744 mss_.__qu_ibu_s
3009 2667 3314 2744 admodum
3345 2667 3476 2744 ﬁsus
3495 2677 3599 2726 est.

1998 2739 2340 2812 Augustinus
2372 2741 2424 2796 in
2450 2756 2704 2797 sermone
2729 2739 2820 2795 illo
2851 2740 2927 2796 ita
2948 2739 3114 2796 habet
3141 2758 3169 2812 τί
3189 2741 3488 2812 Libertatis
3510 2757 3605 2796 ac-

2001 2809 2162 2882 ceptae
2184 2813 2530 2884 privilegium
2545 2813 2768 2882 exsequi
2778 2827 2884 2866 non
2893 2812 3120 2866 sivisset.
3139 2809 3428 2884 Ciaconius
3441 2826 3567 2884 vero
3586 2829 3599 2866 :

2000 2885 2290 2939 Libertatis
2331 2889 2556 2955 accepta:
2595 2885 2944 2955 pontiﬁcium
2973 2883 3195 2954 exsequi
3233 2897 3342 2955 non
3370 2883 3600 2938 sivisset.

2001 2955 2121 3023 Qua
2149 2953 2678 3010 occasione'hmc’de
2704 2953 2984 3025 pentiticio
3020 2953 3303 3025 annotavit
3329 2971 3343 3007 :
3380 2955 3604 3025 Pontiﬁ-

2001 3027 2144 3080 cium
2185 3041 2288 3096 pro
2308 3029 2572 3096 potestate
2607 3024 2862 3096 frequens
2901 3029 2978 3080 est
3017 3027 3080 3080 in
3123 3024 3603 3096 Constitutionibus

1999 3095 2328 3165 principum,
2361 3099 2446 3151 uti
2473 3111 2518 3152 c.
2551 3095 2909 3152 Theodosiano
2945 3096 2981 3150 l.
3006 3111 3110 3164 xv,
3136 3097 3224 3151 tit.
3260 3095 3326 3150 de
3349 3095 3478 3152 Fide
3505 3095 3603 3152 Ca-

2002 3165 2196 3238 tholica
2213 3181 2259 3222 c.
2279 3172 2334 3222 3.
2365 3169 2547 3237 Neque
2592 3168 2676 3223 his
2694 3171 2912 3238 penitus
2941 3167 3162 3238 posthac
3188 3167 3605 3222 obtinendan

1996 3237 2360 3308 Ecclesiarum
2385 3237 2726 3307 pontiﬁcium
2739 3237 3157 3308 facultatemque
3179 3239 3444 3308 permitti,
3473 3244 3601 3306 etc.,

1923 3338 1969 3402 Ο
2001 3311 2052 3402 ξι
2067 3307 2246 3361 eodem
2269 3308 2366 3402 lib;
2491 3309 2558 3360 de
2571 3312 2850 3402 ere’ticis
2865 3307 3103 3402 fin-13:
3119 3307 3495 3402 omnesigit‘ur
3502 3311 3608 3390 qui

2001 3377 2196 3431 harum
2228 3378 2623 3446 professionum
2649 3377 2732 3430 vel
2752 3378 3090 3446 pontiﬁcium
3125 3377 3208 3431 vel
3243 3379 3603 3434 ministerium

2000 3445 2364 3503 vindicarunt.
2412 3447 2612 3506 Gellius
2645 3445 2794 3500 lib.'1
2833 3461 2951 3516 cap.
3002 3451 3062 3502 13
3093 3465 3105 3501 :
3138 3447 3456 3516 Suntenim
3495 3464 3604 3504 non

1995 3519 2286 3588 pauciqui
2312 3533 2431 3573 cum
2469 3519 2789 3574 sententiam
2807 3514 2962 3573 suam
3001 3533 3115 3572 una
3145 3519 3203 3573 in
3226 3514 3386 3588 parte
3404 3517 3606 3588 deﬁxe-

2003 3591 2137 3652 rint,
2167 3593 2217 3644 et
2244 3605 2302 3645 re
2323 3590 2483 3645 semel
2505 3592 2712 3645 statuta
2735 3589 3140 3660 deliberataque
3159 3590 3226 3644 ab
3254 3604 3311 3644 eo
3343 3589 3496 3660 cujus
3521 3606 3604 3646 ne-

2001 3662 2207 3728 gotium
2234 3661 2298 3715 id
2326 3663 2772 3731 pontiﬁciumque
2807 3663 2958 3724 esset,
3012 3675 3354 3731 nequaquam
3391 3667 3604 3730 putave-

1998 3733 2111 3786 rint
2133 3737 2318 3787 contra
2342 3732 2547 3787 dictum
2581 3731 2698 3801 ejus
2723 3746 2832 3786 esse
2858 3731 3190 3798 faciendum.
3224 3731 3392 3801 Apud
3417 3733 3606 3790 Arno-

2005 3801 2152 3856 bium
2174 3805 2335 3858 etiam
2357 3804 2451 3858 lib.
2466 3818 2515 3859 ιι
2531 3807 2715 3858 contra
2735 3803 2924 3860 Gentes
2941 3804 2999 3857 in
3019 3802 3152 3861 V.C.
3173 3803 3252 3856 sic
3271 3801 3470 3870 legitur
3498 3821 3514 3858 :
3535 3807 3603 3860 Ut

2001 3875 2144 3929 enim
2166 3875 2254 3930 dii
2265 3877 2401 3930 certi
2412 3879 2584 3931 certas
2604 3874 2756 3944 apud
2767 3889 2858 3929 vos
2877 3873 3077 3930 habent
3098 3872 3316 3944 tutelas,
3333 3873 3599 3937 licentius,

1994 3949 2302 4014 potestates,
2330 3963 2498 4018 neque
2515 3943 2697 4004 eorum
2715 3945 2783 4000 ab
2799 3947 2982 4018 aliqua
3004 3945 3064 4000 id
3091 3943 3236 4018 quod
3266 3945 3382 4014 ejus
3405 3959 3510 3999 non
3529 3946 3602 3999 sit

1998 4018 2280 4086 potestatis
2308 4032 2372 4086 ac
2395 4017 2622 4070 licentiae
2642 4017 2950 4086 postulatis,
2979 4019 3060 4070 ita
3083 4017 3244 4071 unius
3267 4017 3601 4086 pontiﬁcium

2003 4085 2206 4140 Christi
2218 4089 2297 4140 est
2310 4085 2442 4140 dare
2465 4087 2662 4140 animis
2678 4085 2923 4156 salutem,
2941 4090 2993 4140 et
3008 4087 3262 4155 spiritum
3272 4090 3601 4156 perpetuita-

2001 4157 2070 4210 tis
2093 4170 2376 4225 apponere.
2403 4159 2475 4212 Et
2499 4155 2942 4222 altenArnobius
2969 4157 3027 4210 in
3049 4155 3376 4225 expositione
3398 4158 3596 4212 Psalm.

2003 4240 2223 4292 vam,
2241 4227 2316 4281 ad
2344 4227 2462 4281 illos
2491 4228 2590 4298 qui
2612 4225 2867 4282 sedebant
2896 4227 2958 4281 in
2973 4229 3136 4298 porta
3155 4229 3247 4282 ειη
3261 4228 3434 4298 portis
3453 4242 3596 4297 ergo,

1999 4298 2205 4366 inquit,
2249 4298 2309 4351 hi
2335 4299 2607 4368 accipiunt
2653 4299 2990 4368 pontiﬁcium
3014 4297 3314 4367 judicandi
3351 4302 3400 4353 et
3439 4300 3601 4353 corri-

1992 4369 2204 4438 piendi.
2245 4369 2335 4425 Sic
2375 4370 2538 4424 etiam
2573 4369 2640 4424 de
2659 4369 2717 4426 S.
2749 4372 2905 4426 Petro
2951 4371 3095 4424 canit
3125 4369 3364 4426 Ecclesia
3393 4387 3412 4424 :
3458 4373 3600 4426 Deus

1997 4441 2094 4509 qui
2130 4439 2282 4496 beato
2313 4442 2472 4496 Petro
2509 4440 2745 4511 apostolo
2793 4444 2884 4497 tuo
2919 4441 3128 4497 collatis
3164 4440 3400 4496 clavibus
3447 4443 3602 4511 regni

1997 4511 2218 4594 emere
2250 4512 2727 4594 ,ιεηίηιαελξσαλῑαί
2769 4517 2946 4594 caue,
2963 4511 3220 4594 solum“
3257 4515 3600 4594 remotum

1997 4581 2308 4648 tradidisti,
2336 4591 2441 4639 etc.
2473 4583 2578 4638 His
2607 4581 3006 4640 Ciaconii’notis
3029 4582 3228 4638 addere
3257 4581 3386 4638 libet
3405 4581 3598 4653 etquae

298 4654 418 4724 tam
455 4648 651 4720 (Epist.
683 4651 804 4722 l90)
835 4653 1115 4724 :Discant,
1146 4651 1340 4722 inquit,
1363 4653 1636 4708 diabolum
1667 4667 1773 4707 non
1791 4648 1888 4707 so-
1915 4700 1964 4724 n
1997 4663 2299 4723 sequuntur
2311 4669 2376 4709 ex
2401 4653 2636 4710 Baronio
2654 4657 2739 4723 (In
2750 4655 3033 4723 Martyrol.
3061 4648 3592 4724 9apiil.)escerpta:

297 4700 1773 4804 ίίιῑνῑρὸῑῖεέξᾷέεςᾱξἐεαῑεῆεῐὲὶὶὶηὶῆπῖίῶῖέτξἰῖόὶὶιέἱιὲἑ
1789 4700 1820 4790 Ξ
1829 4700 1889 4778 in
1915 4700 1966 4764 υ
1997 4700 2924 4804 ῖοῆἓῑὶέῶῗοξῖἱεὶιῑιῖεὶῖ
2935 4700 3600 4804 ’ίαὶιιιῑιῐιὲἀῷᾶᾱῶῗὶιῐςὲ

295 4797 672 4864 consequenter
715 4797 767 4849 et
794 4795 888 4849 hoc
921 4794 1161 4861 videant,
1191 4796 1397 4850 venisse
1432 4796 1616 4864 utique
1656 4796 1713 4848 in
1733 4810 1893 4850 carne

295 4863 638 4942 DeiFilium,
653 4865 1207 4942 propter_lib_erandos
1239 4867 1494 4921 homines.
1519 4863 1780 4942 Craterum
1791 4867 1895 4920 etsi

286 4933 497 5006 justam
525 4933 763 5006 dicimus
774 4934 979 4991 diaboli
997 4941 1335 5006 potestatem,
1377 4952 1484 4992 non
1507 4941 1686 4992 tamen
1720 4940 1771 4991 et
1797 4952 1887 4991 vo-

295 5003 890 5086 luntatem.__Und_e.non
911 5003 1179 5086 diabolus,
1208 5011 1306 5080 qui
1316 5003 1533 5086 invasit
1541 5027 1568 5086 ί
1580 5023 1694 5086 non
1717 5009 1888 5086 homo,

294 5076 398 5144 qui
413 5077 630 5143 meruit;
645 5076 740 5131 sed
745 5076 934 5150 justus
944 5076 1335 5150 Dominusfqui
1341 5081 1608 5150 exposuit.
1625 5081 1743 5137 Non
1753 5081 1892 5135 enim

295 5159 335 5198 a
356 5149 640 5215 potestate,
665 5147 759 5202 sed
779 5164 814 5202 a
832 5149 1103 5204 voluntate
1105 5147 1601 5221 justusinjustusve
1625 5153 1746 5220 quis
1764 5151 1892 5206 dici-

299 5217 403 5270 tur.
451 5218 559 5272 Hoc
585 5234 707 5278 ergo
738 5219 945 5274 diaboli
969 5221 1242 5278 quoddam
1275 5223 1334 5276 in
1360 5222 1620 5276 hominem
1648 5221 1762 5278 ius.
1794 5223 1896 5278 etsi

299 5235 403 5270 iur.
451 5235 559 5272 nec
585 5235 707 5288 ergo
738 5235 945 5274 aiaooa
969 5235 1242 5290 quoaaam
1275 5237 1334 5276 in
1360 5235 1620 5276 hominem
1645 5237 1762 5291 Jus,
1794 5235 1893 5278 etsi

291 5301 402 5340 non
407 5286 536 5357 jure
554 5291 900 5376 acquisitu‘m,
923 5292 1018 5376 sed
1028 5295 1272 5376 nequiter
1287 5297 1633 5376 usurpatum,
1643 5294 1794 5376 juste
1811 5297 1893 5347 ta-

295 5372 416 5414 men
433 5363 770 5428 permissum.
799 5363 889 5420 Sic
913 5366 1099 5434 itaque
1133 5364 1286 5419 homo
1304 5363 1453 5435 juste
1485 5366 1728 5436 captivus
1745 5369 1891 5419 tene-

299 5429 472 5492 batur,
496 5435 560 5486 ut
570 5435 748 5488 tamen
767 5449 862 5490 nec
882 5437 940 5490 in
967 5435 1177 5492 homine
1195 5451 1290 5492 nec
1317 5438 1377 5490 in
1399 5435 1614 5492 diabolo
1637 5433 1738 5491 illa
1759 5438 1894 5491 esset

285 5473 648 5585 iustine
660 5505 718 5585 i1!
740 5507 870 5585 ρερ.
907 5507 1042 5585 δερ
1066 5506 1391 5585 ternm-as

365 5572 392 5606 ³³
421 5571 638 5652 Scilicet
659 5571 962 5652 diabolum.
1002 5577 1276 5652 Itefugam
1303 5576 1442 5652 dixit
1477 5593 1575 5648 pro
1605 5575 1889 5652 transfuga

2000 4796 2138 4865 quid
2153 4796 2370 4864 agendi.
2396 4798 2542 4852 Hanc
2569 4797 2760 4850 etenim
2782 4797 3068 4866 propriam
3089 4809 3198 4848 esse
3223 4795 3338 4866 ejus
3357 4797 3496 4850 vocis
3523 4795 3598 4850 si-

2001 4869 2414 4934 gniﬁcationem,
2455 4867 2812 4937 compluribus
2852 4867 3208 4936 antiquarum
3245 4867 3598 4937 scriptionum

1999 4939 2348 4993 monumentis
2385 4937 2546 5004 facile
2599 4937 3028 5004 demonstratur;
3058 4941 3120 4992 ut
3139 4937 3233 5004 lib.
3275 4951 3298 4992 ι
3335 4937 3402 4992 de
3435 4939 3598 4993 Bonis

2001 5010 2258 5064 maternis
2305 5008 2430 5065 Cod.
2478 5009 2752 5077 Theodos.,
2795 5009 2894 5064 ubi
2941 5009 3194 5078 leguntur
3223 5007 3334 5064 htec
3385 5009 3548 5062 verba
3577 5027 3595 5063 :

1998 5080 2122 5136 Sint
2155 5081 2214 5133 in
2247 5084 2536 5149 parentum
2575 5085 2835 5151 potestate
2869 5096 2932 5136 ac
2981 5080 3239 5142 dominio,
3286 5084 3348 5151 ut
3373 5079 3601 5146 fruendi

1996 5152 2332 5220 pontiﬁcium
2349 5149 2602 5216 habeant,
2633 5151 2917 5207 alie-nandi
2942 5153 3016 5208 eis
3043 5153 3259 5206 licentia
3287 5149 3592 5217 denegetur.

1999 5223 2086 5280 Sic
2110 5227 2161 5277 et
2189 5223 2249 5276 in
2264 5221 2360 5276 lib.
2384 5237 2429 5288 1,
2450 5238 2491 5277 c.
2520 5223 2648 5288 Qua:
2673 5238 2757 5278 res
2779 5227 2988 5293 emport.
3015 5237 3128 5293 non,
3145 5221 3298 5293 deb.,t
3308 5220 3600 5293 secundum

1998 5296 2283 5364 antiquam
2302 5293 2576 5349 lectionem
2615 5294 2741 5362 legit
2767 5291 2960 5350 melius
2983 5292 3206 5361 Rhodia.
3239 5291 3334 5346 lib.
3375 5305 3441 5347 v1
3466 5291 3599 5364 :tAd

2001 5363 2338 5420 barbaricum
2365 5365 2728 5434 transferendi
2741 5365 2984 5433 vini,olei
2989 5369 3042 5420 et
3063 5364 3376 5432 liquaminis
3390 5363 3600 5434 nullum

1998 5438 2287 5506 quisquam
2327 5433 2520 5492 habeat
2542 5437 2897 5507 pontiﬁcium.
2929 5435 3172 5494 Gelasius
3201 5449 3351 5507 papa
3378 5433 3454 5488 ad
3480 5435 3601 5507 θΡίέ

1998 5505 2176 5577 scapos
2202 5508 2504 5563 Dardania:
2519 5505 2724 5570 :Satis,
2747 5509 2947 5578 inquit,
2979 5505 3462 5578 constattAcatium
3479 5506 3604 5560 nul-

2001 5580 2113 5635 lum
2134 5579 2383 5634 habuisse
2399 5580 2757 5650 pontiﬁcium,
2778 5577 3096 5634 sententiam
3117 5577 3256 5633 sedis
3276 5578 3597 5650 apostolica,

290 5651 680 5724 seuapostata,
705 5653 765 5724 u_t
791 5654 848 5702 et
869 5648 1238 5724 Tertulli_aiius
1251 5665 1395 5724 saepe
1416 5649 1650 5724 (Tertul.
1667 5650 1746 5724 l._1
1771 5648 1900 5710 εἴη
2006 5651 2120 5724 sine
2145 5651 2263 5724 ejus
2283 5648 2796 5724 natibne,_solvendi.
2816 5650 3109 5724 Complura
3135 5650 3249 5724 alia
3273 5649 3385 5724 loca
3401 5653 3603 5724 tumea:

297 5716 640 5793 in_htarci'on.
672 5717 748 5793 ad
783 5733 826 5793 c.
868 5718 974 5792 10),
993 5727 1047 5776 et
1079 5716 1400 5793 Prudentius
1424 5716 1536 5792 napi
1576 5721 1811 5790 Στεφάν.,
1837 5733 1902 5780 ut
2007 5716 2247 5793 epistolis
2269 5722 2596 5792 Symmachi,
2622 5726 2736 5776 tum
2751 5723 2912 5778 etiam
2931 5716 2998 5776 ea:
3015 5722 3141 5776 aliis
3157 5720 3603 5793 diversisqueim-

296 5783 1172 5859 UlpianusL.AutDominum,de
1184 5783 1821 5866 Pmnis:Qu'iquere'/‘uga
1832 5809 1902 5852 ea:
2002 5783 2612 5865 peratorum'rescriptis
2637 5794 2841 5864 colligit
2859 5796 3072 5850 Juretus
3101 5795 3162 5849 in
3189 5796 3302 5848 not.
3334 5783 3416 5846 ad
3443 5790 3604 5861 epist.
