4040 6194
468 243 606 297 1267

1542 239 1829 325 ,ιοΑΝΜε
1865 240 2167 298 cassus:
2210 240 2697 300 consuemus.

3653 258 3672 310 1
3684 257 3803 312 268

467 374 702 438 accepta
756 364 1101 438 privilegium
1155 365 1368 438 assequi
1408 365 1540 434 fnon
1594 366 1843 435 sivisset,
1913 365 2070 439 cujus
2102 371 2153 433 Α
2184 373 2309 424 sunt
2333 368 2532 436 faciem
2584 369 2699 439 ejus
2743 386 2775 423 a
2804 370 2949 425 vobis
2990 385 3052 425 ne
3097 370 3385 427 exaudiret
3422 375 3601 441 (Isaia
3631 381 3789 451 LIX).

468 458 699 526 salutem
750 456 808 514 in
841 455 1025 514 futura
1057 466 1188 514 tunc
1226 458 1425 514 saecula
1452 459 1780 526 reservavit,
1824 467 1886 516 ut
1920 468 2069 516 recto

470 552 663 611 ordine
685 552 1051 624 compleretur
1076 552 1265 610 statuti
1293 553 1555 625 temporis
1572 552 1874 626 plenitudo.
1892 555 2070 626 Opor-

471 645 623 705 tebat
660 647 810 704 enim
849 646 967 720 ejus
996 647 1241 705 sobolem
1271 647 1483 705 tamdiu
1522 649 1628 706 sub
1663 649 1841 707 habita
1877 648 2072 706 condi-

472 740 619 798 tione
646 740 847 799 durare
864 782 882 813 ,
910 757 1195 816 quousque
1223 742 1471 801 eamdem
1500 744 1851 817 originalibus
1878 744 2069 801 vincu-

473 834 855 892 lisliberatam
896 835 953 891 in
996 837 1286 909 antiquum
1329 836 1592 895 libertatis
1620 847 1825 897 statum
1875 839 2070 912 prioris

471 929 702 987 Domini
726 930 897 1002 gratia
924 932 1095 1003 pretio
1125 930 1208 987 sui
1234 930 1513 1005 sanguinis
1535 931 1881 1000 reformaret,
1901 947 2067 1004 quam

472 1022 684 1096 pietatis
707 1024 968 1082 instinctu
1010 1025 1188 1098 potuit
1211 1026 1374 1081 etiam
1417 1034 1550 1083 tunc
1576 1026 1784 1084 salvere
1806 1069 1822 1096 ,
1852 1027 1948 1084 sed
1977 1042 2071 1084 no-

472 1116 594 1186 luit,
624 1119 754 1191 quia
789 1133 918 1175 eum
957 1118 1165 1176 decreti
1195 1123 1219 1153 "
1259 1120 1341 1177 sui
1380 1120 1679 1193 irrumpere
1726 1121 2070 1177 sanctionem

471 1211 697 1283 mquitas
744 1230 853 1269 non
881 1213 1108 1269 sinebat.
1143 1215 1238 1270 Vis
1278 1229 1437 1269 nosse
1485 1229 1708 1269 causam
1750 1208 2075 1270 venditionis

472 1310 616 1361 tum?
646 1305 790 1360 Audi
830 1307 1013 1376 ipsum
1061 1305 1488 1377 Bedemptorem
1530 1314 1689 1363 tuum
1729 1324 1829 1379 per
1875 1309 2070 1365 Isaiam

471 1396 794 1468 prophetam
829 1396 1163 1469 apertissime
1191 1398 1617 1470 proclamantem
1652 1418 1665 1455 :
1699 1401 1831 1467 Quis
1864 1406 1943 1456 est
1971 1405 2072 1457 iste

473 1492 608 1547 liber
630 1491 849 1561 repudii
884 1493 1074 1546 matris
1097 1495 1284 1547 vestra:
1308 1508 1413 1561 quo
1433 1493 1619 1550 dimisi
1638 1497 1791 1549 eam?
1812 1496 1927 1550 Aut
1947 1497 2067 1564 quis

472 1588 551 1640 est
572 1584 806 1640 creditor
836 1600 981 1640 meus
1023 1586 1113 1640 cui
1140 1586 1359 1641 vendidi
1388 1590 1516 1642 vos?
1557 1590 1686 1644 Ecce
1713 1590 1854 1644 enim
1882 1591 1941 1644 in
1968 1591 2070 1645 ini~

2746 472 2987 530 CAPUT
3042 472 3201 527 XIII.

2177 570 2456 639 Expositio
2480 569 2657 622 illius:
2687 568 2805 625 Scio
2831 571 3011 623 autem
3041 568 3315 640 quodnon
3348 571 3573 627 habitat
3600 576 3658 628 in
3686 592 3789 640 me,

2550 640 2645 695 hoc
2666 644 2761 703 est,
2781 641 2842 695 in
2864 655 3022 695 carne
3048 639 3398 695 mearbonum.

2247 743 2386 815 Quia
2426 757 2555 816 ergo
2582 742 2825 799 carnales
2848 756 2953 798 nos
2987 740 3130 812 fecit,
3156 749 3219 798 et
3258 742 3432 814 spinis
3480 760 3547 803 ac
3573 748 3790 806 tribulis

2178 831 2559 889 condemnavit
2593 830 2682 888 illa
2718 831 2818 888 Dei
2851 829 3022 903 prima
3066 829 3414 901 maledictio,
3466 848 3685 908 nosque
3712 839 3788 896 ita

2177 926 2363 999 iniquo
2399 928 2560 983 Pater
2586 933 2773 999 noster
2796 922 3149 982 venumdedit
3180 926 3558 997 commercio,
3602 938 3665 986 ut
3694 931 3795 988 bo-

2178 994 2316 1076 num
2339 1018 2487 1091 quod
2515 994 2765 1076 volumus
2792 1028 2948 1091 agere
2971 1032 3327 1091 nequeamus,
3352 1017 3491 1077 dum
3516 994 3726 1081 divulsi
3757 1041 3789 1081 a

2182 1114 2447 1172 memoria
2473 1114 2678 1171 summi
2728 1113 2866 1180 Dei,
2907 1126 2969 1169 ea
3009 1127 3133 1184 quae
3175 1110 3483 1185 fragilitatis
3522 1115 3793 1175 humanae

2181 1216 2331 1277 sunt,
2359 1208 2599 1283 cogitare
2641 1206 3061 1280 compellimur;
3103 1205 3243 1264 dum
3298 1209 3556 1281 puritatis
3591 1228 3785 1271 amore

2182 1303 2413 1375 [natura]
2455 1303 2779 1375 ﬂagrantes,
2806 1299 3093 1357 incentivis
3129 1300 3501 1374 naturalibus,
3531 1294 3653 1376 qua
3691 1321 3789 1379 pe-

2178 1396 2325 1454 nitus
2353 1396 2605 1469 ignorare
2622 1395 2850 1454 velimus
2871 1435 2888 1464 ,
2920 1394 3089 1451 etiam
3110 1394 3264 1452 inviti
3291 1396 3616 1471 plerumque
3637 1414 3784 1455 com-

2178 1492 2491 1565 pungimur,
2525 1492 2551 1526 δ
2578 1493 2783 1550 Scimus
2807 1493 2938 1561 quia
2964 1505 3069 1547 non
3100 1490 3311 1547 habitat
3340 1494 3398 1546 in
3423 1508 3582 1549 carne
3606 1498 3785 1549 nostra

2180 1586 2370 1642 bonum
2398 1588 2570 1655 (Rom.
2604 1584 2737 1656 v11),
2757 1583 2812 1641 id
2839 1593 2947 1653 est,
2973 1583 3137 1657 hujus
3169 1600 3336 1658 quam
3357 1585 3591 1643 diximus
3618 1586 3785 1644 theo-

470 1679 772 1749 quitatibus
793 1682 982 1735 vestris
996 1681 1205 1736 conditi
1234 1683 1379 1745 estis,
1412 1685 1463 1737 et
1490 1683 1548 1735 in
1566 1683 1848 1739 sceleribus
1878 1685 2071 1739 vestris
2177 1676 2275 1736 riae
2304 1689 2465 1753 atque
2513 1679 2760 1752 puritatis
2799 1686 3059 1752 perpetua
3096 1678 3341 1753 jugisque
3387 1681 3776 1754 tranquillitas.

470 1772 659 1829 dimisi
681 1778 905 1829 matrem
926 1779 1158 1830 vestram
1185 1778 1365 1842 (Isaiae
1388 1779 1458 1844 L).
1492 1776 1584 1834 Vis
1604 1777 1770 1833 etiam
1794 1776 2071 1834 evidenter
2099 1779 2147 1841 B
2180 1775 2285 1832 Sed
2314 1775 2517 1832 factum
2539 1783 2623 1831 est
2658 1774 2715 1829 in
2744 1774 2901 1831 nobis
2936 1772 3084 1829 istud
3112 1774 3407 1845 pessimum
3441 1791 3509 1831 ac
3543 1776 3784 1848 lugubre

472 1881 770 1939 agnoscere
799 1884 899 1925 cur
949 1877 1001 1927 te
1027 1869 1161 1944 jugo
1192 1870 1463 1928 servitutis
1490 1871 1769 1929 addictum
1805 1872 2072 1929 redimere
2179 1871 2504 1941 divortium,
2536 1878 2598 1925 ut
2623 1885 2754 1925 cum
2791 1876 2972 1925 mente
3019 1869 3124 1943 legi
3160 1870 3259 1926 Dei
3283 1869 3483 1927 servire
3515 1871 3785 1939 velimus,

469 1965 727 2036 potentiae
751 1980 866 2022 suae
902 1966 1106 2023 virtute
1130 1966 1400 2025 noluerit?
1443 1968 1587 2025 Audi
1637 1966 1766 2041 quid
1793 1969 1867 2024 ad
1907 1984 2074 2040 supe-
2179 1980 2484 2037 numquam
2521 1963 2727 2020 scilicet
2753 1963 2995 2019 volentes
3031 1978 3063 2019 a
3087 1963 3334 2020 claritate
3379 1963 3558 2020 divina
3591 1963 3777 2021 dimo-

471 2058 638 2130 riora,
697 2059 896 2133 quibus
932 2060 1138 2119 eisdem
1191 2060 1410 2119 famulis
1453 2071 1806 2136 peccatorum
1847 2077 2071 2118 causam
2181 2073 2305 2114 vere
2332 2063 2709 2128 conspectum,
2739 2062 2926 2111 tamen
2947 2054 3259 2112 carnalibus
3288 2054 3531 2113 tenebris
3551 2055 3787 2112 circum-

476 2153 792 2211 voluntarim
817 2154 1144 2213 venditionis
1182 2157 1495 2228 exprobrat,
1548 2155 1805 2228 adiecerit
1844 2174 1860 2210 :
1900 2158 2071 2216 Num-
2182 2150 2307 2221 fusi,
2334 2150 2569 2222 quadam
2618 2150 2734 2222 lege
2781 2148 2987 2222 peccati
3014 2148 3083 2205 ab
3114 2164 3179 2206 eo
3219 2149 3375 2222 quod
3407 2148 3619 2205 bonum
3661 2163 3776 2205 esse

474 2250 609 2316 quid
659 2250 971 2305 abbreviata
1016 2256 1068 2306 et
1098 2252 1331 2320 parvula
1356 2254 1506 2319 facta
1526 2256 1602 2306 est
1626 2267 1815 2307 manus
1843 2268 1979 2316 mea,
2012 2257 2075 2308 ut
2181 2245 2455 2314 novimus,
2483 2259 2747 2318 cogamur
2764 2242 2941 2311 avelli,
2965 2242 3171 2299 scilicet
3208 2241 3283 2299 ad
3308 2258 3473 2300 curas
3500 2241 3780 2316 cogitatio-

471 2356 579 2395 non
602 2345 801 2410 possim
822 2343 1101 2410 redimere,
1133 2348 1232 2398 aut
1257 2360 1364 2399 non
1391 2349 1471 2398 est
1508 2349 1565 2398 in
1594 2361 1675 2400 me
1695 2349 1868 2401 virtus
1894 2345 1969 2399 ad
2006 2346 2072 2399 li-

478 2436 1013 2504 berandum(1bid.)t
1037 2435 1145 2493 Sed
1162 2435 1296 2509 quid
1322 2437 1451 2493 huic
1481 2439 1875 2511 potentissimae
1905 2439 2074 2495 mise-

476 2527 727 2585 ricordia:
764 2526 881 2600 ejus
929 2543 1148 2601 semper
1181 2528 1478 2599 obstiterit,
1510 2529 1655 2587 idem
1691 2532 1957 2604 propheta
1980 2532 2075 2588 de-

476 2630 751 2679 monstrat
798 2640 811 2679 :
855 2626 1003 2690 Ecce,
1051 2622 1246 2697 inquit,
1289 2640 1395 2680 non
1425 2629 1503 2681 est
1529 2626 1840 2681 abbreviata
1883 2642 2077 2681 mnus

477 2718 696 2773 Domini
712 2720 772 2772 ut
790 2717 1005 2773 salvere
1032 2723 1283 2789 nequeat,
1304 2735 1473 2790 neque
1494 2726 1800 2791 aggravata
1819 2725 1897 2776 est
1924 2723 2077 2775 auris

477 2810 593 2882 ejus
613 2817 792 2867 utnon
809 2813 1092 2883 exaudiat,
1117 2813 1211 2869 sed
1228 2816 1539 2885 iniquitates
1563 2820 1752 2870 vestra:
1777 2815 2080 2870 diviserunt

476 2905 621 2960 inter
636 2922 725 2961 vos
754 2911 806 2962 et
831 2910 993 2962 Deum
1012 2910 1263 2974 vestrum,
1287 2913 1336 2962 et
1359 2913 1579 2977 peccata
1599 2913 1777 2963 vestra
1795 2908 2081 2963 absconde-

2178 2354 2386 2411 nesque
2431 2346 2701 2403 terrenas,
2730 2336 2798 2392 ab
2822 2335 2939 2391 illas
2961 2335 3164 2395 mentis
3178 2334 3496 2393 celsitudine
3532 2334 3785 2392 deciden-

2182 2444 2287 2503 tes,
2310 2432 2378 2489 ad
2402 2448 2534 2505 quas
2565 2446 2667 2489 nos
2692 2431 2775 2488 lex
2802 2430 3026 2504 peccati,
3053 2430 3107 2488 id
3135 2440 3238 2500 est,
3269 2431 3360 2487 illa
3379 2431 3637 2489 sententia
3675 2426 3778 2485 Dei

2183 2546 2295 2586 non
2321 2527 2599 2584 immerito
2641 2525 3051 2594 condemnavit,
3096 2542 3265 2599 quam
3296 2526 3504 2600 primus
3525 2533 3786 2599 peccator

2186 2622 2420 2696 excepit,
2464 2632 2521 2679 et
2561 2621 2687 2679 inde
2723 2630 2807 2677 est
2847 2620 2994 2694 quod
3046 2620 3240 2677 beatus
3283 2620 3614 2693 Apostolus,
3658 2635 3784 2676 cum

2186 2717 2529 2790 apertissime
2564 2714 2816 2777 fateatur.
2843 2714 3134 2771 inevitabili
3182 2730 3242 2773 se
3287 2714 3368 2771 vel
3414 2729 3613 2771 omnes
3657 2729 3792 2770 san-

2188 2820 2302 2868 ctos
2322 2821 2341 2847 ο
2370 2810 2575 2884 peccati
2603 2809 2765 2884 hujus
2786 2809 3109 2866 necessitate
3133 2808 3448 2880 constringi,
3474 2815 3656 2862 tamen
3684 2822 3787 2864 ne~

2189 2906 2398 2960 minem
2425 2918 2618 2960 eorum
2669 2902 2741 2959 ob
2784 2902 2890 2959 hoc
2943 2916 3055 2959 esse
3099 2899 3475 2957 damnandum
3515 2899 3791 2956 audenter

1571 3058 1827 3112 ALARDI
1865 3058 2092 3114 eum
2135 3014 2697 3115 COMMENTARIUS.

482 3191 789 3258 Symmachi
810 3197 900 3258 27,
918 3195 1008 3247 lib.
1036 3208 1137 3247 vn.
1170 3196 1428 3261 Congruit
1449 3209 1575 3262 ergo
1615 3190 1700 3247 his
1729 3194 1992 3255 omnibus,
2024 3199 2086 3249 ut
2115 3198 2159 3261 C

476 3262 730 3334 ponti/ese
757 3278 791 3313 a
815 3277 967 3331 posse
994 3265 1191 3330 facere,
1224 3268 1274 3317 et
1306 3266 1643 3333 pontiﬁcium
1679 3265 1745 3318 ab
1771 3265 1971 3334 agendi
1986 3267 2083 3332 fa-

482 3331 679 3386 cultate
692 3331 787 3401 jus
815 3335 992 3402 ipsum
1023 3336 1093 3388 sit
1129 3331 1477 3402 appellatum.
1504 3331 1741 3390 Transiit
1762 3331 1943 3390 autem
1966 3331 2084 3391 cum

477 3405 808 3476 proprietate
829 3407 917 3458 sui
942 3419 1124 3460 sensus
1145 3409 1363 3476 utrumq
1372 3420 1435 3460 ue
1453 3420 1640 3461 nomen
1662 3409 1723 3461 in
1752 3424 1908 3461 usum
1932 3409 2086 3464 Chri-

481 3474 676 3549 stianis
702 3477 998 3549 religionis,
1025 3481 1087 3529 ut
1114 3474 1626 3544 episcopisintdicti
1651 3481 1941 3548 pontiﬁces,
1963 3480 2086 3549 jus-

483 3560 588 3613 que
606 3547 783 3668 ipsum
810 3547 1071 3599 divinitus
1090 3559 1385 3600 concessum
1408 3550 1739 3617 pontiﬁcium
1756 3547 2079 3619 appelletur.

556 3621 582 3649 ⁸
612 3618 629 3669 l
657 3614 759 3670 lius
785 3631 983 3675 nempe
1007 3614 1205 3671 decreti
1233 3631 1343 3675 uuo
1382 3618 1528 3673 Deus
1555 3618 1624 3673 ab
1650 3628 1860 3675 aeterno
1886 3628 2079 3675 statue-

446 3630 453 3635 '
556 3630 582 3649 "
612 3630 1205 3688 l_l|lUS_Deme_OCchll
1233 3631 1343 3688 quo
1383 3630 1528 3688 U808
1555 3630 1624 3673 ab
1650 3630 1860 3676 aeterno
1886 3630 2083 3676 statue-

488 3692 574 3761 rat
622 3684 1298 3761 hominem—liberarepér
1335 3688 1486 3761 viam
1505 3687 1732 3761 justitize
1765 3698 1819 3747 et
1864 3691 2082 3747 satisfa-

485 3755 700 3829 ctionis,
713 3773 826 3813 non
834 3774 934 3829 per
946 3757 1092 3815 viam
1106 3755 1271 3815 solius
1285 3755 1539 3829 potentia:
1553 3770 1647 3816 aut
1659 3762 2045 3818 misericordiae
2065 3782 2078 3819 :

486 3825 591 3882 hoc
608 3828 764 3904 enim
797 3825 1031 3904 decreto
1074 3825 1353 3904 supposito
1393 3831 1772 3904 intelliguntur
1822 3833 1926 3889 illae
1955 3848 2081 3889 sen-

483 3899 671 3955 tentia:
694 3900 1024 3972 Scriptura):
1056 3899 1345 3970 Oportebat
1374 3899 1643 3958 Christum
1656 3906 1798 3971 pati,
1820 3909 1869 3958 et
1894 3907 1974 3957 ita
1998 3907 2084 3959 in-

485 3973 633 4025 trare
658 3974 713 4024 in
739 3972 968 4039 gloriam
994 3987 1150 4026 suam
1176 3972 1320 4041 (Luc.
1344 3973 1534 4043 xxw).
1565 3976 1684 4031 Nisi
1700 3990 1929 4042 granum
1957 3977 2083 4042 fru-

484 4044 653 4095 menti
676 4043 867 4096 cadens
895 4044 953 4096 in
982 4046 1180 4097 terram
1208 4048 1476 4097 mortuum
1499 4045 1690 4110 fuerit,
1713 4048 1891 4113 ipsum
1913 4047 2083 4102 solum

483 4116 667 4167 manet
691 4116 865 4181 (Joan.
890 4114 1025 4183 χιι).
1050 4114 1112 4170 Si
1125 4130 1227 4167 non
1242 4119 1413 4182 potest
1431 4116 1514 4169 hic
1534 4117 1681 4170 calix
1708 4120 1954 4181 transire,
1977 4121 2088 4174 nisi

484 4183 663 4238 bibam
690 4186 861 4251 illum,
883 4188 979 4255 ﬁat
1000 4186 1248 4240 voluntas
1265 4190 1357 4239 tua
1372 4186 1586 4256 (Matth.
1607 4192 1796 4255 XXVI).
1818 4190 1883 4244 Et
1896 4188 2085 4246 Petrus

481 4256 768 4325 apostolus
795 4256 873 4311 ait
913 4257 1054 4321 (Act.
1086 4261 1180 4329 ll),
1208 4256 1481 4313 Christum
1507 4260 1727 4329 deﬁnito
1774 4262 1990 4315 consilio
2036 4266 2087 4317 et

475 4330 818 4400 priescientia
840 4329 938 4382 Dei
972 4328 1257 4400 traditum,
1277 4336 1381 4383 etc.
1406 4333 1480 4383 At
1490 4328 1696 4385 sceluso
1720 4328 1825 4385 hoc
1840 4329 2082 4400 decreto,

484 4409 592 4465 qua
616 4398 855 4473 potentia
889 4400 1063 4473 Deus
1084 4398 1361 4453 hominem
1399 4400 1601 4473 creavit
1619 4400 1834 4473 justum
1865 4411 1919 4473 et
1946 4398 2084 4460 libeé

481 4465 631 4533 rum,
655 4465 844 4542 eadem
875 4468 959 4523 vel
987 4467 1102 4524 solo
1134 4484 1263 4542 mox
1292 4479 1429 4526 nutu
1475 4465 1683 4542 lapsum
1721 4480 1775 4527 et
1800 4472 2082 4530 deforma-

482 4543 603 4617 tum
654 4536 709 4590 in
764 4538 1036 4617 integrum
1079 4539 1364 4595 restituere
1402 4536 1656 4612 poterat,
1704 4542 1924 4600 diabolo
1963 4544 2081 4617 ejus

483 4606 639 4667 hoste
664 4609 847 4681 procul
871 4606 1133 4681 depulso;
1164 4618 1220 4681 et
1244 4626 1370 4666 cum
1396 4606 1684 4681 supremus
1712 4622 1852 4668 esset
1879 4606 2079 4672 Domi-

481 4693 602 4765 nus,
649 4680 961 4765 nulliusque
1014 4680 1318 4765 superioris
1366 4680 1570 4765 legibus
1614 4691 1891 4765 teneretur
1918 4688 2108 4765 as_t_ri-.

479 4757 620 4826 ctus,
648 4760 879 4826 poterat,
913 4753 1279 4826 praetermissa
1297 4753 1530 4826 justitiae
1561 4755 1876 4825 severitate,
1908 4757 2076 4815 solius

483 4822 872 4900 misericordiae
897 4822 1010 4900 suae
1036 4822 1326 4900 consilium
1340 4827 1599 4900 amplecti
1624 4847 1641 4881 :
1671 4827 1724 4882 in
1756 4827 1820 4884 iis
1848 4822 2074 4900 praeser-

480 4891 586 4975 tim
603 4896 835 4975 peccatis
864 4895 1311 4975 abolendiskqua:
1336 4898 1403 4975 in_
1420 4891 1762 4975 ipsiuserant
1780 4891 2072 4957 commissa

480 4966 826 5054 [Lit-gestatem
868 4966 1127 5054 igquippe
1169 4966 1289 5054 hoc.
1310 4966 1544 5054 quisque
1588 4969 1640 5026 in
1669 4987 1767 5053 sua
1809 4981 2074 5054 potestate

481 5030 664 5115 habet,
693 5043 753 5115 ut
774 5050 836 5090 ea
867 5030 1085 5115 peccata
1111 5030 1376 5115 remittat,
1404 5030 1527 5115 qﬁae
1549 5043 1782 5115 preprie
1811 5030 1863 5098 in
1894 5044 2072 5115 ipsum

474 5103 757 5185 designata
785 5103 914 5185 sunt
918 5129 964 5185 _;_
976 5124 1079 5179 qua
1101 5108 1176 5185 de
1201 5126 1258 5165 re
1285 5103 1399 5185 vide
1501 5103 1772 5169 Thomam
1804 5103 1970 5185 (part.
1996 5131 2071 5172 ιιι

476 5182 649 5258 q._4§,
669 5183 777 5234 art.
810 5176 884 5252 6).
918 5176 1117 5258 Verum
1144 5178 1254 5236 ﬁxo
1283 5181 1374 5258 illo
1419 5182 1672 5253 decreto,
1715 5176 2072 5258 quo-justitim

476 5248 690 5327 volebat
725 5248 854 5307 esse
872 5251 1206 5327 satisfactum
1237 5294 1250 5320 ,
1308 5255 1539 5327 alterum
1580 5248 1697 5311 erat
1730 5248 1981 5327 necesse,
2010 5268 2071 5314 ut

469 5321 554 5377 vel
583 5321 752 5378 homo
779 5339 908 5380 reus
935 5322 1311 5399 damnaretur,
1345 5326 1423 5399 vel
1453 5327 1784 5398 atquivalens
1807 5321 2068 5399 pretium,

469 5401 563 5448 aut
578 5410 738 5469 paena
762 5411 881 5469 pro
909 5409 973 5451 eo
1016 5395 1297 5469 liberando
1325 5395 1663 5464 solveretur;
1706 5406 1761 5453 et
1796 5395 2066 5469 quemad-l

465 5466 695 5521 modum
725 5466 800 5522 ait
828 5470 899 5543 ρ.
922 5467 1260 5543 Ambrosius
1297 5468 1419 5543 (lib.
1444 5484 1502 5525 ιν
1522 5470 1578 5523 in
1593 5472 1720 5526 Luc.
1747 5484 1793 5524 c.
1814 5466 2068 5543 i4),quia

468 5544 792 5614 nonqueunt
810 5540 1000 5593 divi-na
1024 5540 1234 5614 decreta
1260 5542 1410 5605 solvi,
1433 5557 1661 5612 persona
1688 5545 1863 5612 magis
1879 5540 2063 5614 quam

465 5608 736 5686 sententia
765 5616 1085 5665 mutaretur.
1123 5611 1300 5681 Hujus
1330 5608 1450 5682 ergo
1487 5615 1686 5669 decreti
1717 5608 2063 5670 diuini-san-

464 5679 698 5757 ctionem
714 5679 1006 5757 irrumpere
1021 5679 1251 5757 (equites
1290 5679 1643 5749 non'sinebat,
1661 5686 1736 5757 id
1755 5694 1859 5754 est,
1877 5686 2063 5741 decre-

461 5754 580 5802 tum
594 5754 823 5817 justitiae

460 5832 576 5872 non
614 5825 862 5889 poterat;
918 5819 1013 5874 sed
1040 5819 1297 5889 potuerat
1339 5828 1489 5881 Deus
1526 5826 1809 5882 decretum
1856 5828 2055 5891 facere,

2192 3207 2305 3264 non
2335 3191 2636 3248 secundum
2673 3191 2973 3264 justitiam,
3006 3190 3105 3264 sed
3128 3185 3434 3264 secundum
3478 3187 3783 3264 misericor-

2192 3262 2359 3335 diam.
2390 3266 2580 3335 Neque
2618 3257 2801 3320 tainen
2838 3257 3006 3335 solius
3024 3260 3257 3334 justitia:
3287 3258 3554 3335 rationem
3590 3257 3785 3315 habuit

2192 3333 2255 3417 in
2276 3349 2458 3417 opere_
2487 3330 3196 3417 Ecdemptionisbuniame;
3372 3340 3785 3417 utramquepa—

2191 3401 2383 3477 riter',”
2412 3413 2469 3477 et
2518 3401 2789 3477 justitiam
2848 3414 2901 3463 et
2971 3403 3407 3477 misericordiam
3433 3401 3787 3477 ‘mir'abiliter

2194 3473 2543 3548 conciliavit}
2579 3477 2853 3548 justitiam
2892 3476 3143 3547 quidem,
3196 3492 3276 3548 eo
3308 3473 3455 3548 quod
3498 3484 3785 3548 peccatum

2189 3563 2301 3619 non
2328 3547 2546 3619 reliquit
2571 3546 2936 3619 impunitum}
2959 3546 3391 3604 misericordiam
3409 3588 3426 3613 ,
3447 3563 3517 3603 ex
3542 3561 3609 3619 eo
3635 3546 3783 3617 quod

2182 3618 2352 3689 judex
2398 3618 2515 3691 ipse
2556 3618 2758 3691 peceati
2796 3633 3067 3690 pmnama
3101 3633 3195 3675 reo
3240 3619 3521 3675 transtulit
3556 3618 3611 3673 in
3649 3619 3784 3690 seip-

2188 3703 2309 3745 sum
2328 3729 2346 3757 ,
2380 3690 2569 3761 sicque
2610 3690 2975 3762 pulcherrimo
3004 3706 3299 3762 congressu
3328 3692 3702 3745 misericordia
3735 3696 3787 3745 et

2188 3762 2410 3823 veritas,
2441 3760 2502 3815 ut
2528 3760 2792 3831 scriptum
2815 3770 2920 3829 est,
2946 3760 3289 3817 obviat—erunt
3310 3762 3422 3816 sibi
3428 3780 3450 3827 ,-
3458 3762 3697 3829 justitia
3736 3766 3790 3817 et

2187 3847 2303 3904 ρςιαε
2315 3833 2566 3904 osculata:
2587 3836 2714 3904 sunt
2742 3832 2967 3904 (Psalm.
2990 3835 3241 3904 Lxxxrv).
3264 3834 3489 3888 Pmnam
3503 3832 3660 3889 enim
3701 3834 3790 3889 in-

2192 3900 2331 3976 flixit
2354 3916 2456 3976 per
2472 3900 2765 3976 justitiam,
2793 3903 2892 3976 sed
2923 3900 3217 3976 personam
3236 3903 3463 3958 mutavit
3494 3919 3596 3975 per
3624 3904 3794 3962 mise-

2190 3972 2502 4029 ricordiam.
2519 3975 2746 4029 Iustitia
2771 3972 2964 4031 dixit}
2992 3980 3102 4045 Ego
3119 3976 3441 4046 supplicium
3456 3972 3559 4044 pro
3574 3983 3789 4045 peccato

2192 4046 2437 4113 requiro;
2480 4047 2845 4102 misericordia
2873 4048 3054 4103 ducit:
3080 4051 3194 4115 Ego
3212 4063 3426 4117 prunam
3454 4062 3560 4102 non
3589 4048 3783 4114 abnuo,

2189 4117 2282 4169 sed
2311 4121 2457 4169 muto
2480 4131 2779 4189 personam,
2810 4123 2862 4174 et
2877 4135 3093 4189 pinnam
3119 4122 3175 4174 in
3205 4135 3287 4173 me
3309 4120 3560 4187 suscipio.
3594 4121 3678 4189 Ita
3702 4118 3788 4174 fa-

2190 4194 2342 4260 ctum
2381 4195 2481 4250 est,
2511 4196 2574 4243 ut
2600 4187 2660 4260 in,
2678 4204 2840 4260 opere
2878 4187 3275 4260 redemptionis
3300 4197 3354 4245 et
3386 4188 3787 4260 reconciliatio-

2192 4257 2282 4332 nis
2304 4256 2558 4332 humana:
2588 4256 2959 4317 misericordia
2987 4269 3043 4316 et
3063 4256 3279 4332 veritas,
3306 4262 3421 4316 sive
3455 4260 3620 4332 (quod
3640 4259 3783 4316 idem

2191 4328 2524 4404 e_st)_justitia
2545 4340 2602 4386 et
2632 4347 2758 4404 pax,
2791 4347 2914 4404 qua:
2941 4331 3242 4404 contrariae
3259 4332 3437 4403 primo
3459 4328 3782 4404 aspectari-

2190 4398 2589 4475 deri'possun‘t,
2608 4398 2873 4459 cumluna
2900 4403 3171 4475 ignoscat,
3186 4398 3369 4475 altera
3399 4398 3602 4475 puniat,
3630 4402 3786 4475 mira-

2191 4469 2367 4555 biliter
2381 4472 2693 4555 conciliata;
2716 4469 3108 4555 concurrerint,
3130 4473 3348 4545 sibique
3363 4469 3783 4555 quodammodo

2189 4540 2478 4611 obviarint,
2527 4552 2582 4600 et
2612 4544 2754 4600 velut
2803 4546 3007 4602 mutuis
3054 4560 3171 4602 sese
3223 4540 3424 4602 osculis
3474 4546 3779 4601 salutat-int.

2190 4612 2311 4684 Qua
2331 4613 2397 4669 de
2424 4630 2482 4669 re
2512 4614 2875 4684 pulcherrime
2912 4616 3131 4674 disserit
3166 4619 3238 4673 D.
3272 4615 3585 4673 Bernardus
3609 4631 3777 4672 serm.

2196 4682 2309 4749 Ide
2342 4682 2783 4743 Annuntiatione.
2814 4687 2949 4745 Vide
2970 4689 3174 4747 locum.
3278 4736 3287 4749 .

2256 4747 2648 4832 “suasuque
2674 4761 2994 4832 Apostolus,
3032 4764 3163 4831 quia
3202 4747 3304 4816 non
3322 4759 3529 4832 habitat
3563 4760 3625 4811 in
3672 4772 3779 4820 nae.

2183 4825 2277 4881 hoc
2308 4832 2404 4891 est,
2434 4830 2492 4882 in
2516 4825 2671 4885 carne
2708 4825 2821 4885 mea
2841 4825 3233 4899 bonum-(Rom.
3261 4836 3388 4897 vn).
3419 4828 3534 4887 Ubi
3551 4843 3784 4884 carnem

2181 4899 2408 4983 accepit,
2435 4915 2674 4983 non‘pro
2702 4902 2866 4983 altera
2897 4911 3047 4975 parte
3084 4902 3341 4983 hominis,
3385 4916 3553 4983 quam
3583 4914 3785 4983 corpus

2183 4968 2269 5052 vel
2285 4968 2511 5052 carnem
2532 4968 2723 5052 dicere
2740 4968 3000 5043 solemus,
3030 4990 3265 5052 quaeque
3283 4974 3352 5029 ab
3380 4968 3784 5052 a‘nimadistin—

2178 5040 2388 5111 ὅυίῑυτν
2421 5041 2514 5117 sed
2557 5044 2752 5117 accipit
2794 5040 3012 5102 carnem
3041 5040 3138 5117 pro
3172 5040 3363 5101 anima
3414 5043 3644 5117 carnali.
3670 5042 3785 5097 sive

2179 5127 2278 5193 pro
2304 5120 2427 5193 toto
2451 5113 2698 5193 homine,
2727 5125 2993 5188 quatenus
3019 5113 3253 5173 carnalis
3298 5125 3405 5182 est,
3428 5116 3480 5193 id
3507 5122 3607 5180 ωε,
3630 5127 3777 5193 qua-

2176 5190 2335 5239 tenus
2381 5184 2449 5240 ab
2498 5184 3093 5262 Adamo'prOpagatus
3121 5196 3204 5262 _et
3264 5186 3488 5262 peccati
3517 5184 3783 5255 οοηῖθῧίο

2176 5269 2427 5325 aspersus
2453 5274 2470 5311 :
2500 5262 2654 5314 etest
2681 5257 2880 5317 similis
2901 5257 3164 5317 sontentia
3188 5257 3316 5315 cum
3342 5260 3430 5316 illa
3452 5257 3734 5314 Geneseos
3764 5276 3777 5310 :

2173 5328 2366 5383 Sensus
2389 5333 2441 5382 et
2468 5332 2722 5399 cogitatio
2758 5334 2933 5389 cordis
2974 5332 3206 5389 humani
3237 5332 3313 5387 ad
3363 5332 3566 5386 malum
3604 5342 3782 5397 prona

2174 5404 2303 5452 sunt
2333 5398 2537 5470 (Genes.
2565 5403 2668 5470 VI).
3614 5469 3624 5470 ,

2174 5404 2303 5452 sunt
2333 5403 2537 5470 (Genes.
2565 5403 2668 5471 VI).

2247 5478 2268 5503 ο
2288 5472 2576 5546 Peccatum
2604 5469 2689 5529 hic
2723 5474 2920 5546 accipit
2950 5491 3049 5546 pro
3079 5472 3275 5546 fomite
3306 5472 3546 5546 peccati,
3579 5469 3633 5526 id
3662 5477 3743 5525 est
3763 5509 3781 5534 9

2174 5541 2645 5613 concupiscentia,
2699 5546 2806 5614 vel,
2834 5541 2892 5603 ut
2919 5541 2981 5601 sit
3056 5546 3173 5603 rius
3195 5541 3355 5613 dixit,
3386 5559 3489 5615 pro
3524 5543 3640 5612 lege
3661 5554 3789 5612 pec-

2174 5612 2280 5667 cati
2311 5612 2391 5669 vel
2420 5613 2702 5673 incentivis
2753 5562 3108 5673 naturaligfis.
3154 5616 3355 5673 auibus
3380 5632 3412 5670 a
3441 5610 3786 5673 contempla-

2173 5612 2280 5694 cati
2311 5610 2702 5694 veljncentivis
2753 5610 3108 5694 naturalibus,
3154 5610 3355 5690 quibus
3380 5610 3412 5670 ἐι
3441 5610 3786 5694 contempla-

2172 5682 2317 5760 tione
2361 5684 2428 5741 ad
2452 5700 2611 5744 curas
2639 5695 2694 5744 et
2719 5682 3099 5760 cogitationes
3120 5682 3363 5747 terrenas
3407 5682 3790 5743 abstrahimur

897 5766 928 5803 e
974 5768 1134 5825 prmia
1176 5754 1248 5808 ob
1282 5761 1564 5825 peccatum
1592 5755 1872 5813 subeunda
1924 5757 2059 5813 solvi
2166 5754 2340 5811 inviti.
