4040 6194
319 334 342 386 1
363 331 466 385 269

971 323 1310 412 COLLATIO
1352 324 1532 380 XXIII.
1570 324 1772 408 -—-ID‘E
1811 322 2032 380 VELLE
2071 321 2306 379 BONUM
2346 322 2431 377 ET
2472 321 2700 376 AGERE
2739 321 3002 376 MALUM.

3514 329 3648 382 i270

319 453 595 519 enuntiat,
641 451 838 510 dicens
875 470 889 507 :
935 452 1086 510 Nihil
1112 467 1236 521 ergo
1274 467 1414 506 nunc
1454 451 1821 507 damnationis
1847 453 1932 529 est
1957 454 2012 518 Α
2041 447 2284 506 veritatis
2323 463 2356 504 a
2395 446 2702 504 carnalibus
2741 461 2802 504 se
2839 446 2984 504 vitiis
3027 448 3304 506 abstinere
3340 451 3644 524 cupientes,

321 548 403 603 his
424 549 524 618 qui
543 537 756 602 suntin
784 546 994 603 Christo
1017 547 1158 600 Jesu.
1181 547 1294 600 Lee:
1315 545 1459 599 enim
1484 547 1613 600 vitis
1632 546 1693 600 in
1715 545 1927 602 Christo

320 643 447 706 Iesu
471 639 720 694 liberavit
745 653 829 694 me
854 655 890 694 a
919 639 1030 708 lege
1060 639 1268 708 peccati
1293 641 1343 693 et
1369 640 1556 694 mortis
1583 641 1760 707 (Rom.
1792 637 1877 710 vr)
1911 655 1926 692 :

321 732 378 790 id
407 741 516 801 est,
541 731 871 805 quotidiana
897 731 1073 806 gratia
1099 731 1300 788 Christi
1329 747 1530 789 omnes
1552 740 1772 790 sanctos
1799 747 1930 790 suos

322 826 394 883 ab
409 826 517 884 bac
541 827 660 900 lege
680 825 890 900 peccati
915 833 971 882 et
994 826 1192 882 mortis
1209 825 1294 898 (in
1312 841 1484 900 quam
1499 827 1705 900 jugiter
1725 827 1810 884 vel
1829 843 1926 886 no-

323 919 498 977 lentes
543 927 820 994 coguntur
865 919 1192 990 incurrere),
1231 934 1360 977 cum
1404 920 1786 978 remissionem
1823 921 1925 979 de-

320 1012 563 1071 bitorum
587 1029 820 1070 suorum
841 1029 872 1070 a
903 1013 1145 1071 Domino
1163 1023 1190 1050 ι
1214 1023 1526 1087 precantur,
1552 1013 1804 1072 absolvit.
1831 1015 1922 1073 Vi-

319 1107 461 1166 detis
488 1109 672 1182 lmergo
699 1123 816 1164 non
844 1123 912 1164 ex
936 1123 1168 1182 persona
1194 1116 1570 1181 peccatorum,
1594 1107 1696 1166 sed
1723 1124 1790 1166 ex
1813 1108 1925 1166 illo~

322 1215 451 1260 rum
479 1202 571 1276 qui
612 1217 740 1260 vere
775 1203 949 1260 sancti
978 1211 1142 1276 atque
1173 1200 1402 1276 perfecti
1437 1211 1589 1272 sunt,
1621 1203 1766 1259 hanc
1802 1202 1927 1258 bea-

321 1302 442 1352 tum
471 1297 805 1369 Apostolum
835 1297 1172 1370 prompsisse
1193 1297 1556 1366 sententiam,
1583 1299 1609 1329 °
1637 1299 1755 1355 Non
1781 1299 1924 1352 enim

317 1390 466 1460 quod
495 1391 614 1446 volo
640 1392 834 1446 bonum
863 1392 958 1446 hoc
984 1393 1150 1460 facto,
1185 1391 1281 1447 scd
1308 1391 1455 1462 quod
1481 1391 1577 1446 odi
1596 1391 1804 1446 malum
1833 1391 1927 1446 hoc

321 1497 428 1552 ago
457 1481 630 1555 (Rom.
673 1483 806 1556 vn).
837 1486 929 1554 Et,
974 1485 1142 1543 Video
1177 1485 1350 1540 aliam
1378 1485 1545 1554 legem
1573 1487 1632 1539 in
1668 1483 1926 1539 membris

319 1577 451 1630 meis
509 1581 902 1652 repugnantem
955 1577 1066 1647 legi
1117 1580 1308 1632 mentis
1355 1593 1503 1640 mete,
1560 1581 1612 1631 et
1656 1577 1928 1647 captivum
2037 1617 2043 1630 .

317 1682 404 1724 me
430 1668 709 1725 ducentem
734 1673 791 1726 in
813 1672 926 1740 lege
942 1674 1171 1741 peccati,
1195 1687 1315 1742 qua
1335 1675 1414 1728 est
1439 1673 1498 1726 in
1521 1671 1774 1726 membris
1793 1674 1928 1726 meis

319 1761 536 1830 (rem.
1051 1809 1056 1814 .

910 1857 1149 1914 CAPUT
1188 1858 1344 1913 XIV.

324 1967 562 2037 Objectio
583 1967 727 2038 quod
753 1982 923 2038 neque
932 1965 1266 2038 inﬁdelibus,
1287 1981 1457 2036 neque
1473 1969 1694 2031 sanctis,
1719 1983 1923 2038 compe-

397 2042 508 2092 tere
530 2037 784 2108 videatur
805 2037 948 2092 illud
971 2037 1222 2107 Apostoli
1247 2055 1268 2106 ,ε
1300 2039 1416 2095 Νοη
1445 2039 1588 2092 enim
1615 2038 1762 2108 quod
1785 2037 1922 2108 volo,

394 2108 540 2174 facio
564 2107 776 2162 bonum.

395 2225 706 2282 Germanus
732 2244 749 2282 :
777 2228 967 2298 Neque
994 2239 1188 2283 eorum
1209 2225 1304 2298 qui
1333 2225 1659 2298 capitalibus
1687 2225 1926 2282 crimini-

316 2317 426 2374 bus
458 2319 846 2392 implicanturr
873 2335 1052 2393 neque
1079 2319 1330 2393 Apostoli
1362 2319 1445 2376 vel
1475 2319 1695 2376 illorum
1725 2319 1821 2393 qui
1851 2319 1923 2377 ad

317 2412 442 2486 ejus
489 2412 766 2487 profecere
811 2429 1152 2480 mensuram,
1196 2412 1302 2470 hoc
1347 2412 1582 2470 dicimus
1623 2429 1923 2486 congruere

311 2522 482 2580 posse
508 2509 777 2581 personis,
807 2507 916 2566 sed
952 2508 1022 2566 de
1051 2507 1140 2564 his
1170 2508 1384 2582 proprie
1412 2507 1518 2564 hoc
1545 2506 1774 2580 intelligi
1817 2505 1922 2564 de-

288 2601 452 2666 .berc
479 2617 765 2660 censemus
791 2603 886 2676 qui
927 2609 1054 2676 post
1089 2601 1188 2659 Dei
1217 2601 1446 2676 gratiam
1475 2600 1922 2674 agnitionemque

2035 543 2259 616 antiqua
2304 541 2487 598 adhuc
2531 539 2933 599 consuetudine
2973 540 3120 598 velut
3161 543 3392 600 naturali
3433 544 3550 618 lege
3587 545 3642 600 in

2038 635 2306 694 membris
2330 635 2444 694 suis
2487 635 2878 694 violentissime
2914 635 3253 706 dominante,
3287 637 3361 694 ad
3389 639 3644 695 inclitam

2018 729 2352 804 passionum
2372 729 2874 804 concupiscentiam
2897 731 3306 804 pertrahuntur.
3322 735 3474 790 Usus
3491 735 3639 792 enim

2037 839 2102 882 ac
2119 823 2428 898 frequentia
2448 823 2822 897 delinquendi,
2840 823 2989 882 velut
3007 824 3092 880 lex
3112 825 3347 882 efﬁcitur
3358 827 3645 894 naturalis,

2030 933 2158 992 qua:
2187 917 2454 976 membris
2487 918 2746 975 humanae
2790 917 3126 976 inﬁrmitatis
3168 919 3392 990 inserta,
3435 919 3640 976 affectu

2031 1013 2228 1070 anima:
2259 1011 2494 1070 necdum
2522 1012 2697 1086 plenis
2731 1012 2998 1070 virtutum
3036 1012 3236 1072 studiis
3259 1011 3507 1083 eruditae,
3537 1013 3637 1072 sed

2033 1103 2219 1162 adhuc
2257 1106 2410 1164 rudis
2453 1121 2519 1163 ac
2558 1115 2766 1163 tenerae
2812 1105 2896 1179 (ut
2929 1106 3002 1163 ita
3027 1093 3296 1179 dixerim)
3347 1107 3637 1177 castitatis,

2031 1199 2274 1272 captivos
2315 1199 2458 1270 rapit
2497 1197 2567 1254 ad
2613 1198 2764 1268 vitia,
2809 1215 2872 1254 ac
2915 1199 3078 1255 morti
3119 1215 3216 1256 eos
3257 1199 3480 1272 antiqua
3515 1201 3636 1273 lege

2033 1291 2348 1365 subjiciens,
2383 1291 2519 1365 jugo
2549 1291 2756 1365 peccati
2783 1289 3126 1350 dominantis
3162 1293 3386 1360 addicit,
3425 1309 3538 1349 non
3565 1295 3639 1351 si-

2033 1401 2174 1443 nens
2195 1401 2290 1442 eos
2315 1386 2522 1442 bonum
2551 1383 2702 1458 quod
2729 1383 2964 1456 diligunt
2993 1384 3245 1456 puritatis
3275 1384 3514 1457 adipisci,
3541 1386 3640 1446 sed

2036 1479 2219 1552 potius
2237 1478 2442 1535 malum
2466 1475 2620 1551 quod
2635 1483 2985 1534 exsecrantur
3009 1492 3260 1536 exercere
3281 1479 3632 1553 compellens.

2233 1627 2241 1636 κ
2625 1573 2872 1629 CAPUT
2922 1572 3050 1628 XV.

2269 1668 2558 1737 Responsio
2586 1667 2660 1722 ad
2688 1666 3032 1738 objectionem
3060 1667 3404 1736 propositam.

2105 1759 2361 1816 Theonas
2400 1779 2414 1817 :
2446 1761 2571 1815 Non
2611 1774 2805 1832 parum
2847 1768 3026 1816 vestra
3057 1757 3272 1832 proﬁcit
3299 1758 3502 1832 opinio;
3547 1760 3642 1817 Si-

1957 1869 2004 1931 B
2034 1851 2260 1925 quidem
2287 1851 2457 1909 etiam
2491 1867 2586 1909 vos
2615 1851 2716 1924 ipsi
2747 1859 2992 1910 astruere
3015 1851 3134 1925 jam
3159 1850 3403 1925 coepistis
3428 1852 3482 1907 in
3507 1851 3639 1910 illo-

2034 1963 2162 2003 rum
2191 1961 2424 2020 persona
2451 1945 2545 2019 qui
2587 1945 2814 2003 omnino
2852 1953 3165 2020 peccatores
3193 1953 3320 2003 sunt
3358 1945 3463 2001 hoc
3491 1945 3642 2019 peni-

2033 2049 2124 2099 tus
2163 2051 2312 2100 stare
2347 2057 2462 2102 non
2500 2057 2682 2116 posse,
2714 2043 2820 2098 illis
2857 2051 3046 2100 autem
3073 2041 3251 2116 quise
3277 2056 3310 2100 a
3338 2040 3482 2098 vitiis
3507 2057 3629 2097 car-

2031 2137 2244 2196 nalibus
2305 2137 2575 2196 abstinere
2636 2138 2974 2196 contendunt
3039 2139 3254 2212 proprie
3305 2137 3616 2194 convenire.

2031 2233 2182 2304 Quos
2195 2231 2459 2304 quoniam
2479 2249 2509 2290 a
2529 2241 2879 2306 peccatorum
2898 2232 3018 2306 jam
3036 2249 3274 2290 numero
3291 2231 3635 2304 segregastis,

2030 2339 2366 2396 consequens
2403 2334 2487 2382 est
2527 2333 2588 2382 ut
2629 2325 2794 2382 etiam
2823 2324 3068 2382 ﬁdelium
3109 2333 3276 2397 atque
3315 2331 3632 2380 sanctorum

2030 2417 2296 2490 paulatim
2331 2417 2566 2476 canibus
2603 2417 2870 2474 inseratis.
2904 2418 3042 2487 Quae
3085 2417 3230 2474 enim
3271 2433 3466 2490 genera
3511 2431 3636 2488 pec-

2029 2519 2278 2566 catorum
2319 2510 2456 2567 istos
2498 2509 2680 2568 dicitis
2725 2523 2886 2582 posse
2933 2509 3304 2578 committere,
3347 2508 3547 2582 quibus
3591 2509 3640 2565 si

2031 2598 2234 2658 fuerint
2251 2609 2376 2674 post
2397 2601 2628 2674 gratiam
2649 2601 2996 2675 baptismatis
3018 2601 3264 2670 involuti,
3293 2617 3514 2659 rursum
3535 2616 3634 2676 per

1417 2754 1672 2810 ALARDI
1710 2753 1940 2810 GAZEI
1976 2753 2538 2811 COMMENTARIUS.

385 2909 416 2934 ι
442 2899 522 2953 Ita
545 2901 895 2956 emendatum
917 2915 949 2956 a
969 2899 1248 2969 Ciaconio,
1273 2915 1401 2956 cum
1422 2907 1585 2958 antea
1611 2901 1914 2969 legeretur:

312 2971 454 3028 Cum
477 2971 840 3024 remissionum
861 2971 1160 3025 debitorum
1185 2987 1406 3025 suorum
1427 2987 1464 3024 a
1486 2972 1711 3026 Domino
1733 2984 1921 3039 preca-

314 3045 411 3098 tur
453 3039 656 3094 absolvi
693 3039 861 3110 (Vide
880 3055 1018 3110 cap.
1062 3045 1129 3094 ιο
1168 3039 1274 3110 sub,
1303 3042 1461 3108 finem
1487 3043 1698 3110 notat).
1747 3041 1920 3110 Porro

315 3111 608 3194 hucusque
631 3107 1022 3194 sermo-inci).
1048 3107 1352 3194 Augustino
1383 3109 1648 3194 ascriptus
1672 3107 1918 3164 extendi-

314 3191 436 3250 tur,
460 3179 698 3252 qtiatuor
722 3181 898 3253 capita
919 3181 1040 3262 jam
1071 3179 1294 3262 decursa
1329 3179 1666 3262 completus.
1903 3249 1914 3261 _

391 3248 420 3286 δ
447 3251 604 3310 Istud
623 3267 746 3322 ergo
767 3251 1564 3325 supponttsyllogtsmum,qu1
1584 3265 1664 3306 suc
1681 3247 1916 3325 formari

315 3297 1663 3406 ροιοζϊῖἨέιέᾦῇἷιὲξιῖιξξῦεξξῄὶὶιθὲέἷῇῖᾴεῖεξιύᾙ
1681 3297 1918 3406 Ῐᾶᾇὶιῖἲὶξ
1949 3297 1994 3358 C

312 3391 557 3470 persona
586 3411 686 3450 sua
725 3402 782 3450 et
817 3391 916 3470 sui
943 3393 1238 3470 similium;
1277 3391 1432 3470 atqui
1466 3391 1600 3470 tales
1638 3391 1768 3446 non‘
1791 3399 1919 3446 sunt

314 3462 640 3540 peccatores
683 3480 780 3521 seu
823 3462 1375 3540 hominesinjustiet
1409 3462 1595 3540 impii;
1635 3477 1766 3540 ergo
1803 3477 1918 3540 non

311 3532 385 3594 ex
431 3551 662 3608 persona
692 3543 1051 3608 peccatorum
1077 3532 1178 3602 (ιη’
1189 3534 1402 3608 volebat
1437 3532 1790 3606 Germanus),
1810 3532 1916 3608 sed

309 3623 384 3665 ex
433 3604 673 3678 persona
693 3604 988 3679 'justorum
1037 3605 1164 3679 ista_
1199 3607 1415 3679 locutus
1462 3613 1549 3679 est
1601 3604 1912 3679 Apostolus.

309 3675 502 3749 Quam
531 3675 860 3749 sententiam
887 3677 991 3733 sibi
1020 3677 1196 3749 magis
1225 3676 1490 3749 placuisse
1517 3675 1678 3734 docet
1707 3677 1769 3731 D.
1799 3680 1915 3749 Au-

305 3746 568 3821 gustinus
613 3746 704 3804 lib.
746 3747 1010 3821 adversus
1045 3746 1329 3821 lulianum
1369 3763 1488 3821 cap.
1529 3755 1620 3817 ll,
1667 3747 1918 3821 quamvis

306 3818 474 3892 prius
504 3819 662 3892 aliter
685 3820 967 3892 sensisset,
1014 3823 1074 3874 ut
1099 3818 1580 3892 super-insidiatum
1607 3818 1736 3892 est:
1769 3818 1921 3892 Quod

305 3889 518 3959 autem,
545 3889 745 3959 inquit,
773 3891 938 3943 verba
967 3892 1276 3958 apostolica,
1302 3891 1400 3942 ubi
1425 3892 1559 3944 dicit
1587 3911 1603 3945 :
1631 3891 1748 3946 Scio
1776 3890 1921 3958 quod

305 3975 424 4015 non
455 3958 668 4012 habitat
693 3961 752 4013 in
785 3974 886 4020 me,
917 3959 1010 4012 hoc
1045 3961 1142 4020 est,
1181 3961 1242 4014 in
1267 3974 1424 4024 carne
1458 3974 1578 4014 mea
1610 3961 1834 4024 bonum;
1868 3965 1922 4014 et

303 4033 514 4088 caetera
539 4045 706 4100 usque
727 4029 802 4084 ad
837 4029 999 4096 illud,
1029 4029 1126 4082 ubi
1149 4031 1230 4083 ait
1263 4048 1280 4082 :
1308 4031 1472 4084 Miser
1492 4045 1582 4099 ego
1605 4030 1774 4096 homo,
1797 4033 1919 4099 quis

302 4119 398 4159 me
425 4101 676 4157 liberabit
695 4101 762 4156 de
784 4115 1001 4170 corpore
1020 4101 1211 4155 mortis
1228 4101 1390 4170 hujus
1403 4102 1433 4154 ?
1449 4116 1533 4156 me
1551 4101 1790 4168 afﬁrmas
1814 4101 1919 4155 ali-

305 4179 397 4232 ter
422 4174 724 4241 intelligere
742 4187 904 4242 quam
927 4174 1095 4228 totum
1114 4173 1291 4240 ipsum
1308 4175 1479 4242 caput
1491 4172 1645 4228 debet
1663 4171 1915 4241 intelligi,

302 4246 553 4301 nesciens
590 4245 728 4298 mihi
754 4244 1056 4314 plurimum
1097 4243 1310 4297 tribuis.
1341 4243 1458 4300 Non
1485 4245 1627 4297 enim
1655 4257 1750 4312 ego
1773 4243 1916 4314 solus

301 4320 412 4372 aut
425 4317 644 4385 primus
661 4316 736 4370 sic
752 4313 918 4370 istum
938 4315 1108 4370 locum
1129 4315 1394 4377 intellexi,
1419 4329 1520 4384 quo
1540 4316 1796 4385 evertitur
1811 4313 1916 4368 Ιιω-

298 4384 450 4442 resis
485 4392 678 4450 vestra,
719 4385 1169 4456 quemadmodum
1208 4400 1331 4442 vere
1361 4384 1741 4455 intelligendus
1777 4388 1856 4440 est
1895 4403 1912 4439 :

298 4459 484 4514 immo
499 4471 620 4510 vero
637 4471 731 4525 ego
740 4459 900 4526 prius
913 4459 1076 4512 aliter
1085 4457 1472 4524 intellexeram;
1487 4457 1634 4527 quod
1640 4473 1758 4512 mea
1776 4471 1915 4526 qua:-

298 4528 445 4584 dam
467 4527 627 4598 illius
643 4529 894 4598 temporis
921 4531 1084 4582 etiam
1102 4529 1304 4598 scripta
1327 4532 1613 4584 testantur.
1635 4530 1753 4584 Non
1777 4528 1916 4582 mihi

295 4601 458 4656 enim
487 4597 770 4652 videbatur
798 4599 1084 4670 Apostolus
1123 4599 1189 4653 de
1206 4597 1386 4669 seipse
1427 4599 1598 4654 dicere
1621 4601 1858 4670 potuisse
1893 4617 1910 4652 :

2027 2915 2186 2956 suum
2224 2903 2337 2958 illis
2369 2905 2482 2959 suis
2522 2903 2699 2958 verbis
2738 2907 3088 2960 contestatam
3115 2905 3288 2972 fuisse
3322 2911 3622 2962 senserunt.

2028 2972 2164 3047 Haec
2195 2973 2556 3047 Augustinus;
2585 2973 2930 3047 quibusquihij
2960 2973 3031 3047 ad
3055 2973 3220 3047 hujus
3243 2973 3346 3047 laci
3372 2984 3428 3032 et
3455 2976 3628 3034 totius

2027 3041 2214 3098 collat.
2230 3041 2309 3120 ,οἱ
2339 3041 2724 3120 disputationis
2751 3041 3170 3102 elucidationem
3197 3045 3376 3120 aptius
3411 3054 3468 3104 et
3490 3063 3628 3104 con~

2027 3113 2312 3186 gruentius
2339 3111 2525 3186 afferri
2541 3115 2756 3186 potuit.

2095 3184 2121 3215 ο
2151 3183 2584 3262 ᾼυάίθιιᾶυεμὶὀ
2611 3201 2834 3262 rursum
2863 3189 2932 3242 D.
2955 3187 3300 3262 Augustinus
3331 3188 3627 3262 (DeAVerb.

2025 3253 2218 3330 Apost.
2255 3271 2421 3330 scrin.
2458 3255 2538 3330 5),
2563 3273 2692 3330 cum
2720 3257 2776 3314 in
2803 3257 2908 3330 hac
2932 3253 3182 3330 Apostoli
3217 3253 3484 3318 sententia
3515 3267 3628 3330 tota

2030 3321 2192 3394 hujus
2245 3321 2550 3398 collationis
2593 3327 2910 3398 disceptatio
2957 3321 3226 3398 versetur.
3281 3331 3373 3386 Sic
3410 3330 3522 3398 ipse
3571 3329 3629 3386 in

2027 3409 2256 3464 persona
2302 3395 2549 3466 Apostoli
2595 3413 2607 3449 :
2639 3395 2793 3450 Modo
2832 3397 3044 3465 quando
3080 3399 3253 3463 fervet
3280 3395 3462 3454 mortis
3500 3415 3630 3454 con-

2027 3466 2210 3540 tentia,
2222 3481 2345 3540 Anon
2356 3466 2501 3536 quod
2516 3466 2796 3540 volo,_ago.,
2820 3479 2888 3540 ea;
2901 3471 3056 3540 parte
3074 3469 3360 3538 spiritalis,
3382 3485 3449 3525 ea:
3463 3476 3630 3540 parte

2025 3536 2276 3609 carnalis.
2300 3539 2390 3593 Ea:
2401 3540 2560 3609 parte
2572 3537 2782 3592 meliori
2799 3539 3088 3608 spiritalis,
3099 3536 3174 3594 ea:
3192 3545 3350 3609 parte
3370 3536 3628 3609 inferiori

2025 3608 2282 3662 carnalis.
2305 3608 2498 3682 Adhuc
2521 3610 2764 3682 con/ligo,
2789 3609 3029 3682 nondum
3051 3611 3158 3664 vici
3170 3608 3463 3682 {magnum
3489 3614 3631 3668 mihi

2025 3682 2123 3752 est,
2158 3694 2264 3752 non
2282 3680 2444 3752 vinci.
2472 3681 2588 3752 Non
2617 3679 2765 3752 quod
2787 3680 2920 3744 volo,
2958 3695 3092 3750 ago,-
3121 3683 3215 3736 sed
3237 3679 3384 3752 quod
3410 3684 3519 3746 odi,
3551 3684 3629 3738 il-

2027 3748 2122 3824 lud
2154 3750 2316 3816 facio.
2356 3748 2704 3824 Quid/acts?
2741 3748 3054 3820 Concupisco
3075 3748 3099 3806 ’τ
3131 3755 3230 3806 etsi
3245 3748 3624 3824 concupiscen-

2029 3821 2122 3874 tia:
2147 3835 2254 3876 non
2280 3823 2567 3885 consentio,
2597 3823 2699 3877 etsi
2717 3826 2842 3892 post
2869 3824 3310 3892 concupiscentias
3347 3821 3492 3880 meas
3519 3840 3626 3881 non

2027 3906 2104 3955 eo,
2135 3895 2314 3976 tamen
2355 3892 2882 3976 adhucconcupisco,
2924 3897 2979 3976 et
2991 3896 3186 3976 utique
3213 3896 3375 3976 etiam
3415 3897 3474 3976 in
3499 3897 3622 3976 ipsa

2020 3966 2184 4032 parte
2211 3979 2304 4033 ego
2327 3980 2466 4018 sum.
2499 3966 2613 4020 Non
2639 3965 2780 4020 enim
2807 3979 2896 4034 ego
2922 3965 3066 4020 alius
3092 3968 3148 4020 in
3183 3971 3376 4030 mente,
3402 3971 3453 4022 et
3475 3967 3624 4024 alius

2025 4034 2086 4086 in
2105 4048 2284 4086 carne.
2309 4035 2416 4088 Sed
2431 4035 2564 4102 quid
2580 4037 2760 4105 igitur
2772 4037 2887 4104 ipse
2905 4050 2997 4103 ego
3009 4039 3038 4090 ?
3061 4037 3200 4102 Quia
3225 4053 3320 4105 ego
3346 4039 3403 4092 in
3425 4043 3620 4101 mente,

2025 4117 2120 4171 ego
2142 4105 2204 4157 in
2224 4117 2402 4158 carne.
2428 4105 2545 4160 Non
2568 4105 2713 4158 enim
2733 4104 2856 4158 duce
2877 4109 3092 4159 natura:
3113 4104 3414 4170 contrariae,
3439 4109 3533 4162 sed
3554 4125 3623 4163 ea:

2024 4176 2258 4246 utraque
2291 4189 2429 4229 unus
2454 4173 2626 4238 homo,
2652 4176 2785 4244 quia
2817 4190 2957 4230 unus
2982 4179 3121 4232 Deus
3142 4192 3178 4231 a
3202 4192 3306 4246 quo
3337 4179 3518 4244 factus
3542 4184 3622 4234 est

2023 4243 2195 4316 nemo.
2218 4247 2272 4314 lg
2280 4247 2390 4300 itur
2399 4247 2516 4315 ipse
2527 4260 2620 4314 ego
2634 4249 2808 4300 mente
2821 4249 2990 4301 servio
3011 4247 3118 4316 legi
3129 4243 3246 4310 Dei,
3264 4243 3420 4304 carne
3439 4253 3621 4305 autem

2023 4314 2134 4390 legi
2141 4318 2346 4384 peccati
2359 4335 2376 4370 :
2391 4314 2570 4390 mente
2581 4332 2685 4390 non
2699 4319 2961 4390 consentio
2976 4314 3084 4388 legi
3095 4321 3317 4390 peccati,
3331 4320 3425 4375 sed
3443 4325 3620 4376 tamen

2020 4386 2212 4462 nollem
2229 4391 2364 4444 esset
2373 4389 2437 4442 in
2451 4387 2700 4444 membris
2716 4390 2846 4442 meis
2861 4388 2948 4462 lea:
2965 4386 3082 4462 ulla
3091 4386 3314 4460 peccati.
3331 4391 3468 4458 Quia-
3495 4406 3619 4462 ergo

2019 4457 2234 4534 nollem,
2247 4463 2298 4516 et
2319 4461 2494 4513 tamen
2509 4463 2609 4534 est,
2621 4475 2729 4534 non
2743 4459 2888 4530 quod
2899 4461 3014 4534 volo
3027 4457 3151 4534 ago,
3169 4465 3302 4532 quia
3317 4457 3619 4534 concupisco

2019 4532 2071 4602 et
2091 4530 2247 4602 nolo;
2264 4545 2370 4586 non
2401 4529 2544 4600 quod
2569 4531 2685 4587 volo
2725 4529 2843 4601 ago,
2870 4532 2964 4588 sed
2987 4529 3131 4602 quod
3153 4529 3264 4602 odi,
3289 4534 3428 4590 illud
3449 4529 3612 4602 facto.

2025 4601 2167 4674 Quid
2179 4601 2308 4656 odi?
2322 4602 2710 4672 Concupiscere.
2733 4603 2840 4660 Odi
2850 4601 3228 4674 concupiscere,
3248 4601 3300 4658 et
3317 4601 3496 4658 tamen
3517 4621 3618 4674 ago

293 4673 426 4740 Ego
459 4672 642 4741 autem
666 4669 902 4724 carnalis
925 4683 1064 4731 sum,
1088 4683 1208 4723 cum
1229 4673 1363 4723 esset
1383 4671 1670 4740 spiritalis,
1697 4674 1748 4725 et
1769 4671 1912 4740 quod
1939 4674 1992 4738 D
2025 4671 2162 4726 illud
2183 4688 2360 4736 carne,
2381 4669 2694 4728 non—mente.
2721 4674 2874 4740 Quod
2889 4669 3158 4737 adifillud
3175 4676 3338 4741 facio.
3357 4675 3420 4730 Si
3441 4669 3622 4730 autem

293 4739 565 4813 captivus
593 4739 876 4813 duceretur
910 4741 1008 4796 sub
1041 4741 1148 4811 lege
1165 4742 1390 4813 peccati,
1408 4739 1556 4813 quia
1575 4744 1634 4797 in
1662 4739 1912 4796 membris

293 4811 426 4884 ejus
466 4815 604 4884 erat.
646 4811 752 4867 Sed
775 4816 964 4882 postea
998 4811 1300 4884 melioribus
1329 4815 1380 4866 et
1408 4812 1913 4881 intelligentioribus

291 4883 464 4950 cessi,
492 4883 574 4936 vel
589 4884 767 4951 potius
786 4885 912 4952 ipsi,
933 4883 1078 4952 quod
1090 4883 1375 4950 fatendum
1396 4888 1492 4947 est,
1506 4885 1742 4948 veritati,
1759 4889 1820 4938 ut
1835 4885 1915 4938 vi-

290 4955 498 5012 derem
518 4954 578 5005 in
591 4953 701 5006 illis
720 4954 967 5023 Apostoli
982 4954 1194 5009 vocibus
1212 4956 1468 5024 gemitum
1481 4969 1592 5010 esse
1609 4959 1914 5010 sanctorum

288 5027 505 5084 contra
529 5024 768 5096 carnales
785 5028 1232 5096 concupiscentia
1253 5026 1644 5081 dimicantium.
1670 5027 1778 5093 Qui
1797 5041 1916 5081 cum

289 5099 490 5155 mente
524 5096 637 5148 sint
667 5095 962 5167 spiritales,
1005 5097 1183 5152 adhuc
1221 5101 1398 5152 tamen
1435 5100 1536 5152 isto
1572 5097 1916 5167 corruptibili

288 5181 548 5238 corpore,
593 5165 739 5238 quod
767 5171 1036 5236 aggravat
1064 5170 1324 5232 animam,
1364 5173 1503 5224 recte
1536 5165 1914 5238 intelliguntur

289 5237 415 5296 esse
441 5237 690 5293 camales
721 5256 737 5292 :
763 5240 862 5308 qui
886 5243 1044 5294 erunt
1066 5243 1118 5294 et
1139 5255 1355 5310 corpore
1375 5240 1669 5310 spiritales,
1697 5237 1912 5310 quando

261 5311 636 5378 seminatum
662 5310 835 5377 fuerit
859 5325 1050 5380 corpus
1083 5311 1336 5374 animale,
1379 5315 1428 5366 et
1455 5315 1696 5380 resurget
1723 5327 1912 5380 corpus

286 5380 563 5454 spiritale
591 5381 636 5454 (ι
665 5382 788 5454 Cor1
811 5380 912 5454 xv)
933 5400 948 5448 ;
969 5386 1021 5438 et
1050 5385 1187 5437 recte
1205 5381 1384 5454 adhuc
1404 5383 1787 5452 intelliguntur
1813 5383 1912 5438 illa

277 5451 464 5526 parte
478 5453 690 5526 captivi
703 5451 800 5506 sub
815 5451 927 5522 lege
940 5456 1298 5526 peccati,quaz
1315 5451 1700 5509 desideriorum
1717 5454 1910 5524 quibus

285 5523 406 5584 non
447 5523 793 5579 consentiunt
822 5525 1053 5581 motibus
1089 5523 1402 5595 subjaceret.
1435 5528 1572 5581 Hinc
1598 5523 1810 5593 factum
1833 5531 1912 5582 est

285 5601 356 5655 ut
375 5597 465 5652 sic
491 5597 600 5649 ista
613 5595 984 5664 intelligerem,
1001 5597 1453 5666 quemadmodum
1471 5597 1741 5652 intellexit
1761 5597 1912 5652 Hila-

281 5673 442 5730 rius,
493 5665 802 5735 Gregorius,
831 5665 1152 5724 Ambrbsius
1181 5673 1232 5724 et
1255 5670 1432 5724 caeteri
1460 5668 1707 5724 Ecclesia
1734 5671 1914 5723 sancti

283 5741 532 5808 notique
546 5737 804 5802 doctores,
821 5739 920 5808 qui
939 5742 989 5793 et
1007 5741 1186 5809 ipsum
1200 5740 1514 5809 Apostolum
1533 5739 1788 5795 adversus
1801 5755 1911 5794 can

281 5812 456 5868 nales
495 5811 969 5879 concupiscentias,
995 5826 1132 5879 quas
1160 5810 1356 5866 habere
1381 5811 1614 5880 nolebat,
1641 5815 1692 5866 et
1729 5815 1909 5866 tamen

283 5881 561 5943 habebat,
601 5886 812 5937 strenue
839 5881 1166 5951 conﬂixisse;
1201 5898 1319 5938 eum
1347 5883 1577 5953 denique
1608 5884 1908 5953 conﬂictum

2023 4743 2166 4812 quod
2191 4743 2332 4810 nolo,
2377 4743 2518 4800 illud
2543 4745 2710 4811 facio,
2749 4741 3018 4798 consentio
3046 4745 3168 4812 legi,
3198 4747 3330 4814 quia
3358 4745 3491 4799 bona
3519 4750 3618 4801 est.

2023 4814 2352 4887 Consentires
2377 4815 2510 4887 legi,
2537 4816 2589 4869 si
2611 4814 2754 4884 quod
2778 4815 2936 4887 velles
2961 4816 3166 4882 faceres
3193 4833 3209 4868 :
3237 4817 3291 4870 si
3309 4817 3450 4884 facis
3473 4817 3622 4887 quod

2023 4885 2110 4938 leae
2127 4885 2262 4946 odit,
2285 4885 2541 4955 quomodo
2557 4886 2816 4941 censentis
2837 4885 2984 4954 legi?
3002 4889 3228 4942 Prorsus
3249 4887 3300 4941 si
3315 4887 3462 4955 quod
3477 4885 3618 4952 nolo,

2022 4955 2116 5010 hoc
2136 4957 2299 5022 facio,
2319 4958 2585 5012 consentio
2609 4957 2732 5026 legi,
2752 4959 3006 5026 quoniam
3028 4958 3163 5012 bona
3185 4961 3282 5012 est.
3309 4955 3620 5025 Quomodo?

2023 5026 2164 5092 Quid
2181 5026 2338 5096 jubet
2364 5027 2494 5083 lem?
2514 5030 3010 5098 Nonconcupisces.
3039 5029 3182 5098 Quid
3207 5029 3324 5084 volo
3348 5033 3474 5098 ego?
3498 5033 3615 5086 Non

2023 5099 2402 5170 concupiscere.
2449 5097 2683 5156 Volendo
2723 5097 2866 5170 quod
2897 5101 3010 5156 vult
3051 5097 3158 5164 lea),
3189 5097 3451 5156 consentio
3490 5099 3616 5170 legi,

2023 5171 2277 5238 quoniam
2302 5169 2436 5224 bona
2465 5174 2561 5224 est.
2586 5171 2650 5226 Si
2675 5169 2872 5226 diceret
2890 5172 2977 5226 lea:
3003 5191 3020 5226 :
3045 5173 3162 5229 Non
3187 5169 3551 5240 concupisces,
3567 5175 3620 5225 et

2021 5255 2118 5308 ego
2141 5241 2327 5312 vellem
2354 5243 2737 5312 concupiscere,
2764 5255 2871 5296 non
2898 5243 3241 5297 consentirem
3265 5243 3389 5310 legi,
3425 5245 3477 5296 et
3505 5257 3618 5296 om-

2020 5313 2150 5383 nino
2169 5311 2238 5366 ab
2251 5313 2351 5366 illa
2379 5311 2670 5368 voluntatis
2685 5315 3037 5383 perversitate
3051 5312 3291 5368 diversus
3311 5314 3612 5368 existerem.

2022 5382 2164 5449 Quid
2190 5383 2380 5438 modo?
2415 5384 2556 5452 Quid
2584 5382 2737 5448 dicis,
2782 5400 2812 5439 ο
2855 5385 2984 5439 lem?
3017 5385 3132 5442 Non
3162 5385 3505 5454 concupisces.
3547 5387 3624 5440 Et

2018 5469 2113 5524 ego
2140 5456 2258 5509 nolo
2287 5457 2674 5524 concupiscere;
2701 5460 2752 5510 et
2776 5457 2854 5509 ita
2883 5455 3002 5510 nolo
3038 5453 3183 5526 quod
3208 5470 3313 5509 non
3326 5453 3420 5526 vis
3451 5472 3467 5526 ς
3495 5455 3613 5510 ideo

2017 5527 2303 5588 consentio,
2329 5528 2459 5596 quia
2490 5526 2636 5595 quod
2672 5542 2777 5580 non
2804 5528 2886 5581 vis
2911 5526 3050 5581 nolo.
3087 5527 3204 5583 Non
3233 5525 3418 5596 implet
3443 5525 3616 5595 legem

2019 5598 2311 5667 inﬁrmitas
2328 5612 2466 5662 mea,
2491 5597 2582 5652 sed
2598 5597 2762 5666 legem
2784 5597 2976 5652 laudat
2992 5597 3234 5651 voluntas
3251 5613 3386 5652 mea.
3405 5597 3623 5654 Hucus-

2017 5682 2123 5749 que
2161 5668 2434 5749 eleganter
2469 5675 2525 5722 et
2560 5671 2836 5749 acute__D.
2881 5668 3240 5749 augustinus,
3279 5668 3334 5749 in
3379 5683 3616 5749 persona

2018 5737 2553 5821 Apostolihejusque
2593 5737 2869 5821 similium.
2891 5737 3176 5821 justorum.
3210 5737 3398 5821 contra
3423 5738 3620 5821 carnis

2017 5808 2202 5866 motus
2222 5808 2276 5865 in
2304 5808 2403 5866 hac
2433 5808 2535 5868 vita
2563 5808 2992 5884 conﬂigentium,
3029 5819 3095 5868 ut
3121 5808 3330 5867 dictum
3360 5818 3460 5866 est.
