4040 6194
449 306 572 396 tam

458 556 653 613 mortis
705 569 933 626 corpore
986 549 1281 624 Apostolus
1335 548 1534 606 dixisse
1582 545 1888 603 credendus
1934 551 2038 609 est,

456 652 591 719 Quis
614 666 697 704 me
719 648 967 703 liberabit
991 646 1058 701 de
1077 642 1292 716 corpore
1315 645 1497 699 nwrtis
1524 640 1721 711 hujus?
1741 640 1935 699 Gratia
1952 636 2051 692 Dei

452 758 551 817 per
576 747 754 799 Iesum
782 742 1056 800 Christum
1090 740 1380 796 Dominum
1406 742 1647 794 nostrum
1687 734 1856 806 (Rom.
1897 733 2046 799 vn)?

456 838 652 892 Nonne
673 833 1027 891 manifestum
1049 841 1150 901 est,
1170 832 1308 888 sicut
1327 846 1421 886 vos
1445 844 1659 902 quoque
1681 828 1828 898 ipsos
1851 824 2049 882 veritas

463 928 735 1001 compulit
756 926 1027 996 confiteri,
1056 943 1168 983 non
1192 926 1261 984 de
1288 926 1391 982 illis
1413 922 1725 995 capitalium
1751 918 2046 976 criminum

466 1021 751 1091 membris,
783 1037 877 1094 per
895 1036 1019 1093 qua
1046 1020 1372 1093 stipendium
1399 1028 1618 1075 aeterna:
1641 1015 1836 1072 mortis
1861 1011 2048 1084 acqui-

466 1116 630 1187 ritur,
659 1116 713 1173 id
743 1125 842 1180 est,
873 1114 1182 1183 homicidii,
1207 1112 1605 1179 fornicationis,
1632 1108 2044 1172 adulteriorum,

469 1210 760 1279 ebrietatis,
807 1210 1075 1266 furtorum
1121 1217 1281 1279 atque
1322 1207 1667 1277 rapinarum;
1716 1201 1811 1258 sed
1850 1200 1918 1256 de
1954 1197 2048 1254 illo

470 1305 752 1377 praedicto,
794 1305 879 1359 cui
926 1303 1095 1375 gratia
1147 1301 1348 1358 Christi
1396 1299 1712 1377 quotidiana
1760 1294 2052 1362 succurrit,

469 1412 696 1469 corpore
725 1395 1059 1452 memorari?
1097 1395 1361 1467 Quisquis
1387 1395 1541 1450 enim
1562 1399 1687 1465 post
1718 1388 2054 1462 baptismum

470 1499 525 1547 et
551 1491 834 1546 scientiam
871 1489 995 1555 Dei,
1041 1489 1100 1544 in
1140 1487 1270 1545 illud
1298 1489 1496 1545 mortis
1522 1497 1549 1522 δ
1578 1500 1777 1558 corpus
1819 1481 2051 1550 irruerit,

470 1583 608 1638 sciat
627 1584 813 1638 senon
833 1580 1144 1654 quotidiana
1172 1581 1339 1654 gratia
1363 1580 1486 1650 Dei,
1513 1578 1568 1635 id
1587 1588 1688 1648 est,
1713 1576 1855 1633 facili
1871 1574 2056 1633 remis-

471 1676 643 1746 sione,
663 1691 830 1748 quam
848 1676 1147 1731 momentis
1167 1675 1389 1749 singulis
1408 1683 1663 1731 exoratus
1677 1670 1949 1729 Dominus
1966 1682 2057 1723 no-

471 1778 586 1827 ster
613 1770 887 1827 erroribus
911 1771 1117 1826 nostris
1141 1769 1344 1827 donare
1371 1768 1669 1834 consuevit,
1700 1766 1793 1823 sed
1824 1772 1915 1821 aut
1941 1762 2057 1820 diu-

471 1873 629 1921 turna
643 1864 933 1922 afﬂictione
953 1864 1305 1937 paenitudinis
1319 1880 1382 1920 ac
1403 1863 1602 1936 pmnali
1623 1860 1811 1919 dolore
1831 1873 2058 1932 purgan-
2085 1838 2135 1902 Β

468 1958 625 2028 dum,
645 1968 740 2015 aut
756 1968 903 2017 certe
924 1976 1021 2032 pro
1044 1960 1131 2015 his
1153 1959 1209 2017 in
1224 1957 1467 2015 futurum
1492 1955 1680 2015 aeterni
1700 1954 1835 2029 ignis
1857 1950 2058 2024 suppli-

472 2053 573 2109 ciis
599 2053 984 2123 addic’endum,
1016 2054 1090 2110 ita
1119 2052 1315 2110 eodem
1340 2050 1603 2125 Apostolo
1626 2047 2012 2122 pronuntiante
2038 2064 2051 2101 :

470 2148 645 2206 Nolite
664 2149 813 2215 falli,
844 2164 1016 2218 neque
1042 2149 1351 2215 fornicarii,
1380 2161 1550 2214 neque
1570 2144 1730 2198 idolis
1751 2142 2055 2203 servientes,

470 2254 639 2308 neque
661 2240 918 2303 adulteri,
949 2255 1121 2311 neque
1145 2240 1346 2306 molles,
1371 2252 1537 2308 neque
1556 2236 1917 2292 masculorum
1940 2248 2061 2288 con-

471 2331 748 2392 cubitores,
771 2347 938 2400 neque
957 2332 1127 2397 fures,
1152 2346 1323 2399 neque
1344 2333 1521 2393 avari,
1545 2345 1715 2399 neque
1741 2329 1950 2390 ebriosi,
1972 2340 2063 2381 ne-

474 2438 579 2492 que
602 2422 870 2486 maledici,
892 2437 1063 2493 neque
1086 2438 1325 2494 rapaces,
1350 2438 1575 2492 regnum
1602 2423 1703 2478 Dei
1717 2419 2061 2491 possidebunt

470 2514 517 2586 (Ι
544 2516 661 2573 Cor.
684 2516 792 2587 γι).
821 2518 934 2573 Aut
959 2530 1081 2587 qua:
1098 2524 1182 2573 est
1208 2516 1310 2572 ista
1338 2515 1421 2571 lex
1452 2514 1693 2571 militans
1715 2514 1772 2569 in
1799 2510 2062 2568 membris

477 2608 680 2665 nostris
700 2624 826 2682 quae
844 2620 1109 2682 repugnat
1128 2610 1226 2684 legi
1250 2609 1453 2667 mentis
1474 2617 1696 2679 nostras,
1712 2622 1945 2679 cumque
1958 2621 2062 2663 nos

470 2703 786 2759 resistentes
813 2711 976 2776 atque
1002 2704 1241 2777 captivos
1264 2705 1317 2760 in
1341 2705 1514 2775 legem
1540 2702 1747 2776 peccati
1777 2718 1839 2757 ac
1866 2700 2063 2757 mortis

477 2793 782 2865 abduxerit,
821 2796 978 2870 eique
1012 2813 1116 2854 nos
1157 2795 1346 2854 fecerit
1389 2784 1559 2853 carne
1596 2796 1817 2864 servire,
1863 2793 2065 2850 nihilo-

475 2888 659 2945 minus
700 2897 886 2946 mente
916 2889 1017 2962 legi
1056 2890 1152 2948 Dei
1192 2891 1393 2948 servire
1430 2890 1734 2963 permittit?
1777 2890 1890 2944 Nec
1918 2885 2060 2942 enim

470 2979 564 3037 hic
590 2990 724 3053 puto
749 2983 925 3056 legem
949 2983 1153 3054 peccati
1179 2982 1380 3056 ﬂagitia
1408 2982 1717 3052 designare,
1743 2989 1839 3035 aut
1867 2978 1973 3033 hoc
1994 2977 2063 3034 de

438 3072 554 3129 his
599 3091 761 3146 supra
806 3075 962 3131 dictis
1005 3075 1223 3146 intelligi
1264 3088 1420 3146 posse
1466 3072 1802 3141 criminibus,
1851 3086 1973 3144 quae
2018 3071 2062 3128 si

474 3166 596 3236 quis
623 3165 781 3233 facit,
818 3166 921 3238 legi
951 3167 1054 3224 Dei
1082 3175 1267 3223 mente
1295 3183 1405 3224 non
1432 3167 1620 3235 servit,
1647 3183 1677 3222 a
1712 3181 1816 3237 qua
1843 3178 2065 3220 necesse

1519 325 1798 383 JOANNIS
1835 319 2136 380 CASSIANI
2173 309 2665 375 COLLATIONES.

2151 630 2328 699 stolis,
2365 627 2460 685 sed
2503 629 2670 683 etiam
2708 639 2739 681 a
2775 616 3142 679 mediocribus
3178 621 3439 687 possunt;
3479 628 3513 668 a
3552 612 3755 684 quibus

2126 725 2374 798 impleta
2405 738 2514 779 non
2534 720 2756 788 fuerint,
2782 724 2877 775 aut
2893 723 3098 773 aeterno
3126 707 3393 782 supplicio
3421 708 3752 780 puniuntur,

2154 828 2251 877 aut
2288 817 2500 892 grandi,
2534 824 2595 873 ut
2622 828 2785 887 supra
2813 811 3021 868 dictum
3049 815 3151 870 est,
3184 803 3373 860 labore
3395 802 3754 874 pmnitentiae,

2155 931 2271 971 non
2308 911 2623 987 quotidiana
2661 906 2869 965 Christi
2907 903 3084 978 gratia
3126 900 3452 958 liberantur.
3500 899 3759 971 Superest

2156 1008 2322 1082 igitur
2360 1015 2423 1063 ut
2451 1005 2592 1061 hanc
2631 1000 2878 1075 Apostoli
2920 994 3251 1055 sententiam
3291 993 3395 1050 soli
3434 1001 3757 1051 sanctorum

2154 1104 2405 1176 persona:
2441 1108 2586 1157 recte
2619 1097 2897 1154 fateamur
2932 1090 3130 1164 aptari,
3172 1088 3267 1161 qui
3306 1087 3362 1143 in
3402 1087 3543 1144 hanc
3580 1098 3756 1161 quam

2162 1196 2521 1270 przediximus
2556 1193 2894 1249 incurrentes
2931 1183 3173 1259 quotidie
3219 1183 3452 1256 peccati,
3488 1198 3607 1239 non
3643 1183 3755 1239 cri-

2161 1292 2398 1359 minum,
2435 1289 2633 1362 legem,
2660 1286 2730 1344 de
2761 1290 2904 1341 statu
2929 1280 3121 1339 salutis
3144 1292 3263 1335 suae
3288 1277 3446 1345 certi,
3469 1292 3583 1332 non
3611 1290 3761 1348 pra:-

2160 1386 2455 1459 cipitantur
2498 1383 2557 1440 in
2585 1380 2823 1451 facinus,
2858 1375 2977 1444 sed,
3021 1382 3083 1431 ut
3117 1388 3264 1445 sape
3307 1371 3521 1428 dictum
3553 1378 3657 1439 est,
3690 1370 3760 1445 de

2161 1477 2615 1550 contemplatione
2637 1473 2816 1531 divina
2840 1470 2910 1528 ad
2936 1468 3207 1526 miseriam
3235 1466 3643 1540 cogitationum
3663 1463 3759 1521 de-

2163 1571 2335 1631 voluti
2383 1567 2770 1643 corporalium,
2829 1578 2974 1622 verte
3023 1561 3170 1618 illius
3211 1558 3560 1617 beatitudinis
3613 1557 3760 1614 bono

2132 1700 2137 1707 ι
2164 1668 2483 1740 plerumque
2505 1662 2849 1721 fraudantur.
2878 1658 2932 1718 Si
2959 1658 3116 1715 cnim
3142 1671 3200 1713 se
3221 1655 3272 1711 in
3298 1655 3440 1711 hanc
3464 1650 3758 1710 membro-

2165 1777 2291 1818 rum
2329 1774 2557 1817 suorum
2591 1759 2764 1830 legem
2798 1751 3132 1827 quotidianis
3167 1749 3425 1807 sentirent
3455 1745 3760 1803 sceleribus

2163 1855 2374 1929 illigari,
2408 1869 2518 1910 non
2561 1851 2750 1923 utique
2784 1848 2852 1906 de
2882 1845 3157 1905 felicitatis
3195 1843 3507 1914 amissione,
3549 1840 3650 1899 sed
3694 1839 3763 1899 de

2164 1946 2474 2005 innocentia
2558 1948 2954 2002 causarentur:
3017 1944 3136 1996 nec
3186 1936 3394 1994 diceret
3461 1933 3758 2008 Apostolus

2164 2042 2382 2107 Paulus,
2416 2039 2619 2108 Infelix
2645 2053 2741 2108 ego
2771 2036 2942 2099 homo,
2973 2032 3070 2090 sed
3096 2032 3352 2104 impurus
3386 2036 3483 2087 aut
3505 2028 3758 2085 scelestus

2164 2152 2263 2210 ego
2294 2136 2496 2204 homo;
2521 2149 2627 2189 nec
2665 2131 2734 2189 de
2758 2144 2985 2202 corpore
3012 2127 3213 2184 mortis
3242 2125 3428 2198 hujus,
3454 2123 3560 2181 hoc
3590 2132 3673 2180 est
3697 2122 3764 2181 de

2164 2232 2479 2290 conditione
2518 2229 2759 2295 mortali,
2799 2225 2892 2290 sed
2919 2242 2951 2281 a
2978 2222 3199 2299 ﬂagitiis
3240 2230 3405 2296 atque
3446 2220 3763 2278 criminibus

2166 2327 2342 2385 carnis
2376 2325 2543 2399 hujus
2590 2322 2748 2380 vellet
2778 2319 3008 2381 absolvi.
3042 2317 3149 2376 Sed
3187 2317 3317 2390 quia
3356 2332 3417 2374 se
3447 2331 3547 2389 pro
3584 2312 3766 2372 condi-

2168 2422 2317 2478 tione
2335 2417 2637 2492 fragilitatis
2654 2415 2916 2473 humanaa
2936 2421 3183 2471 senserat
3199 2412 3561 2485 captivatum,
3580 2407 3634 2465 id
3654 2417 3759 2478 est,

2142 2537 2147 2541 ’
2167 2515 2459 2573 abductum
2484 2513 2556 2570 ad
2578 2509 2970 2569 sollicitudines
2987 2521 3259 2579 curasque
3276 2504 3517 2563 carnales
3532 2516 3656 2575 qua!
3675 2500 3765 2559 lex

2171 2610 2372 2683 peccati
2412 2616 2469 2663 et
2502 2605 2699 2663 mortis
2730 2609 3008 2676 operatur,
3045 2600 3408 2673 ingemiscens
3442 2612 3609 2670 super
3647 2594 3766 2661 hac,

2170 2721 2337 2778 quam
2367 2702 2563 2760 invitus
2597 2702 2922 2767 incurrerat,
2958 2697 3076 2770 lege
3104 2695 3328 2768 peccati,
3359 2691 3656 2750 confestim
3682 2705 3771 2748 re-

2169 2797 2342 2853 currit
2381 2794 2451 2852 ad
2494 2793 2797 2863 Christum,
2841 2800 2897 2847 et
2948 2788 3365 2864 praesentissima
3405 2785 3602 2858 gratiae
3648 2784 3774 2856 ejus

2170 2891 2544 2963 redemptione
2563 2889 2818 2945 salvetur.
2844 2885 3006 2958 Quod
3026 2898 3148 2957 ergo
3170 2882 3253 2938 lex
3274 2881 3367 2937 illa
3382 2880 3625 2952 peccati,
3642 2894 3774 2952 qua

2169 2983 2353 3056 spinas
2394 2998 2458 3040 ac
2480 2981 2708 3038 tribulos
2737 2979 3136 3054 cogitationum
3159 2988 3532 3045 curarumque
3557 2980 3769 3030 morta—

2171 3078 2305 3135 lium
2333 3076 2653 3134 naturaliter
2689 3074 2889 3149 gignit,
2915 3064 3078 3129 e'tiam
3107 3070 3165 3127 in
3199 3067 3501 3141 Apostolici
3544 3067 3768 3140 pectoris

2173 3178 2316 3227 terra
2359 3168 2738 3228 sollicitudinis
2766 3165 3105 3242 germinarit,
3150 3163 3249 3220 ista
3289 3161 3377 3217 lex
3418 3160 3605 3234 gratiae
3641 3174 3769 3217 mox

473 3264 556 3313 est
581 3272 706 3313 eum
731 3258 916 3313 animo
946 3265 1071 3315 ante
1107 3259 1409 3338 djscedere,
1446 3274 1611 3332 quam
1639 3256 1845 3330 aliquid
1873 3272 2065 3314 eorum
2099 3255 2145 3320 C
2174 3263 2374 3320 avellit.
2400 3267 2513 3321 Lea:
2539 3266 2699 3327 enim,
2722 3261 2921 3333 inquit,
2946 3261 3176 3331 spiritus
3195 3259 3323 3313 vita
3341 3258 3397 3311 in
3414 3256 3618 3313 Christo
3638 3255 3768 3309 Iesu

478 3369 639 3411 carne
663 3351 996 3411 committat.
1027 3353 1171 3425 Quid
1190 3360 1274 3411 est
1295 3353 1437 3410 enim
1465 3353 1673 3411 servire
1696 3353 1800 3425 legi
1830 3352 2063 3424 peccati,

476 3449 579 3506 nisi
617 3465 681 3506 ea
718 3464 841 3520 quae
875 3465 905 3503 a
934 3456 1155 3520 peccato
1195 3448 1553 3519 imperantur,
1596 3446 1860 3518 implere?
1902 3443 2067 3515 Quod

477 3549 610 3613 ergo
645 3540 852 3611 peccati
882 3555 1051 3611 genus
1091 3548 1194 3608 est,
1224 3555 1334 3611 quo
1363 3554 1489 3595 cum
1518 3555 1578 3595 se
1617 3547 1769 3596 tanta
1807 3539 2066 3595 sanctitas

482 3641 640 3704 atque
673 3630 931 3705 perfectio
955 3631 1151 3688 sentiat
1178 3631 1454 3704 captivari,
1484 3632 1654 3704 gratia
1682 3638 1870 3688 tamen
1906 3631 2063 3688 Chri-

483 3726 552 3783 sti
598 3742 711 3782 non
749 3726 989 3798 ambigat
1030 3725 1399 3793 liberandum,
1442 3724 1630 3782 dicens
1671 3745 1683 3781 :
1728 3728 1934 3794 Infelix
1976 3743 2067 3798 ego

480 3821 654 3889 homo,
686 3823 807 3892 quis
829 3837 912 3877 me
933 3821 1181 3877 liberabit
1204 3822 1270 3877 de
1285 3836 1501 3891 corpore
1522 3823 1707 3875 mortis
1727 3821 1925 3889 hujus?
1946 3837 2069 3889 gra-

478 3916 560 3968 tia
586 3917 689 3971 Dei
706 3930 808 3984 per
828 3918 1005 3970 Iesum
1028 3916 1297 3971 Christum
1322 3918 1606 3970 Dominum
1634 3918 1874 3968 nostrum
1897 3913 2063 3984 (Rom.

479 4007 623 4077 vn)?
642 4008 840 4075 Quam,
852 4006 1101 4079 inquam,
1119 4006 1293 4079 legem
1305 4006 1566 4064 membris
1582 4006 1780 4063 nostris
1795 4006 1968 4063 inesse
1989 4008 2071 4062 fir-

486 4098 711 4157 mabitis
741 4115 864 4173 quaa
899 4099 1178 4156 abstrahat
1212 4115 1314 4157 nos
1339 4116 1370 4158 a
1406 4101 1523 4174 lege
1558 4100 1671 4169 Dei,
1706 4106 1764 4156 et
1792 4100 2069 4173 captivans

485 4194 602 4267 lege
630 4193 861 4265 peccati,
888 4191 1127 4250 infelices
1151 4209 1254 4250 nos
1282 4193 1466 4267 potius
1493 4192 1657 4249 faciat
1683 4208 1845 4266 quam
1869 4209 2068 4251 nocen-

475 4294 580 4355 tes,
614 4295 678 4344 ut
715 4303 824 4344 non
853 4288 1067 4344 aeternis
1094 4287 1369 4359 suppliciis
1408 4286 1745 4357 addicamur,
1787 4286 1885 4344 sed
1920 4287 2070 4359 quasi

477 4379 568 4449 de,
610 4381 916 4453 interrupto
965 4379 1316 4438 beatitudinis
1361 4380 1563 4453 gaudio
1613 4380 1970 4454 suspiremus,
2016 4390 2072 4439 et

486 4471 867 4529 auxiliatorem
893 4473 984 4544 qui
1006 4488 1108 4529 nos
1130 4473 1196 4530 ad
1219 4473 1273 4530 id
1299 4471 1542 4537 retrahat
1563 4472 1916 4545 inquirentes,
1941 4490 2068 4530 cum

482 4565 751 4638 Apostolo
788 4565 1211 4637 proclamemus,
1250 4567 1452 4634 Infelia:
1489 4582 1582 4635 ego
1624 4567 1796 4629 homo,
1837 4569 1959 4637 quis
1991 4583 2072 4623 me

2175 3357 2423 3412 liberavit
2456 3371 2538 3411 me
2566 3373 2600 3410 a
2631 3356 2742 3424 lege
2762 3354 2974 3425 peccati
3005 3356 3059 3407 et
3083 3352 3273 3406 mortis
3299 3351 3469 3419 (Rom.
3500 3345 3659 3415 vni).

2759 3448 3002 3505 CAPUT
3033 3446 3192 3501 XVI.
3278 3474 3283 3478 α
3431 3498 3437 3504 ,

2480 3543 2621 3611 Quid
2646 3544 2718 3598 sit
2740 3555 2927 3612 corpus
2950 3541 3162 3611 peccati
3185 3544 3239 3595 et
3262 3540 3466 3593 mortis.

2246 3639 2368 3692 Hoc
2407 3651 2537 3709 ergo
2567 3634 2873 3692 inevitabile
2918 3649 3118 3706 corpus
3152 3636 3232 3689 est
3270 3631 3486 3698 mortis,
3526 3629 3586 3685 in
3622 3625 3772 3701 quod

2173 3729 2399 3802 perfecti
2442 3731 2666 3803 quique,
2708 3729 2799 3802 qui
2842 3735 3194 3802 gustaverunt
3246 3740 3409 3797 quam
3460 3722 3652 3779 suavis
3695 3728 3778 3778 est

2175 3823 2470 3891 Dominus,
2505 3821 2746 3894 quotidie
2772 3823 3030 3891 revoluti,
3062 3818 3289 3878 sentiunt
3318 3830 3450 3872 cum
3495 3814 3777 3887 pmpheta

2175 3933 2337 3988 quam
2364 3916 2571 3972 malum
2597 3917 2703 3972 sibi
2728 3920 2779 3972 et
2804 3931 3058 3971 amarum
3094 3915 3165 3970 sit
3193 3912 3461 3968 discedere
3489 3927 3527 3965 a
3551 3911 3775 3966 Domino

2179 4015 2280 4068 Deo
2315 4028 2410 4068 suo
2450 4012 2659 4083 (Jerem.
2703 4013 2793 4081 ιι).
2839 4012 2963 4068 Hoc
2990 4018 3073 4067 est
3102 4023 3299 4081 corpus
3339 4005 3543 4063 mortis
3569 4003 3718 4079 quod
3743 4019 3775 4060 a

2175 4104 2377 4160 cmicsti
2429 4119 2523 4161 eos
2568 4103 2764 4161 intuitu
2813 4103 3099 4161 retrahens
3141 4100 3216 4159 ad
3261 4109 3478 4157 terrena
3530 4098 3774 4169 deducit;

2177 4194 2325 4268 quod
2382 4195 2671 4270 psallentes
2714 4212 2810 4253 eos
2850 4204 3015 4269 atque
3056 4195 3111 4252 in
3157 4194 3411 4252 oratione
3455 4199 3776 4266 prostratos,

2175 4289 2259 4346 vel
2287 4289 2557 4347 humanas
2584 4288 2812 4363 efﬁgies,
2847 4289 2929 4347 vel
2960 4304 3271 4358 sermones,
3302 4289 3389 4346 vel
3417 4288 3656 4361 negotia,
3697 4285 3780 4342 vel

2175 4390 2330 4441 actus
2381 4382 2512 4441 facit
2553 4383 2859 4456 superﬂuos
2918 4390 3233 4440 retractare.
3281 4383 3406 4439 Hoc
3450 4388 3532 4437 est
3579 4392 3781 4451 corpus

2176 4477 2398 4546 mortis,
2432 4477 2581 4551 quod
2618 4478 2942 4536 simulantes
2970 4478 3281 4551 angelicam
3324 4478 3697 4543 sanctitatem,
3724 4479 3784 4531 et

2178 4573 2417 4630 volentes
2472 4573 2715 4630 Domino
2774 4572 2976 4646 jugiter
3032 4571 3326 4642 inhaerere,
3390 4570 3783 4644 perfectionem

487 4661 747 4717 liberabit
764 4661 829 4717 de
844 4676 1059 4732 corpore
1077 4661 1263 4716 mortis
1281 4659 1482 4729 hujus?
1503 4656 1716 4716 Abduci
1729 4674 1966 4731 namque
1987 4653 2146 4727 (εδ-ει)
2178 4674 2366 4723 tamen
2394 4665 2553 4735 hujus
2589 4664 2739 4731 boni,
2766 4665 2890 4738 quia
2914 4664 3108 4722 mortis
3128 4680 3334 4736 corpus
3358 4663 3592 4729 obsistit,
3620 4664 3781 4717 inve-

481 4753 693 4826 ptivum
724 4755 778 4810 in
808 4755 977 4827 legem
1003 4753 1223 4826 peccati,
1251 4752 1383 4826 quid
1416 4761 1499 4809 est
1521 4751 1669 4810 aliud
1698 4767 1867 4826 quam
1896 4752 1955 4809 in
1984 4753 2070 4811 ef-

474 4848 622 4906 fectu
648 4852 853 4922 peccati
879 4855 1043 4924 atque
1061 4865 1220 4924 opere
1241 4852 1596 4922 permanere?
1615 4851 1728 4906 Aut
1750 4849 1895 4922 quod
1916 4849 2069 4907 aliud

484 4944 777 5015 principale
803 4944 1023 5002 dabitur
1048 4944 1279 5014 bonum,
1307 4943 1455 5017 quod
1493 4943 1665 5001 sancti
1706 4945 1923 5017 explere
1960 4960 2071 5001 non

492 5032 722 5105 possint,
759 5035 862 5091 nisi
894 5036 948 5092 id
978 5036 1047 5093 ad
1084 5038 1241 5110 cujus
1277 5038 1770 5110 comparationem,
1814 5046 2069 5111 ut,supra

476 5127 739 5201 diximus,
768 5128 1016 5188 universa
1046 5147 1148 5188 nec
1168 5131 1315 5188 bona
1342 5134 1548 5189 sunt?”
1579 5134 1647 5189 Et
1671 5134 1896 5206 quidem
1918 5134 2070 5191 novi-

448 5284 451 5285 ν
481 5241 608 5283 mus
644 5226 815 5284 multa
855 5241 974 5285 esse
1014 5226 1066 5283 in
1105 5227 1211 5285 hoc
1239 5227 1449 5286 mundo
1492 5228 1654 5298 bona,
1690 5229 2069 5301 praecipueque

474 5320 810 5393 pudicitiam,
834 5322 1240 5392 continentiam,
1265 5321 1726 5390 misericordiam,
1752 5330 2066 5394 temperan-

2176 4760 2293 4817 nire
2328 4776 2439 4817 non
2468 4769 2717 4833 possunt,
2756 4758 2852 4816 sed
2887 4758 3096 4816 faciunt
3134 4760 3339 4816 malum
3372 4755 3519 4831 quod
3544 4754 3780 4826 nohmt,

2177 4852 2229 4910 id
2265 4858 2367 4924 est,
2394 4852 2758 4910 traducuntur
2791 4860 2974 4909 mente
3001 4853 3166 4909 etiam
3191 4851 3262 4910 ad
3287 4851 3372 4908 illa
3403 4864 3526 4923 quae
3548 4847 3621 4905 ad
3650 4864 3782 4922 pro-

2179 4945 2380 5004 fectum
2405 4948 2675 5005 virtutum
2697 4946 3192 5020 perfectionemque
3212 4963 3327 5004 non
3349 4947 3647 5020 pertinent.
3670 4947 3783 5001 De-

2178 5043 2364 5116 nique,
2393 5050 2456 5099 ut
2480 5040 2586 5098 hoc
2613 5041 2680 5099 de
2704 5041 2902 5099 sanctis
2921 5050 3083 5115 atque
3103 5040 3361 5115 perfectis
3381 5041 3595 5114 sibique
3617 5040 3784 5097 simi-

2176 5136 2318 5193 libus
2358 5151 2416 5193 se
2456 5134 2654 5195 dixisse
2691 5136 2886 5194 beatus
2926 5137 3221 5211 Apostolus
3268 5137 3541 5195 evidenter
3579 5132 3782 5207 expri-

2174 5237 2371 5299 meret,
2417 5227 2594 5303 digito
2644 5228 3056 5303 quodammodo
3113 5231 3469 5305 semetipsum
3508 5235 3785 5301 tactuque

2176 5323 2494 5398 designans,
2531 5326 2798 5385 continuo
2844 5325 3009 5384 infert
3040 5346 3053 5383 :
3083 5331 3281 5399 Itaque
3311 5344 3406 5399 ego
3451 5328 3562 5399 ipse
3603 5324 3779 5396 (Bern.

1563 5431 1819 5507 ALABDI
1856 5431 2081 5491 GAZ/EI
2117 5432 2671 5492 COMMENTARIUS.

554 5528 829 5609 {gon-pus
853 5530 1049 5609 mortis
1086 5529 1453 5609 hicintelligit
1478 5536 1680 5609 statum
1705 5531 1938 5609 peccati,
1977 5531 2071 5604 qui

484 5594 677 5651 multis
703 5594 1009 5668 capitalium
1038 5601 1327 5657 criminum
1363 5594 1520 5657 ἤθιιηὶ
1552 5594 1815 5658 membris
1838 5594 2068 5670 constat,

477 5673 540 5745 ut
571 5681 637 5721 ex
664 5670 1105 5745 antecedentibus
1145 5673 1331 5745 liquet.
1362 5674 1445 5729 De
1478 5688 1587 5745 quo
1622 5688 1850 5745 corpore
1878 5674 2072 5745 mortis

478 5736 643 5812 docet
664 5740 988 5809 Apostolum
1009 5759 1120 5799 non
1143 5736 1283 5799 esset
1304 5736 1567 5811 locutum,
1590 5736 1815 5801 cum'ait
1842 5744 2075 5812 :lnfelia:

478 5825 568 5884 ego
599 5810 796 5884 homo;_
814 5812 934 5879 quis
962 5828 1061 5884 me
1082 5814 1329 5884 liberabit
1359 5814 1425 5868 de
1450 5810 1661 5884 corpore
1694 5819 1883 5870 mortis
1911 5810 2074 5884 hujus

476 5882 654 5944 (Rom.
690 5881 807 5939 vn)
893 5879 989 5935 sed
1031 5881 1097 5935 de
1131 5880 1244 5951 lege
1284 5884 1487 5952 peccati
1529 5879 1582 5938 et
1610 5884 1833 5953 mortis,
1875 5885 1930 5940 id
1968 5879 2071 5948 est,

2181 5531 2452 5609 pronitate
2493 5532 2751 5609 peccandi
2777 5548 2894 5609 seu
2949 5532 3143 5591 fomite
3195 5535 3429 5609 peccati,
3481 5542 3544 5609 ut
3582 5527 3790 5609 sgpiqs

2179 5600 2383 5685 dictum
2407 5600 2512 5685 est'
2532 5604 2693 5672 (Vide
2715 5606 3000 5685 collat._12
3045 5623 3164 5685 cap.
3197 5600 3793 5685 l),_qui_'etiam__justis.

2181 5673 2342 5743 inest,
2372 5673 2557 5748 eisque
2588 5676 2866 5748 negotium
2892 5671 3142 5746 facessit;
3180 5671 3337 5735 unde.
3353 5676 3429 5748 ab
3462 5689 3531 5733 eo
3562 5671 3791 5748 liberari

2181 5744 2687 5827 expetunt—Itaque
2721 5746 2916 5829 duplex
2962 5744 3181 5832 corpus.
3224 5747 3421 5807 mortis
3449 5754 3507 5804 et
3545 5744 3789 5818 peccati:

2181 5832 2233 5871 in
2273 5816 2378 5872 hoc
2413 5824 2467 5874 et
2494 5825 2736 5878 sequenti
2774 5834 2892 5878 can.
2927 5820 3232 5878 disuncuit.

2179 5832 2233 5871 in
2273 5832 2378 5872 noc
2413 5832 2467 5874 et
2494 5832 2736 5889 sequenti
2774 5834 2892 5891 cap.
2927 5832 3232 5894 distinguit.

2251 5889 2276 5923 δ
2310 5886 2461 5944 Idem
2489 5903 2650 5960 supra
2685 5905 2802 5963 cap.
2827 5896 2878 5947 2.
