4022 6220
285 268 413 324 I273

920 260 1260 320 COLLATIO
1297 262 1476 319 XXIII.
1519 291 1582 303 -—
1625 262 1714 318 DE
1753 259 1974 317 VELLE
2013 259 2248 319 BONUM
2291 262 2378 318 ET
2418 262 2650 319 AGERE
2685 261 2950 318 MALUM.

3459 267 3597 322 1274

275 401 389 470 vn)
405 439 423 468 ,
447 395 508 454 id
525 405 608 454 est
625 437 642 464 ,
666 396 758 468 qui
783 394 906 453 haec
943 395 1234 466 pronuntio
1247 436 1264 465 ,
1289 411 1434 454 mea:
1451 437 1467 464 ,
1493 411 1606 452 non
1624 394 1873 461 alteriu,
1899 399 1956 463 Α
1983 397 2152 451 intres
2173 398 2232 450 in
2245 396 2516 466 judicium
2535 411 2656 452 cum
2679 411 2828 452 seruo
2845 401 2957 460 tuo,
2980 397 3114 466 quia
3133 410 3240 450 non
3257 394 3589 466 justiﬁcabi-

277 491 624 552 conscientia
642 489 880 548 latebras
903 488 1107 563 pando.
1139 492 1262 562 Hoc
1289 505 1423 547 sane
1450 487 1748 547 locutionis
1774 503 1870 562 go-

276 602 412 645 nere
435 585 782 644 familiariter
803 583 885 641 uti
923 585 1222 657 Apostolus
1247 583 1406 647 solet,
1433 583 1476 640 si
1509 581 1730 656 quando
1755 582 1875 640 vult

267 695 338 741 _se
358 678 671 754 specialiter
693 677 1007 751 designare,
1033 676 1180 734 sicut
1215 675 1330 732 ibi:
1373 679 1486 748 Ego
1523 679 1636 747 ipse
1669 677 1872 734 Paulus

281 775 488 833 obsecro
509 787 598 828 vos
615 787 714 845 per
740 771 1206 828 mansuetudinem
1234 775 1286 827 et
1327 770 1648 826 modestiam
1674 769 1882 828 Christi

277 869 358 948 (II
375 867 490 925 Cor.
507 865 570 939 χ)
586 885 602 936 ;
619 873 676 922 et
695 881 919 928 rursum
944 887 957 922 :
982 867 1102 924 Nisi
1111 865 1256 937 quod
1280 879 1375 934 ego
1393 866 1508 935 ipse
1528 880 1635 920 non
1653 855 1880 934 φαυαυὶ

281 975 380 1034 vos~
419 960 578 1032 (Ibid.
623 959 764 1031 xu);
793 967 850 1016 et
895 959 1119 1028 iterum,
1149 958 1256 1016 Sed
1301 963 1432 1028 esto,
1475 973 1571 1028 ego
1613 961 1728 1028 ipse
1768 973 1877 1016 non

281 1055 510 1126 gravaoi
549 1068 640 1110 vos
678 1053 846 1124 (Ibid.
870 1057 924 1122 );
949 1061 1006 1110 et
1030 1051 1199 1110 alibi:
1241 1054 1354 1122 Ego
1381 1053 1495 1124 ipse
1531 1053 1730 1108 Paulus
1759 1052 1875 1108 dico

281 1147 448 1216 uobis,
476 1149 530 1202 si
551 1147 1029 1216 circumcidamini,
1059 1147 1300 1204 Christus
1315 1145 1460 1203 vobis
1479 1147 1620 1201 nihil
1629 1146 1881 1216 proderit

285 1239 488 1306 (Galat.
513 1240 595 1312 v).
629 1242 702 1297 Et
741 1240 807 1297 ad
838 1243 1126 1298 Romanos
1146 1283 1163 1310 ,
1195 1241 1461 1312 Optabam
1488 1243 1627 1296 enim
1651 1255 1745 1310 ego
1772 1241 1888 1310 ipse

281 1335 568 1391 anathema
590 1350 699 1394 esse
713 1353 749 1391 a
765 1337 970 1395 Christo
991 1353 1096 1408 pro
1115 1337 1391 1406 fratribus
1415 1338 1546 1392 meis
1576 1335 1746 1406 (Rom.
1775 1334 1884 1408 ιι),

282 1427 468 1485 Potest
503 1437 694 1486 autem
731 1445 848 1487 non
877 1429 1115 1508 absurde
1154 1429 1322 1486 etiam
1361 1428 1442 1485 sic
1472 1427 1669 1501 accipi,
1701 1436 1769 1486 ut
1795 1443 1889 1501 ex-

287 1521 531 1592 pressius
561 1537 690 1580 cum
734 1522 984 1596 emphasi
1021 1523 1380 1596 pronuntiet:
1427 1526 1616 1593 Itaque
1657 1537 1751 1591 ego
1776 1523 1890 1592 ipse

287 1610 459 1681 (Rom.
505 1619 650 1683 vn),
698 1614 757 1670 id
799 1623 922 1685 est,
958 1630 1130 1688 quem
1165 1615 1342 1672 nostis
1389 1630 1510 1672 esse
1574 1613 1888 1686 apostolum

1983 495 2076 546 tur
2102 493 2164 546 in
2207 495 2485 561 conspectu
2525 495 2620 546 tuo
2647 495 2816 547 omnis
2851 493 3030 546 vivens
3064 491 3230 555 (Psal.
3272 494 3461 556 CXLII).
3525 493 3595 549 Et

1981 581 2153 639 illud:
2185 577 2212 618 δ
2243 585 2371 652 Quis
2395 585 2730 654 gloriabitur
2756 588 2968 641 castum
2991 585 3182 640 habere
3208 599 3318 652 cor,
3347 588 3446 639 aut
3471 585 3594 654 quis

1984 677 2238 749 ﬁduciam
2249 678 2471 734 habebit
2490 693 2546 734 se
2567 678 2830 734 mundum
2848 693 2956 734 esse
2973 693 3009 732 a
3024 681 3234 748 peccato
3261 677 3429 748 (Prov.
3444 681 3551 744 xx)
3569 679 3595 734 Ρ

1985 772 2062 828 Et
2089 771 2290 828 iterum
2317 791 2335 828 :
2360 774 2478 832 Non
2503 777 2580 830 est
2598 773 2786 844 justus
2807 781 2830 808 °
2859 772 3015 828 homo
3042 773 3101 826 in
3126 775 3272 827 terra
3298 773 3397 841 qui
3420 771 3598 838 faciat

1988 867 2178 923 bonum
2206 871 2257 924 et
2291 883 2399 924 non
2441 873 2616 940 peccet
2647 867 2870 940 (Eccles.
2920 872 3043 935 v11).
3097 869 3165 924 Et
3195 867 3269 923 ita
3315 863 3596 922 inﬁrmam

1987 959 2282 1020 hominum
2308 963 2799 1038 imperfectamque
2821 963 3086 1038 justitiam
3116 979 3179 1020 ac
3209 959 3594 1019 misericordia

1985 1055 2091 1112 Dei
2117 1071 2335 1128 semper
2361 1057 2644 1130 indignam
2672 1073 2788 1114 esse
2813 1064 3124 1124 senserunt,
3145 1065 3206 1113 ut
3230 1071 3374 1113 unus
3399 1053 3594 1123 ex‘bis,

1983 1147 2150 1220 cujus
2187 1147 2492 1219 iniquitates
2537 1159 2592 1206 et
2640 1157 2858 1222 peccata
2907 1153 3056 1208 Deus
3101 1151 3273 1206 misso
3319 1149 3389 1206 de
3440 1147 3595 1204 altari

1990 1239 2164 1324 ignito
2191 1241 2340 1298 verbi
2376 1243 2463 1298 sui
2504 1242 2747 1299 carbone
2785 1244 3055 1316 purgavit,
3086 1252 3212 1315 post
3251 1243 3402 1298 illam
3450 1240 3598 1297 miri-

1995 1335 2160 1391 ﬁcam
2169 1337 2696 1409 contemplationem
2719 1337 2840 1406 Dei,
2852 1346 2976 1409 post
2993 1336 3262 1392 intuitum
3276 1334 3598 1392 sublimium

1993 1428 2274 1502 serapbim
2316 1437 2374 1486 et
2435 1429 2828 1487 revelationem
2889 1437 3365 1490 sacramentorum
3433 1427 3598 1486 coale-

1995 1522 2184 1592 stium,
2205 1522 2388 1580 dicat:
2417 1523 2444 1560 ἀ
2483 1526 2576 1583 Vw
2599 1525 2740 1580 mihi
2765 1527 2898 1595 quia
2919 1525 3006 1578 uir
3031 1523 3274 1594 pollutus
3305 1523 3466 1579 labiis
3507 1535 3598 1592 ego

1997 1629 2133 1685 sum,
2174 1620 2226 1672 et
2255 1618 2314 1671 in
2349 1617 2528 1673 medio
2569 1618 2762 1689 populi
2793 1617 3005 1688 polluta
3047 1616 3196 1671 labia
3220 1616 3463 1670 habentis
3508 1629 3600 1684 ego

168 1707 184 1724 °
285 1703 478 1761 Christi
496 1746 514 1773 ,
538 1721 708 1779 quem
730 1713 849 1764 tota
875 1707 1221 1781 suspicientia
1269 1718 1295 1744 ι
1332 1707 1690 1776 veneramini,
1719 1721 1888 1780 quem
1988 1711 2184 1766 .habito
2206 1714 2388 1780 (Isaia:
2403 1711 2512 1785 v1).
2539 1712 2669 1783 Qui,
2697 1713 2841 1768 sicut
2870 1711 3126 1779 arbitror,
3167 1709 3439 1774 labiorum
3465 1722 3598 1764 suo-

273 1796 515 1862 ,creditis
535 1813 824 1856 summum
848 1808 1014 1874 atque
1032 1799 1338 1873 perfectum
1364 1815 1505 1870 esse,
1529 1809 1586 1858 et
1602 1800 1662 1858 in
1677 1816 1790 1874 quo
1807 1801 1886 1858 lo-
1917 1796 1968 1860 B
1993 1819 2121 1861 rum
2152 1805 2562 1862 immunditiam
2589 1821 2691 1862 nec
2717 1813 2857 1864 tunc
2879 1804 3102 1878 quidem
3135 1801 3368 1860 fortasse
3398 1800 3597 1858 sensis-

289 1889 479 1960 quitur
504 1891 782 1963 Christus,
817 1906 945 1948 cum
971 1899 1160 1948 mente
1182 1892 1419 1948 serviam
1445 1893 1550 1965 legi
1576 1885 1704 1962 Dei,
1721 1909 1889 1951 carne
1989 1904 2098 1966 set,
2135 1898 2237 1955 nisi
2279 1913 2466 1956 veram
2505 1899 2855 1972 perfectionis
2904 1908 2960 1956 et
2999 1899 3266 1972 integram
3305 1887 3602 1969 puritatem

271 1987 477 2048 _tamen
503 1983 609 2056 legi
633 1983 840 2056 peccati
869 1985 1072 2042 servire
1094 2000 1186 2040 me
1215 1983 1408 2053 fateor,
1429 1984 1539 2043 hoc
1562 1995 1668 2056 est,
1685 1987 1894 2044 disten-
1996 1993 2456 2066 contemplatione
2506 1994 2610 2050 Dei
2647 1994 2938 2051 meruisset
2979 2006 3298 2066 agnoscere,
3326 1989 3482 2062 cujus
3509 1988 3599 2044 in-

273 2075 443 2143 _tione
465 2077 886 2136 conditionibus
905 2078 1164 2138 humanae
1188 2078 1466 2136 interdum
1486 2079 1556 2138 de
1582 2081 1893 2140 cmlestibus
1995 2086 2139 2144 tuitu
2167 2086 2534 2159 pollutionem
2557 2103 2718 2144 suam
2751 2087 2854 2144 sibi
2873 2095 2998 2145 ante
3015 2085 3355 2160 incognitam
3375 2090 3600 2156 repente

271 2169 364 2242 ,ad
403 2177 620 2228 terrena
663 2172 924 2231 devolvor
952 2181 1008 2232 et
1053 2173 1124 2230 ad
1157 2189 1320 2230 curas
1357 2173 1650 2230 humilium
1701 2189 1892 2232 rerum
1999 2181 2271 2251 cognovit.
2303 2180 2446 2236 Cum
2491 2179 2641 2237 enim
2665 2181 2763 2250 ait,
2803 2184 2900 2240 Vae
2940 2161 3078 2237 mihi
3094 2181 3228 2250 quia
3263 2177 3602 2249 virpollutus

268 2263 493 2332 _mentis
518 2280 658 2324 mea
694 2265 932 2324 altitudo
977 2267 1308 2340 prolabitur,
1335 2281 1436 2340 per
1479 2282 1645 2340 quam
1685 2268 1889 2340 peccati

287 2355 470 2429 legem
506 2357 583 2414 ita
639 2359 938 2417 momentis
977 2359 1207 2434 singulis
1255 2375 1344 2417 me
1385 2361 1563 2418 sentio
1603 2361 1886 2433 captivari,

289 2461 356 2510 ut
382 2455 634 2526 quamvis
659 2456 931 2515 immobili
959 2458 1104 2514 circa
1131 2458 1308 2531 legem
1344 2459 1444 2515 Dei
1469 2457 1736 2516 desiderio
1764 2476 1890 2531 per-

291 2553 556 2619 severem,
593 2551 748 2608 nullo
784 2559 970 2610 tamen
998 2550 1170 2609 modo
1214 2552 1327 2608 vim
1369 2551 1540 2626 hujus
1565 2553 1892 2624 captivitatis

288 2643 522 2703 evadere
551 2662 641 2704 me
681 2663 842 2720 posse
855 2648 1072 2717 sentio,
1102 2647 1206 2704 nisi
1231 2647 1528 2721 confugero
1567 2662 1790 2720 semper
1823 2648 1894 2705 ad

283 2739 513 2810 gratiam
537 2741 854 2801 Salvatoris.

853 2844 1105 2901 CAPUT
1153 2846 1331 2900 XVII.

2003 2275 2159 2329 labiis
2193 2290 2282 2344 ego
2320 2289 2461 2344 sum,
2503 2274 2570 2332 de
2599 2290 2827 2332 suorum
2879 2273 2986 2329 hoc
3035 2271 3328 2340 labiorum,
3385 2284 3500 2325 non
3530 2266 3600 2324 de

1996 2367 2178 2440 populi
2195 2366 2520 2440 pollutione,
2539 2366 2880 2430 confessum,
2903 2365 2960 2422 id
2981 2364 3130 2437 quod
3151 2363 3401 2436 sequitur
3423 2360 3602 2418 mani—

1997 2460 2130 2517 festa
2153 2480 2166 2518 :
2196 2466 2266 2518 Et
2293 2465 2351 2516 in
2379 2463 2558 2516 medio
2577 2463 2775 2532 populi
2801 2461 3013 2531 polluta
3055 2459 3205 2512 labia
3233 2457 3480 2512 habentis
3508 2469 3604 2525 ego

1998 2553 2195 2608 habito.
2217 2551 2324 2609 Sed
2338 2553 2503 2608 etiam
2525 2569 2652 2610 cum
2673 2567 2837 2610 orans
2853 2558 3201 2624 peccatorum
3211 2548 3366 2621 quasi
3395 2547 3605 2604 univer-

1999 2647 2196 2704 salium
2217 2646 2630 2704 immunditiam
2651 2645 2966 2714 conﬁtetur,
2993 2659 3107 2700 non
3130 2643 3444 2716 iniquorum
3474 2649 3597 2698 tan-

2000 2748 2142 2808 tum,
2181 2741 2277 2799 sed
2301 2739 2468 2798 etiam
2500 2740 2776 2814 justorum
2808 2739 3020 2813 plebem
3051 2736 3288 2811 generali
3332 2734 3602 2808 supplica-

1999 2835 2152 2893 tione
2179 2837 2567 2910 complectitur
2593 2835 2804 2904 dicens,
2833 2838 2992 2892 Ecce’
3011 2837 3072 2889 tu
3117 2835 3292 2888 iratus
3312 2831 3383 2885 “es
3421 2835 3470 2884 et
3507 2843 3606 2884 nos

1990 2933 2359 2999 peccavimus,
2395 2933 2454 2986 in
2484 2932 2618 3002 ipsis
2673 2931 2883 2998 fuimus
2911 2943 3115 3000 semper
3163 2931 3215 2982 et
3249 2925 3604 2986 salvabimur,

2002 3033 2024 3060 ο
2038 3025 2179 3092 facti
2189 3039 2374 3080 sumus
2387 3027 2450 3079 ut
2461 3024 2766 3079 immundus
2775 3037 2953 3079 omnes
2972 3037 3065 3077 nos
3077 3040 3094 3089 ;
3105 3025 3382 3090 tamquam
3386 3029 3604 3088 pannus

365 3105 436 3160 Et
465 3103 670 3162 idcirco
703 3106 1041 3179 quotidianis
1084 3108 1330 3181 suspiriis
1357 3109 1531 3166 sancti
1559 3125 1752 3168 omnes
1793 3127 1894 3185 pro
1959 3171 1964 3174 ,
2001 3123 2372 3184 menstruatw,
2405 3119 2921 3190 unioerswjustitite
2959 3121 3156 3174 nostra:
3205 3116 3388 3186 (Isaia:
3416 3113 3602 3178 Lxrv).

295 3195 398 3254 bac
425 3198 742 3258 substantia:
771 3217 889 3260 suae
917 3200 1209 3275 fragilitate
1237 3203 1576 3277 compuncti,
1597 3203 1730 3260 dum
1751 3205 1898 3278 cogi-
1927 3210 1971 3274 C
2003 3214 2163 3284 Rogo
2190 3211 2326 3285 quid
2361 3213 2665 3270 evidentius
2699 3211 2802 3268 hac
2828 3218 3008 3285 potest
3034 3225 3152 3269 esse
3179 3207 3467 3274 sententia,
3495 3219 3604 3276 qua

298 3291 567 3352 tationum
596 3295 888 3354 varietates
927 3305 981 3354 et
1026 3297 1376 3355 conscientiae
1403 3313 1520 3356 sua:
1562 3297 1797 3355 latebras
1832 3313 1896 3354 ac
2003 3319 2118 3358 non
2157 3318 2323 3359 unam
2372 3311 2592 3359 tantum
2613 3343 2630 3370 ,
2685 3304 2784 3359 sed
2809 3304 3088 3359 universas
3109 3301 3346 3372 justitias
3388 3305 3605 3354 nostras

297 3388 590 3459 penetralia
618 3399 1053 3463 perscrutantur,
1099 3392 1420 3465 suppliciter
1453 3392 1730 3449 clamant:
1779 3395 1898 3452 Non
2005 3393 2279 3467 propheta
2307 3394 2647 3466 complexus,
2676 3401 2734 3450 et
2777 3391 3222 3464 circumspiciens
3251 3390 3440 3447 omnia
3480 3401 3606 3460 qua

1399 3518 1657 3578 ALARDI
1695 3519 1920 3576 GAZEI
1956 3519 2514 3578 COMMENTARIUS.

373 3633 396 3664 "
427 3630 805 3707 Suspicienli‘l.
838 3631 893 3690 id
920 3640 1040 3707 est,_
1061 3633 1361 3691 reverentia
1403 3642 1461 3690 et
1495 3634 1901 3707 admiratione;

301 3715 332 3757 a
363 3702 544 3784 verba
579 3703 847 3784 suspicio,
897 3703 1044 3775 quod
1071 3712 1157 3760 est
1194 3720 1416 3784 sursum
1466 3706 1693 3778 aspicio.
1737 3702 1903 3784 Illum

301 3771 464 3850 enim.
491 3771 846 3850 suspicimus,
879 3771 1047 3846 quem
1093 3775 1252 3848 quasi
1303 3791 1465 3848 supra
1506 3771 1612 3834 rios
1659 3778 1901 3850 positum

298 3842 626 3944 aspicientes
645 3842 1006 3923 admiramur.

439 3911 666 3944 anmno
712 3911 879 3944 ΔλιθιΛ
906 3931 918 3943 .
976 3913 1006 3944 Ι·

439 3911 667 3982 Vulgata
712 3911 919 3967 editio:
975 3913 1106 3980 Quis
1147 3918 1325 3984 potest
1369 3915 1541 3970 dicere
1585 3935 1603 3971 :
1639 3921 1902 3974 Mundum

301 3986 379 4038 est
407 3996 507 4056 cor_
519 3997 714 4056 meum,
747 3998 920 4056 purus
944 3998 1075 4056 sum,
1101 3999 1136 4038 a
1164 3988 1378 4054 peccato
1405 3984 1580 4056 (Prov.
1621 3993 1727 4054 xx)
1749 3991 1774 4042 ?
1800 3990 1905 4045 Ubi

275 4052 620 4126 notandum,
665 4053 848 4126 inquit
887 4055 952 4108 Ι).
1005 4052 1422 4125 Hieronymus,
1446 4057 1592 4126 quod
1630 4052 1738 4113 non
1773 4061 1898 4115 ait:

305 4125 437 4192 Quis
445 4128 626 4200 potest
649 4125 911 4200 mundum
945 4126 1138 4200 habere
1159 4141 1268 4200 cor,
1297 4130 1349 4182 et
1377 4125 1550 4197 purus
1579 4143 1688 4184 esse
1723 4146 1758 4184 α
1779 4145 1903 4200 pec-

307 4195 468 4250 cato?
497 4195 610 4264 sed,
650 4197 780 4264 Quis
810 4202 984 4266 potest
1012 4197 1208 4261 dicere,
1249 4195 1459 4268 inquit:
1515 4195 1802 4256 Mundum'
1823 4207 1902 4257 est

305 4281 397 4341 cor
423 4281 618 4341 meum,
632 4281 808 4337 purus
831 4283 949 4323 sum
977 4283 1011 4322 a
1030 4271 1284 4341 peccato?
1305 4269 1442 4336 Quia
1472 4275 1600 4325 sunt
1636 4273 1753 4341 qui,
1783 4273 1895 4327 lar-

304 4339 480 4416 giente
489 4337 686 4416 _divirw
697 4341 900 4416 gratia,
915 4337 1160 4416 possunt,
1162 4339 1194 4410 j
1197 4345 1335 4416 meta
1354 4337 1896 4416 humanum—modum,

305 4413 356 4464 et
379 4409 552 4464 cordis
589 4414 640 4464 et
665 4413 841 4480 operis
874 4409 1068 4467 habere
1093 4409 1436 4468 munditiam.
1472 4413 1622 4470 Unde
1657 4419 1737 4470 est
1757 4409 1899 4470 illud

309 4481 646 4556 Domiti-tcum
655 4499 686 4556 _:
707 4483 862 4556 Beati
877 4483 1085 4556 _mundo
1109 4483 1282 4556 corde,
1323 4487 1577 4554 quoniam
1607 4487 1716 4556 ipsi
1737 4489 1904 4541 Deum

307 4551 563 4606 videbunt
591 4552 808 4619 (Matth.
835 4553 917 4622 ν).
948 4557 1019 4610 Et
1044 4555 1102 4607 in
1135 4551 1350 4624 psalmo
1374 4573 1390 4609 :
1424 4557 1554 4624 Quis
1583 4551 1828 4612 ascendet
1845 4559 1903 4612 in

304 4627 536 4698 montem
568 4625 804 4698 Domini,
835 4628 934 4679 aut
959 4625 1082 4694 quis
1096 4625 1289 4698 _stabit_
1303 4627 1361 4679 in
1391 4627 1498 4682 loco
1535 4633 1716 4684 sancto
1743 4627 1904 4698 ejus?

305 4695 558 4777 Innocens
579 4695 830 4777 manibus
853 4699 905 4750 et
943 4694 1142 4777 mundo
1165 4696 1318 4751 corde
1341 4698 1558 4777 (Psalm.
1599 4694 1800 4771 xxut).
1839 4701 1906 4777 Si
2009 4701 2250 4777 ligimus.
2275 4704 2394 4777 Non
2415 4694 2552 4777 fuit
2594 4694 2773 4777 autem
2807 4694 2970 4777 ausus
3001 4694 3234 4777 laudare
3285 4698 3601 4777 Dominum.

309 4767 448 4817 enim
483 4781 634 4842 nemo
658 4766 922 4821 mundum
947 4767 1106 4822 habet
1135 4782 1242 4842 cor.
1263 4783 1433 4836 neque
1457 4770 1598 4842 ullus
1620 4766 1796 4840 purus
1823 4775 1901 4826 est
2007 4766 2140 4842 quia
2175 4773 2319 4827 labia
2339 4766 2564 4828 habebat
2587 4773 2885 4836 immunda,
2912 4773 3043 4841 quia
3073 4784 3193 4842 cum
3217 4773 3483 4842 peccatore
3502 4782 3606 4836 po-

305 4847 341 4915 a
354 4839 589 4915 peccato,
614 4851 932 4915 co_nseq_ue_ns
960 4842 1036 4915 est
1057 4839 1319 4915 profecto,
1346 4843 1408 4893 ut
1433 4839 1627 4915 nullus
1646 4842 1904 4898 ascendat
2001 4839 2134 4913 pulo
2150 4844 2482 4899 versabatur.
2511 4845 2609 4900 Vel
2624 4849 2760 4898 certe
2774 4845 2853 4896 ita
2873 4839 3280 4912 intelligendum
3304 4860 3318 4896 :
3359 4841 3498 4915 Quia
3523 4842 3606 4915 tq-

311 4909 881 5005 .T%m.Miiti',
897 4910 1074 5005 nullus
1089 4909 1365 5005 hgminum
1393 4914 1495 4964 stet
1513 4912 1572 4966 in
1721 4916 1901 5005 sancto
1931 4943 1982 5005 D
2001 4909 2118 5005 cui,
2155 4919 2206 5005 et
2219 4931 2333 5005 non
2369 4915 2625 4998 audacter
2651 4915 2840 5005 Ofiam
2863 4909 3086 5005 impium
3123 4927 3299 5005 negem
3325 4911 3600 4995 corripui,

633 4991 756 5058 vero
795 4982 1000 5058 constat
1016 4981 1218 5058 _multos
1254 4995 1558 5058 ascensuros
1585 4985 1644 5058 in
1673 4988 1902 5058 montem
1931 4976 1982 5005 υ
2006 4976 2128 5040 ideo
2154 4986 2306 5058 labia
2333 5001 2450 5040 mea
2477 4985 2762 5058 immunda
2788 4976 2952 5047 sunt:
2963 4989 3015 5058 et
3037 4976 3220 5058 laudes
3242 4984 3459 5058 Domini
3467 4976 3605 5058 cum

306 5049 544 5125 Domini,
565 5051 906 5125 statui-osque
923 5051 984 5103 in
1012 5051 1118 5125 loco
1137 5055 1317 5125 sancto
1346 5051 1491 5125 ejus;
1518 5057 1688 5108 restat
1716 5057 1903 5124 utique
2005 5057 2209 5125 angelis
2236 5061 2454 5112 cantare
2479 5074 2582 5113 non
2603 5057 2795 5125 audeo,
2819 5073 2886 5111 ne
2911 5057 3048 5111 mihi
3071 5057 3317 5111 dicatur:
3338 5056 3516 5120 Quare
3542 5056 3606 5107 tu

304 5121 366 5198 ut
377 5119 488 5198 sint
515 5119 680 5198 multi
699 5121 900 5198 mundo
924 5121 1084 5176 corde
1095 5121 1348 5198 et,ju.'cta
1367 5119 1618 5180 hutnana:
1631 5119 1902 5194 possibili-
2007 5119 2228 5183 endrras
2247 5129 2498 5198 justitias
2519 5144 2684 5197 meas,
2715 5134 2766 5184 et
2775 5119 3016 5184 assumis
3034 5119 3409 5198 testamentum
3427 5138 3606 5198 meum

307 5190 438 5244 tatis
465 5190 701 5269 modum,
716 5193 856 5262 puri
869 5208 904 5269 (ξ
921 5196 1136 5269 peccato
1149 5211 1166 5258 ;
1181 5190 1284 5248 nec
1307 5198 1484 5249 tamen
1500 5190 1732 5265 seipsum
1747 5199 1900 5269 quis-
2001 5214 2103 5268 per
2118 5214 2173 5254 os
2199 5190 2354 5254 tuum
2373 5200 2585 5269 (Psalm.
2614 5190 2808 5267 xitx)?
2827 5213 2938 5254 non
2957 5203 3034 5253 est
3051 5199 3194 5254 enim
3210 5197 3441 5267 pulchra
3477 5197 3606 5269 lau-

305 5273 472 5341 φιαηι
493 5261 750 5341 mundum
777 5261 932 5318 corde
953 5267 1008 5341 et
1045 5265 1334 5341 unmunem
1349 5279 1458 5341 esse
1480 5281 1514 5320 a
1541 5261 1901 5336 peccato-abh
2001 5261 2160 5326 datio
2183 5272 2243 5326 in
2271 5287 2360 5326 ore
2377 5261 2692 5341 peccatoris
2728 5261 2941 5340 (Eccles.
2975 5269 3091 5339 xv).
3120 5261 3230 5325 Hoc
3255 5271 3442 5341 autem
3459 5268 3603 5341 dicit

303 5343 408 5455 que
429 5333 732 5416 temeritate.
741 5336 1082 5418 pronuntiat.
1114 5334 1296 5390 Stulta
1321 5340 1400 5391 est
1426 5333 1655 5408 namque
1664 5341 1900 5424 propria
2007 5357 2126 5424 mus
2155 5358 2262 5397 non
2279 5333 2422 5414 quod
2438 5345 2639 5399 Isaiam
2663 5333 2821 5396 talem
2839 5343 3014 5409 fuisse
3035 5333 3334 5401 doceamus,
3351 5339 3444 5422 sed
3461 5339 3606 5423 quod

325 5399 486 5455 audis
506 5406 786 5455 iactantia.
809 5411 1156 5455 temerarium
1179 5405 1246 5455 de
1263 5421 1364 5455 sua
1385 5423 1644 5455 autemnon!
1663 5425 1903 5455 mmem-
2008 5427 2122 5455 ἠερ
2145 5429 2242 5455 nm
2269 5414 2574 5455 hunn'ls'tntp
2609 5417 2660 5455 at
2689 5411 2984 5455 immundis
3023 5415 3233 5455 tantum
3254 5410 3416 5455 labias
3453 5411 3604 5455 mdo—

325 5399 786 5486 audis‘jactantia,
802 5407 1156 5486 temerarium
1179 5405 1246 5461 de
1263 5421 1364 5462 sua
1385 5399 1644 5480 quemque
1663 5399 1903 5466 innocen-
2008 5415 2122 5484 ipse
2141 5429 2242 5482 pro
2267 5399 2574 5486 humilitate
2600 5417 2660 5486 (et
2689 5399 2984 5468 immundis
3023 5415 3233 5467 tantum
3254 5399 3416 5466 labiis
3453 5399 3604 5466 indi-

305 5472 496 5556 tiape‘l
511 5472 1006 5556 justitiagloriari.
1171 5547 1193 5556 _
1255 5547 1268 5556 _
1366 5472 1414 5556 ξ
1548 5472 1570 5480 ’
2006 5472 2172 5556 gnum
2191 5498 2246 5556 se
2267 5487 2368 5540 Dei
2391 5483 2552 5539 laude
2575 5485 2840 5556 fateatur.

515 5548 617 5610 est,
662 5541 874 5629 qui'sic
902 5561 1119 5629 semper
1164 5547 1327 5629 faciat
1366 5548 1603 5629 bonum,
1638 5561 1698 5629 ut
1731 5567 1901 5608 num-
2006 5541 2033 5552 ⁷
2079 5557 2103 5585 ε
2130 5553 2371 5629 Iuliane
2407 5541 2734 5629 sententiam
2767 5553 2886 5610 vide
2922 5567 3047 5624 quae
3070 5567 3244 5629 supra
3267 5553 3601 5629 notavimus,

305 5627 474 5696 qua!“
497 5621 704 5696 Ρθοοθζι
736 5615 834 5696 νει)
865 5624 924 5672 ut
953 5615 1088 5696 inira
1118 5621 1360 5696 exponit,
1390 5625 1552 5680 Nemo
1579 5615 1642 5678 in
1677 5625 1775 5678 hac
1799 5629 1901 5679 ter-
2007 5638 2176 5696 quam
2205 5624 2293 5680 hic
2323 5631 2531 5682 Auctor
2567 5625 2635 5682 ad
2662 5640 2824 5681 suum
2851 5615 3078 5696 sen'sum
3105 5615 3605 5696 trahit,cumju§ta

305 5699 376 5738 να
406 5689 516 5739 tam
531 5690 767 5770 εαηοιμε,
793 5691 910 5770 tam
929 5688 1176 5770 diligens,
1188 5688 1312 5748 'tam
1326 5688 1598 5770 intentus,
1618 5697 1702 5750 cel
1721 5698 1901 5770 potuit
2007 5688 2273 5770 mentem
2284 5697 2564 5770 prophetae;
2611 5696 2679 5753 ad
2706 5695 2853 5770 solos
2890 5695 3085 5767 impios
3107 5703 3170 5770 _et
3193 5688 3486 5770 sceleratos
3517 5694 3607 5748 Ju-

306 5770 586 5838 umquam,
608 5758 695 5840 pel
711 5760 911 5841 poterit
939 5761 1202 5828 inveniri;
1239 5767 1336 5834 qui
1361 5781 1480 5821 vero
1513 5767 1600 5820 illi
1621 5781 1684 5820 ac
1703 5758 1900 5836 singu-
2005 5765 2158 5824 dicos
2185 5758 2472 5825 reférerida
2507 5769 2596 5838 sit,
2632 5775 2694 5824 ut
2722 5767 2930 5825 dictum
2959 5758 3044 5824 est
3069 5768 3218 5838 (Cap.
3251 5767 3325 5834 4).

305 5826 417 5882 lari
441 5826 572 5884 bono
595 5831 678 5884 ita
693 5834 905 5900 Jugtter
924 5831 1105 5887 valeat
1116 5833 1397 5900 inluerere,
1424 5841 1485 5892 ut
1513 5852 1618 5892 non
1657 5840 1896 5900 quotidie

397 5853 417 5882 ι
441 5853 572 5884 υυηυ
595 5853 678 5884 uu
693 5853 905 5900 Juguer
924 5853 1103 5887 valeat
1116 5853 1397 5908 tumere,
1424 5853 1485 5892 ut
1513 5853 1618 5892 non
1657 5853 1896 5908 quatiare

293 2929 444 2998 Quod
467 2936 644 2987 sancti
655 2949 833 2990 omnes
851 2940 1113 3008 veraciter
1133 2940 1432 2994 immundos
1459 2954 1515 2994 se
1533 2943 1585 2993 et
1597 2941 1894 3008 peccatores

821 3018 928 3060 esse
956 3007 1190 3073 confessi
1219 3010 1366 3062 sunt.

2009 3639 2078 3692 ab
2099 3655 2155 3694 eo
2185 3640 2509 3694 distractum
2536 3638 2734 3694 sentiat
2767 3636 3075 3706 deliquisse.

2080 3709 2107 3746 ἀ
2138 3712 2351 3782 Integra
2377 3709 2640 3782 sententia
2656 3702 2938 3782 prophetae
2960 3724 2972 3761 :
2997 3709 3093 3763 Vw
3105 3705 3262 3782 mihi,
3283 3705 3412 3774 quia
3428 3702 3603 3782 tacui;

2009 3783 2142 3854 quia
2171 3772 2704 3854 vir'pollutuslabiis
2727 3772 2820 3854 ego
2851 3793 2992 3845 sum,
3019 3785 3126 3854 etc.
3155 3772 3310 3854 _Quai
3337 3772 3496 3854 verba
3525 3775 3600 3854 ρ.

2008 3846 2376 3924 Hieronymus
2413 3851 2626 3910 duobus
2648 3846 2829 3908 modis
2855 3846 3078 3921 exponit
3105 3865 3117 3900 :
3150 3847 3348 3908 Isaias,
3380 3846 3598 3924 inquit,

1997 3922 2171 3995 juxta
2199 3917 2342 3995 LXX
2367 3925 2706 3995 Interpretes,
2735 3917 3103 3992 compunctum
3133 3931 3188 3973 se
3214 3930 3332 3995 esse
3370 3917 3602 3970 testatur

2007 3993 2188 4062 dicens
2211 4012 2226 4046 :
2257 3994 2301 4047 Ο
2327 3996 2490 4048 miser
2509 3993 2642 4060 lego,
2671 3995 2928 4062 quoniam
2949 3993 3289 4062 compunctus
3314 4002 3433 4062 sum
3456 4003 3474 4052 ;
3498 3999 3604 4062 n_ou

2006 4061 2070 4116 ob
2093 4063 2208 4116 alia
2230 4063 2476 4125 crimina,
2502 4057 2596 4116 sed
2612 4057 2741 4130 quia
2767 4062 2911 4115 labia
2942 4057 3163 4115 haberet
3189 4057 3488 4113 immunda.
3508 4058 3604 4113 Fe-

2007 4131 2090 4186 lia:
2112 4133 2429 4188 conscientia
2463 4147 2584 4202 qua:
2610 4129 2822 4187 tantum
2847 4133 2907 4185 in
2932 4145 3173 4202 sermone
3205 4129 3467 4202 peccavit,
3495 4142 3604 4202 non

2005 4217 2101 4258 suo
2140 4204 2290 4267 uitio,
2315 4203 2410 4258 sed
2431 4197 2679 4259 societate
2701 4203 2896 4274 populi
2921 4201 3161 4256 habentis
3184 4197 3396 4271 polluta
3430 4197 3601 4274 labia,

2005 4288 2256 4352 cumquo
2281 4269 2733 4352 loquisarpissime
2753 4269 3052 4352 cogebatur.
3075 4269 3286 4352 Ecqua
3301 4269 3607 4352 ostenditur

2002 4342 2230 4400 nomium
2253 4342 2364 4402 esse
2383 4342 2562 4402 vivere
2583 4362 2703 4401 cum
2724 4342 3108 4416 peccatoribus.
3143 4345 3248 4416 Qui
3271 4344 3408 4416 enim
3424 4342 3608 4416 tangit

1999 4418 2192 4490 picem,
2237 4417 2618 4488 inquinabitu-r
2645 4412 2797 4490 abea
2834 4417 3049 4490 (Eccles.
3065 4412 3356 4490 xui)._Sed
3373 4415 3508 4490 quia
3541 4412 3603 4466 in

2011 4488 2232 4560 Heber
2255 4487 2475 4560 legimus
2502 4508 2518 4544 :
2551 4491 2645 4546 Va:
2679 4489 2817 4544 mihi
2841 4487 2974 4560 quia
2999 4489 3164 4560 tacui,
3189 4487 3404 4560 plangit
3420 4500 3474 4540 se
3486 4492 3606 4560 pro-

2049 4559 2192 4628 heta,
2218 4556 2347 4630 quia
2371 4577 2478 4616 non
2504 4561 2679 4628 fuerit
2707 4556 2902 4630 dignus
2927 4559 3156 4614 laudare
3180 4556 3475 4630 Dominum
3505 4556 3604 4630 Sa;

2113 4623 2316 4686 th'cum
2338 4647 2458 4687 sera
2498 4623 2629 4696 him,
2645 4623 2790 4702 quos
2801 4631 3071 4700 angelicas
3092 4623 3604 4696 fortitudinesintel-

2113 4717 2243 4757 mus.
2279 4704 2394 4760 Non
2435 4649 2552 4770 fluit
2594 4707 2773 4757 autem
2807 4716 2970 4756 ausus
3010 4699 3234 4755 laudare
3285 4698 3568 4754 Dominum
3583 4735 3601 4757 ,
