4040 6194
462 306 598 360 1275

458 520 747 578 hominum
764 515 1193 591 jconversatione
1237 512 1510 571 sordidius
1560 526 1738 585 neque
1791 508 2060 583 impurius

458 615 642 688 potuit
670 613 933 686 reperire,
991 626 1171 684 panno
1220 614 1573 665 menstruata
1603 621 1696 663 eas
1738 618 2061 677 comparare

463 708 659 766 maluit
682 711 704 763 ξ’

1016 819 1257 877 CAPUT
1289 819 1500 875 XVIII.

590 951 767 1004 Etiam
788 948 964 1019 justas
989 953 1038 1003 et
1064 952 1273 1004 sanctos
1299 950 1411 1003 sine
1424 951 1640 1018 peccato
1665 962 1769 1001 non
1800 961 1932 1001 esse.

533 1085 759 1141 Frustra
780 1096 910 1156 ergo
939 1081 1402 1141 manifestissima
1429 1082 1639 1138 veritati
1673 1080 1908 1152 spinosa
1957 1078 2058 1135 ob-

453 1176 710 1250 jectionis
749 1191 979 1234 acumen
1026 1177 1341 1249 opponitur,
1384 1175 1524 1231 sicut
1564 1172 1728 1246 paulo
1766 1179 1894 1228 ante
1921 1170 2059 1226 dixi-

459 1271 593 1327 stis:
618 1270 671 1326 Si
696 1285 862 1326 nemo
885 1270 1004 1326 sine
1030 1277 1270 1341 peccato,
1302 1269 1486 1324 nullus
1514 1275 1601 1323 est
1622 1275 1887 1333 sanctus;
1932 1274 1990 1321 et
2014 1265 2061 1321 si

461 1376 625 1418 nemo
668 1367 918 1427 sanctus,
964 1360 1147 1417 nullus
1191 1375 1320 1432 ergo
1371 1359 1687 1415 salvabitur.
1735 1360 1856 1414 Hoc
1909 1358 2060 1414 enim

459 1453 738 1526 propheta
764 1452 1086 1510 testimonio
1125 1458 1308 1525 potest
1334 1451 1515 1508 nodus
1552 1451 1714 1523 hujus
1740 1450 2060 1524 quastionis

460 1547 692 1605 absolvi.
713 1552 861 1613 Ecce,
896 1547 1095 1621 inquit,
1122 1550 1183 1601 tu
1203 1549 1381 1603 iratus
1410 1562 1483 1611 es,
1506 1550 1557 1603 et
1590 1561 1686 1601 nos
1722 1548 2059 1617 peccavimus

461 1644 643 1712 (Isaia
672 1645 858 1712 LXIV),
907 1641 965 1698 id
993 1651 1097 1712 est,
1126 1657 1258 1699 cum
1303 1642 1538 1698 elatione
1565 1642 1738 1698 nostri
1769 1640 1947 1697 cordis
1979 1640 2059 1697 vel

459 1737 790 1812 negligentia
841 1736 1159 1796 adversatus
1200 1745 1300 1794 tuo
1329 1752 1429 1793 nos
1478 1735 1678 1793 auxilio
1726 1734 2058 1805 denudasti,

1544 291 1825 349 JOANNIS
1862 291 2167 348 CASSIANI
2204 288 2688 346 COLLATIONES.

459 427 543 485 vel
572 423 856 484 immunda
881 423 963 482 vel
992 420 1264 479 horrenda
1290 420 1633 495 judicantur,
1674 418 1801 491 quia
1840 416 1973 473 nihil
2004 418 2060 472 in
2087 421 2141 483 Α

3636 293 3788 349 12⁸76

2739 412 2981 470 CAPUT
3037 410 3201 467 XIX.

2168 531 2257 584 Ea:
2286 529 2583 584 Dominicw
2608 528 2934 598 precationis
2960 506 3204 591 forniula
3243 524 3481 579 ostendit
3510 529 3785 584 neminem

2682 602 2797 654 sine
2823 601 3038 668 peccato
3065 598 3260 649 viuere.

2241 718 2531 773 Neminem
2548 725 2573 752 ³
2588 732 2713 773 vero
2728 716 2783 771 in
2804 714 2905 770 hac
2929 714 3058 781 vita,
3084 712 3337 785 quamvis
3359 721 3643 785 sanctum,
3669 717 3787 773 im-

2096 863 2105 869 .
2169 826 2395 867 munem
2406 826 2525 867 esse
2549 825 2582 865 a
2598 808 2795 866 debitis
2806 817 3182 883 peccatorum,
3213 806 3380 863 etiam
3397 810 3782 882 magisterium

2171 918 2273 961 nos
2320 904 2483 961 docet
2527 902 2846 973 Salvatoris,
2883 901 2976 974 qui
3017 900 3304 980 discipulis
3353 902 3469 958 suis
3516 903 3787 975 perfecta

2170 1000 2433 1057 orationis
2460 997 2759 1057 formulam
2785 995 3030 1065 tradens,
3068 995 3208 1052 inter
3235 996 3444 1069 reliqua
3475 997 3562 1054 illa
3604 996 3782 1056 sublio

2170 1094 2283 1150 mia
2297 1094 2775 1162 sacratissimaque
2800 1091 3056 1148 mandata
3076 1106 3219 1163 qua,
3243 1091 3503 1163 quoniam
3528 1107 3639 1149 non
3658 1095 3775 1152 nisi

2166 1190 2367 1247 sanctis
2421 1187 2779 1263 perfectisque
2816 1196 2951 1244 sunt
2996 1186 3220 1256 tradita,
3274 1187 3432 1243 malis
3487 1196 3543 1243 et
3573 1188 3771 1246 inﬁde-

2169 1283 2309 1340 libus
2341 1282 2633 1340 convenire
2662 1297 2776 1338 non
2823 1288 3079 1353 possunt,
3118 1280 3224 1337 hoc
3279 1279 3446 1352 jussit
3476 1280 3729 1339 interseri
3761 1303 3775 1338 :

2164 1382 2237 1436 Et
2255 1379 2467 1433 dimitte
2484 1378 2632 1433 nobis
2657 1376 2841 1432 debita
2866 1380 3073 1440 nostra,
3086 1378 3226 1431 sicut
3254 1380 3308 1431 et
3326 1391 3422 1432 nos
3448 1377 3779 1433 dimittimus

2165 1473 2488 1528 debitoribus
2522 1474 2723 1527 nostris
2747 1468 2964 1543 (Matth.
2998 1469 3105 1538 vr).
3132 1470 3160 1504 δ
3185 1468 3238 1525 Si
3256 1485 3392 1542 ergo
3414 1485 3543 1526 vera
3571 1470 3695 1527 hac
3723 1478 3781 1526 et

2168 1582 2199 1623 a
2222 1566 2425 1623 sanctis
2450 1563 2729 1639 profertur
2754 1564 2928 1621 oratio
2949 1604 2964 1630 ,
2982 1562 3122 1619 sicut
3148 1561 3529 1619 indubitanter
3550 1563 3777 1620 credere

2167 1676 2269 1718 nos
2297 1668 2531 1733 oportet,
2554 1658 2675 1733 quis
2695 1668 2808 1715 tam
2830 1666 3137 1715 contumax
3161 1665 3212 1712 et
3227 1665 3603 1729 prasumptor,
3644 1665 3769 1714 tam

2168 1753 2420 1827 superbia
2439 1752 2689 1809 diabolici
2712 1752 2915 1808 furoris
2947 1751 3130 1807 elatus
3158 1752 3352 1823 poterit
3384 1750 3651 1819 inveniri,
3678 1751 3777 1823 qui

457 1829 766 1933 anefﬁm_
788 1846 895 1933 ηοξ
913 1845 1136 1933 -Ῡοξεεο
1184 1830 1471 1933 δξεοξδυίῖ
1508 1838 1886 1933 Ρεξοθείοΐυῐηξ
1918 1829 2061 1886 venit
2092 1870 2138 1933 Β
2169 1849 2285 1905 sine
2312 1854 2537 1921 peccato
2563 1860 2622 1903 se
2649 1860 2767 1903 esse
2796 1845 3184 1917 pronuntians,
3212 1858 3322 1899 non
3359 1841 3545 1899 solum
3593 1842 3777 1919 majo-

460 1926 505 1984 si
533 1926 659 1998 quis
685 1924 1128 1999 splendidissimo
1152 1924 1283 1982 solis
1298 1923 1511 1981 diceret
1527 1925 1820 1995 elemento,
1842 1927 1980 1980 Ecce
1999 1931 2060 1980 tu

458 2019 781 2090 occubuisti,
813 2028 872 2077 et
893 2035 996 2077 nos
1037 2020 1183 2077 illico
1202 2019 1493 2078 tenebrosa
1524 2018 1767 2076 contexit
1813 2017 2064 2076 obscuri-

459 2120 563 2170 tas.
592 2116 660 2170 Et
682 2123 868 2172 tamen
893 2114 983 2171 hic
1006 2129 1137 2171 cum
1164 2122 1390 2171 sanctus
1429 2128 1679 2187 peccasse
1702 2128 1761 2169 se
1797 2112 1968 2181 dicat,
2012 2119 2068 2168 et

461 2221 577 2264 non
599 2208 781 2264 solum
809 2222 1088 2280 peccasse,
1126 2206 1223 2263 sed
1253 2206 1419 2263 etiam
1451 2206 1505 2262 in
1530 2205 1659 2279 ipsis
1683 2220 1901 2278 semper
1944 2220 2067 2278 per-

460 2300 727 2355 mansisse
760 2300 1021 2372 peccatis,
1049 2315 1164 2356 non
1192 2300 1443 2372 desperat
1468 2299 1685 2372 penitus
1729 2298 1799 2355 de
1838 2298 2017 2355 salute
2045 2339 2061 2368 ,

461 2389 560 2448 sed
583 2390 805 2463 subjicit
831 2409 847 2448 :
878 2394 942 2448 In
967 2394 1102 2462 ipsis
1123 2393 1331 2459 fuimus
1367 2406 1575 2462 semper
1608 2396 1661 2448 et
1696 2392 2057 2447 salvabimur.

463 2487 620 2541 Hanc
647 2499 748 2556 ego
776 2485 1130 2553 sententiam,
1156 2488 1285 2541 Ecce
1316 2488 1377 2539 tu
1400 2488 1575 2542 iratus
1609 2500 1662 2542 es
1688 2491 1740 2541 et
1772 2500 1865 2541 nos
1888 2501 2069 2555 pecca-

462 2581 658 2648 vimus,
679 2578 752 2634 illi
776 2577 1106 2651 Apostolica
1134 2579 1503 2651 comparabo:
1533 2581 1742 2648 Infelix
1767 2594 1858 2648 ego
1883 2579 2065 2646 homo,

463 2677 585 2744 quis
602 2689 685 2729 me
707 2675 966 2730 liberabit
980 2674 1047 2731 de
1062 2690 1280 2745 corpore
1296 2677 1487 2730 mortis
1513 2674 1675 2745 hujus
1710 2678 1881 2742 (Rom.
1912 2678 2027 2740 vn)
2045 2675 2068 2727 9

460 2769 707 2825 Rursum
728 2766 782 2825 id
800 2767 949 2842 quod
963 2769 1233 2842 propheta
1274 2768 1574 2841 subjungit,
1595 2772 1657 2825 In
1688 2769 1819 2839 ipsis
1859 2769 2068 2836 fuimus

462 2876 670 2934 semper
697 2868 747 2919 et
775 2864 1123 2929 salvabimur,
1154 2862 1615 2936 consequentibus
1653 2861 1901 2935 Apostoli
1926 2877 2064 2916 con-

464 2956 607 3027 gruit
639 2957 839 3027 verbis,
880 2959 1077 3017 Gratia
1113 2960 1211 3016 Dei
1232 2973 1336 3028 per
1370 2960 1549 3014 Iesum
1580 2958 1850 3015 Christum
1879 2956 2059 3009 Domi-

462 3065 595 3105 num
622 3056 884 3107 nostrum.
912 3052 1166 3109 Similiter
1185 3051 1353 3107 etiam
1383 3049 1515 3106 illud
1546 3048 1793 3122 ejusdem
1826 3048 2064 3121 prophe-

464 3151 536 3198 ta
566 3161 579 3196 :
617 3146 711 3199 Va:
730 3146 889 3213 mihi,
916 3149 1050 3215 quia
1075 3148 1163 3200 vir
1184 3145 1424 3215 pollutus
1449 3145 1606 3199 labiis
1637 3159 1727 3213 ego
1754 3158 1899 3212 sum,
1936 3147 1987 3198 et
2008 3145 2070 3197 in

462 3237 634 3290 medio
662 3240 853 3307 populi
872 3241 1085 3307 polluta
1113 3240 1260 3293 labia
1287 3238 1528 3293 habentis
1555 3254 1647 3307 ego
1681 3237 1864 3292 habito
1889 3239 2071 3303 (Isaia:

460 3327 787 3401 vl),videtur
822 3345 989 3403 supra
1033 3330 1212 3387 dictos
1254 3345 1448 3403 sapere
1498 3344 1808 3398 sermones,
1863 3332 2069 3398 Infelix

460 3438 555 3494 ego
573 3424 742 3488 homo,
774 3427 893 3495 quis
918 3440 1003 3481 me
1029 3425 1281 3480 liberabit
1304 3424 1371 3480 de
1410 3439 1627 3495 corpore
1647 3425 1839 3479 mortis
1868 3425 2070 3494 hujus?

462 3519 706 3589 Itemque
730 3518 878 3590 quod
895 3519 1141 3588 sequitur
1165 3519 1221 3573 in
1244 3518 1531 3590 propheta,
1564 3523 1634 3576 Et
1652 3535 1761 3575 ecce
1773 3521 1975 3575 volavit
1994 3521 2070 3575 ad

461 3627 544 3666 me
570 3627 710 3666 unus
751 3612 817 3667 de
842 3614 1131 3682 seraphim,
1173 3618 1225 3669 et
1272 3616 1327 3668 in
1368 3630 1536 3668 manu
1570 3615 1684 3684 ejus
1713 3616 2069 3670 carbunculus

462 3712 573 3766 sive
596 3708 850 3771 calculus,
876 3723 1032 3778 quem
1050 3710 1259 3779 forcipe
1284 3708 1491 3764 tulerat
1516 3708 1581 3763 de
1612 3709 1804 3771 altari,
1815 3712 1880 3780 _et
1894 3710 2071 3778 tetigit

458 3817 515 3860 os
534 3816 733 3869 meum,
754 3806 805 3857 et
833 3801 984 3857 dixit
1005 3820 1022 3856 :
1041 3804 1170 3859 Ecce
1192 3802 1287 3857 hoc
1317 3803 1478 3870 tetigi
1510 3802 1660 3857 labia
1690 3806 1805 3864 tua,
1831 3807 1883 3856 et
1907 3804 2070 3870 aufe-

461 3901 613 3953 retur
646 3897 912 3967 iniquitas
955 3901 1069 3959 tua,
1124 3900 1175 3950 et
1197 3900 1473 3966 peccatum
1517 3900 1668 3950 tuum
1712 3896 2070 3950 mandabitur

459 3990 676 4061 (Ibid);
704 3989 812 4044 tale
836 3996 922 4044 est
952 3995 1013 4043 ut
1042 3987 1191 4043 Pauli
1225 3987 1473 4044 videatur
1516 4002 1611 4043 ore
1643 3987 1943 4060 prolatum,
1978 3990 2067 4062 qui

463 4083 556 4152 ait,
594 4084 786 4141 Gratia
823 4084 922 4139 Dei
957 4097 1057 4154 per
1097 4085 1274 4139 Iesum
1312 4084 1595 4150 Christum
1633 4084 1919 4138 Dominum
1965 4100 2066 4139 no—

460 4181 657 4233 strum.
700 4176 910 4234 Videtis
951 4192 1083 4249 ergo
1125 4174 1593 4249 quemadmodum
1637 4191 1833 4233 omnes
1891 4177 2069 4233 sancti

460 4288 570 4329 non
584 4280 777 4328 tamex
805 4287 1034 4345 persona
1055 4270 1237 4344 populi
1258 4285 1425 4343 quam
1448 4284 1509 4326 ex
1528 4284 1652 4339 sua,
1682 4276 1736 4324 et
1758 4278 2068 4341 peccatores

458 4379 516 4421 se
546 4365 805 4421 veraciter
852 4362 1141 4432 fateantur,
1170 4372 1224 4420 et
1248 4371 1436 4419 tamen
1478 4378 1827 4435 nequaquam
1872 4362 1941 4420 de
1969 4378 2066 4418 sua

459 4456 634 4512 salute
678 4455 990 4528 desperent,
1042 4454 1140 4512 sed
1180 4456 1586 4528 justiﬁcationis
1639 4455 2062 4527 plenitudinem,

458 4564 627 4621 quam
657 4564 755 4621 pro
785 4547 1095 4605 conditione
1141 4546 1449 4621 fragilitatis
1494 4548 1753 4605 humana
1797 4550 2062 4621 consequi

2171 1959 2289 2000 rem
2323 1958 2380 1999 se
2402 1941 2663 2015 apostolis
2700 1938 2906 2009 credat,
2947 1954 3141 1995 verum
3167 1938 3339 1994 etiam
3390 1938 3565 2009 ipsum
3609 1940 3768 2009 quasi

2172 2035 2495 2112 ignorantia
2538 2043 2632 2091 aut
2656 2032 2906 2090 vanitatis
2947 2039 3139 2105 arguat
3167 2031 3536 2098 Salvatorem,
3580 2037 3645 2085 ut
3664 2029 3773 2086 sci-

2176 2134 2298 2190 licet
2321 2140 2419 2209 aut
2456 2129 2705 2187 nescierit
2732 2144 2850 2185 esse
2874 2143 3032 2201 posse
3061 2127 3276 2199 aliquos
3309 2127 3593 2182 immunes
3621 2142 3655 2181 a
3679 2124 3778 2182 de-

2176 2227 2326 2296 bitis,
2355 2233 2448 2282 aut
2497 2223 2694 2281 frustra
2719 2222 2974 2279 docuerit
2994 2237 3092 2278 eos
3114 2235 3263 2294 quos
3298 2219 3485 2276 scierit
3516 2219 3778 2275 orationis

2176 2320 2334 2377 istius
2359 2318 2601 2376 remedio
2638 2333 2748 2374 non
2784 2320 2984 2390 egere?
3022 2314 3131 2373 Sed
3174 2331 3306 2372 cum
3348 2315 3495 2387 regis
3524 2313 3608 2369 sui
3636 2329 3780 2385 pra:-

2176 2423 2329 2488 cepta
2357 2422 2656 2480 servantes,
2695 2426 2886 2468 omnes
2912 2409 3139 2466 omnino
3182 2409 3358 2466 sancti
3402 2404 3646 2481 quotidie
3695 2404 3778 2461 di-

2177 2517 2342 2567 cant:
2370 2510 2590 2566 Dimitte
2630 2508 2782 2563 nobis
2810 2506 2991 2561 debita
3020 2510 3243 2572 nostra;
3269 2503 3315 2560 si
3345 2518 3531 2559 verum
3557 2501 3775 2566 dicunt,

2177 2619 2302 2660 vere
2342 2618 2506 2659 nemo
2546 2610 2630 2658 est
2664 2599 2928 2657 immunis
2955 2614 2986 2655 a
3028 2599 3224 2671 culpa;
3254 2598 3300 2654 si
3338 2606 3528 2653 autem
3556 2594 3771 2661 fallunt,

2176 2713 2332 2768 aque
2360 2711 2549 2752 verum
2577 2703 2662 2752 est
2705 2710 2800 2751 eos
2844 2691 3114 2749 mendacii
3148 2708 3261 2748 non
3305 2706 3493 2747 carere
3529 2698 3774 2762 peccato.

2176 2790 2337 2847 Unde
2360 2790 2525 2846 etiam
2554 2787 2645 2844 ille
2686 2786 3116 2860 sapientissimus
3152 2785 3503 2841 Ecclesiastes
3546 2781 3777 2837 univer-

2169 2900 2259 2941 sos
2283 2891 2434 2939 actus
2471 2890 2522 2937 et
2548 2881 2787 2937 humana
2824 2880 3004 2936 studia
3043 2885 3222 2934 mente
3249 2890 3616 2948 percurrens,
3659 2876 3779 2931 sine

2169 2977 2278 3034 ulla
2293 2975 2609 3049 exceptione
2625 2976 2959 3048 pronuntiat,
2993 2975 3132 3042 Quia
3168 2988 3275 3027 non
3311 2974 3389 3026 est
3401 2971 3595 3041 justus
3625 2970 3775 3024 homo

2178 3077 2237 3128 in
2282 3076 2425 3128 terra
2461 3072 2560 3141 qui
2591 3072 2766 3138 faciat
2783 3070 2975 3125 bonum
3005 3072 3056 3123 et
3072 3083 3181 3122 non
3200 3068 3376 3137 peccet
3406 3065 3593 3136 (Eccle.
3630 3063 3739 3133 vn)
3766 3080 3785 3131 ς

2179 3164 2236 3222 id
2256 3174 2357 3234 est,
2380 3177 2544 3220 nemo
2571 3163 2626 3219 in
2663 3162 2763 3220 hac
2793 3170 2933 3219 terra
2960 3170 3077 3217 tam
3112 3168 3360 3225 sanctus,
3386 3166 3499 3214 tam
3527 3156 3777 3229 diligens,

2107 3272 2152 3335 ρ
2180 3268 2297 3315 tam
2340 3260 2596 3326 intentus,
2644 3257 2724 3313 vel
2753 3257 2932 3329 potuit
2958 3270 3228 3328 umquam
3276 3252 3362 3309 vel
3408 3251 3601 3325 poterit
3626 3252 3776 3306 inve-

2181 3351 2311 3419 niri,
2337 3352 2426 3423 qui
2452 3366 2579 3407 vero
2601 3348 2674 3405 illi
2702 3365 2767 3405 ac
2794 3348 3059 3422 singulari
3097 3346 3247 3404 bono
3274 3347 3349 3402 ita
3368 3345 3576 3419 jugiter
3601 3343 3770 3399 valeat

2180 3445 2467 3512 iuharere,
2487 3451 2547 3500 ut
2567 3459 2678 3499 non
2694 3442 2937 3515 quotidie
2950 3442 3019 3498 ab
3038 3457 3105 3499 eo
3119 3438 3783 3498 distractussesentiatde-

2175 3539 2440 3611 linquere.
2468 3538 2572 3612 Qui
2585 3545 2768 3595 tamen
2779 3552 2905 3593 cum
2923 3532 3583 3608 pronuntieturimmunis
3599 3548 3630 3589 δ
3642 3548 3779 3588 noxa

2178 3647 2296 3690 esse
2326 3647 2439 3689 non
2459 3647 2638 3703 posse,
2653 3630 2839 3703 justus
2870 3646 2988 3688 esse
3008 3628 3362 3686 nihilominus
3386 3643 3501 3683 non
3522 3634 3776 3700 negatur.

2748 3761 2989 3817 CAPUT
3072 3760 3195 3813 XX.

2180 3880 2330 3947 Quod
2346 3881 2402 3933 in
2428 3880 2541 3949 ipso
2568 3894 2777 3948 quoque
2792 3880 3053 3934 orationis
3076 3882 3294 3945 tempore
3316 3878 3593 3944 peccatum
3616 3873 3785 3929 decli-

2745 3951 2872 4005 nari
2897 3952 2992 4004 via
3014 3950 3199 4019 possit.

2251 4081 2514 4154 Quisquis
2542 4082 2765 4154 itaque°
2806 4083 2864 4135 τό
2916 4080 3286 4153 ἀναμάρτητον,
3345 4076 3398 4134 id
3441 4085 3545 4146 est,
3572 4077 3778 4148 impac-

2177 4175 2413 4232 cantiam
2437 4184 2647 4233 natura
2672 4175 2891 4233 ascribit
2940 4175 3221 4244 humana,
3249 4189 3363 4231 non
3390 4171 3638 4228 inanibus
3668 4186 3777 4225 ver-

2175 4269 2278 4338 bis,
2299 4268 2398 4326 sed
2420 4270 2766 4327 conscientia
2793 4285 2909 4328 sua
2931 4269 3248 4326 testimonio
3268 4267 3559 4325 nobiscum
3576 4282 3639 4321 ac
3658 4279 3777 4337 pro-

2175 4363 2396 4420 batione
2423 4363 2701 4436 conﬂigat,
2724 4372 2780 4419 et
2809 4371 2942 4420 tunc
2976 4362 3204 4420 demum
3235 4378 3294 4419 se
3321 4362 3524 4432 absque
3548 4366 3772 4431 peccato

2174 4472 2295 4513 esse
2332 4456 2670 4530 pronuntiet,
2697 4473 2825 4513 cum
2852 4473 2909 4513 se
2935 4456 3005 4512 ab
3029 4456 3135 4513 hoc
3163 4470 3390 4513 summo
3415 4454 3560 4511 bono
3587 4464 3768 4508 sense-

2170 4550 2244 4608 rit
2272 4567 2384 4607 non
2425 4550 2679 4608 avulsum
2711 4572 2723 4607 :
2765 4551 2938 4606 immo
2975 4566 3102 4607 vero
3140 4549 3392 4622 quisquis
3424 4546 3773 4604 considerans

459 4657 521 4702 se
548 4658 707 4717 posse
746 4642 1025 4712 difﬁdunt,
1062 4641 1131 4700 de
1157 4643 1331 4716 gratia
1366 4642 1590 4699 Domini
1618 4652 1672 4699 et
1709 4644 2062 4701 miseratione
2095 4661 2144 4723 ι)
2172 4646 2569 4703 conscientiam
2592 4658 2775 4714 suam,
2799 4654 2860 4702 ut
2892 4660 3007 4701 non
3033 4644 3216 4702 dicam
3242 4644 3489 4717 amplius,
3533 4630 3563 4672 δ
3587 4653 3752 4695 unam

462 4746 821 4811 prasumunt.

2174 4739 2375 4797 saltem
2404 4740 2655 4812 synaxim
2682 4740 2798 4796 sine
2826 4739 2933 4795 ulla
2964 4738 3136 4808 verbi,
3170 4738 3252 4795 vel
3281 4737 3422 4804 facti,
3454 4735 3530 4791 vel
3552 4733 3765 4805 cogita-

1561 4881 1814 4937 ALARDI
1854 4882 2078 4937 GAZA'II
2118 4882 2674 4938 COMMENTARIUS.

530 5017 843 5089 {Intellige
886 5033 1013 5089 cum
1054 5017 1370 5089 exceptione
1420 5017 1755 5089 supradicta,
1808 5018 2056 5076 videlicet

459 5085 664 5145 Christi
701 5085 1001 5161 Salvatoris
1021 5096 1075 5142 et
1118 5085 1367 5161 De'ipara
1399 5085 1662 5161 Virginis,
1706 5085 1871 5161 quam
1902 5090 2062 5148 sicuti

459 5161 649 5217 Patres
678 5157 1018 5233 excipiunta
1047 5157 1402 5233 generalibus
1421 5157 2024 5233 sententiisScriptui-a
2043 5203 2058 5228 ,

460 5246 583 5304 qua
605 5229 816 5305 negant
831 5229 1116 5305 hominem
1143 5229 1337 5305 _vivere
1360 5230 1479 5305 sine
1506 5241 1749 5305 peccato,
1791 5229 1865 5288 ita
1888 5234 2058 5305 etiam

459 5302 741 5383 exceptam
768 5302 939 5383 fuisse
962 5302 1264 5383 dicendum
1278 5310 1359 5359 est
1370 5303 1446 5383 _ab
1469 5302 1799 5383 obligatione
1825 5304 2056 5359 recitan-

460 5372 514 5427 di
535 5372 632 5446 illa
658 5376 969 5432 Dominica
986 5374 1245 5431 orationis
1273 5374 1435 5446 verba
1466 5374 1521 5430 in
1546 5372 1763 5446 propria
1795 5390 2052 5445 persona;

460 5443 573 5520 sed
600 5465 674 5520 ea
717 5449 973 5505 recitasse
1020 5463 1122 5520 pro
1155 5453 1283 5520 toto
1332 5443 1578 5501 fidelium
1621 5443 1810 5514 cuitu,
1842 5446 1899 5502 in
1944 5463 2056 5520 quo

462 5515 860 5593 multi,_immo,
886 5515 1085 5593 prater
1109 5518 1279 5593 illam,
1300 5532 1501 5593 omnes
1529 5525 1695 5593 erant
1719 5515 2054 5591 peccatores,

460 5586 1382 5689 atqu:'hgtfnfuissefingularefjus
1406 5586 1769 5689 privilegium.

516 5655 556 5736 ,ξ’
589 5655 667 5709 Ex
691 5655 799 5736 illa.
827 5655 1088 5736 petitione
1131 5655 1730 5736 oratiénisDoqriﬁiea
1757 5662 1868 5736 duo
1891 5664 2051 5736 a_Pa-

458 5725 634 5782 tribus
673 5725 1007 5808 (colliguntur
1054 5729 1312 5803 dogmata
1360 5732 1728 5808 ecclesiastica
1778 5732 1903 5787 huic
1932 5734 2052 5787 loco

458 5806 843 5872 consentanea.
894 5799 1158 5872 Primum’
1190 5810 1518 5872 e_st_omnes
1567 5803 1817 5858 homines
1875 5816 2051 5872 quan-

459 5867 660 5921 tumvis
674 5867 854 5937 justos
882 5870 939 5920 et
965 5874 1185 5920 sanctos
1212 5870 1266 5922 in
1295 5869 1397 5922 hac
1424 5871 1533 5924 vita
1569 5886 1683 5925 non
1710 5867 1906 5925 carere
1923 5887 2051 5941 pec-

2167 5021 2500 5087 catisscum
2550 5036 2745 5076 omnes
2793 5019 3038 5090 quotidie
3085 5019 3270 5077 dicere
3315 5018 3555 5075 habeant
3608 5017 3724 5090 Ι)εο
3756 5034 3773 5069 :

2169 5095 2389 5148 Dimitte
2420 5094 2571 5148 nobis
2593 5094 2776 5147 debita
2804 5088 3009 5162 nostra.
3037 5093 3128 5162 ita
3160 5101 3359 5162 prater
3382 5088 3771 5162 eateros_Ter-

2169 5163 2424 5235 tullianus
2466 5170 2521 5219 et
2565 5162 2868 5235 Cyprianus
2897 5161 2992 5219 lib.
3016 5161 3085 5219 de
3112 5156 3397 5235 oratione.
3432 5156 3774 5224 Secundum,

2168 5234 2315 5314 quod
2344 5250 2412 5289 ex
2443 5233 2620 5306 priore
2653 5233 2925 5307 sequitur,
2958 5249 3076 5314 esse
3111 5233 3376 5314 quadam
3408 5236 3628 5314 peccata
3656 5243 3782 5311 fe.-

2167 5303 2352 5370 Iiialia,
2384 5303 2507 5377 qua
2534 5303 2851 5377 natura—sua
2878 5321 2992 5361 non
3021 5303 3227 5377 faciant
3260 5303 3559 5377 hominem
3596 5303 3783 5377 inimi-

2167 5372 2446 5449 cum_Dei,
2470 5384 2665 5449 etcum
2688 5376 2883 5449 gratia,
2899 5376 3164 5449 charitate
3177 5385 3235 5449 et
3250 5372 3782 5449 justitia‘eonsistere

2169 5447 2379 5519 possint
2402 5464 2416 5503 :
2445 5462 2478 5503 a
2505 5444 2718 5518 quibus
2731 5448 2958 5518 proinde
2976 5447 3136 5519 justi,
3155 5444 3285 5504 licet
3306 5462 3420 5503 non
3440 5445 3552 5501 sint
3576 5444 3783 5519 immu-

2166 5514 2284 5591 nes,
2301 5519 2435 5591 justi
2458 5590 2461 5591 ν
2482 5514 2607 5591 esse
2626 5514 3131 5576 nihilominus'non'
3156 5527 3453 5591 negantur,
3496 5524 3560 5571 ut
3587 5516 3644 5571 in
3672 5514 3783 5570 line

2169 5590 2785 5695 ηυξ

2291 5659 2714 5734 lmpeccantiam
2767 5660 3077 5734 dixit,_non
3128 5659 3674 5733 impeccabilitatem,
3716 5666 3783 5713 ut

2164 5731 2452 5805 Ciaconi'us
2480 5748 2640 5805 supra
2660 5733 2910 5804 exposuit
2936 5732 3089 5804 (Cap.
3119 5737 3193 5800 7).

2232 5790 2260 5835 ά
2281 5804 2353 5885 id
2383 5814 2487 5870 est,
2516 5790 2869 5885 cbnvenium,
2922 5790 3249 5872 oraiionem,
3278 5801 3781 5865 communionem,

2163 5880 2223 5928 ut
2245 5874 2379 5931 alias
2401 5884 2673 5932 notatum.
