4040 6194
324 287 459 340 1277

973 275 1310 336 COLLATIO
1349 279 1532 334 XXIII.
1570 307 1642 318 -—-
1678 278 1768 333 DE
1803 277 2024 334 VELLE
2060 275 2295 333 BONUM
2335 277 2419 332 ET
2461 277 2687 333 AGERE
2722 229 3009 332 MALUM..

3500 277 3636 334 1278

318 407 493 465 tionis
545 402 980 476 interpellatione
1027 418 1086 460 se
1131 399 1554 474 deprehenderit
1597 377 1918 472 celebrasse,
1952 409 2005 470 Α
2031 410 2144 460 test
2187 417 2304 460 esse
2347 411 2677 473 contentus;
2721 411 2776 459 et
2808 411 3018 475 quanto
3061 403 3184 476 quis
3227 401 3400 459 fuerit
3443 413 3628 462 mente
3664 473 3679 479 _

320 500 526 574 absque
550 507 773 572 peccato
797 513 859 554 se
885 511 1004 554 esse
1025 497 1366 570 pronuntiet.
1411 497 1646 554 Proinde
1672 486 1802 568 quia
1837 497 1922 554 his

319 593 578 653 omnibus
623 591 814 650 otiosis
839 607 905 649 ac
931 591 1226 664 superﬂuis
1252 589 1416 649 rebus
1439 599 1468 627 ⁸
1495 591 1772 650 volucrem
1810 592 1922 648 hu-

320 702 502 744 manae
528 684 728 742 mentis
755 699 1047 741 excursum
1092 681 1334 741 fatemur
1367 699 1552 742 carere
1587 697 1700 742 non
1736 699 1918 758 posse,

320 797 420 855 per
456 780 562 837 hoc
603 778 790 852 utique
832 787 1242 852 consequenter
1268 778 1391 836 sine
1430 787 1656 852 peccato
1678 794 1782 837 nos
1809 795 1922 836 non

319 887 444 932 esse
479 873 738 931 veraciter
789 871 1140 930 conﬁtemur.
1180 873 1326 929 Nam
1362 873 1650 945 quantavis
1691 874 1919 930 circum-

319 964 600 1038 spectione
624 963 1001 1036 unusquisque
1023 978 1122 1019 cor
1161 977 1324 1020 suum
1353 979 1570 1020 servare
1593 962 1918 1031 contendat,

321 1073 633 1130 numquam
668 1057 726 1114 id
748 1055 1052 1114 secundum
1077 1053 1414 1114 desiderium
1437 1057 1660 1130 Spiritus
1686 1057 1792 1126 sui,
1831 1071 1916 1112 re-

325 1159 602 1224 pugnante
625 1149 803 1206 carnis
821 1149 1162 1220 conditione,
1191 1150 1478 1208 custodiet.
1521 1153 1742 1223 Quanto
1771 1149 1920 1206 enim

323 1245 500 1316 magis
543 1244 832 1316 profecerit
873 1259 1036 1302 mens
1063 1244 1300 1301 humana
1319 1287 1335 1314 ,
1365 1253 1420 1301 et
1457 1243 1530 1301 ad
1569 1244 1921 1301 sinceriorem

324 1338 804 1410 contemplationis
832 1339 1139 1412 pervenerit
1178 1340 1497 1412 puritatem,
1527 1347 1681 1396 tanto
1712 1354 1772 1396 se
1807 1339 1919 1396 im-

325 1431 682 1490 mundiorem
709 1433 864 1506 quasi
897 1449 996 1507 per
1032 1435 1314 1506 speculum
1335 1449 1450 1491 suae
1473 1434 1725 1504 puritatis
1749 1434 1918 1508 inspi-

321 1527 451 1593 ciet,
471 1528 600 1600 quia
631 1543 851 1585 necesse
888 1536 972 1586 est
997 1536 1060 1584 ut
1095 1527 1228 1586 dum
1269 1527 1492 1585 animus
1528 1527 1600 1585 ad
1625 1527 1918 1585 sublimio-

321 1635 444 1676 rem
469 1635 530 1676 se
558 1620 802 1676 extendit
821 1622 1102 1691 intuitum,
1141 1629 1194 1678 et
1211 1623 1423 1694 majora
1451 1637 1620 1694 quam
1645 1621 1760 1694 agit
1787 1636 1916 1693 pro-

318 1711 556 1784 spiciens
581 1713 945 1785 concupiscit,
984 1713 1076 1768 illa
1122 1717 1178 1769 in
1215 1714 1414 1787 quibus
1451 1723 1536 1770 est
1573 1723 1633 1770 ut
1660 1713 1919 1770 inferiora

319 1819 534 1878 semper
560 1819 623 1861 ac
640 1805 832 1862 viliora
861 1805 1146 1878 despiciat.

895 1919 1136 1974 CAPUT
1190 1919 1328 1973 XX!
1338 1957 1353 1972 .

321 2021 476 2088 Quod
499 2021 620 2074 licet
654 2033 996 2088 agnoscamus
1031 2034 1131 2075 nos
1157 2021 1271 2075 sine
1293 2024 1506 2089 peccato
1525 2022 1648 2077 'non
1668 2037 1795 2085 esse,
1820 2038 1926 2079 non

395 2089 676 2145 debeamus
715 2095 894 2146 tamen
927 2105 1024 2146 nos
1050 2107 1085 2146 a
1116 2093 1394 2148 Dominica
1417 2095 1778 2148 communione
1805 2109 1926 2150 sus-

383 2161 640 2232 pendere.

397 2271 642 2328 Plurima
677 2269 946 2344 siquidem
986 2271 1210 2328 denotat
1247 2270 1506 2330 sincerior
1531 2271 1780 2343 obtutus,
1827 2291 1926 2348 pa-

314 2367 504 2438 ritque
556 2365 658 2422 sibi
697 2366 966 2439 majorem
1011 2365 1455 2439 reprehensionis
1499 2367 1749 2426 dolorem
1795 2369 1928 2426 irre-

317 2454 701 2530 prehensibilis
750 2457 890 2527 vita,
949 2465 1005 2514 et
1079 2457 1403 2530 multiplicat
1461 2459 1698 2532 gemitus
1759 2466 1926 2535 atque

317 2551 555 2624 suspiria
584 2550 892 2608 emendatio
929 2567 1148 2609 morum
1175 2561 1229 2609 et
1252 2553 1536 2610 aemulatio
1568 2561 1773 2610 attenta
1803 2554 1928 2610 vir-

315 2653 529 2702 tutum.
559 2648 731 2702 Nemo
759 2645 908 2702 enim
943 2645 1034 2702 illo
1063 2645 1119 2702 in
1149 2661 1259 2718 quo
1289 2645 1596 2718 profecerit
1623 2646 1793 2720 gradu
1824 2662 1927 2719 po—

2031 497 2334 570 purgatior,
2359 503 2533 566 tanto,
2556 511 2614 554 se
2631 495 2992 564 sordidiorem
3017 495 3228 567 videns,
3248 497 3424 570 magis
3447 496 3630 554 humi-

2017 589 2199 646 olitatis
2250 603 2418 662 quam
2465 589 2719 647 elationis
2771 589 2974 646 invenit
3025 603 3248 660 causas;
3311 599 3629 664 quantoque

2030 682 2300 755 pernicius
2337 683 2407 740 ad
2443 683 2766 740 sublimiora
2803 682 3176 754 contenderit,
3205 691 3356 740 tanto
3393 685 3630 758 amplius

2030 774 2289 848 praevidet
2313 775 2417 832 sibi
2442 791 2726 848 superesse
2753 791 2862 848 quo
2889 774 3097 833 tendat.
3125 776 3370 849 Denique
3389 777 3478 834 ille
3492 793 3632 850 apo-

2029 871 2301 927 stolorum
2318 870 2575 942 eximius,
2597 886 2768 942 quem
2793 869 3052 944 diligebat
3083 873 3245 928 Jesus
3262 911 3278 940 ,
3299 871 3629 929 recumbens

2029 981 2194 1038 supra
2223 975 2410 1040 pectus
2446 966 2566 1038 ejus
2585 1006 2602 1037 ,
2631 965 2774 1024 hanc
2800 966 2952 1040 quasi
2977 982 3040 1023 ex
3071 965 3363 1024 Dominico
3401 967 3631 1038 protulit

2032 1058 2198 1114 corde
2229 1058 2558 1116 sententiam
2587 1077 2600 1115 :
2640 1061 2703 1117 Si
2734 1060 3036 1117 dixerimus
3067 1063 3200 1130 quia
3227 1066 3502 1130 peccatum
3527 1075 3636 1116 non

2029 1149 2304 1214 habemus,
2344 1154 2454 1221 ipsi
2483 1167 2578 1208 nos
2609 1153 2930 1221 seducimus,
2957 1157 3010 1210 et
3047 1155 3252 1210 veritas
3274 1157 3333 1231 in
3353 1155 3508 1211 nobis
3527 1170 3634 1210 non

2029 1247 2108 1299 est
2137 1242 2180 1314 (ι
2210 1245 2364 1298 Joan.
2393 1242 2459 1314 ι).
2495 1245 2680 1316 Itaque
2705 1243 2951 1300 dicentes
2986 1260 3088 1301 nos
3116 1261 3230 1301 non
3259 1245 3464 1302 habere
3499 1261 3634 1320 pec-

2029 1345 2234 1406 catum,
2266 1339 2582 1407 veritatem,
2612 1337 2668 1393 id
2691 1344 2796 1408 est,
2825 1338 3109 1395 Christum
3135 1353 3248 1396 non
3277 1339 3540 1398 habentes
3579 1341 3656 1412 in_

2029 1429 2206 1498 nobis,
2234 1429 2364 1503 quid
2383 1429 2528 1486 aliud
2557 1429 2892 1502 proﬁcimus,
2909 1430 3016 1487 nisi
3035 1439 3098 1488 ut
3114 1447 3218 1488 nos
3238 1431 3340 1488 hac
3360 1433 3473 1506 ipsa
3502 1449 3631 1506 pro-

2029 1523 2267 1582 fessione
2295 1539 2360 1581 ex
2383 1523 2759 1596 peccatoribus
2783 1525 3076 1582 sceleratos
3101 1532 3270 1596 atque
3293 1527 3496 1599 impios
3533 1543 3634 1599 ap-

2029 1617 2364 1688 probemus?
2405 1618 2690 1674 Postremo
2729 1617 2776 1674 si
2823 1616 2976 1674 cordi
3019 1625 3102 1674 est
3131 1619 3312 1676 verius
3351 1620 3632 1691 explorare

2027 1719 2214 1767 utrum
2241 1711 2492 1784 possibile
2529 1712 2600 1769 sit
2625 1711 2881 1770 humanae
2911 1711 3230 1770 substantia:
3258 1711 3316 1766 τὸ
3347 1711 3630 1785 ἀναμάρτη-

1951 1823 2000 1884 B
2028 1823 2136 1874 τον,
2157 1804 2213 1862 id
2237 1815 2336 1875 est,
2356 1806 2775 1878 impeccantiam
2799 1806 3097 1879 possidere,
3121 1823 3152 1864 a
3172 1807 3370 1878 quibus
3399 1806 3631 1865 manife-

2031 1897 2166 1955 stius
2180 1897 2389 1956 discere
2407 1899 2734 1972 poterimus,
2755 1915 2920 1972 quam
2941 1900 3011 1956 ab
3033 1899 3118 1957 his
3127 1900 3218 1973 qui
3242 1915 3462 1956 carnem
3475 1916 3634 1957 suam

2032 1992 2419 2052 cruciﬁxerunt
2441 2010 2569 2052 cum
2597 1994 2740 2051 vitiis
2766 2003 2822 2052 et
2848 1995 3328 2068 concupiscentiis,
3355 2005 3410 2052 et
3437 1996 3632 2068 quibus

2031 2103 2158 2146 vere
2179 2087 2478 2146 cruciﬁxus
2502 2097 2586 2146 est
2607 2089 2846 2146 mundus
2859 2089 3061 2161 (GaIat.
3079 2106 3134 2159 ν,
3152 2095 3237 2158 vr)
3257 2090 3395 2160 ?Qui
3417 2105 3545 2146 cum
3561 2088 3629 2146 de

2031 2181 2288 2240 cordibus
2325 2182 2437 2239 suis
2485 2198 2600 2239 non
2652 2182 2833 2240 solum
2883 2183 3140 2240 radicitus
3193 2183 3324 2240 vitia
3381 2182 3630 2240 universa

2033 2275 2426 2346 convulserint,
2457 2292 2648 2334 verum
2695 2277 2862 2334 etiam
2911 2287 3260 2350 peccatorum
3304 2276 3656 2334 memoriam.

2031 2385 2096 2426 ac
2121 2369 2477 2442 cogitationes
2504 2379 2771 2426 conentur
2815 2369 3125 2436 excludere,
3159 2369 3638 2427 nibilominusta-

2033 2478 2164 2520 men
2209 2463 2449 2534 quotidie
2491 2463 2718 2520 ﬁdeliter
2763 2463 3112 2534 proﬁtentur,
3141 2477 3210 2517 ne
3250 2478 3361 2518 una
3407 2461 3630 2533 quidem

2034 2556 2168 2610 hora
2211 2555 2420 2611 macula
2456 2569 2514 2611 se
2549 2570 2733 2612 carere
2771 2555 2991 2627 peccati.
3021 2548 3046 2587 b
3072 2557 3190 2612 Nec
3235 2563 3421 2612 tamen
3457 2571 3522 2611 ex
3563 2569 3628 2610 eo

2009 2645 2302 2704 .debemus
2343 2663 2444 2704 nos
2469 2663 2501 2704 a
2534 2648 2822 2705 Dominica
2849 2648 3238 2706 communione
3281 2647 3631 2722 suspendere,
3741 2651 3748 2658 '

1425 2791 1679 2846 ALARDI
1717 2792 1944 2847 GAZEI
1983 2791 2540 2848 COMMENTARIUS.

269 2977 276 2984 .
391 2933 423 2998 εξ
443 2925 579 2980 Vide
603 2927 950 2998 collationem
976 2929 1278 2998 septimam
1303 2941 1427 2997 quae
1447 2928 1610 2984 estde
1634 2929 1932 2984 mobilitate

321 2997 530 3050 animle
549 3009 712 3065 quam
739 2994 826 3065 hic
845 3003 1000 3050 vocat
1027 2994 1294 3050 uolucrem
1319 2994 1576 3050 humanae
1610 3001 1804 3052 mentis
1833 3014 1928 3052 ea:-

327 3063 742 3122 cursumfAlibi
750 3063 1044 3136 (Collat.,24
1059 3081 1176 3135 cap.
1191 3065 1631 3136 24),multivolam
1645 3069 1820 3122 animi
1830 3083 1927 3123 va-

316 3141 554 3194 nitatem
589 3139 642 3191 et
671 3134 900 3206 lubricos
922 3134 1236 3202 discursus;
1263 3134 1334 3192 de
1361 3135 1558 3206 quibus
1584 3139 1652 3192 D.
1699 3139 1926 3194 Bernar-

318 3209 430 3278 dus
455 3205 527 3263 de
555 3205 804 3278 interiori
823 3204 993 3278 domo
1026 3221 1146 3278 cap.
1176 3212 1246 3262 54
1270 3214 1322 3262 et
1342 3204 1458 3278 seq.

395 3272 424 3312 δ
467 3281 546 3334 Ex
587 3277 690 3334 hoc
712 3278 833 3333 loco
871 3284 927 3348 et
953 3276 1018 3332 iis
1059 3272 1184 3348 quae
1227 3272 1527 3348 sequuritur
1557 3286 1744 3348 aperte
1771 3277 1927 3335 disci-

319 3365 457 3430 mus
481 3355 692 3430 veteres
715 3347 1015 3430 monachos
1039 3347 1206 3430 etiam
1245 3347 1840 3430 in’desertiSOagentes,
1869 3357 1926 3430 et

322 3421 521 3489 laicos,
549 3420 606 3476 id
649 3429 756 3486 est,
785 3420 954 3475 sacris
999 3419 1283 3489 ordinibus
1310 3417 1536 3474 minime
1572 3417 1832 3486 initiatos,
1869 3429 1931 3476 ut

320 3498 484 3574 erant
511 3488 912 3572 pleriqueoejus
948 3488 1210 3616 tenuioris
1227 3530 1258 3572 ,.
1290 3497 1354 3572 ut
1387 3503 1531 3560 saepe
1576 3489 1784 3572 dictum
1823 3499 1926 3572 est,

320 3562 580 3616 singulis.
614 3569 676 3616 ut
702 3576 1024 3616 minimum.
1089 3575 1336 3616 ommicis
1363 3575 1772 3616 communicare
1794 3563 1926 3616 soli-

320 3559 580 3634 singulis,
614 3559 681 3616 ut
702 3559 1024 3629 minimum,
1049 3559 1336 3616 dominicis
1363 3559 1772 3616 communicare
1794 3561 1926 3617 soli-

320 3640 441 3706 tos.
477 3631 637 3700 Quod
683 3647 767 3706 ex,
800 3631 988 3688 multis
1025 3631 1159 3706 aliis
1184 3631 1423 3688 Cassiani
1473 3631 1607 3706 locis
1653 3633 1928 3706 colligitur

321 3703 472 3773 (Lib.
507 3717 586 3785 in
635 3705 814 3785 Instit.
846 3719 904 3785 Ac.
956 3707 1010 3767 2,
1061 3703 1238 3785 collat.
1273 3703 1805 3785 7.c_ap.ul_t..,_.collatl
1839 3707 1904 3785 ιβ

318 3789 446 3853 cap:
483 3778 586 3854 ιδ,
626 3775 910 3856 collatas:
938 3789 1058 3843 cap.
1099 3773 1442 3856 15),.quibus
1479 3773 1552 3828 illi
1577 3773 1768 3832 diebus
1801 3773 1912 3858 sab

317 3844 526 3900 batims
545 3852 601 3924 et
630 3843 921 3926 dominicis
945 3859 1102 3900 more
1119 3845 1509 3926 _Orientalium
1551 3846 1629 3926 ad
1646 3845 1926 3902 ecclesiam

317 3921 665 3980 convenisse,
711 3921 766 3968 et
798 3927 962 3984 sacra
993 3921 1250 3984 mysteria
1279 3921 1548 3984 peregisse
1583 3924 1638 3970 et
1663 3931 1929 3972 consum-

317 3998 532 4050 masse,
555 3999 664 4039 uno
691 3998 754 4039 ex
793 3982 895 4038 illis
919 3982 1198 4038 sacerdote
1237 3982 1564 4050 celebrante,
1589 3991 1645 4038 et
1671 3984 1791 4041 aliis
1817 3987 1925 4043 mi-

315 4054 932 4135 nistrante,‘leguntur.
967 4053 1110 4135 §ed_
1127 4061 1185 4135 et
1228 4052 1502 4135 Palladius
1531 4053 1588 4110 in
1633 4055 1924 4135 Pachomio

319 4127 576 4197 (Lausia‘.
619 4124 734 4190 38):
761 4124 902 4197 inter
931 4124 1037 4197 alia
1064 4124 1502 4197 Tabennensium
1525 4125 1924 4185 monachorum

317 4194 600 4262 instituta,
641 4197 710 4252 ab
737 4195 932 4268 angelo
972 4195 1192 4268 dictata,
1228 4195 1392 4252 etiam
1423 4194 1526 4251 hoc
1555 4198 1927 4268 praescriptum

314 4268 522 4327 refert:
541 4267 903 4338 Ingredien’tes
925 4267 998 4322 ad
1034 4267 1238 4325 Christi
1256 4267 1676 4323 communionem
1704 4267 1928 4327 sabbato

314 4347 370 4397 et
396 4341 676 4396 dominica
693 4355 855 4395 zonas
877 4340 1106 4405 solvant,
1126 4341 1376 4410 etpellem
1398 4339 1616 4410 ouillum
1639 4341 1925 4410 deponant,

314 4417 370 4468 et
392 4427 520 4466 cum
545 4412 660 4466 sola
679 4412 885 4481 quentia
905 4409 1303 4481 ingrediantur.
1329 4409 1491 4480 Quod
1509 4419 1564 4466 et
1591 4409 1926 4469 Sozbmenus

311 4483 468 4556 (Lib.
512 4495 587 4536 ιιι
607 4471 732 4556 cap.
769 4481 855 4556 ιε)
879 4489 940 4556 _et
963 4471 1305 4556 ifiicephorus
1334 4471 1567 4556 (Libui):
1590 4498 1654 4556 7c.
1677 4483 1758 4554 l4)
1785 4491 1923 4540 atte-

311 4551 562 4626 stantur.
607 4551 817 4626 Regula
846 4551 1398 4626 ejusdem'Pachomii
1421 4567 1453 4608 a
1482 4551 1923 4626 D.7Hiero'nymo

311 4620 630 4680 Latinitate
649 4620 995 4678 donata'art.
1026 4627 1060 4676 5
1091 4623 1172 4678 sic
1199 4623 1363 4679 habet
1393 4641 1407 4678 :
1445 4627 1507 4680 In
1535 4625 1624 4680 die
1652 4620 1924 4686 dominica

2042 2944 2207 3002 manu
2227 2929 2549 3002 sumendam
2565 2929 2708 3002 apud
2739 2944 2796 3002 se
2815 2944 3036 3002 servare
3055 2927 3224 3001 (quod
3252 2937 3308 2984 et
3334 2927 3452 2985 aliis
3480 2927 3634 2985 Chri-

2037 2999 2224 3074 stianis
2255 3000 2416 3055 etiam
2434 3000 2582 3074 laicis
2602 2999 2939 3074 permissum
2959 2999 3150 3063 fuisse,
3177 3009 3428 3074 tempore
3445 3014 3632 3072 perse-

2037 3070 2319 3144 cutionum
2351 3070 2632 3144 maxime;
2669 3071 2819 3144 quod
2863 3087 2976 3144 non
3015 3080 3160 3128 esset
3206 3070 3464 3144 liberum;
3499 3085 3634 3144 eum

2039 3138 2260 3216 vellent,
2302 3140 2383 3216 ad
2413 3138 2727 3216 Ecclesiaui
2752 3143 3062 3216 convenire,
3102 3159 3170 3199 ac
3209 3138 3448 3216 synaxin’
3487 3141 3632 3216 cele-

2034 3207 2312 3286 brare,_ei_t
2339 3213 2673 3286 Tertulliano
2713 3214 2848 3284 (Lib.
2889 3229 2913 3272 ι
2953 3215 3028 3270 ad
3054 3207 3332 3280 'Uarorein),
3359 3214 3632 3286 Cypriane

2034 3281 2164 3354 (Ubi
2193 3283 2470 3354 delapsis)
2495 3281 2748 3352 aliisque,
2779 3294 2988 3340 constat
3020 3286 3193 3354 (Greg.
3236 3287 3371 3342 Naz.
3405 3281 3546 3354 erat.
3578 3286 3634 3338 in

1960 3338 2004 3402 C
2031 3338 2192 3422 laude
2230 3338 2506 3419 θοτῄοπὶω
2518 3370 2536 3417 ;
2585 3338 2904 3422 Hieroni/mf
2920 3338 3001 3422 ιη
3022 3338 3302 3422 ipsum
3341 3338 3438 3422 pro
3479 3353 3632 3422 libris

2035 3421 2288 3476 adversus
2319 3423 2614 3486 Jovinian.)
2655 3441 2668 3476 :
2701 3421 2875 3476 immo
2919 3421 3087 3477 etiam
3116 3421 3326 3478 reddita
3346 3421 3355 3422 “
3377 3421 3632 3478 Ecclesiae

2036 3507 2164 3564 pace
2191 3489 2295 3547 sub
2320 3491 2639 3564 Christianis
2659 3497 2720 3564 et
2737 3490 3010 3548 catholicis
3025 3491 3458 3564 imperatoribus
3469 3507 3632 3548 eum-

2033 3561 2175 3636 dem
2193 3578 2353 3619 usum
2397 3562 2731 3636 aliquamdiu
2765 3561 3136 3636 permansisse:
3161 3580 3192 3636 a
3233 3566 3326 3636 SS.
3373 3563 3629 3636 Patr-ibus

2033 3631 2299 3706 traditum
2327 3639 2429 3702 est)
2459 3631 2687 3706 testatur
2719 3631 2788 3690 D'.
2819 3635 3047 3690 Basilius
3074 3633 3143 3690 ad
3171 3633 3332 3706 hujus
3359 3635 3436 3690 rei
3463 3634 3630 3691 ﬁdem

2033 3703 2341 3776 faciendam
2377 3721 2406 3760 a
2434 3705 2666 3776 Baronio
2695 3707 2890 3762 citatus
2921 3709 3001 3776 (In
3029 3703 3312 3776 Martyrbl.
3343 3711 3409 3761 15
3437 3707 3628 3776 Augu-

2033 3777 2154 3848 sti),
2185 3775 2243 3831 in
2271 3776 2429 3848 epist.
2459 3775 2530 3832 ad
2557 3778 2868 3848 Caesaream
2889 3775 3173 3832 Patriciam
3189 3775 3257 3832 de
3286 3775 3630 3848 perceptibne

2034 3847 2538 3915 Sacramentorum,
2566 3847 2652 3904 his
2673 3847 2850 3904 verbis
2881 3864 2893 3900 :
2923 3849 3112 3906 Omnes
3139 3849 3240 3917 qui
3262 3862 3360 3917 per
3387 3847 3633 3903 solitudi-

2032 3933 2125 3974 nes
2141 3921 2484 3975 monasticam
2495 3922 2665 3974 vitam
2690 3924 2883 3989 agunt,
2915 3935 3033 3974 cum
3053 3935 3159 3974 non
3183 3918 3338 3974 adest
3361 3919 3629 3986 sacerdos,

2032 4005 2150 4060 cum
2179 3991 2328 4044 domi
2367 3995 2785 4046 communionem
2819 3991 3070 4058 habeant,
3105 4006 3206 4060 per
3251 3992 3450 4060 seipsos
3491 3993 3631 4045 acci-

2025 4059 2248 4140 piunt,_
2273 4067 2378 4140 etc.
2429 4063 2501 4140 E_t
2549 4069 2850 4140 suppetunt
2893 4061 2962 4116 de
3004 4059 3204 4140 eadem
3248 4076 3308 4140 r_e
3334 4059 3632 4140 complura

2038 4129 2284 4200 exempla
2313 4137 2434 4200 tum
2462 4129 2520 4200 iu
2564 4129 2698 4200 Vitis
2723 4133 2968 4198 Patrum,
2999 4139 3120 4185 tum
3161 4131 3215 4200 in
3255 4132 3417 4186 Prato
3451 4129 3628 4200 Spiri-

2039 4199 2170 4273 tuali
2209 4198 2519 4273 Sophronii.
2553 4199 2661 4273 Sed
2692 4200 2839 4273 quod
2875 4201 2944 4256 ad
2975 4199 3276 4273 monachos
3321 4198 3624 4273 cmnobitas

2037 4271 2258 4344 attinet,
2285 4269 2364 4326 'D.
2407 4269 2934 4344 etiamuBenedictus
2990 4271 3056 4344 iu
3089 4271 3293 4344 Regula
3343 4271 3490 4344 (Cap.
3533 4275 3632 4344 38)

2036 4341 2183 4397 haud
2208 4342 2438 4398 obscure
2457 4341 2720 4416 signiﬁcat
2743 4357 2837 4399 eos
2864 4341 3088 4416 singulis
3112 4341 3306 4400 diebus
3333 4341 3626 4416 dominicis

2033 4427 2246 4488 sacram
2294 4413 2742 4488 communionem
2785 4413 3064 4488 percipere
3107 4413 3467 4488 consuevisse,
3497 4413 3628 4472 dum

2033 4481 2330 4569 de'lectore‘
2346 4481 2966 4569 hebdomadario'agens
2983 4503 2997 4540 :
3013 4487 3288 4569 L‘ecturus,
3303 4484 3498 4569 inquit,
3515 4490 3627 4569 tota

2033 4554 2364 4611 hebdomada
2392 4557 2739 4626 ingrediatur
2749 4554 2976 4626 (scilicet
2989 4557 3059 4614 ad
3073 4556 3260 4628 legend
3269 4554 3403 4622 um)’.
3426 4558 3535 4628 Qui
3553 4559 3628 4610 in-

2031 4627 2278 4698 grediens
2291 4633 2415 4698 post
2443 4631 2634 4685 Missas
2657 4633 2708 4684 et
2743 4627 3177 4694 communionem,
3199 4632 3350 4698 petat
3373 4627 3444 4681 ab
3464 4630 3628 4682 omni-

307 4699 374 4769 in
399 4691 642 4769 collecta,
665 4695 726 4748 in
761 4710 873 4763 qua
899 4693 1187 4769 olferenda
1205 4699 1282 4750 est
1303 4695 1669 4769 oblatio._Ubi
1699 4696 1922 4769 collecta
1953 4699 2002 4762 D
2032 4691 2128 4754 bus
2151 4714 2257 4769 pro
2285 4691 2340 4754 se
2365 4702 2530 4765 arari,
2565 4707 2670 4754 etc.
2703 4701 2825 4755 Post
2843 4691 3258 4755 communionem
3281 4699 3481 4752 scilicet
3498 4699 3628 4764 fra-

307 4765 523 4823 dicitur
565 4773 869 4821 conventus
905 4763 974 4820 ad
1021 4763 1289 4820 orandum
1330 4773 1385 4820 et
1411 4765 1828 4822 sacriﬁcandum
1867 4767 1924 4824 in

308 4835 574 4903 ecclesia,
597 4835 728 4892 alias
756 4835 988 4906 synaxis.
1004 4839 1171 4908 item
1196 4835 1340 4908 apud
1364 4835 1661 4892 Palladium
1681 4841 1919 4902 (Lausia.

306 4910 402 4981 59)
437 4908 724 4981 :_Accessit
750 4907 1046 4981 aliquando
1083 4906 1474 4981 abbas_HeIl_es,
1505 4908 1588 4981 vel
1613 4908 1818 4973 Hellen,
1849 4911 1926 4965 ad

303 4978 582 5052 quosdam
592 4979 902 5052 monachos,
932 4994 1050 5032 cum
1077 4983 1214 5034 esset
1231 4979 1346 5034 dies
1371 4979 1686 5048 dominicus,
1707 4986 1760 5036 et
1777 4981 1925 5037 dicit

303 5048 386 5124 eis
411 5067 433 5106 :
462 5049 576 5106 Cur
585 5048 740 5124 hodie
762 5063 866 5124 non
890 5051 1076 5118 egistis
1097 5052 1356 5124 synamim
1376 5053 1417 5124 ?¥
1431 5053 1482 5106 Ii
1512 5055 1690 5106 autem
1710 5068 1922 5124 respon-

303 5123 520 5178 derunt
562 5138 578 5173 :
611 5122 686 5176 Eo
713 5119 856 5189 quod
890 5133 996 5175 non
1036 5122 1240 5176 venerit
1271 5122 1570 5192 presbyter,
1611 5130 1714 5179 etc.
1755 5119 1918 5180 Unde

301 5192 610 5264 colligitur
624 5199 820 5262 praeter
838 5205 1045 5246 morem
1065 5191 1473 5264 consuetumid
1497 5193 1574 5248 eis
1587 5193 1908 5264 contigisse:

303 5261 823 5336 adeo'quidemtut
845 5277 906 5316 ea
933 5278 991 5318 re
1027 5261 1274 5318 offensus
1309 5263 1496 5336 Helles
1523 5261 1784 5336 magnum
1810 5264 1914 5321 ilu-

300 5350 439 5392 men
461 5332 794 5405 a’crocodilo
816 5341 1002 5390 vectus
1027 5349 1230 5405 magno
1257 5332 1516 5390 miraculo
1545 5332 1914 5405 transmearit,

301 5415 369 5463 ut
398 5421 470 5462 ex
501 5403 606 5460 alia
649 5405 865 5478 regione
880 5403 1235 5478 sacerdotem
1265 5414 1564 5478 accerseret
1606 5406 1832 5478 (Sozam.
1875 5403 1913 5464 l.

300 5493 363 5536 Vl
392 5492 518 5550 cap.
555 5477 970 5550 28,_C_assiodor.
1007 5479 1206 5550 Hister.
1233 5479 1388 5550 :l‘rip.
1429 5477 1524 5532 lib.
1549 5477 1666 5534 vm
1707 5495 1826 5550 cap.
1863 5483 1912 5548 l,

299 5546 599 5618 Nicephor.
654 5546 750 5601 lib.
793 5561 852 5602 χι
900 5563 1019 5618 cap.
1067 5547 1176 5618 34).
1227 5546 1412 5604 Solére
1460 5555 1646 5604 tamen
1689 5546 1917 5606 subinde

299 5621 676 5680 anachoretas
711 5633 807 5673 seu
856 5618 1156 5676 monachos
1184 5619 1240 5674 in
1267 5618 1565 5676 solitudine
1597 5627 1654 5675 et
1686 5621 1915 5677 seorsim

295 5692 370 5748 ab
398 5688 532 5746 aliis
568 5695 809 5758 agentes,
850 5703 978 5744 cum
1020 5689 1090 5745 ad
1140 5690 1424 5746 ecclesiam
1469 5691 1761 5747 convenire
1805 5707 1914 5748 non

297 5765 560 5836 possent,
593 5758 818 5815 absente
854 5758 1136 5836 sacerdote
1174 5769 1270 5818 aut
1295 5762 1571 5836 ministro,
1601 5762 1658 5818 in
1699 5763 1917 5836 privatis

292 5829 518 5892 cellulis
553 5843 767 5887 sacram
807 5829 1193 5888 eucharistiam
1249 5833 1412 5890 certis
1457 5833 1652 5892 diebus
1695 5829 1909 5908 propria

2035 4773 2199 4834 trum,
2250 4769 2326 4825 ait
2366 4772 2814 4825 Turrecrematus
2859 4769 3068 4840 (Ibid),
3115 4785 3236 4838 quae
3281 4771 3628 4840 communiter

2030 4841 2195 4910 ﬁebat
2235 4845 2358 4910 post
2393 4843 2636 4910 Missam,
2665 4841 2776 4896 sive
2813 4839 2888 4894 ad
2916 4839 3137 4896 MisSam
3157 4840 3429 4910 majorem
3465 4839 3628 4904 (Vide

2031 4913 2198 4966 etiam
2223 4909 2633 4966 declarationem
2657 4911 2972 4977 Cassinen.).
2994 4913 3066 4966 Et
3089 4909 3170 4965 inf
3169 4927 3227 4968 ra
3262 4909 3414 4966 addit
3432 4911 3494 4966 D.
3527 4911 3625 4966 Be-

2030 4979 2308 5038 nedictus:
2340 4986 2531 5038 Frater
2545 4987 2727 5038 autem
2738 4982 3186 5039 hebdomadarius
3211 4984 3448 5052 accipiat
3469 4984 3624 5036 mim-

2032 5058 2146 5108 tum
2165 5052 2372 5126 (idest,
2389 5069 2584 5125 panem
2603 5069 2729 5109 cum
2751 5062 2903 5126 potu,
2925 5064 2986 5111 ut
3011 5053 3158 5110 idem
3177 5056 3628 5109 Turrecrematus

2029 5123 2268 5194 exponit)
2291 5123 2618 5196 priusquam
2645 5123 2876 5196 incipiat
2913 5127 3097 5196 legere,
3135 5129 3355 5194 propter
3391 5138 3626 5178 commu-

2024 5197 2236 5250 nionem
2257 5197 2514 5251 sanctam.
2547 5195 2658 5253 Ubi
2699 5195 3029 5268 smaragdus
3053 5197 3320 5268 interpres
3353 5212 3364 5248 :
3408 5196 3627 5264 Propter

2023 5270 2439 5323 communionem
2456 5272 2698 5322 sanctam
2723 5267 2874 5335 dicit,
2897 5266 2966 5323 ne
2977 5267 3188 5337 aliquid
3210 5266 3334 5320 inde
3353 5269 3627 5337 sumptum

2025 5339 2571 5418 exscreansprojiciat
2598 5338 2954 5418 in_sputo.Si_c
2982 5336 3126 5418 ipse.
3148 5337 3256 5418 Ubi
3287 5351 3484 5418 magna
3513 5336 3624 5418 elu-

2027 5417 2112 5464 cet
2139 5406 2342 5466 cautela
2387 5406 2441 5466 et
2479 5406 2822 5481 providentia
2874 5409 2951 5481 pii_
2982 5406 3158 5481 Patris
3207 5406 3623 5481 Benedicti,_ob

2026 5481 2390 5537 reverentiam
2417 5477 2678 5536 nimirum
2709 5477 3032 5536 sanctissimi
3056 5477 3393 5536 Sacramenti
3417 5491 3482 5534 eo
3512 5477 3620 5546 die,

2024 5567 2222 5622 nempe
2255 5551 2558 5622 dominico,
2589 5551 2863 5622 percepti;
2909 5565 2980 5606 ne
3006 5549 3134 5621 quid
3164 5547 3302 5622 forte
3343 5563 3408 5604 ex
3445 5564 3534 5617 eo,
3563 5556 3628 5605 ut

2027 5623 2104 5695 ait
2129 5619 2474 5695 Smaragdus,
2491 5619 3102 5695 per—esscreationem‘et
3127 5619 3478 5695 spuitionem,
3501 5635 3626 5695 qua
3701 5664 3710 5682 .

2019 5693 2210 5768 jejuno
2235 5691 2517 5768 stomacho
2559 5692 2804 5768 crebrior
2835 5693 3142 5768 esse‘solet,
3164 5691 3624 5768 inte_r_|egendum

2026 5759 2598 5846 eispuatur._$ed‘jarn
2629 5764 2857 5846 ulterius
2889 5759 3180 5846 videndum
3209 5761 3336 5846 quid
3362 5759 3625 5846 posterio-

2025 5835 2176 5894 ribus
2205 5837 2418 5896 saeculis
2455 5835 2522 5894 de
2545 5836 2646 5894 hac
2675 5835 2965 5894 Missarum
2993 5835 3360 5893 celebratione
3384 5838 3438 5888 et
3465 5845 3623 5887 com-
