4040 6194
450 266 584 322 1279

1522 261 1800 335 JOANNIS
1835 261 2139 319 CASSIANI
2175 258 2663 317 COLLATIONES.

3624 259 3769 315 1280

449 390 576 461 quia
602 405 705 446 nos
730 389 1078 462 agnoscimus
1118 395 1457 460 peccatores;
1487 366 1586 444 sed
1614 387 1683 445 ad
1708 404 1833 447 eam
1867 389 2043 462 magis
2075 392 2130 457 Α
2156 397 2242 446 est
2281 395 2343 443 ut
2374 401 2503 443 cum
2543 384 2648 441 hac
2686 380 2867 442 cordis
2894 381 3197 438 humilitate
3215 422 3231 445 .
3261 396 3366 452 qua
3394 379 3685 438 credimus
3715 393 3771 441 et

451 499 517 541 ac
541 483 714 557 magis
740 490 841 553 est,
874 491 929 539 et
956 490 1175 555 propter
1206 482 1405 539 animm
1443 482 1776 539 medicinam
1822 490 1879 539 et
1902 482 2049 556 puri-

451 574 760 632 ﬁcationem
815 575 1053 647 spiritus,
1096 574 1252 631 avide
1291 572 1657 632 festinandum
1704 595 1717 631 :
1764 585 2046 632 verumta-

450 684 578 727 men
624 686 687 725 ea
726 669 1031 727 humilitate
1060 670 1258 726 mentis
1303 686 1366 726 ac
1394 669 1527 737 fide,
1556 679 1618 727 ut
1653 670 1904 744 indignos
1945 685 2048 727 nos

433 764 791 836 perceptione
819 772 981 821 tantae
1019 764 1204 845 gratiae
1228 764 1557 837 judicantes,
1598 765 1841 822 remedia
1868 764 2049 837 potius

449 856 652 914 nostris
671 856 984 913 vulneribus
1015 857 1354 929 expetamus.
1384 857 1640 929 Alioquin
1665 873 1768 913 nec
1795 857 2048 913 anniver-

448 951 589 1007 saria
618 949 842 1024 quidem
887 951 1050 1025 digne
1088 960 1171 1008 est
1212 951 1590 1025 praesumenda
1626 950 1945 1008 communio
1987 960 2050 1007 ut

453 1043 678 1117 quidam
725 1043 936 1101 faciunt
962 1045 1054 1116 qui
1078 1044 1133 1101 in
1174 1044 1521 1102 monasteriis
1565 1044 1942 1109 consistentes,
1976 1043 2048 1098 ita

454 1147 931 1195 sacramentorum
961 1138 1269 1195 caelestium
1298 1137 1624 1210 dignitatem
1655 1145 1711 1194 et
1751 1135 2050 1193 sanctiﬁca-

452 1229 664 1286 tionem
687 1247 751 1286 ac
776 1231 1034 1287 meritum
1073 1231 1392 1295 metiuntur,
1423 1238 1485 1286 ut
1511 1230 1787 1286 aestiment
1829 1245 1894 1286 ea
1938 1245 2049 1286 non

453 1321 558 1377 nisi
599 1330 817 1378 sanctos
844 1330 1008 1395 atque
1031 1322 1417 1378 immaculatos
1461 1322 1662 1379 debere
1698 1339 2046 1395 prmsumere,

454 1424 643 1473 etnon
674 1416 852 1489 potius
871 1424 933 1471 ut
959 1424 1180 1471 sanctos
1203 1416 1547 1489 mundosque
1574 1432 1676 1472 nos
1701 1432 1803 1473 sua
1830 1417 2049 1488 partici-

454 1508 671 1582 patione
717 1508 1012 1580 perficiant.
1066 1508 1172 1578 Qui
1218 1507 1464 1581 profecto
1493 1508 1763 1582 majorem
1800 1525 2053 1583 arrogan-

450 1601 543 1658 tia“:
579 1602 1086 1674 praesumptionem,
1116 1617 1282 1673 quam
1310 1601 1581 1659 declinare
1630 1602 1733 1659 sibi
1778 1602 2049 1673 videntur,

2154 471 2392 538 fatemur
2415 479 2504 536 illa
2531 485 2870 535 sacrosancta
2898 475 3155 548 mysteria
3181 489 3482 546 numquam
3508 491 3615 547 pro
3649 492 3764 534 me-

2153 575 2258 632 rito
2312 588 2417 631 nos
2467 588 2626 647 posse
2646 571 3022 643 “contingere,
3066 567 3289 639 singulis
3325 583 3394 624 ea
3462 567 3769 629 dominie'm

2154 668 2353 726 diebus
2374 667 2448 726 ob
2475 665 2780 725 remedium
2802 672 3111 723 nostrarum
3134 660 3531 735 aegritudinum
3557 679 3764 735 praesu-

2157 777 2396 831 mamus,
2440 777 2607 834 quam
2634 769 2695 817 ut
2722 775 2855 816 vana
2885 756 3235 831 persuasione
3266 754 3450 812 cordis
3499 757 3651 826 elati,
3682 760 3764 816 vel

2155 865 2281 931 post
2297 872 2504 914 annum
2528 855 2723 928 dignos
2743 861 2973 911 eorum‘
3002 850 3286 924 participio
3314 864 3419 907 nos
3436 865 3559 908 esse
3574 851 3768 909 creda-

2157 965 2310 1008 mus.
2353 953 2700 1023 Quapropter
2728 957 2788 1005 nt
2814 948 2930 1004 haec
2954 945 3255 1018 intelligere
3280 952 3339 1000 et
3366 943 3648 1003 fructuose
3677 954 3761 1004 te-

2158 1062 2288 1103 nere
2328 1045 2620 1119 possimus,
2672 1042 3103 1101 misericordiam
3147 1039 3397 1107 Domini,
3444 1049 3505 1097 ut
3536 1057 3641 1099 nos
3683 1042 3763 1100 ad

2158 1138 2485 1211 perﬁcienda
2519 1139 2638 1196 haec
2663 1138 2899 1211 adjuvet,
2927 1133 3191 1192 attentius
3230 1133 3610 1206 imploremus,
3632 1150 3763 1207 quae

2156 1249 2507 1307 nequaquam
2553 1235 2626 1291 ita
2672 1241 2734 1290 ut
2781 1239 2994 1289 caetera
3053 1229 3309 1286 humanm
3347 1237 3523 1299 artes,
3569 1245 3768 1302 praten-

2144 1327 2320 1385 dente
2357 1327 2596 1400 quadam
2625 1327 2833 1384 ratione
2857 1324 3168 1391 verborum,
3198 1322 3300 1379 sed
3323 1330 3452 1379 actu
3488 1324 3671 1395 potius
3710 1332 3768 1380 et

2157 1419 2483 1492 experientia
2544 1426 2824 1492 praeeunte
2877 1415 3196 1484 discuntur;
3248 1429 3482 1486 quaeque
3519 1430 3765 1484 rursum,

2281 1520 2399 1569 tam
2416 1512 2797 1569 collationibus
2824 1497 3191 1583 spiritualium
3222 1508 3470 1564 virorum
3508 1507 3767 1581 frequen-

2160 1612 2243 1663 ter
2267 1605 2575 1662 examinata
2599 1603 2801 1662 fuerint
2838 1612 2893 1660 et
2928 1602 3115 1675 polita,
3134 1617 3299 1675 quam
3327 1601 3682 1663 documentis
3708 1611 3767 1660 et

435 1694 775 1763 incurrunt;
806 1696 932 1769 quia
957 1697 1039 1753 vel
1077 1703 1210 1757 tunc
1246 1712 1375 1752 cum
1406 1711 1468 1753 ea
1494 1696 1817 1768 percipiunt,
1859 1696 2054 1770 dignos
2154 1686 2472 1769 quotidiana
2510 1697 2840 1777 experientia
2879 1696 3109 1753 sollicite
3150 1696 3410 1764 ventilata,
3439 1704 3535 1751 aut
3579 1695 3763 1753 obso-

436 1804 517 1847 se
556 1791 675 1864 ejus
721 1791 1070 1864 perceptione
1120 1790 1435 1863 dijudicaut.
1470 1790 1644 1847 Multo
1671 1790 1817 1846 enim
1854 1790 2052 1863 justius
2079 1776 2127 1839 Β
2157 1791 2367 1848 lescunt
2399 1792 2629 1861 incuria,
2661 1800 2756 1848 aut
2780 1776 2955 1847 otiosa
2981 1791 3258 1848 oblivione
3281 1789 3602 1862 depereunt.

1551 1899 1807 1954 ALARDI
1846 1899 2072 1954 GAZIEI
2108 1899 2668 1957 COMMENTARIUS.

457 1996 719 2069 munione
756 1997 1153 2055 monachorum
1172 2013 1201 2053 a
1229 1996 1466 2054 summis
1490 1996 1843 2069 pontificibus
1869 1993 2059 2069 decre-

459 2073 580 2141 tum
601 2068 691 2141 sit.
724 2071 789 2141 In
813 2070 1000 2141 primis
1034 2070 1284 2141 Clemens
1307 2070 1377 2136 V,
1406 2069 1461 2124 in
1485 2067 1713 2124 concilio
1744 2067 2058 2141 Viennensi,

459 2139 693 2194 solemni
717 2138 934 2198 decreto
973 2140 1149 2196 sanxit
1170 2141 1440 2206 (Clement.
1471 2142 1548 2196 Ne
1566 2141 1624 2193 in
1652 2154 1804 2209 agro,
1827 2138 1894 2193 de
1911 2142 2060 2193 statu

457 2211 740 2278 monach.),
773 2215 837 2266 ut
880 2212 1109 2282 singulis
1137 2212 1428 2274 mensibus,
1467 2214 1579 2264 tam
1625 2210 1685 2264 in
1719 2211 2060 2282 monasteriis

459 2295 620 2349 quam
641 2286 819 2343 extra,
850 2280 1069 2336 sublata
1092 2284 1362 2335 occasione
1379 2296 1731 2350 quacumque,
1754 2280 1828 2334 ad
1853 2281 2062 2347 confes-

457 2352 657 2406 sionem
670 2352 1023 2406 semelsaltem
1038 2350 1292 2405 accedant
1309 2365 1491 2405 omnes
1520 2356 1571 2405 et
1580 2352 1788 2420 singuli
1795 2351 2057 2419 monachi,

461 2426 509 2477 et
532 2423 588 2475 in
601 2423 789 2491 prima
808 2422 1075 2476 dominica
1102 2423 1298 2477 mensis
1325 2420 1608 2490 cujuslibet
1629 2422 1689 2476 in
1721 2423 2061 2477 monasteriis

459 2506 664 2561 semper
674 2495 1079 2558 communicent;
1100 2494 1212 2546 nisi
1220 2508 1288 2547 em
1302 2507 1465 2547 causa
1482 2494 1642 2560 forte,
1666 2509 1827 2563 quam
1848 2493 2054 2555 abbati,

454 2565 638 2634 priori
662 2568 759 2619 aut
778 2565 1200 2635 paenitentiariis
1214 2566 1653 2619 monasteriorum
1677 2579 1781 2618 non
1798 2563 2060 2635 differant

459 2636 740 2701 intimare;
754 2650 1039 2705 eorumque
1045 2634 1256 2705 judicio
1263 2636 1345 2690 vel
1354 2635 1676 2698 abstineant,
1693 2636 1775 2689 vel
1783 2634 2057 2691 accedant.

469 2705 599 2762 Haec
621 2705 871 2778 Clemens
893 2704 1136 2778 pentifex
1156 2748 1171 2775 ,
1200 2706 1354 2778 cujus
1378 2705 1622 2778 vestigiis
1656 2705 1909 2778 insistens
1930 2720 2060 2778 suc:

461 2790 648 2832 eessor
673 2774 1000 2833 Benedictus
1024 2774 1165 2845 XII,
1184 2774 1433 2834 eamdem
1451 2774 1896 2833 constitutionem
1915 2774 2062 2846 quod

461 2846 861 2918 Benedictinos,
887 2856 998 2904 tam
1043 2847 1347 2904 sacerdotes

459 2917 736 2990 roboravit
769 2928 825 2975 et
864 2918 1139 2990 ampliavit
1176 2917 1263 2974 his
1310 2917 1487 2974 verbis
1522 2919 1863 2986 (Constitutio
1891 2921 2062 2990 Bene-

463 2987 670 3061 dictina
684 3006 800 3060 cap.
837 2990 923 3061 27)
956 2987 974 3044 Ξ
996 2994 1270 3061 Menenius
1300 2991 1519 3061 insuper
1542 2992 1810 3061 uniuersos
1828 2989 2059 3061 priores,

462 3057 923 3115 administratores
952 3063 1002 3113 et
1037 3060 1316 3112 monachos
1346 3059 1513 3127 ipsius
1542 3057 1771 3124 ordinis,
1808 3071 1902 3111 seu
1934 3058 2060 3111 reli-

460 3130 657 3195 gionis,
678 3132 736 3183 in
756 3130 1053 3185 sacerdotio
1072 3130 1405 3191 constitutos,
1425 3129 1576 3182 intra
1590 3128 1850 3190 ecclesias,
1871 3143 2054 3183 mona-

463 3199 629 3250 steria
667 3203 717 3250 et
742 3201 857 3251 alia
880 3200 994 3252 loca
1031 3214 1209 3252 eorum
1244 3199 1620 3253 convcntualia
1647 3198 1961 3267 residentes,
1998 3202 2062 3253 ut

462 3280 642 3338 eorum
666 3267 893 3336 quilibet
922 3267 1003 3322 bis
1021 3269 1104 3321 vel
1132 3272 1239 3333 ter;
1270 3271 1368 3337 qui
1386 3283 1510 3322 vero
1528 3270 1586 3321 in
1603 3269 1957 3338 prioratibus,
1980 3270 2063 3323 vel

464 3336 592 3393 aliis
621 3339 742 3395 locis
762 3354 868 3393 non
882 3336 1336 3406 conventualibus,
1362 3342 1459 3393 aut
1486 3340 1544 3393 in
1563 3336 1776 3403 scholis,
1800 3342 1911 3394 sive
1929 3340 2066 3394 alibi

461 3409 696 3481 fuerint,
720 3412 772 3466 si
791 3426 898 3465 non
911 3411 1268 3481 frequentius,
1292 3411 1481 3465 saltem
1504 3410 1665 3465 semel
1689 3413 1747 3464 in
1764 3412 2067 3481 septimana

467 3479 638 3551 (salva
668 3481 941 3551 honestate
966 3486 1018 3551 et
1055 3480 1238 3534 debita
1273 3481 1567 3551 devotione)
1587 3482 1784 3537 Missas
1811 3479 2065 3538 studeant

463 3549 758 3622 celebrare:
777 3555 826 3604 et
840 3549 1209 3622 nihilominus,
1225 3552 1324 3618 qui
1340 3551 1463 3604 locis
1484 3549 2062 3622 conuentualibusprce-

465 3618 739 3691 sidebant,
768 3622 825 3673 in
845 3621 1000 3687 festis
1024 3621 1346 3675 solemnibus
1366 3622 1559 3676 Missas
1579 3622 1805 3691 majores
1834 3618 2063 3679 conven-

467 3690 638 3766 tuales
665 3691 924 3766 celebrent
945 3692 1007 3766 in
1268 3692 1391 3766 Alii
1414 3707 1535 3766 vero
1551 3690 1998 3762 non’sacerdotes,
2011 3698 2063 3751 et

464 3762 518 3816 si
532 3776 637 3816 non
654 3762 873 3834 saepius,
893 3763 1083 3817 saltem
1100 3764 1329 3831 singulis
1353 3764 1667 3833 septimanis
1685 3767 2058 3834 conﬁteantur,

463 3835 526 3906 et
551 3834 782 3901 singulis
799 3834 1086 3906 mensibus,
1111 3834 1277 3903 juwta
1314 3836 1739 3890 constitutionem
1762 3851 1901 3906 δίελθε
1929 3837 2067 3890 dicti

466 3903 744 3975 Clementis
784 3905 1188 3975 prcedecessoris
1227 3905 1431 3959 editam
1466 3908 1525 3958 in
1568 3908 1809 3974 praefato
1831 3903 2061 3961 concilio

468 3973 798 4042 Viennensi,
812 3975 887 4029 ad
904 3977 1322 4029 communionem
1351 3973 1606 4030 accedant
1632 3994 1649 4028 :
1682 3976 1770 4029 illi
1797 3976 2060 4045 videlicet,

463 4046 561 4113 qui
590 4046 747 4112 infra
787 4046 1051 4109 ecclesias,
1081 4046 1428 4111 monasteria,
1451 4060 1543 4099 seu
1567 4045 1683 4100 alia
1720 4046 1833 4101 loca
1854 4063 2064 4103 conven-

462 4115 635 4186 tualia
649 4121 805 4170 erunt
816 4117 874 4171 in
887 4117 1057 4172 altari
1067 4117 1266 4186 majori
1277 4135 1293 4183 ;
1311 4118 1408 4185 qui
1414 4132 1535 4171 vero
1551 4121 1707 4172 extra
1722 4118 1820 4172 illa
1832 4119 2059 4185 fuerint,

461 4185 559 4240 ubi
563 4190 739 4256 magis
748 4189 924 4241 visum
930 4189 1103 4256 fuerit
1114 4187 1389 4243 honestum
1398 4188 1595 4243 eisdem
1607 4206 1624 4255 ;
1635 4190 1747 4242 nisi
1754 4189 2064 4245 abstineant

460 4272 530 4312 ea:
556 4272 719 4312 causa
747 4259 1072 4313 rationabili
1090 4262 1141 4313 et
1161 4259 1228 4313 de
1264 4259 1479 4314 licentia
1501 4261 1790 4328 superioris
1814 4266 1911 4315 aut
1942 4276 2061 4315 con-

461 4329 722 4402 fessorem
755 4343 989 4402 suorum.
1015 4330 1166 4396 Quod
1203 4331 1253 4383 si
1275 4330 1607 4401 negligenter
1646 4332 1941 4398 omiserint,
1964 4347 2064 4402 per

462 4398 668 4470 eosdem
695 4401 997 4470 superiores
1017 4415 1137 4455 suos
1160 4402 1396 4468 graviter
1422 4398 1755 4470 arguantur,
1785 4406 1837 4455 et
1860 4398 2060 4458 nihilo-

465 4469 643 4522 minus
681 4468 856 4523 debite
877 4471 1198 4539 puniantur.
1232 4474 1340 4525 I’er
1377 4471 1470 4525 hoc
1494 4468 1686 4527 autem
1723 4474 1951 4529 statiuis
1978 4474 2063 4529 vel

461 4540 935 4597 consuetudinibus
958 4542 1318 4596 Ecclesiarum
1332 4581 1347 4608 ,
1369 4544 1831 4610 monasteriorum,
1865 4558 1958 4598 seu
1981 4545 2063 4600 lo—

461 4623 640 4665 corum

1428 2863 1553 2903 nam
1582 2862 1693 2903 non
1732 2846 2059 2915 sacerdotes,
2078 2885 2089 2894 .

2168 1997 2349 2069 prima,
2375 1997 2648 2069 dominica
2695 1995 2985 2069 cujuslibet
3037 1995 3279 2069 mensis,
3322 1994 3759 2069 monachisuon

2166 2062 2538 2125 sacerdotibus
2568 2062 2909 2139 praescribat;
2934 2074 3117 2139 tamen
3154 2062 3288 2123 satis
3310 2074 3498 2137 aperte
3531 2066 3767 2124 insinuat

2168 2147 2354 2222 optare
2372 2155 2431 2222 ss
2453 2148 2505 2194 et
2520 2136 2728 2222 hdrtari
2749 2137 2819 2194 ad
2838 2136 3266 2222 frequentiorem
3285 2136 3763 2222 somm‘uuionem,

2167 2208 2311 2266 sicut
2349 2210 2417 2267 ad
2463 2209 2886 2281 confessionem,
2935 2208 3122 2281 utpote
3153 2208 3659 2281 Ahebdomadariam
3707 2211 3765 2265 in

2169 2281 2435 2354 plerisque
2476 2280 2823 2354 monasteriis
2867 2279 3012 2354 bene
3040 2279 3298 2336 institutis
3335 2288 3682 2354 consuetam,
3710 2289 3765 2337 et

2168 2349 2535 2433 ordinariam;
2566 2360 2686 2433 tum
2729 2351 2832 2407 illis
2857 2349 3030 2432 verbis
3065 2354 3119 2406 si
3141 2368 3250 2433 non
3275 2354 3496 2433 sgittis,
3534 2357 3629 2433 aut
3652 2353 3765 2433 fre-

2167 2427 2434 2495 quentius,
2465 2420 2584 2478 tum
2628 2423 2717 2479 illa
2758 2420 3049 2495 praemissae
3074 2420 3481 2495 constitutionis
3505 2422 3758 2488 clausula,

2169 2493 2272 2576 qua
2314 2494 2555 2576 declarat
2582 2509 2639 2576 se
2670 2493 2890 2576 statutis
2913 2501 2964 2576 et
2991 2493 3476 2576 cpnsuetudinibus
3498 2500 3761 2549 monaste-

2168 2564 2400 2631 riorum,
2432 2564 2488 2620 in
2507 2564 2701 2631 quibus
2726 2565 2932 2621 scilicet
2956 2564 3137 2620 solent
3156 2565 3412 2621 monachi
3448 2580 3556 2620 non
3583 2580 3767 2620 sacer—

2139 2635 2325 2692 dotes
2351 2635 2579 2708 singulis
2607 2635 2897 2708 dominicis
2936 2635 3361 2708 communicare,
3392 2636 3558 2708 nolle,
3585 2636 3644 2691 in
3671 2636 3766 2691 ali-

2168 2723 2274 2778 quo
2311 2706 2615 2778 derogare.
2669 2706 2834 2763 Unde
2881 2714 3277 2778 consequenter
3328 2706 3657 2778 intelligitur
3705 2721 3769 2762 ea

2169 2776 2393 2848 omnino
2429 2776 2762 2848 approbare,
2799 2787 2854 2833 et
2876 2777 2930 2832 in
2964 2776 3280 2848 suo'robore
3296 2793 3364 2833 ac
3395 2776 3666 2848 firmitate
3687 2793 3772 2832 re-

2169 2847 2433 2918 linquere.
2465 2844 2571 2903 His
2602 2844 2827 2918 demum
2872 2847 3072 2904 accedit
3098 2847 3233 2902 sacri
3272 2847 3492 2901 concilii
3531 2844 3773 2903 Trideno

2167 2914 2583 2990 tini'auctoritas
2616 2914 2773 2990 (Sess'.
2801 2923 2893 2983 23,
2929 2934 2973 2974 c.
3012 2923 3070 2974 13
3110 2918 3173 2972 de
3196 2919 3605 2990 Beforrn.)_qua
3625 2918 3766 2990 sub-

2168 2987 2424 3045 diaconos
2442 2997 2498 3045 et
2521 2987 2780 3047 diaconos
2804 2990 3064 3045 admonet
3085 2994 3145 3044 ut
3171 2989 3364 3044 saltem
3386 2988 3577 3043 diebus
3604 2988 3768 3043 domi-

2138 3066 2143 3069 ’
2167 3063 2304 3115 uicis
2332 3065 2383 3115 et
2406 3061 2747 3128 solemnibus,
2772 3076 2890 3117 cum
2900 3061 3071 3116 altari
3088 3062 3533 3122 adnistraoerint,
3556 3075 3763 3114 sacrant

2951 3131 3112 3200 Quod
3148 3130 3193 3186 si
3233 3146 3266 3186 a
3301 3130 3510 3187 clericis
3544 3131 3766 3187 saecula-

2169 3201 2338 3276 ribus,
2373 3202 2546 3258 multo
2582 3200 2809 3276 magis'a
2850 3202 3191 3275 regularibus
3216 3210 3274 3259 et
3299 3200 3561 3274 religiosis
3584 3201 3765 3258 obsen

2167 3272 2612 3416 vagdggticipio,
2642 3343 2696 3416 id
2724 3353 2827 3412 est,
2854 3343 3284 3416 participatione,
3301 3351 3361 3399 ut
3382 3358 3564 3416 supra.
3596 3346 3763 3399 Porro

2170 3413 2338 3486 tales,
2377 3415 2472 3486 qui
2490 3413 2576 3486 ise
2623 3415 2836 3486 dignius
2856 3413 3221 3486 'etudevotius
3263 3413 3763 3486 communicaturos

2166 3134 2581 3203 communionem
2602 3135 2926 3203 percipiant.

2171 3483 2433 3556 putabant
2457 3484 2501 3541 si
2531 3485 2585 3541 in
2624 3483 2832 3542 an'num
2859 3483 3174 3551 differrent,
3207 3493 3421 3542 notasse
3448 3485 3662 3541 videtur
3692 3488 3761 3541 Ι).
3864 3518 3872 3525 -

2171 3555 2498 3612 Ambrosius
2521 3556 2627 3612 illis
2664 3555 2839 3613 verbis
2865 3556 3004 3628 (Lib.
3026 3572 3085 3612 LI
3113 3557 3524 3615 deSacrament.
3553 3572 3669 3626 cap.
3685 3557 3759 3628 4);

2169 3628 2231 3683 Si
2248 3628 2595 3697 quotidianus
2614 3633 2692 3683 est
2713 3626 2891 3699 panis,
2909 3633 3134 3698 curpost
3147 3645 3347 3683 annum
3369 3630 3527 3682 illum
3554 3630 3722 3682 sumis
3738 3626 3765 3681 ἵ

2167 3699 2618 3768 quemadmodum
2646 3700 2820 3758 Grieci
2840 3702 2899 3753 in
2928 3700 3141 3755 Oriente
3160 3702 3335 3766 facere
3359 3704 3763 3754 consueuerunt.

2168 3771 2361 3839 Accipe
2387 3770 2646 3838 quotidie,
2672 3771 2818 3839 quod
2840 3771 3082 3839 quotidie
3099 3772 3200 3824 tibi
3209 3772 3400 3839 prosit.
3421 3771 3769 3839 διζυίυξιιιε

2207 3837 2414 3910 uotidie
2435 3837 2699 3894 merearis
2712 3837 2967 3910 accipere.
2990 3842 3119 3910 Quae
3142 3837 3300 3895 veiba
3310 3838 3359 3910 si
3374 3837 3598 3894 adalios
3614 3837 3768 3895 fide-

2191 3924 2269 3993 es,
2291 3908 2469 3993 multo
2490 3911 2732 3993 msxime.
2750 3908 3151 3993 adireligid‘sos,
3177 3908 3486 3993 sacerdotes
3511 3918 3613 3965 aut
3636 3924 3768 3993 prat-

2140 4018 2143 4019 ν
2168 3979 2307 4036 latos
2328 3988 2600 4052 spectant;
2625 3982 2820 4054 quibus
2844 3979 2983 4054 nihil
3007 3981 3285 4039 decentius
3295 3989 3350 4037 et
3372 3979 3764 4054 congruentius

2169 4067 2287 4133 esse
2314 4050 2514 4124 potest,
2548 4050 2711 4124 quam
2740 4052 3117 4136 quotidianum
3160 4056 3281 4110 Deo
3302 4050 3543 4135 .ofierr'e

2169 4137 2335 4177 cium.
2369 4122 2529 4196 Quod
2567 4127 2727 4196 eng.
2757 4125 3027 4196 Gregorio
3049 4124 3260 4180 discere
3281 4125 3435 4196 licet,
3454 4138 3544 4194 qui
3570 4123 3761 4196 bomtl,

2171 4125 2335 4177 cium.
2369 4125 2529 4249 ond
2567 4127 2727 4205 ex_D.
2757 4125 3027 4206 Gregorio
3049 4125 3260 4207 discere
3281 4125 3423 4189 licet,
3454 4125 3544 4194 qui
3570 4125 3763 4204 humili

2171 4198 2264 4265 37,
2290 4201 2351 4265 et
2376 4194 2410 4249 1ι
2455 4234 2465 4244 .
2495 4209 2558 4250 1v
2578 4194 2787 4265 Dialog.
2806 4202 2982 4265 capite
3019 4199 3110 4260 56,
3144 4204 3288 4252 inter
3315 4195 3502 4251 laudes
3528 4210 3765 4265 episcopi

2168 4263 2470 4338 cujusdam,
2502 4265 2672 4338 Cassii
2693 4263 2933 4338 nomine,
2974 4266 3077 4321 hoc
3097 4267 3368 4338 prmcipue
3392 4263 3761 4338 commendat,

2168 4333 2315 4407 quod
2336 4336 2685 4405 quotidianus
2706 4340 2809 4391 Deo
2828 4337 3028 4392 hostias
3042 4333 3289 4407 offerret,-
3311 4340 3392 4393 ita
3412 4343 3475 4392 ut
3486 4353 3622 4406 pene
3636 4337 3765 4391 nul-

2171 4406 2253 4460 lus
2276 4405 2391 4461 dies
2412 4409 2535 4462 uitta
2561 4408 2675 4477 ejus
2695 4408 3015 4476 abscederet,
3037 4405 3142 4478 quo
3170 4426 3277 4464 non
3294 4405 3763 4478 omnipotenti

2171 4477 2400 4532 hostiam
2446 4472 2768 4548 placationis
2810 4472 3128 4536 immolaret.
3173 4480 3288 4536 Ubi
3332 4472 3540 4536 deinde
3583 4477 3766 4548 subdit

2171 4557 2374 4621 quanta;
2405 4547 2571 4621 animi
2603 4550 2989 4621 prmparatione
3017 4560 3073 4605 et
3094 4550 3386 4607 devotione
3416 4550 3473 4605 id
3500 4549 3568 4605 ab
3590 4566 3656 4604 eo
3674 4547 3765 4604 fa-

739 4610 2060 4702 rratamauferebamus:eaconc-
2085 4678 2134 4702 η
2171 4610 2322 4674 έωιιι
2349 4618 2529 4702 τιξθτίι·
2572 4610 2770 4702 έεξιὺτ
2793 4621 2967 4702 δείδω.
2989 4623 3044 4677 δα
3064 4621 3316 4702 Thomas
3347 4621 3603 4702 Aquinas.
3638 4633 3762 4702 "2°-

462 4678 2057 4774 ἱρή,φθζοθξρναγθεεθαροηῑῆιξιπίεανθηνερξιρηιίαεΙὶῖαρςαὴς,
2085 4678 2136 4742 D
2163 4688 2437 4774 morando
2482 4692 2710 4774 posteris
2756 4692 3027 4774 exemplo,
3067 4692 3319 4774 quotidie
3351 4678 3758 4774 missamfele-

458 4767 565 4808 non
580 4756 905 4812 intendimus
930 4758 988 4810 in
1011 4757 1197 4826 aliquo
1212 4755 1468 4824 derogare
1481 4754 1495 4825 (
1508 4756 1641 4811 Vide
1657 4770 1796 4826 conc.
1815 4754 2052 4813 Trident.

459 4838 585 4908 sess.
604 4830 694 4894 25,
726 4842 771 4882 c.
798 4834 826 4908 .1
837 4830 893 4908 ρ,
924 4827 991 4882 de
1014 4825 1411 4908 Regularibus).
1436 4828 1566 4907 Haec
1577 4825 1834 4897 pontifex.
1851 4827 2058 4908 Quibus

461 4900 562 4949 etsi
597 4911 708 4951 non
754 4900 860 4954 nisi
904 4906 1241 4955 menstruam
1275 4900 1742 4964 communionem,
1774 4914 1972 4970 nempe
2002 4900 2057 4955 in

2163 4759 2372 4835 brasse,
2401 4768 2457 4816 et
2478 4759 2768 4835 celebranti
2794 4759 3028 4835 astitisse
3062 4759 3317 4835 (Garzon.
3346 4765 3397 4816 in
3434 4761 3546 4831 ejus
3565 4761 3759 4835 Δνεξᾳ).

2165 4831 2292 4915 slis
2317 4833 2562 4915 exempla
2580 4833 2700 4915 vide
2726 4834 2869 4906 apud
2896 4831 3103 4891 Anton.
3137 4834 3537 4894 Democbarcm
3564 4831 3620 4887 in
3640 4832 3739 4888 lib.

2165 4902 2234 4958 de
2259 4902 2533 4959 Sacriﬁcio
2563 4902 2764 4961 missae.

465 5001 3752 5033 ______________________________________

885 5073 1392 5175 COLLA/
1408 5077 1665 5177 T10
1743 5077 2057 5181 VICJ

2163 5079 2541 5180 ςΙΜΑ
2626 5080 3054 5227 QUAE
3070 5087 3324 5203 ΤΑ,

1513 5236 1672 5309 Quae
1710 5236 1810 5299 est
1854 5232 2049 5300 tertia
2084 5233 2350 5303 abbatis
2389 5236 2700 5307 Abrahae.

1767 5346 1849 5399 DE
1884 5348 2444 5402 MORTIFICATIONE.

949 5531 1191 5589 CAPUT
1234 5532 1550 5591 PRIMUM.

528 5620 727 5691 Quarta
757 5631 917 5695 atque
954 5626 1208 5684 vicesima
1252 5628 1354 5686 ista
1381 5628 1602 5687 collatio
1643 5632 1669 5663 ⁸
1695 5628 1910 5686 abbatis
1951 5628 2056 5686 Ab-

2159 5534 2556 5606 rah'aa,Cbristo
2579 5539 2815 5613 favente,
2833 5541 3171 5615 producitur,
3194 5545 3453 5601 omnium
3483 5544 3770 5601 seniorum

2160 5628 2473 5689 traditiones
2520 5635 2868 5707 concludens,
2896 5651 3003 5709 qua
3043 5636 3236 5695 vestris
3270 5636 3624 5694 orationibus
3646 5652 3773 5694 con-

1551 5738 1805 5792 ALARDI
1843 5735 2069 5792 eam
2107 5727 2662 5797 COMMENTARIUS.

526 5833 551 5859 ⁸
580 5826 744 5882 Hunc
782 5825 938 5882 illum
986 5826 1238 5884 abbatem
1284 5831 1558 5887 Abraham
1610 5848 1727 5890 esse
1778 5833 2054 5903 existimo,

2165 5835 2327 5908 cujus
2346 5837 2560 5912 insigne
2596 5840 2911 5899 encomium
2951 5841 3182 5903 habetur
3210 5842 3507 5901 collatione
3542 5848 3611 5900 15
3650 5858 3771 5915 cap.
