4040 6194
371 199 498 256 1281

1308 191 1648 252 COLLATIO
1685 193 1871 251 XXIV.
1909 223 1981 234 —
2021 193 2110 248 DE
2145 189 2754 248 MORTIFICATIONE.

3547 202 3684 259 i282

367 329 680 387 summata,
710 317 932 376 illorum
974 316 1162 392 viginti
1191 326 1424 392 quatuor
1465 319 1768 388 seniorum,
1799 317 1888 390 qui
1919 318 1973 374 in
2002 321 2057 384 Α
2085 330 2421 384 sermonem,
2451 329 2564 388 quo
2591 321 2742 372 tanta
2781 313 3132 388 profunditas
3161 325 3520 390 promeretur,
3552 337 3679 394 pro-

370 419 559 471 sancta
586 411 920 484 Apocalypsi
949 411 1138 482 (Apoc.
1177 411 1269 484 ut)
1301 422 1532 468 coronas
1553 427 1682 469 suas
1709 416 1866 484 Agno
1889 409 1968 466 oti

370 507 511 566 ferre
536 505 810 576 dicuntur,
831 519 1067 562 numero
1097 505 1324 578 mystice
1352 514 1708 579 congruente,
1753 513 1976 562 cuncta-

369 615 494 658 rum
533 601 965 674 promissionum
997 608 1312 656 nostrarum
1343 598 1540 657 debitis
1565 614 1670 656 nos
1699 597 1976 656 credimus

371 695 700 776 liberandos.
728 694 785 752 Si
808 710 916 767 qua
945 693 1173 767 proinde
1195 693 1363 767 gloria
1393 697 1417 726 ³
1442 693 1496 749 hi
1529 693 1715 766 viginti
1739 700 1978 765 quatuor

373 789 615 845 seniores
645 788 820 844 nostri
849 787 921 844 ob
959 786 1316 844 institutionis
1341 801 1455 844 suae
1491 786 1750 842 meritum
1778 783 1980 842 fuerint

374 882 640 952 coronati,
683 882 756 938 illi
793 880 884 954 qui
933 897 1036 954 pro
1078 881 1249 938 salute
1294 880 1485 938 mundi
1532 879 1850 937 immolatus
1898 887 1980 938 est

374 979 535 1048 Agno
562 974 823 1050 subjectis
847 982 978 1032 sunt
1000 975 1272 1048 capitibus
1311 973 1548 1031 oblaturi
1563 993 1580 1046 ;
1605 973 1720 1046 ipse
1748 973 1894 1029 enim
1917 979 1972 1029 et

373 1067 478 1125 illis
503 1076 620 1126 tam
659 1068 932 1127 eximium
967 1083 1222 1138 sensum,
1248 1075 1302 1126 et
1331 1067 1492 1125 nobis
1517 1067 1974 1140 qualemcumque

2085 421 2206 485 pter
2252 411 2517 467 honorem
2555 409 2801 466 nominis
2841 409 2927 466 sui
2965 409 3170 468 donare
3193 411 3448 484 dignatus
3475 424 3578 473 est.
3617 419 3694 484 Et

2080 519 2306 561 necesse
2320 512 2403 560 est
2419 511 2482 560 ut
2508 501 2576 560 ad
2595 512 2883 560 auctorem
2907 503 3184 561 bonorum
3213 507 3466 564 omnium
3493 525 3684 568 mune-

2081 599 2160 656 ris
2193 598 2281 655 sui
2313 598 2508 654 merita
2535 596 2862 668 referantur,
2884 597 2972 654 cui
3013 597 3121 654 hoc
3147 599 3264 671 ipso
3291 599 3519 658 debetur
3559 618 3698 674 am-,

2083 693 2244 766 plius,
2281 707 2392 766 quo
2423 691 2594 765 magis
2631 692 2880 748 solvitur.
2919 692 3087 766 igitur
3114 692 3186 749 ad
3223 693 3372 751 hunc
3403 696 3682 754 Abraham

2083 785 2482 861 cogitationum
2507 793 2822 843 nostrarum
2845 785 3320 858 impugnationem
3358 789 3516 846 anxia
3543 805 3682 848 con-

2086 879 2322 938 fessione
2357 880 2679 950 detulimus,
2709 880 2836 954 quia
2865 881 2935 938 ad
2970 881 3320 953 repetendam
3344 883 3677 956 provinciam

2077 983 2349 1044 nostram,
2386 983 2548 1048 atque
2569 977 2596 1011 b
2627 975 2696 1032 ad
2719 974 3042 1032 revisendos
3071 985 3323 1048 parentes
3349 978 3698 1050 quotidianis.

2081 1067 2251 1122 animi
2279 1066 2502 1124 testibus
2515 1067 2868 1141 urgebamur.
2888 1068 3030 1124 Hine
3045 1069 3250 1126 etenim
3267 1069 3428 1128 nobis
3445 1071 3684 1128 maxima

1477 1228 1736 1284 ALARDI
1768 1226 1998 1283 ΟΑΖᾹΞΙ
2033 1224 2592 1282 COMMENTARIUS.

377 1375 412 1426 4
459 1379 516 1427 et
549 1377 605 1439 5,
632 1369 730 1426 ubi
765 1369 876 1426 duo
905 1367 1165 1428 miracula
1191 1369 1537 1426 curationum
1565 1367 1634 1424 ab
1675 1375 1979 1440 eoipatrata

374 1450 704 1520 narrantur;
753 1441 845 1512 qui
889 1450 945 1520 et
981 1443 1116 1506 παῖς,
1155 1441 1210 1496 id
1247 1449 1350 1520 est,
1401 1453 1693 1520 pu_er,_pro
1719 1439 1978 1520 simplici-

372 1519 490 1568 tate
537 1521 590 1570 et
643 1509 952 1584 innocentia
1007 1509 1424 1584 cognominatus
1450 1509 1701 1584 _ibidem_
1735 1509 1972 1584 dicitur;

371 1598 542 1654 quem
595 1582 816 1654 quidem
843 1585 1010 1654 alium
1037 1579 1156 1654 esse
1197 1583 1264 1639 ab
1303 1583 1394 1639 illo
1438 1582 1494 1639 S.
1538 1579 1838 1654 Abraham,
1869 1581 1980 1636 sive

368 1650 833 1735 AbramioSyro,
863 1653 1030 1735 cujus.
1050 1653 1218 1735 vitam
1248 1661 1416 1735 et_res
1443 1660 1618 1724 gestas
1739 1650 1978 1735 Ephrem

369 1723 696 1795 conscripsit
712 1721 736 1788 ⁷,
787 1721 977 1778 multis
1017 1721 1232 1795 indiciis
1263 1731 1332 1795 et
1374 1721 1717 1795 argumentis
1775 1721 1977 1778 ibidem

2086 1375 2172 1422 ter
2223 1364 2620 1439 significentur,
2669 1363 2817 1436 apud
2843 1363 3264 1439 iurisconsultus
3303 1367 3516 1437 tamen,
3547 1377 3684 1428 teste

2086 1439 2248 1509 Festo
2269 1436 2298 1504 ,⁷
2335 1436 2502 1492 etiam
2549 1451 2684 1509 avus
2705 1443 2784 1509 __et
2837 1449 3100 1509 proavus,
3148 1437 3342 1509 aliique
3379 1436 3684 1509 superiores

2086 1507 2374 1593 utriusque
2399 1521 2560 1588 sexus
2586 1506 2996 1593 inteiliguntur.l
3015 1507 3194 1593 Immo
3223 1506 3386 1593 etiam
3413 1506 3485 1566 ad
3513 1526 3684 1593 quos-

2087 1578 2219 1634 libet
2245 1576 2681 1640 consanguineos
2709 1576 2814 1632 hoc
2848 1577 3172 1632 vocabulum
3208 1587 3490 1636 extensum
3523 1576 3678 1640 inve-

2086 1649 2302 1718 nimus;
2333 1649 2429 1722 sed
2459 1647 2567 1704 hoc
2590 1648 2732 1722 apud
2773 1663 2868 1704 eos
2903 1647 3194 1722 dumtaxat
3238 1649 3330 1719 qui
3375 1649 3493 1722 jam
3516 1654 3684 1722 glabe-

2085 1728 2268 1776 scente
2318 1720 2520 1790 linguai
2563 1719 3056 1790 Latinae‘puritate
3095 1719 3281 1790 minus
3323 1719 3466 1776 terse
3513 1721 3703 1780 locuti.

373 1783 614 1866 ostendi:
638 1783 808 1866 Porro
825 1808 1021 1866 anceps
1045 1801 1100 1849 et
1127 1783 1538 1866 ambiguam’ihi
1553 1792 1980 1866 conjecturaiest
2015 1783 2063 1846 Β
2087 1801 2234 1866 sunt,
2257 1783 2431 1866 quod“
2448 1799 2501 1847 et
2519 1790 2686 1866 “Galli
2723 1791 2778 1846 in
2801 1783 2900 1866 sua
2926 1789 3210 1866 vernacuia
3236 1789 3547 1862 observant,
3573 1809 3684 1866 quo

369 1881 510 1937 num
534 1864 623 1920 ille
637 1863 732 1937 rsit_._
745 1863 1042 1937 Abraham,
1071 1863 1154 1918 vel
1179 1863 1473 1937 Abramius
1493 1863 1977 1937 etiam’zEgyptius,

374 1935 445 1992 de
471 1951 580 2006 quo
622 1934 898 2008 Palladius
935 1933 1055 1988 haec
1084 1941 1304 1990 tantum
1332 1933 1501 1990 refert
1529 1933 1791 2008 (Lausia'f
1809 1933 1932 2004 i05)
1959 1955 1972 1990 :

370 2005 502 2064 Fuit
526 2005 748 2088 quidam
791 2005 1088 2088 Abramius
1115 2020 1306 2088 genere
1331 2005 1638 2088 Egyptius,
1662 2007 1990 2088 puti-vitam-

371 2079 730 2148 asperrimam
765 2081 817 2130 et
833 2079 1072 2131 maxime
1097 2081 1358 2146 agrestem
1375 2079 1486 2147 egit
1509 2079 1569 2132 in
1594 2076 1903 2133 solitudine.
1922 2080 1978 2134 Is

371 2149 562 2204 animo
580 2149 849 2202 sauciatus
860 2149 930 2203 ab
948 2149 1324 2218 intempestiva
1330 2151 1906 2218 persuasione,veniens
1920 2151 1978 2204 in

373 2221 644 2276 ecclesiam
687 2219 957 2274 contendit
977 2235 1096 2274 cum
1125 2221 1458 2289 presbyteris
1485 2220 1665 2274 dicens
1697 2237 1714 2273 :
1739 2221 1906 2277 Noctu
1941 2237 1977 2275 a

375 2292 588 2348 Christo
597 2290 879 2346 ordinatus
896 2305 1016 2345 sum
1029 2291 1332 2362 presbyter,
1350 2293 1606 2362 suscipite
1622 2305 1704 2344 me
1711 2295 1784 2362 fut
1802 2305 1978 2346 sacer-

373 2362 572 2418 dotem.
604 2364 788 2417 Patres
806 2377 926 2417 cum
951 2361 1306 2416 abduxissent
1325 2377 1441 2416 eum
1471 2361 1508 2416 a
1522 2361 1887 2424 solitudine,et
1903 2363 1978 2418 ad

369 2436 543 2489 vitam
561 2433 912 2488 deduxissent
936 2435 1248 2488 crassiorem
1275 2437 1327 2488 et
1350 2435 1520 2503 magis
1547 2433 1972 2500 indifferentem,

373 2510 634 2560 curarunt
657 2520 777 2558 eum
795 2521 831 2558 a
853 2505 1127 2576 superbia,
1153 2505 1465 2560 deducentes
1484 2519 1603 2558 eum
1629 2503 1702 2576 ad
1729 2505 1976 2576 cognitio-

371 2589 496 2630 nem
537 2591 647 2630 suae
671 2573 1080 2639 imbecillitatis,
1125 2576 1344 2630 illusum
1373 2591 1408 2630 a
1447 2573 1794 2630 dmonibus.
1840 2575 1975 2630 Haec

373 2645 673 2716 Palladius.
707 2647 837 2703 Fuit
862 2647 1001 2702 alius
1028 2645 1251 2716 quidam
1283 2647 1339 2701 S.
1372 2645 1648 2701 Abraham
1681 2647 1974 2716 Arvernas,

372 2714 446 2788 de
483 2731 592 2788 quo
630 2717 887 2788 Sidonius
927 2714 1262 2788 Apollinaris
1303 2717 1513 2786 insigne
1536 2729 1768 2788 carmen
1807 2715 1976 2788 edidit

377 2786 514 2859 _(Libl
540 2802 624 2844 vn
651 2803 766 2858 cap.
808 2787 922 2858 l7);
960 2786 1016 2842 et
1045 2787 1295 2859 meminit
1318 2786 1615 2859 Gregorius
1643 2786 1976 2859 Turonensis

376 2855 416 2929 l_.
441 2855 792 2929 ri_Histor;c.
813 2855 877 2929 2t
890 2897 912 2929 ,_
919 2864 977 2911 et
997 2855 1634 2929 Martyrologiumliom.
1661 2862 1723 2910 t7
1751 2855 1968 2929 halend.

377 2923 533 2979 Julii.
581 2926 828 2994 Denique
853 2923 1230 2980 Theodoretus
1277 2923 1416 2981 d'uos
1458 2927 1590 2981 alios
1620 2925 1978 2982 anachoretas

376 2993 718 3050 Abrahamos
740 2993 925 3066 dictos
947 3003 1344 3066 commemorat
1373 2995 1592 3066 (Histur.
1614 2996 1820 3066 _lib.itv
1843 3012 1968 3066 cap.

378 3069 483 3148 26,
517 3070 567 3120 et
613 3067 674 3118 in
722 3065 862 3118 Hist.
906 3065 1035 3133 Reg.
1076 3079 1193 3134 cap.
1235 3065 1349 3135 17).
1383 3062 1462 3120 Ἀῐ
1505 3062 1574 3120 de
1614 3063 1698 3120 his
1729 3064 1820 3120 hic
1864 3062 1978 3122 non

375 3145 576 3192 agitur.

415 3151 711 3262 g:‘ulli‘arum
734 3203 938 3262 scilicet
960 3210 1029 3261 24
1051 3205 1405 3262 eollationum
1429 3213 1700 3274 auctores,
1731 3205 1841 3262 sive
1860 3207 1978 3262 col-

376 3277 598 3346 latores,
619 3285 719 3333 aut
735 3277 1118 3350 coliocutores.
1140 3277 1616 3350 Dicunturiautem
1639 3277 1822 3349 viginti
1841 3293 1979 3350 qua-

377 3357 506 3405 tuor
552 3363 715 3404 senes
755 3347 1040 3414 (allusione
1083 3347 1316 3419 quadam
1365 3348 1432 3404 ad
1471 3348 1594 3404 illos
1633 3347 1717 3402 24'
1740 3347 1980 3404 seniores

375 3431 518 3492 quos
536 3419 670 3476 vidit
696 3419 938 3492 Joannes
966 3419 1021 3492 in
1044 3419 1412 3490 Apocalypsi),
1442 3435 1571 3492 non
1590 3432 1828 3492 numero
1851 3434 1979 3490 per—

375 3489 676 3562 sonarum,
691 3489 791 3562 sed
815 3489 1191 3562 collationum.
1214 3489 1338 3562 Non
1368 3491 1512 3545 enim
1531 3489 1760 3562 singulis
1784 3489 1975 3562 singu-

375 3561 467 3641 ξφ,
490 3562 586 3617 sed
609 3561 884 3641 aliquibus
907 3560 1198 3641 dumtaliis
1225 3561 1390 3641 etiam
1416 3571 1528 3618 tres
1550 3559 1980 3641 collationes‘at-

376 3631 713 3704 tribuuntur;
741 3633 903 3704 Unde
925 3632 1079 3704 quod
1107 3631 1176 3688 ad
1200 3631 1489 3688 nuinerum
1517 3646 1874 3704 personarum
1899 3639 1980 3704 at-

374 3702 534 3773 tinet,
563 3718 674 3773 non
713 3703 818 3758 nisi
843 3702 1155 3773 quindecim
1181 3719 1414 3758 numero
1443 3702 1783 3760 anachoreta:
1811 3702 1865 3756 in
1896 3702 1978 3758 his

373 3772 1176 3846 collationibus__nominantur
1205 3773 1472 3834 :.Primus
1519 3775 1690 3830 abbas
1730 3776 1974 3846 Moyses,

373 3843 467 3898 cui
499 3843 670 3914 prima
711 3842 951 3914 collatio,
977 3845 1042 3895 de
1075 3846 1324 3914 monachi
1355 3847 1713 3914 destinatione
1744 3842 1975 3914 vel'ﬂne,

375 3920 433 3969 et
451 3911 714 3978 secunda,
737 3911 802 3966 de
828 3911 1162 3966 discretione.
1185 3911 1472 3966 Secundus
1495 3911 1859 3983 Paphnutius,
1889 3917 1975 3970 cui

375 3983 561 4048 tertia,
601 3983 668 4038 de
699 3983 872 4037 tribus
909 3983 1489 4038 abrenuntiationibus.
1522 3981 1738 4038 Tertius
1759 3981 1976 4052 Daniel,

375 4054 463 4111 cui
483 4060 700 4126 quarta,
715 4054 781 4126 de
798 4055 1219 4126 concupiscth
1233 4056 1412 4126 carnis
1435 4059 1486 4109 et
1503 4055 1720 4124 spiritu.
1743 4055 1979 4126 Quartus

376 4124 666 4194 Serapion,
679 4125 764 4180 cui
787 4124 1001 4197 quinta,
1013 4125 1080 4180 de
1093 4129 1204 4180 octo
1194 4125 1618 4251 dprincipalibus
1627 4124 1800 4182 vitiis.
1819 4126 1981 4196 Quin-

376 4204 465 4251 tus
492 4195 838 4251 Theodorus.
867 4195 958 4251 cui
993 4203 1168 4251 sexta.
1233 4211 1259 4250 e
1281 4211 1403 4251 nece
1433 4201 1758 4251 sancto-rum.
1785 4196 1980 4251 Sextus

373 4204 465 4254 tus
492 4195 838 4263 Theodorus,
867 4195 958 4252 cui
993 4203 1168 4262 sexta,
1194 4195 1259 4251 de
1281 4211 1403 4251 nece
1433 4201 1758 4252 sancto-rum.
1785 4196 1980 4254 Sextus

373 4269 633 4336 Serenus,
664 4267 752 4322 cui
776 4269 1029 4338 septima,
1055 4269 1124 4322 de
1152 4269 1348 4322 anima:
1387 4268 1712 4335 mobilitate,
1733 4271 1785 4322 et
1808 4271 1978 4338 spiri-

375 4341 580 4396 talibus
602 4341 884 4407 nequitiis,
911 4347 968 4395 et
983 4347 1194 4407 octava,
1213 4338 1280 4410 de
1299 4339 1722 4410 principatibus,
1739 4343 1980 4410 seupote-

375 4411 634 4466 statibus.
652 4410 936 4479 Septimus
955 4413 1126 4478 Isaac,
1149 4409 1237 4465 cui
1259 4409 1431 4477 nona,
1453 4409 1518 4465 de
1540 4412 1796 4478 oratione,
1823 4419 1877 4465 et
1893 4409 1980 4466 de-

377 4479 548 4550 cima,
569 4479 639 4550 de
667 4483 924 4536 orationis
945 4481 1202 4550 jugitate.
1237 4481 1479 4538 Octavus
1515 4480 1860 4545 Chaeremon,
1891 4480 1976 4536 cui

2089 1860 2254 1935 etiam
2272 1860 2444 1935 modo
2474 1861 2608 1918 nihil
2641 1869 2783 1935 retat
2809 1860 2898 1935 hic
2926 1861 3120 1934 accipi.
3152 1863 3325 1918 Porro
3351 1879 3514 1935 quam
3537 1860 3686 1934 peri-

2089 1934 2338 2004 culosum
2367 1934 2435 1988 sit
2459 1931 2740 1990 monachis
2768 1931 2840 1988 ad
2867 1931 3115 2004 parentes
3135 1940 3228 1988 aut
3251 1931 3461 2004 amicos
3485 1931 3687 1992 carna-

2087 2003 2165 2061 les
2191 2005 2501 2061 invisendos
2537 2012 2742 2060 temere
2779 2003 2883 2060 aut
2903 2003 3036 2059 citra
3059 2003 3440 2061 necessitatem
3487 2021 3687 2062 excur-

2085 2091 2228 2146 rere,
2247 2091 2346 2132 suo
2371 2075 2576 2131 damno
2610 2083 2666 2131 et
2692 2073 3065 2146 experimento
3091 2073 3282 2132 didicit
3318 2076 3570 2132 Malchus
3595 2077 3685 2134 ille

2087 2145 2407 2213 monachus,
2436 2147 2591 2218 cujus
2619 2145 2782 2202 vitam
2816 2149 2884 2202 D.
2905 2145 3280 2218 Hieronymus
3308 2148 3524 2218 scriptis
3544 2163 3682 2204 con-

2085 2217 2341 2289 signavit,
2388 2217 2479 2288 qui
2498 2215 2584 2274 'de
2628 2217 2979 2289 monasterio,
3027 2215 3376 2289 disSuadente
3402 2215 3540 2289 licet
3583 2219 3684 2274 ab-

2085 2287 2232 2360 bate,
2269 2287 2536 2360 egressus,
2567 2295 2629 2344 ut
2653 2288 2891 2360 patriam
2927 2296 2981 2342 et
3022 2295 3274 2360 parentes
3305 2288 3701 2360 inviserettin-

2083 2357 2442 2428 barbarorum
2473 2357 2673 2414 manus
2701 2357 2918 2426 incidit,
2937 2373 2966 2412 a
2995 2357 3190 2428 quibus
3211 2365 3402 2428 raptus
3421 2366 3476 2414 et
3508 2359 3683 2416 abdu-

2082 2427 2202 2486 ctus
2241 2431 2438 2486 multas
2456 2428 2662 2501 deinde
2687 2441 2962 2501 aerumnas
2989 2427 3053 2501 et
3087 2427 3432 2501 difficultates
3459 2445 3685 2501 perpes-

2083 2515 2178 2555 sus
2224 2509 2324 2554 est.
2376 2497 2522 2554 Trita
2575 2505 2656 2553 est
2701 2507 2756 2552 et
2794 2497 2936 2569 lectu
2973 2495 3136 2569 digna
3176 2495 3403 2554 historia
3457 2495 3682 2569 (Tor'nol

2085 2571 2317 2641 Operam
2349 2574 2416 2626 D.
2445 2571 2640 2641 Hier.).
2673 2566 3204 2641 Contrarium'vero
3227 2581 3290 2622 ac
3329 2566 3686 2641 memorabile

2083 2635 2402 2712 eiemplum
2433 2639 2646 2696 abbatis
2673 2639 2848 2695 Pioris
2877 2635 3047 2694 refert
3088 2637 3427 2695 Sozomenus
3456 2639 3538 2696 his
3561 2657 3682 2698 ver-

2081 2710 2168 2784 bis
2192 2710 2330 2784 (Lib.
2371 2727 2430 2768 γι
2456 2727 2576 2784 cap.
2603 2714 2692 2775 29)
2724 2729 2736 2764 :
2767 2712 2890 2784 Pior
2917 2725 3034 2764 cum
3077 2713 3354 2764 statuisset
3381 2712 3451 2766 ab
3473 2714 3686 2769 ineunte

2081 2783 2436 2838 adolescentia
2479 2787 2604 2838 vitae
2645 2783 2952 2854 monasticae
3004 2795 3060 2835 se
3107 2795 3433 2844 consecrare,
3473 2798 3530 2837 eo
3568 2787 3684 2854 ipso

2081 2857 2334 2926 temporis
2378 2856 2597 2923 vestigio
2631 2868 2737 2926 quo
2782 2869 2846 2908 ea
2887 2851 2956 2906 de
2992 2865 3158 2926 causa
3187 2854 3436 2921 paternis
3457 2851 3684 2926 gradibus

2085 2923 2332 2993 egressus
2356 2928 2450 2990 sit,
2475 2923 2765 2993 spopondit
2792 2927 2897 2978 Deo
2919 2937 2976 2977 se
3009 2923 3076 2977 de
3102 2927 3292 2978 caetero
3323 2925 3586 2979 neminem
3613 2942 3684 2980 ea:

2085 2997 2196 3050 suis
2236 2995 2534 3064 aliquando
2567 2997 2732 3070 oculis
2768 2998 3128 3070 aspecturum:
3164 2995 3292 3050 Post
3306 3009 3494 3070 annos
3529 2999 3686 3066 quin-

2086 3069 2348 3134 quaginta
2361 3082 2511 3122 soror
2524 3068 2727 3136 accepit
2739 3080 2860 3120 eum
2879 3065 3056 3120 adhuc
3069 3065 3264 3120 vivere.
3290 3066 3419 3133 Qua:
3437 3065 3554 3121 cum
3565 3083 3696 3137 prce-

2007 3153 2053 3219 ρ
2085 3139 2339 3219 immenso
2367 3138 2568 3219 gaudio
2592 3138 2777 3191 nuntii
2793 3141 2920 3219 tam.
2929 3138 3198 3219 insperati
3213 3141 3346 3190 esset
3356 3153 3494 3219 pene
3513 3139 3685 3219 obstu-

2077 3209 2320 3276 pefacta,
2343 3211 2612 3278 quiescere
2635 3223 2744 3262 non
2763 3209 2942 3278 potuit
2959 3209 3070 3262 nisi
3079 3209 3314 3274 fratrem
3337 3209 3501 3264 oculis
3519 3211 3704 3265 intue'

2085 3283 2255 3330 retur.
2289 3279 2460 3342 Quam
2500 3283 2656 3330 (etate
2683 3285 3010 3345 provectam,
3043 3278 3452 3344 lamentantem,
3484 3285 3535 3332 et
3575 3284 3688 3334 im-

2079 3347 2384 3416 plorantem
2422 3349 2482 3400 in
2523 3347 2622 3400 hac
2662 3360 2720 3398 re
2765 3347 3041 3416 auﬁlium
3064 3348 3354 3416 episcopus
3401 3348 3550 3402 illius
3589 3351 3692 3404 loci

2087 3415 2500 3482 commiseratus,
2531 3415 2750 3484 scripsit
2775 3415 2851 3469 ad
2870 3415 3132 3484 prcesides
3146 3417 3520 3472 monachorum
3537 3421 3596 3473 in
3609 3435 3691 3475 so-

2086 3487 2315 3543 litudine
2359 3487 2662 3557 degentium
2689 3489 2751 3540 ut
2789 3487 2998 3541 Ptorem
3042 3484 3117 3539 ad
3159 3500 3214 3540 se
3255 3489 3548 3546 mitterent.
3583 3492 3691 3558 Qui

2075 3559 2262 3630 jussus
2293 3575 2352 3614 eo
2379 3560 2656 3629 profectus
2697 3561 2802 3630 est,
2830 3558 3030 3626 quippe
3071 3571 3191 3610 eum
3226 3571 3332 3612 non
3363 3564 3542 3628 posset
3575 3561 3704 3616 illis"

2083 3629 2460 3684 Contradicere.
2499 3630 2593 3685 Ille
2629 3629 2819 3698 igitur,
2848 3643 2954 3682 uno
2997 3641 3171 3682 secum
3211 3635 3512 3698 assumpto,
3538 3634 3686 3688 venit

2084 3701 2146 3754 in
2174 3703 2440 3771 patriam,
2470 3705 2634 3769 atque
2667 3701 2816 3752 stans
2838 3713 2941 3771 pro
2964 3698 3173 3771 foribus
3203 3699 3393 3754 domus
3413 3706 3682 3771 paternae,

2085 3769 2304 3841 signum
2324 3772 2474 3826 dedit
2489 3786 2543 3826 se
2567 3773 2789 3824 venisse.
2822 3769 2926 3824 Ubi
2945 3783 3068 3823 vero
3091 3770 3234 3841 fores
3259 3769 3477 3838 crepare
3495 3769 3704 3836 sensit,"

2084 3839 2248 3899 oculis
2275 3843 2493 3898 occlusis
2515 3855 2747 3896 sororem
2773 3841 2984 3894 nomine
3011 3839 3366 3910 compellavit,
3391 3841 3638 3912 dicitque
3666 3863 3682 3898 :

2083 3917 2200 3984 Ego
2248 3916 2378 3970 Pior
2417 3915 2599 3982 frater
2628 3916 2786 3984 tuus;
2830 3925 2945 3984 age,
2994 3925 3102 3984 me_
3117 3915 3388 3984 coniuere,
3423 3918 3688 3982 quantum

2088 3980 2246 4038 lubet.
2269 3987 2370 4040 Illa
2393 3980 2569 4049 igitur
2587 3985 2722 4036 mire
2745 3983 2845 4035 hac
2872 3982 2940 4035 de
2966 3997 3024 4036 re
3049 3980 3310 4036 oblectata
3345 3980 3552 4052 gratias
3581 3987 3706 4040 Deo‘

2086 4055 2218 4123 egit.
2254 4054 2351 4108 Ille
2371 4058 2550 4106 autem
2570 4067 2688 4106 cum
2711 4065 2882 4123 prope
2903 4052 3045 4123 fores
3063 4056 3316 4123 precatus
3336 4059 3486 4117 esset,
3518 4070 3690 4110 rever-

2089 4121 2223 4205 titur
2249 4124 2323 4178 ad
2347 4123 2516 4205 locum
2542 4123 2602 4205 in
2631 4136 2740 4205 quo
2769 4121 3068 4205 habitabat.
3098 4121 3376 4205 Haecine,
3403 4123 3459 4205 in
3484 4123 3682 4205 quibus

2089 4195 2258 4250 multa
2287 4201 2580 4264 suppetunt
2605 4189 2942 4262 antiquitatis
2963 4199 3023 4265 et
3049 4190 3363 4265 monasticae
3385 4189 3686 4265 disciplinae

2087 4260 2433 4322 documenta.
2471 4260 3016 4328 Primum—monachi
3045 4269 3099 4316 et
3125 4261 3466 4320 anachoretae
3486 4260 3542 4320 in
3557 4266 3687 4322 soli-

2087 4337 2281 4408 tudine
2303 4343 2545 4408 agentes,
2564 4332 3003 4408 eorumdemque
3030 4340 3214 4408 patres
3241 4339 3298 4408 et
3319 4335 3559 4408 abbates,
3589 4349 3704 4393 seu

2087 4403 2381 4480 praesides}
2421 4407 2676 4478 episcopo
2721 4404 2822 4459 loci
2855 4403 3000 4459 illius
3029 4403 3379 4531 (praecipienti
3425 4407 3710 4464 obediunt‘

2090 4488 2145 4531 et
2174 4477 2422 4531 subditos
2455 4493 2513 4531 se
2551 4474 2876 4531 ostendunt:
2919 4490 3028 4531 auo
3094 4475 3282 4530 multis
3307 4479 3606 4531 canonibus
3633 4487 3688 4531 et:

2090 4474 2145 4556 et
2174 4477 2422 4556 subditos
2442 4474 2513 4556 _se
2551 4474 2876 4556 ostendunt;
2919 4474 3065 4556 quod
3094 4474 3282 4556 multis
3307 4479 3606 4556 canonibus
3633 4487 3688 4556 et

375 4549 696 4622 undecima,
724 4550 791 4606 de
808 4547 1152 4622 perfectione,
1185 4559 1240 4606 et
1258 4551 1604 4619 duodecima,
1628 4551 1695 4607 de
1710 4554 1976 4617 castitate,
2011 4547 2064 4610 D
2091 4549 2320 4606 decretis
2359 4565 2390 4604 a
2432 4548 2696 4605 Gratiano
2742 4547 2984 4622 collectis
3031 4547 3298 4622 sancitum
3345 4548 3540 4622 legitur
3572 4553 3710 4622 (16,-

375 4628 432 4678 et
455 4619 680 4693 decima
711 4619 894 4689 tertia,
916 4621 982 4677 de
999 4624 1324 4693 proiectione
1349 4627 1464 4679 Dei.
1490 4625 1679 4678 Nonus
1702 4625 1975 4688 Nesteros,

375 4691 467 4764 cui
509 4691 721 4749 decima
757 4699 974 4764 quarta,
1000 4691 1085 4748 ’de
1129 4691 1377 4764 spiritali
1416 4697 1660 4758 scientia,
1687 4701 1741 4750 et
1766 4694 1980 4750 decima

375 4763 592 4889 ﬂuiuta,
612 4764 678 4818 de
695 4763 1110 4848 charismatibus
1129 4763 1633 4846 divinisxbecimus
1643 4763 1871 4836 Ioseph,
1893 4765 1981 4820 cui

415 4847 592 4889 ecima
612 4844 786 4889 sexta.
808 4836 878 4889 de
899 4841 1164 4889 amicitia.
1179 4843 1236 4889 et
1253 4833 1464 4889 decima
1489 4844 1742 4889 septima.
1763 4837 1828 4889 de
1851 4836 1980 4889 deti-

415 4833 592 4916 eCima
612 4844 786 4916 sexta,
808 4836 878 4916 de
899 4837 1164 4916 amicitia,
1179 4843 1236 4890 et
1253 4833 1472 4916 decima
1489 4833 1828 4916 septima,de
1851 4836 1980 4916 defi-

373 4905 589 4959 niendo.
625 4906 960 4962 Undecimus
990 4908 1302 4974 Piammon,
1331 4906 1418 4962 cui
1441 4905 1650 4962 decima
1677 4915 1888 4974 octava,
1914 4905 1996 4964 de”

277 5018 288 5026 .
378 4975 558 5048 tribus
585 4978 863 5048 generibus
886 4979 1288 5033 monachorum.
1319 4977 1692 5034 Duodecimus
1717 4979 1978 5048 Joannes,

376 5045 464 5103 cui
486 5045 702 5120 decima
716 5053 860 5120 non'a
869 5090 888 5120 ,Α
901 5050 967 5104 de
973 5053 1080 5120 ﬁne
1094 5049 1365 5104 coenobita:
1380 5053 1430 5104 et
1443 5053 1691 5105 eremitce.
1715 5045 1982 5106 Decimus

376 5119 571 5192 tertius
604 5119 870 5184 Pinuﬁus,
901 5122 987 5174 cui
1029 5120 1312 5192 vigesima,
1342 5121 1408 5175 de
1439 5124 1777 5192 paenitentia:
1801 5124 1905 5191 ﬁne
1931 5127 1984 5177 et

377 5191 768 5263 satisfactionis
805 5191 1022 5247 indicio.
1050 5190 1311 5247 Decimus
1339 5199 1564 5263 quartus
1591 5191 1864 5260 Theonas,
1895 5191 1980 5249 cui

376 5258 633 5341 vigesima
674 5263 874 5341 prima,
918 5263 1006 5341 de_
1040 5258 1890 5341 remissione'__Quinquagesim¢e_,
1931 5269 1982 5320 et

376 5332 640 5405 vigesima
660 5332 927 5405 secunda,
968 5335 1034 5389 de
1060 5337 1334 5390 nocturnis
1361 5332 1724 5398 illusionibus,
1749 5343 1806 5390 et
1832 5335 1979 5405 vige-

376 5401 522 5476 sima
551 5404 724 5476 tertia,
769 5405 836 5460 de
875 5421 932 5460 eo
969 5407 1112 5476 quod
1156 5407 1291 5461 dicit
1316 5407 1604 5476 Apostolus
1638 5426 1654 5462 :
1694 5409 1812 5464 Non
1841 5401 1980 5461 enim

377 5473 684 5550 quodcolo,
707 5473 1101 5550 facioibonfum,
1129 5485 1234 5533 etc.
1274 5473 1533 5533 Decimus
1564 5478 1791 5550 quintus
1813 5476 1982 5550 abbas

375 5543 678 5622 Abraham,
717 5547 804 5622 cui
829 5547 1099 5622 vigesima,
1115 5557 1311 5622 quarta
1341 5558 1396 5622 et
1415 5543 1703 5622 postrema
1731 5547 1978 5622 collatio,

378 5615 443 5670 de
473 5615 1214 5692 mortiﬁcatione'ascribitur.
1241 5615 1576 5692 Unde'patet
1595 5621 1776 5675 multo
1800 5620 1981 5692 plures

377 5688 839 5760 esseicollationes
863 5705 1028 5760 quam
1056 5691 1364 5748 collatores.

449 5749 475 5788 δ
503 5759 793 5817 Parentum
820 5749 1065 5827 némine,
1089 5763 1335 5834 quamvis
1362 5763 1581 5836 proprie
1601 5771 1756 5836 pater
1781 5770 1835 5820 ct
1860 5777 1981 5820 ma-

2131 4663 2144 4677 .
2177 4627 2197 4676 i
2226 4644 2240 4688 ;
2273 4626 2324 4676 et
2350 4625 2437 4686 18,
2463 4637 2517 4690 q.
2548 4624 2621 4686 2).
2654 4622 2715 4690 2P
2736 4617 2908 4672 Iidem
2931 4616 3298 4690 anachoreta,
3322 4616 3565 4690 quamvis
3597 4616 3688 4677 so;

2131 4663 2144 4677 .
2177 4639 2197 4676 1
2226 4644 2240 4688 ;
2273 4639 2324 4676 et
2350 4639 2437 4686 ιδ,
2463 4639 2517 4690 q.
2548 4639 2621 4686 2).
2654 4639 2714 4672 2"
2738 4639 2908 4672 uacui
2931 4639 3298 4684 auacrwretat,
3322 4639 3565 4688 quamvts
3597 4639 3687 4677 50-

2088 4639 2250 4748 ?itarii
2290 4699 2346 4747 et
2371 4689 2744 4762 separatimin
2765 4687 2994 4762 remotis
3016 4687 3228 4762 cellulis
3254 4696 3307 4742 et
3337 4689 3466 4744 locis
3497 4691 3687 4762 viven—

2087 4773 2188 4832 tes,
2243 4777 2373 4819 suos
2423 4755 2609 4816 tamen
2657 4758 2932 4832 habebant
2975 4755 3328 4832 prasidesuet
3375 4759 3707 4832 praefectos,

2093 4827 2254 4890 certis
2297 4832 2563 4888 limitibus
2603 4837 2689 4903 et
2709 4831 2953 4903 locorum
2978 4827 3173 4903 spatiis
3203 4827 3492 4903 distinctos
3523 4827 3690 4903 (sicut

2091 4903 2259 4961 modo
2298 4903 2500 4959 habent
2539 4899 2782 4972 religiosi
2824 4914 2954 4954 suos
2981 4898 3335 4972 provinciales
3353 4909 3410 4956 et
3437 4898 3688 4958 visitato—

2090 4980 2222 5043 res),
2261 4975 2460 5047 quibus
2483 4969 2850 5047 obedientiam
2892 4969 3248 5047 praestabant,
3273 4971 3342 5047 ad
3363 4987 3506 5047 quos
3542 4988 3688 5045 saepe

2091 5041 2508 5110 conveniebant,
2538 5051 2592 5100 et
2619 5043 2688 5100 de
2722 5041 3106 5098 rebus’dubiis
3133 5041 3518 5110 consulebant,
3547 5041 3685 5099 con~

2091 5119 2404 5184 cionantes,
2434 5124 2530 5171 aut
2565 5115 2903 5186 disputantes
2943 5112 3252 5186 audiebant,
3303 5121 3360 5167 et
3397 5113 3464 5186 ab
3505 5115 3607 5181 eis,
3638 5114 3685 5170 si

2089 5183 2399 5246 sacerdotes
2435 5194 2608 5252 erant,
2649 5183 2986 5241 sacramenta
3015 5183 3176 5255 statis
3197 5183 3538 5255 temporibus
3559 5201 3687 5255 per-

2089 5261 2378 5334 cipiebant.
2410 5259 2471 5314 ld
2499 5255 2646 5334 quod
2674 5271 2738 5311 ex
2777 5255 2975 5334 multis
2989 5254 3120 5334 locis
3146 5253 3391 5334 Cassiani
3419 5263 3473 5310 et
3499 5253 3684 5334 ex'Vi-

2089 5325 2160 5388 tis
2196 5335 2420 5388 Patrum
2447 5325 2790 5386 notissimum
2820 5335 2922 5382 est.
2955 5330 3014 5382 3°
3038 5325 3164 5382 Pior
3192 5325 3482 5392 solitarius,
3522 5335 3578 5381 et
3604 5326 3686 5382 vi-

2091 5413 2203 5461 tam
2245 5417 2410 5474 agens
2439 5399 2678 5474 maxime
2704 5406 3010 5474 austeram,
3047 5405 3171 5468 post
3208 5411 3381 5474 annos
3415 5397 3686 5474 quinqua-

2089 5475 2248 5548 ginta
2265 5467 2453 5546 jussus
2517 5472 2570 5548 in
2627 5470 2882 5548 patriam
2917 5469 3016 5534 ire,
3045 5467 3119 5548 Set
3167 5467 3372 5524 sororis
3419 5467 3686 5525 desiderio

2090 5539 2420 5610 satisfacere,
2449 5543 2564 5598 suis
2599 5539 2970 5612 superioribus
3007 5539 3424 5612 obtemperans,
3451 5555 3517 5596 eo
3555 5555 3688 5610 pro-

2090 5617 2366 5673 ﬁciscitur.
2395 5617 2508 5670 Nec
2534 5611 2718 5683 tamen
2745 5611 2900 5668 solus
2942 5611 3042 5683 iter
3078 5611 3292 5683 arripit,
3323 5611 3416 5666 sed
3443 5626 3566 5683 _uno
3592 5624 3688 5666 so-

2091 5690 2174 5745 cio
2225 5695 2542 5758 assumpto,
2575 5681 2723 5758 quod
2771 5681 3054 5758 monachis
3100 5680 3689 5758 Tabenuansibus_seu

2097 5749 2476 5818 Pachumianis
2523 5749 2773 5814 Solemne
2817 5752 2941 5823 fuit,
2978 5761 3041 5810 ut
3093 5769 3206 5810 non
3250 5752 3354 5808 nisi
3399 5750 3512 5807 bini
3543 5749 3689 5806 foras
