4040 6194
161 247 172 256 υ
243 218 374 276 1285

1175 207 1515 266 COLLATIO
1554 207 1740 265 XXIV.
1780 235 1851 248 --
1891 206 1980 262 DE
2019 203 2621 264 MORTIFICA‘TIONE.
3428 211 3563 268 1286

235 345 320 398 ria
332 339 578 396 occidunt
593 339 817 408 pigrum
847 333 1286 406 (Proverb.xx1).
1318 335 1460 389 Nam
1483 339 1541 388 et
1564 331 1722 388 nobis
1745 346 1844 404 po-
1871 334 1924 397 Α
1951 333 2107 403 ponit
2134 345 2280 401 spem
2305 345 2463 386 suam
2491 333 2551 386 in
2579 331 2788 386 homine
2813 331 3022 402 (Jerem.
3052 333 3250 404 xvu);
3287 341 3368 400 et,
3393 337 3569 394 Nolite

237 440 414 491 terant
434 431 554 486 haec
589 443 712 501 qua:
735 425 1166 484 commendastis
1185 423 1490 485 carnalium
1520 421 1848 481 commodo-
1955 427 2220 496 conﬁdere
2240 426 2302 481 in
2325 426 2608 498 princibus
2635 426 2806 493 (Psal.
2837 426 3041 497 θην).
3073 427 3368 486 Potuimus
3393 429 3564 488 etiam

233 541 364 585 rum
415 539 530 580 non
572 522 762 580 deesse
804 519 1160 592 compendia,
1216 520 1261 576 si
1313 517 1740 576 credidissemus
1783 534 1846 576 ea
1959 518 2182 576 cellulas
2206 519 2403 576 saltem
2454 527 2678 577 nostras
2724 535 2890 593 super
2915 519 3026 577 Nili
3055 520 3306 580 ﬂuminis
3347 522 3564 583 alveum

237 627 426 678 nostro
454 617 746 675 convenire
769 614 1073 688 proposito,
1102 622 1198 671 aut
1232 613 1400 671 talem
1427 627 1493 669 ex
1521 613 1630 669 illis
1667 627 1842 671 amm-

238 714 472 772 nitatum
523 707 892 779 voluptatibus
947 707 1189 764 fructum
1251 705 1411 764 nobis
1450 705 1852 779 judicassemus

241 822 401 880 posse
443 804 682 862 conferri
703 847 718 874 ,
771 797 944 876 qualis
973 803 1078 860 iste
1117 803 1318 876 estqui
1371 801 1440 859 de
1471 801 1581 858 hoc
1604 800 1850 858 locorum

241 899 494 972 squalore
536 904 592 953 et
648 895 898 968 corporis
946 894 1278 952 contritione
1336 893 1698 966 conquiritur.
1739 897 1852 950 Nec

240 1007 436 1049 sumus
463 989 536 1046 ita
587 995 880 1062 parentum
903 987 1102 1044 solatio
1131 987 1410 1054 destituti,
1457 994 1522 1044 ut
1553 985 1731 1044 desint
1757 985 1850 1058 qui

244 1083 312 1141 de
336 1084 450 1140 suis
475 1081 798 1138 substantiis
825 1088 1140 1138 sustentare
1170 1097 1273 1138 nos
1300 1079 1594 1154 gaudeant,
1618 1079 1723 1136 nisi
1744 1095 1850 1136 no-

243 1177 326 1232 bis
354 1175 450 1232 illa
469 1175 737 1232 sententia
767 1175 1060 1232 Salvatoris
1105 1190 1433 1243 occurrens,
1460 1173 1727 1246 quidquid
1781 1171 1850 1229 ad

246 1269 424 1326 fotum
444 1269 609 1342 hujus
640 1269 882 1343 pertinet
913 1270 1096 1327 carnis
1121 1268 1469 1337 excluderet,
1494 1283 1600 1342 qua
1624 1267 1846 1334 dicitur,

247 1367 357 1433 Qui
381 1381 499 1420 non-
514 1366 794 1436 reliquerit
820 1364 930 1421 sive
973 1363 1150 1422 oderit
1176 1369 1417 1436 patrem,
1449 1369 1500 1420 et
1527 1366 1778 1431 matrem,
1799 1365 1851 1416 et

241 1460 402 1528 ﬁlios,
433 1463 486 1514 et
513 1460 742 1529 fratres,
775 1475 882 1515 non
905 1463 1083 1531 potest
1103 1475 1249 1514 metis
1272 1473 1382 1514 esse
1407 1455 1706 1528 discipulus
1733 1457 1851 1510 Lu-

244 1567 318 1607 ca:
343 1553 491 1624 xxv).
521 1552 682 1622 Quod
715 1553 758 1609 si
803 1561 1092 1625 parentum
1135 1567 1354 1624 quoque
1371 1565 1620 1608 essemus
1665 1548 1848 1622 praesi-

243 1643 337 1701 dio
369 1645 642 1711 destituti,
691 1654 837 1702 certe
868 1645 949 1701 vel
995 1652 1288 1718 potentum
1319 1643 1507 1704 mundi
1557 1643 1712 1700 istius
1749 1641 1852 1698 ob-

1956 612 2318 683 collocantes,
2363 627 2567 686 aquam
2603 612 2808 671 habere
2837 629 2940 687 pro
2970 611 3186 671 foribus
3207 625 3254 686 ι,
3285 631 3356 673 ne
3387 631 3510 674 eam
3533 633 3566 674 a

1957 714 2196 780 quatuor
2235 705 2478 765 millibus
2501 723 2764 780 passuum
2819 707 3026 765 nostris
3085 724 3410 782 cogeremur
3464 709 3567 768 de-
3675 701 3682 708 ”

1961 797 2102 858 ferre
2143 798 2445 857 cervicibus
2465 841 2482 870 ,
2534 799 2671 858 nisi
2704 815 2808 858 nos
2861 799 2951 874 ad_
2971 801 3313 860 tolerantiam
3363 802 3566 861 laboris

1963 893 2124 952 istius
2144 892 2452 952 indefessos
2477 894 2670 952 beatus
2710 894 3005 967 Apostolus
3045 894 3305 966 reddens,
3342 895 3566 971 bocju-

1961 987 2101 1060 giter
2117 987 2387 1046 animaret
2411 987 2625 1060 eloquio
2654 1007 2670 1042 :
2707 989 3106 1059 Unusquisque,
3128 988 3408 1061 inquiens,
3431 1005 3564 1061 pro-

1955 1082 2136 1150 priam
2197 1080 2490 1137 mercedem
2541 1081 2764 1152 accipiet
2805 1081 3098 1137 secundum
3133 1097 3294 1138 suum
3332 1081 3565 1138 laborem

1959 1176 2004 1239 (1
2043 1175 2163 1232 Cor.-
2195 1174 2311 1246 ιιι).
2357 1178 2471 1232 Nec
2511 1173 2831 1246 ignoramus
2854 1190 2972 1234 esse
3003 1177 3264 1234 nonnulla
3302 1177 3357 1232 in
3383 1177 3566 1252 regio-

1959 1267 2126 1324 nibus
2151 1265 2359 1323 nostris
2401 1281 2638 1324 amrena,
2657 1275 2912 1336 secreta,
2943 1267 2998 1322 in
3025 1268 3229 1340 quibus
3267 1283 3564 1340 pomorum

1960 1359 2138 1431 ecpia,
2160 1366 2217 1414 et
2228 1358 2520 1415 hortorum
2559 1357 2751 1430 gratia,
2777 1359 2863 1414 vel
2893 1358 3116 1414 ubertas
3132 1400 3149 1427 ,
3177 1359 3564 1417 necessitatem

1961 1453 2141 1509 victus
2191 1437 2370 1508 nostri
2413 1449 2646 1506 minimo
2686 1448 2875 1506 labore
2917 1451 3167 1524 corporis
3212 1453 3564 1524 expedirent:

1960 1545 2068 1601 nisi
2123 1542 2538 1618 impingendam
2567 1543 2729 1600 nobis
2755 1543 2906 1600 illam
2942 1545 3413 1617 exprobrationem
3442 1561 3568 1619 quae

1961 1639 2029 1696 ad
2055 1639 2210 1694 illum
2250 1638 2305 1694 in
2354 1637 2650 1710 Evangelio
2697 1637 2906 1695 directa
2944 1645 3030 1696 est
3075 1639 3319 1710 divitem,
3351 1656 3568 1698 verere-

242 1737 430 1810 sequia
460 1737 649 1796 deesse
675 1753 785 1794 non
813 1746 1058 1809 possent,
1101 1740 1197 1810 qui
1226 1739 1642 1810 promptissima
1687 1735 1850 1810 largi-
1879 1741 1928 1805 Β
1961 1747 2087 1790 mur
2125 1751 2139 1786 :
2175 1733 2311 1800 Quia
2331 1733 2582 1803 recepisti
2608 1732 3019 1788 consolationem
3059 1737 3211 1788 tuam
3249 1735 3309 1788 in
3330 1735 3448 1789 vita
3471 1740 3568 1791 tua

244 1837 354 1886 tate
409 1830 821 1888 necessitatibus
888 1829 1094 1887 nostris
1164 1845 1290 1887 cum
1345 1830 1495 1888 omni
1549 1830 1850 1906 gratiarum

244 1923 462 1980 actione
497 1924 916 1982 subministrare
966 1923 1288 1996 gauderent,
1340 1940 1576 1997 quorum
1619 1925 1852 1984 muniﬁ-

241 2017 430 2074 centia
453 2017 778 2083 sustentati,
827 2015 1052 2088 parandi
1087 2016 1262 2074 victus
1302 2016 1670 2075 sollicitudine
1699 2034 1850 2076 care-

239 2126 458 2180 remus,
487 2111 592 2169 nisi
633 2126 734 2168 nos
761 2109 1122 2167 vehementer
1159 2110 1249 2168 illa
1277 2110 1597 2183 prophetica
1631 2111 1858 2169 maledi-

235 2203 348 2261 ctio
375 2203 732 2262 deterreret:
775 2217 910 2260 nam
936 2203 1280 2268 Maledictus,
1330 2203 1530 2276 inquit,
1564 2205 1716 2260 homo
1762 2209 1863 2277 qui

1962 1825 2134 1898 (Lucae
2160 1829 2312 1895 xvr).
2337 1826 2365 1862 ³³
2387 1825 2496 1883 Sed
2520 1825 2793 1899 despectis
2821 1825 2929 1884 illis
2947 1825 3203 1884 omnibus
3217 1835 3271 1884 et
3295 1843 3426 1886 cum
3454 1829 3570 1887 uni-

1959 1935 2117 1977 versa
2144 1918 2338 1977 mundi
2370 1918 2534 1992 hujus
2561 1919 2844 1994 voluptate
2869 1919 3216 1994 contemptis,
3238 1919 3325 1978 his
3351 1927 3568 1979 tantum

1962 2015 2309 2088 squaloribus
2353 2011 2718 2086 delectamur,
2767 2014 3142 2089 universisque
3183 2015 3391 2074 deliciis
3431 2017 3568 2074 hor—

1965 2107 2196 2166 rendam
2245 2107 2566 2166 solitudinis
2617 2109 2776 2166 istius
2834 2108 3176 2180 praeferimus
3232 2109 3568 2180 vastitatem,

1967 2221 2148 2278 neque
2173 2205 2302 2262 huic
2329 2221 2624 2263 arenarum
2651 2206 3006 2264 amaritudini
3035 2207 3357 2280 quantasvis
3382 2206 3571 2265 uberis

1353 2364 1608 2421 ALABDI
1647 2365 1870 2422 GAZEI
1909 2365 2472 2424 COMMENTARIUS.

245 2517 506 2572 vocabulo
524 2515 816 2571 denotatur
829 2517 928 2586 qui
941 2515 1058 2571 vult
1072 2531 1294 2586 regnare
1309 2533 1428 2572 cum
1442 2517 1676 2581 domino,
1693 2524 1744 2574 et
1755 2535 1861 2574 non

239 2592 370 2668 pati
392 2602 516 2668 cum
533 2602 590 2668 eo
623 2605 640 2640 :
669 2587 936 2668 delectant
955 2590 1212 2668 praemia,
1245 2605 1360 2668 cum
1383 2591 1726 2668 pollicentur,
1763 2590 1861 2668 de-

249 2661 459 2730 terrent
485 2659 778 2730 certamina
807 2673 925 2713 cum
938 2659 1221 2728 jubentur.
1251 2663 1327 2714 De
1351 2659 1456 2730 quo
1486 2661 1705 2716 Iacobus
1729 2663 1812 2716 ait
1843 2679 1859 2715 :

255 2731 361 2785 Vir
387 2728 597 2798 duplex
623 2731 799 2783 animo
833 2732 1142 2785 inconstans
1170 2734 1248 2786 est
1276 2732 1332 2784 in
1357 2728 1600 2788 bmnibus
1619 2734 1724 2787 viis
1747 2733 1862 2786 suis

249 2799 390 2871 (Jac.
420 2798 492 2871 ι).
521 2803 594 2871 Et
605 2799 752 2871 ﬁlius
774 2800 967 2871 Sirach
993 2819 1010 2854 :
1037 2805 1134 2854 Vae
1159 2805 1428 2870 peccatori
1443 2806 1644 2858 terram
1671 2804 1862 2871 ingre-

251 2867 429 2922 dienti
449 2867 660 2938 duabus
801 2869 1011 2938 (Eccles.
1046 2872 1139 2938 ιι).

320 2947 348 2975 ⁸
369 2937 559 3022 lta_il|i
578 2937 1031 3022 ‘san‘ctieremitm
1061 2937 1118 2995 et
1147 2939 1412 3022 monachi
1437 2940 1704 3022 gEgyptii,
1731 2955 1860 2996 cum

289 3015 485 3066 ossent
513 3007 594 3062 vel
618 3006 694 3078 ad
723 3006 831 3078 Nili
877 3007 1044 3078 ripas,
1073 3008 1160 3063 vel
1189 3009 1314 3064 aliis
1349 3011 1409 3064 in
1437 3006 1861 3066 loci's'commo-

289 3025 485 3066 ossent
513 3025 594 3062 vel
625 3025 694 3062 aa
728 3025 831 3062 t‘llll
877 3025 1044 3078 l'lpas,
1073 3025 1160 3063 vel
1189 3025 1314 3064 ams
1349 3026 1409 3064 ιιι
1440 3025 1574 3065 ιοοιε
1605 3025 1861 3066 commo-

249 3025 515 3136 dioribus
538 3077 694 3152 sedes
717 3077 902 3152 ﬁgere,
929 3077 1027 3152 ubi
1052 3094 1082 3134 e
1101 3079 1352 3150 proximo
1376 3095 1576 3152 aquam
1603 3080 1862 3152 suis_usi-

250 3151 354 3208 bus
409 3147 780 3206 necessariam
836 3147 1157 3218 haurirent;
1207 3158 1390 3205 tamen
1424 3147 1754 3207 'macerandi
1809 3159 1865 3207 et

252 3220 565 3293 castigandi
593 3218 848 3293 corporis
891 3219 1073 3276 studio
1094 3260 1108 3288 ,
1145 3219 1280 3293 loca
1328 3221 1514 3293 potius
1563 3220 1859 3293 arida,_in-

251 3289 467 3366 aquosa
489 3301 586 3348 eta
613 3289 937 3366 ﬂuminibus
962 3290 1256 3366 remotiora
1282 3289 1385 3348 sibi
1401 3289 1472 3348 ad
1499 3291 1859 3366 habitandum

251 3361 602 3448 deligebam,
647 3361 1024 3448 undeuaquam
1055 3361 1280 3448 longius
1298 3372 1490 3448 petere
1519 3370 1576 3448 et
1615 3362 1726 3420 suis
1752 3361 1860 3420 bu-

249 3431 424 3492 meris
451 3435 543 3508 ad,
563 3450 696 3508 suas
715 3431 1074 3508 _cel_lulas_aut
1099 3431 1426 3508 mbnasteria
1451 3431 1666 3508 deferre
1692 3450 1860 3508 coge-

250 3515 474 3564 rentur.
520 3506 608 3562 Sic
636 3504 927 3578 Palladius
956 3503 1101 3578 inter
1125 3503 1261 3578 alias
1287 3504 1501 3562 abbatis
1527 3505 1734 3578 Moysis
1759 3503 1861 3562 au-

248 3579 538 3635 steritates
563 3593 576 3630 :
602 3579 726 3632 Post
757 3577 887 3638 hac,
913 3575 1112 3648 inquit,
1143 3577 1310 3632 aliam
1347 3578 1452 3632 sibi
1477 3575 1743 3646 suggessit
1763 3593 1862 3632 ra—

248 3652 461 3704 tionem
487 3663 694 3718 asperle
721 3651 847 3703 vitta
870 3647 1116 3718 agendae.
1150 3648 1442 3718 Egrediens
1468 3648 1558 3703 hic
1577 3649 1738 3718 pugil
1767 3649 1866 3706 Sa-

249 3725 400 3776 tanae
428 3718 602 3789 (varie
619 3721 759 3773 enim
773 3734 896 3774 cum
911 3734 970 3774 eo
990 3719 1303 3787 decertavit)
1324 3719 1565 3776 noctibus
1586 3720 1775 3775 abibat
1791 3719 1866 3775 ad

243 3792 414 3846 cellas
441 3790 824 3844 monachorum
855 3792 956 3860 qui
975 3805 1030 3846 se
1067 3791 1360 3846 exercendo
1395 3794 1782 3847 consenuerant
1806 3791 1866 3846 in

251 3862 572 3925 laboribus,
605 3864 655 3914 et
679 3876 848 3932 perrse
875 3878 1077 3932 aquam
1101 3877 1210 3916 non
1233 3867 1487 3930 poterant
1505 3863 1741 3932 amplius
1757 3863 1868 3917 im-

239 3935 516 4003 portare;
548 3930 881 4003 et_accipiens
925 3929 1172 4003 hydrias,
1316 3929 1702 4003 nescientibus,
1741 3933 1868 3988 illas

246 3997 406 4072 aqua
427 3998 714 4072 implebat.
730 3997 951 4072 (Habent
969 4001 1111 4072 enim
1139 4001 1199 4052 in
1218 3999 1334 4072 illis
1354 4001 1478 4072 locis
1499 4016 1702 4072 nquam
1727 4006 1871 4056 certa

248 4069 562 4128 distantem
591 4069 961 4142 longitudine;
989 4071 1094 4124 alii
1129 4070 1348 4142 quidem
1377 4071 1454 4126 ad
1479 4069 1613 4126 duos
1637 4072 1867 4142 lapides,

248 4146 358 4200 alii
375 4157 507 4198 vero
531 4140 606 4196 ad
630 4143 890 4211 quinque,
909 4141 1012 4194 alii
1030 4157 1153 4196 vero
1172 4141 1247 4196 ad
1273 4141 1578 4197 dimidium.
1610 4140 1872 4200 Soiome-

249 4232 360 4271 nus
411 4213 566 4269 idem
615 4227 846 4267 narrans
883 4211 1000 4268 haec
1043 4219 1323 4284 postrema
1356 4212 1518 4269 verba
1546 4213 1626 4268 sic
1653 4214 1870 4284 exponit

251 4287 401 4354 (Lib.
427 4299 493 4340 vr
515 4298 635 4353 cap.
659 4285 749 4348 29)
777 4299 791 4336 :
815 4285 917 4340 Res
935 4281 1056 4338 erat
1075 4281 1231 4340 valde
1249 4284 1552 4350 laboriosa;
1579 4301 1708 4340 nam
1722 4281 1870 4341 locus

247 4353 401 4412 unde
425 4370 635 4426 aquam
654 4353 979 4410 hauriebant
1001 4355 1071 4410 ab
1095 4355 1222 4410 aliis
1242 4355 1420 4412 decem
1443 4355 1652 4425 stadia,
1676 4357 1876 4426 viginti

247 4429 320 4483 ab
345 4428 504 4490 aliis,
540 4425 610 4480 ab
648 4426 772 4480 aliis
798 4426 1032 4496 amplius
1068 4427 1303 4495 triginta
1343 4427 1548 4495 abfuit.
1579 4427 1871 4484 Cassianus

248 4499 498 4570 denique
519 4497 618 4551 lib.
637 4511 677 4570 ν
700 4497 944 4552 Institut.
971 4512 1091 4568 cap.
1119 4503 1186 4552 36
1212 4516 1224 4552 :
1258 4501 1452 4561 Tanta,
1480 4497 1675 4570 inquit,
1695 4499 1870 4569 ipsius

249 4569 418 4640 aqum
441 4569 688 4640 penuria
723 4570 1181 4638 constringuntur,
1219 4574 1283 4625 ut
1311 4571 1416 4625 tali
1437 4569 1571 4626 eam,
1585 4571 1870 4640 diligentia

247 4637 618 4711 scrupulqu
651 4637 978 4712 dispensent,
1021 4641 1175 4708 quali
1197 4655 1348 4696 nemo
1375 4637 1870 4712 frugalissime

248 4727 494 4786 speciem
544 4727 873 4780 pretiossimi
906 4727 1023 4764 vim
1056 4727 1331 4766 conservat
1358 4727 1628 4837 aferen.
1682 4727 1874 4768 Inous

246 4799 498 4851 namque
515 4781 782 4849 millibus,
805 4782 889 4836 vel
909 4797 967 4837 eo
991 4783 1246 4853 amplius,
1269 4798 1388 4838 eam
1451 4799 1478 4838 e
1497 4784 1750 4853 praedicti
1767 4785 1877 4853 ﬂu-

246 4855 420 4910 minis
437 4852 596 4924 alveo
610 4854 920 4924 necessariis
943 4854 1128 4908 usibus
1157 4853 1458 4919 advehunt;
1490 4855 1636 4924 quod
1663 4857 1877 4910 tantum

242 4921 616 4994 intervallum
627 4925 865 4994 arenosis
875 4922 1109 4980 divisum
1117 4925 1412 4991 montibus,
1427 4921 1620 4980 laboris
1645 4925 1878 4994 difﬁcul»

247 4999 366 5052 tate
385 4991 734 5066 (gravissima
773 4992 1110 5066 duplicatur.
1142 4995 1279 5066 Sicii
1287 5011 1402 5066 pse.
1424 4991 1716 5066 Quantum
1735 4991 1874 5052 vero

246 5061 441 5142 meriti
481 5077 550 5117 ac
568 5061 1010 5142 mercedisﬁpud
1037 5067 1221 5142 _De_um
1241 5061 1348 5122 hoc
1369 5061 1551 5142 labbre
1568 5075 1874 5142 spontaneo

246 5139 352 5210 sibi
375 5132 922 5210 compgrgrint,__in'_
944 5135 1084 5210 Vitis
1109 5137 1335 5210 Patrum
1375 5136 1480 5194 hoc
1508 5132 1758 5210 exemplo
1784 5138 1875 5196 de-

246 5209 508 5266 claratur
541 5204 682 5279 (Lib.
709 5219 749 5260 ν
777 5205 953 5279 libello
976 5206 1042 5276 7)
1072 5225 1085 5261 :
1117 5209 1292 5264 Senem
1319 5209 1542 5279 quidam
1571 5204 1788 5266 sedebat
1813 5212 1875 5266 in

247 5294 459 5346 eremo,
490 5277 775 5352 quilonge
789 5277 1020 5352 habebat
1051 5294 1250 5350 aquam
1279 5277 1474 5336 alcella
1496 5295 1594 5337 sua
1615 5298 1720 5352 per
1741 5283 1872 5338 duo-

249 5353 432 5408 decim
472 5347 686 5423 millia;
713 5347 812 5423 ubi
830 5350 958 5423 dum
984 5347 1142 5406 semel
1157 5352 1263 5406 iret
1286 5352 1512 5408 haurire
1533 5347 1754 5423 aquam,
1781 5354 1874 5410 de-

250 5425 413 5502 fecit,
441 5420 676 5502 etdiuit
705 5420 1119 5502 Quidnecesse
1145 5427 1226 5477 est
1250 5428 1315 5477 ut
1346 5423 1486 5502 hunc
1513 5420 1748 5502 laborem
1763 5441 1874 5502 pa-

251 5490 416 5552 tiar?
452 5491 652 5553 Venio,
691 5493 741 5546 et
764 5490 946 5548 habito
972 5496 1112 5550 circa
1142 5510 1344 5553 aquam
1369 5497 1526 5551 hanc.
1551 5500 1619 5553 Et
1637 5490 1874 5553 cum-hoc

250 5567 526 5632 dinisset,
548 5576 830 5636 conversus
847 5564 986 5619 vidit
1005 5564 1291 5635 quemdam
1301 5573 1602 5636 sequentem
1621 5583 1674 5623 se
1701 5573 1751 5623 et
1773 5585 1874 5624 nu-

251 5639 569 5707 merantem
603 5635 831 5702 vestigia
867 5649 978 5707 sua.
1015 5635 1379 5707 Interrogavit
1399 5643 1579 5694 autem
1622 5653 1760 5707 eum,
1782 5639 1872 5694 di~

251 5725 374 5766 cens
407 5727 428 5760 :
453 5706 594 5774 Quis
613 5719 666 5758 es
695 5707 876 5762 tu?Et
897 5706 990 5760 ille
1012 5707 1162 5762 dixit
1191 5727 1208 5763 :
1229 5706 1468 5780 Angelus
1492 5712 1710 5766 Domini
1730 5706 1869 5776 sum,

251 5785 305 5836 et
327 5782 542 5836 missus
563 5790 683 5830 sum
703 5792 985 5832 numerare
1002 5781 1231 5848 vestigia
1250 5785 1362 5850 tua,
1395 5787 1446 5838 et
1463 5781 1595 5838 dare
1620 5783 1724 5837 tibi
1739 5798 1874 5838 mer-

544 4711 875 4780 pretiossimi
906 4712 1028 4764 vini
1056 4717 1331 4766 conservat
1358 4718 1408 4766 et
1431 4711 1628 4780 parcit.
1682 4713 1874 4768 Tribus
1902 4712 1954 4776 D
1981 4726 2196 4780 mergar
2212 4727 2246 4765 a
2269 4713 2431 4766 vobis.

1969 2519 2164 2574 cedem.
2212 2517 2363 2584 Quod
2386 2533 2505 2572 cum
2531 2517 2770 2572 audisset
2795 2530 2977 2580 senem,
3009 2519 3148 2584 forti
3175 2520 3358 2586 animo
3387 2520 3570 2586 factus

1961 2589 2286 2671 promptior,
2295 2591 2390 2671 "et
2645 2587 2854 2657 longius
2884 2590 3064 2658 posuit
3090 2585 3278 2644 cellmn
3323 2604 3477 2644 sitan:
3500 2591 3570 2646 ab

1968 2657 2256 2730 aqua’illa.
2295 2659 2432 2714 Haec
2457 2657 2549 2716 ibi.
2886 2657 2900 2658 ί

2043 2723 2176 2811 ista
2200 2733 2266 2785 ι),
2295 2729 2675 2811 Hieronymus
2696 2728 2790 2811 lib.
2810 2743 2861 2784 ιι
2875 2727 3299 2811 inlovinianum
3329 2732 3474 2811 (Cap.
3489 2732 3568 2811 _7).

1971 2807 2280 2874 postquam
2313 2799 2526 2856 multis
2549 2799 2793 2856 ostendit
2827 2799 3182 2874 solitudinem
3225 2799 3570 2874 contempla-

1971 2869 2314 2942 tioni‘magis
2337 2877 2760 2926 consentaneam
2805 2877 2861 2926 et
2901 2871 3263 2942 necessariam
3294 2889 3309 2928 :
3339 2869 3568 2941 His,'in-

1968 2941 2109 3016 quit,
2139 2941 2451 3016 rationibus
2473 2942 2692 3016 invitati
2701 2942 2864 3016 multi
2879 2941 3319 3016 philosophprum
3336 2945 3574 3016 relique-

1969 3015 2102 3065 runt
2122 3014 2460 3081 frequentias
2484 3013 2725 3084 urbium,
2747 3016 2798 3068 et
2831 3013 3072 3068 hortulos
3090 3013 3464 3084 suburbanos;
3479 3017 3577 3072 ubi

1969 3095 2099 3150 ager
2135 3084 2374 3151 irriguus
2410 3087 2462 3138 et
2489 3083 2744 3138 arborum
2785 3098 2965 3146 comta,
3001 3088 3052 3138 et
3081 3100 3338 3143 susurrus
3365 3083 3568 3152 avium,
3617 3083 3624 3090 ’

1969 3153 2136 3218 fontis
2162 3153 2456 3222 speculum,
2483 3155 2634 3210 rivus
2652 3155 3094 3220 immurmurans,
3123 3161 3175 3212 et
3196 3159 3378 3214 multae
3403 3159 3573 3214 oculo-

1970 3237 2092 3296 rum
2119 3225 2440 3296 auriumque
2461 3225 2742 3291 illecebrle;
2770 3239 2836 3280 ne
2855 3241 2956 3296 per
2978 3227 3169 3282 Iud-um
3205 3233 3257 3284 ct
3279 3229 3574 3285 abundan-

1971 3294 2104 3370 tiam
2133 3295 2412 3370 copiarum
2451 3297 2650 3370 anima:
2691 3294 2962 3370 fortitudo
2985 3299 3333 3370 mollesceret,
3379 3305 3431 3370 et
3457 3301 3573 3370 ejus

1962 3363 2232 3434 pudicitia
2256 3367 2715 3434 constupraretur.
2738 3365 2936 3417 Inutile
2959 3368 3160 3434 quippe
3181 3373 3258 3421 est
3293 3363 3575 3424 crebro'vi-

1970 3435 2093 3512 dere
2112 3449 2214 3512 per
2235 3449 2356 3504 quae
2372 3433 3013 3512 aliquandocaptus‘sis,
3027 3433 3292 3512 eteorum
3319 3443 3370 3512 te
3412 3454 3573 3512 empe-

1971 3503 2201 3560 rimento
2219 3503 2540 3560 committere
2567 3503 2766 3574 quibus
2798 3503 3098 3573 difﬁculter
3126 3521 3327 3564 careas.
3350 3503 3500 3568 Nam'
3521 3516 3575 3568 et

1971 3576 2316 3647 Pythagorcei
2344 3575 2715 3647 hujuscempdi
2741 3576 3104 3647 frequentiam
3140 3579 3487 3647 declinantes,
3516 3586 3576 3639 in

1971 3636 2268 3702 militudine
2287 3651 2336 3702 et
2362 3636 2583 3702 desertis
2610 3636 3007 3702 locis'habitare
3033 3636 3432 3708 consueverant,
3448 3636 3577 3710 '13de

1974 3719 2365 3792 toniciquoque
2389 3722 2442 3773 et
2455 3719 2620 3792 stoici
2630 3719 2690 3792 in
2708 3717 3033 3792 templorum
3203 3726 3256 3776 et
3283 3725 3576 3792 porticibus

1971 3789 2348 3856 versabantur,
2371 3793 2435 3844 ut
2447 3789 2720 3844 admoniti
2729 3791 3055 3857 augustioris
3072 3789 3370 3848 habitaculi
3381 3799 3578 3850 sancti-

1975 3865 2105 3923 tate,
2125 3861 2267 3916 nihil
2293 3859 2450 3915 aliud
2467 3875 2633 3930 quam
2662 3858 2734 3914 de
2757 3861 3055 3931 virtutibus
3069 3864 3377 3931 cogitarent.
3397 3865 3503 3921 Sed
3526 3869 3577 3921 et

1975 3933 2091 4000 ipse
2111 3933 2270 4004 Plato
2294 3947 2414 3987 cum
2443 3936 2575 3987 esset
2599 3931 2764 3994 dives,
2792 3934 2844 3986 et
2873 3930 3051 3988 thoros
3077 3930 3193 4002 ejus
3217 3935 3474 4004 Diogenes
3494 3937 3577 3991 lu-

1976 4005 2115 4078 tatis
2121 4003 2348 4078 pedibus
2368 4004 2720 4078 conculcaret,
2743 4007 2806 4057 ut
2811 4007 2991 4078 possetI
3003 4019 3196 4059 vacare
3204 4003 3573 4078 philOsophiw,

1976 4072 2139 4144 elegit
2166 4072 2540 4144 Academitam
2577 4073 2765 4144 villam
2793 4073 2864 4126 ab
2893 4073 3028 4128 urbe
3054 4072 3245 4142 procul
3278 4092 3387 4132 non
3406 4072 3578 4134 solum

1975 4142 2263 4210 desertam,
2293 4142 2386 4197 sed
2426 4145 2486 4196 et
2511 4142 2876 4212 pestilentem;
2904 4146 2967 4196 ut
2993 4157 3123 4197 cura
3159 4149 3210 4199 et
3254 4147 3579 4204 assiduitate

1975 4212 2282 4289 morborum
2306 4211 2551 4289 libidinis
2573 4213 2804 4289 impetus
2819 4215 3188 4289 frangeretur,
3210 4215 3582 4289 dissipatique

1976 4286 2068 4338 sui
2081 4284 2292 4339 nullam
2315 4285 2485 4338 aliam
2501 4285 2760 4339 sentirent
2783 4284 3128 4354 voluptatem,
3157 4287 3271 4342 nisi
3285 4284 3473 4344 earum
3485 4284 3580 4346 re-

1976 4369 2100 4428 rum
2145 4371 2279 4424 quas
2321 4355 2603 4411 discerent.
2647 4355 2916 4428 Quosdam
2945 4355 3166 4424 legimus
3203 4357 3450 4428 effodisse
3474 4363 3582 4416 sibi

1979 4427 2170 4502 oculos,
2204 4442 2269 4481 ne
2284 4443 2388 4502 per
2413 4441 2597 4502 eorum
2617 4426 2792 4502 visum
2807 4440 2857 4502 _a
2891 4426 3325 4502 contemplatione
3341 4432 3580 4502 philoso-

1972 4497 2122 4574 phice
2143 4499 2518 4553 avocarentur.
2544 4497 2692 4553 Unde
2719 4501 2768 4552 et
2787 4497 2976 4574 _Crate_s
2996 4497 3105 4554 ille,
3118 4497 3394 4574 Thebanus
3400 4503 3580 4574 proje-

1977 4573 2058 4623 cto
2077 4570 2136 4624 in
2163 4584 2312 4625 mare
2330 4585 2444 4644 non
2459 4583 2634 4644 paruo
2670 4569 2799 4625 auri
2811 4569 3050 4640 pondere
3083 4586 3104 4625 .°
3145 4571 3326 4642 Abite,
3371 4569 3575 4644 inquit,

1971 4653 2203 4709 pessum,
2231 4641 2392 4714 mulce
2423 4639 2748 4714 cupiditates
2794 4639 2947 4714 {ego
2960 4655 3050 4714 vos
3083 4639 3343 4711 mergam,
3375 4639 3580 4714 ne'ipse

2575 4711 2614 4766 d
2635 4713 2686 4766 si
2709 4713 2832 4780 quis
2855 4712 3136 4766 existimat
3160 4718 3211 4767 et
3239 4711 3580 4771 abundantia

1983 4783 2243 4855 ciborum,
2261 4784 2651 4855 potionumque
2671 4795 2726 4836 se
2745 4782 3002 4855 perfrui,
3017 4785 3073 4855 et
3097 4797 3288 4840 vacare
3307 4800 3464 4855 posse
3484 4801 3582 4842 sa-

1977 4854 2221 4924 pientiae,
2255 4853 2348 4907 hoc
2376 4856 2473 4916 est,
2503 4857 2553 4908 et
2577 4854 2792 4924 versari
2817 4854 2876 4906 in
2914 4852 3143 4920 deliciis,
3173 4859 3224 4908 et
3263 4852 3580 4914 deliciarum

1981 4922 2131 4979 uitiis
2155 4938 2262 4978 non
2289 4925 2474 4987 teneri,
2499 4925 2731 4994 seipsum
2755 4922 2986 4994 decipit;
3011 4939 3130 4979 cum
3151 4927 3290 4981 enim
3309 4927 3380 4982 ab
3396 4928 3480 4984 his
3507 4945 3582 4986 re-

1980 4997 2118 5050 moti
2140 5009 2281 5066 smpe
2307 4996 2592 5078 capiamur
2608 4994 3130 5078 naturle~illecebris,
3159 5001 3212 5053 et
3238 5013 3492 5078 cogamur
3517 5017 3581 5078 ea

1981 5081 2172 5150 cupere
2189 5065 2419 5150 quorum
2438 5067 2645 5136 copiam
2671 5079 2777 5121 non
2799 5065 3072 5131 habemus,
3105 5065 3316 5138 quanto
3335 5073 3507 5153 magis
3532 5074 3582 5126 si

1981 5139 2303 5220 circumdati
2313 5137 2521 5220 retibus.
2536 5138 2868 5220 voluptatum
2897 5153 3005 5220 esse
3029 5154 3122 5194 nos
3144 5141 3335 5220 liberos
3353 5142 3582 5220 arbitre-

1979 5212 2136 5290 mur!
2161 5211 2358 5290 Sensus
2401 5209 2771 5290 nosterillud
2787 5210 2990 5290 cogitat
3017 5209 3162 5290 quod
3187 5211 3354 5290 uidet,
3370 5211 3578 5290 “audit,

1981 5282 2263 5345 odoratur,
2290 5283 2495 5354 gustat,
2520 5283 2802 5354 attrectat;
2823 5285 2876 5335 et
2897 5279 2972 5333 ad
2988 5279 3103 5350 ejus
3126 5284 3210 5354 rei
3228 5283 3472 5337 trahitur
3493 5297 3582 5354 ap-

1975 5355 2224 5424 petitum,
2254 5349 2408 5423 cujus
2433 5353 2647 5422 capitur
2665 5349 2944 5424 uoluptate
2969 5369 2984 5406 :
3011 5349 3165 5422 quod
3191 5367 3338 5408 mens
3373 5349 3578 5420 videat,

1982 5422 2034 5479 et
2055 5439 2200 5479 mens
2228 5422 2446 5488 audiat,
2469 5429 2521 5479 et
2537 5423 2680 5494 quod
2701 5438 2792 5479 nec
2817 5422 3012 5478 audire
3037 5424 3346 5494 quidpiam,
3375 5440 3470 5480 nec
3495 5427 3582 5480 vi-

1981 5495 2107 5550 dere
2113 5497 2403 5566 possimus,
2432 5497 2542 5550 nisi
2559 5509 2744 5550 sensus
2767 5496 2826 5548 in
2848 5508 2913 5566 ea
2931 5509 3050 5563 quae
3081 5497 3346 5552 cemimus
3361 5501 3412 5552 et
3433 5495 3582 5553 audi-

1982 5565 2303 5639 mus’fuerit
2343 5570 2602 5639 intentus.
2648 5567 2785 5639 Haec
2813 5565 3094 5639 eleganter
3119 5573 3176 5621 et
3199 5566 3486 5639 aptissime
3505 5570 3578 5625 D.

1983 5638 2376 5712 Hieronymus,
2401 5635 2699 5712 _religiosis
2741 5635 3002 5692 omnibus
3043 5643 3098 5692 et
3138 5635 3580 5712 con‘templativis

1981 5705 2229 5782 apprime
2263 5705 2676 5766 consideranda.
2829 5716 2833 5721 ‘
