4040 6194
466 232 597 287 1287

1540 207 1819 268 JOANNlS
1856 204 2166 264 CASSIANI
2205 198 2695 259 COLLATIONES.

3645 198 3791 254 i288

459 356 631 432 glebae
664 350 878 411 divitias
913 310 1333 420 comparamus,
1385 357 1499 397 non
1544 338 1868 411 temporalia
1894 334 2061 407 hujus
2090 338 2144 399 Α
2172 346 2274 404 pus
2293 330 2499 403 jugiter
2549 327 2685 382 intra
2734 323 3003 396 parietum
3044 328 3194 394 septa
3222 319 3583 390 concluserit;
3611 332 3677 381 ut
3709 324 3796 384 ita

461 448 708 522 corporis
737 448 914 511 lucra,
952 440 1047 499 sed
1075 447 1281 497 aeterna
1313 434 1538 509 spiritus
1566 432 1945 489 emolumenta
1973 442 2058 484 se-

461 549 689 599 ctantes.
728 540 933 593 Parum
980 541 1065 590 est
1130 530 1278 587 enim
1331 526 1679 585 renuntiasse
1727 522 2065 580 monachum

462 637 658 703 semel,
707 632 765 689 id
802 639 907 698 est,
934 629 991 684 in
1021 624 1324 700 primordio
1371 620 1753 679 conversionis
1779 633 1894 675 suae
1931 632 2064 673 con-

466 729 749 802 tempsisse
805 722 1127 797 praesentia,
1173 719 1277 776 nisi
1334 717 1412 774 eis
1459 714 1707 789 quotidie
1751 711 2068 769 renuntiare

466 820 781 897 perstiterit.
810 820 1005 891 Usque
1052 815 1108 871 in
1136 814 1303 870 finem
1330 826 1570 883 namque
1594 808 1758 880 hujus
1786 806 1909 863 vita:
1937 803 2070 861 illud

464 917 624 974 nobis
647 913 942 972 dicendum
972 919 1058 967 est
1080 924 1208 965 cum
1239 905 1530 979 propheta,
1561 907 1631 960 Et
1656 904 1798 959 diem
1844 901 2071 956 hominis

465 1028 573 1067 non
599 1008 925 1075 desideraui,
957 1010 1017 1062 tu
1040 1007 1143 1071 scis
1169 1002 1377 1074 (Jerem.
1403 1001 1587 1068 xvu).
1612 995 1778 1054 Unde
1793 1003 1847 1051 et
1875 992 2072 1050 Domi-

468 1122 573 1162 nus
602 1106 658 1160 in
689 1101 1020 1175 Evangelia:
1068 1101 1130 1156 Si
1149 1100 1269 1168 quis
1296 1098 1433 1159 vult,
1466 1093 1668 1165 inquit,
1710 1095 1832 1163 post
1881 1105 1965 1145 me
1989 1104 2076 1143 ve-

466 1202 606 1268 nire,
632 1200 858 1267 abneget
882 1196 1240 1264 semetipsum,
1268 1195 1319 1247 et
1342 1190 1498 1244 tollat
1516 1188 1723 1243 crucem
1751 1199 1910 1240 suam
1933 1196 2073 1253 quo-

518 1294 626 1359 die,
657 1297 706 1346 et
732 1295 1090 1359 sequaturme
1120 1288 1295 1351 (Luca:
1322 1286 1429 1350 rx).

1080 1418 1326 1476 CAPUT
1362 1416 1467 1472 ΙΙῘ.

653 1559 728 1611 De
763 1551 1029 1621 qualitate
1066 1549 1300 1621 Iocmum
1316 1560 1435 1621 quis
1470 1544 1540 1621 ab
1560 1542 1897 1599 anachoretis

1046 1619 1230 1689 expeti
1264 1617 1505 1670 debeant.

2172 424 2310 496 quis,
2359 423 2509 478 velut
2539 420 2774 492 piscator
2800 416 3074 489 egregius,
3115 415 3315 470 victum
3344 413 3453 469 sibi
3490 417 3798 486 apostolica

2175 527 2290 576 arte
2338 516 2673 591 prospiciens
2722 514 2779 569 in
2815 508 3245 583 tranquillissimi
3300 507 3485 564 cordis
3534 511 3622 566 sui
3676 526 3801 584 pro-

2175 610 2371 679 fundo,
2405 610 2619 683 agmina
2644 606 3034 681 cogitationum
3065 600 3309 658 natantia
3336 601 3584 658 intentus
3627 611 3801 678 atque

2176 704 2481 763 immobilis
2499 710 2708 775 captet;
2738 709 2794 758 et
2817 708 3095 771 tamquam
3116 696 3184 753 de
3203 695 3544 768 prominenti
3565 698 3800 769 scapulo

2181 802 2394 860 curiose
2422 798 2694 873 profunda
2731 790 3105 869 prospectans,
3140 780 3277 863 quas
3313 790 3386 848 ad
3415 806 3478 848 se
3507 791 3682 849 homo
3708 802 3794 849 at-

2178 896 2402 954 trahere
2424 895 2639 961 debeat,
2669 888 2921 955 salutari,
2947 901 3082 958 quas
3121 900 3250 941 vero
3295 892 3583 957 tamquam
3615 885 3798 943 malos

2181 1008 2246 1048 ac
2273 990 2466 1047 noxios
2503 988 2677 1060 pisces
2705 982 2944 1057 negligat
2971 995 3035 1037 ac
3077 977 3317 1046 refutet,
3364 979 3542 1053 sagaci
3584 980 3797 1037 discre—

2183 1085 2333 1142 tione
2349 1082 2631 1157 dijudicet.
3322 1066 3323 1069 “

2788 1173 3029 1231 CAPUT
3080 1170 3175 1224 IV.

2218 1276 2347 1343 Qua
2364 1290 2399 1329 a
2418 1273 2678 1329 solitariis
2706 1269 3073 1340 operationum
3104 1278 3305 1333 genera
3349 1263 3575 1319 debeant
3605 1265 3752 1335 eligi.

2254 1373 2314 1425 In
2341 1368 2444 1425 hac
2470 1382 2603 1439 ergo
2652 1360 3032 1435 unusquisque
3082 1355 3333 1414 custodia
3355 1356 3559 1430 jugiter
3602 1373 3793 1430 perse-

2182 1479 2377 1521 verans
2396 1505 2411 1532 ,
2438 1459 2734 1518 efﬁcaciter
2754 1456 2888 1515 illud
2911 1452 3183 1527 implebit,
3220 1450 3372 1524 quod
3403 1468 3503 1525 per
3530 1453 3794 1511 Habacuc

2185 1557 2503 1631 prophetam
2527 1554 2660 1611 satis
2691 1538 2989 1609 evidenter
3029 1546 3356 1619 exprimitur
3394 1565 3408 1602 :
3442 1557 3463 1584 ο
3491 1550 3670 1620 Super
3695 1564 3793 1604 cu.

2183 1652 2417 1709 stodiam
2428 1665 2623 1717 meam,
2645 1645 2845 1719 inquit,
2858 1644 3031 1708 stabo,
3050 1646 3103 1697 et
3114 1640 3389 1696 ascendam
3398 1646 3794 1711 διεμέτρεεν-σω

545 1761 616 1815 Et
662 1755 867 1837 idcirco
896 1752 942 1809 ei
993 1752 1084 1823 qui
1125 1749 1196 1806 de
1246 1747 1523 1804 interioris
1560 1746 1802 1804 hominis
1845 1746 2077 1818 puritate
2110 1765 2156 1828 Β
2184 1752 2236 1803 et
2257 1745 2563 1817 speculabor
2599 1746 2662 1797 ut
2682 1741 2893 1796 videam
2915 1737 3055 1809 quid
3081 1738 3321 1806 loquatur
3345 1738 3404 1790 ut
3427 1752 3536 1803 me,
3568 1740 3620 1790 et
3649 1735 3819 1804 quid

476 1850 793 1925 pervigilem
842 1842 1268 1903 sollicitudinem
1316 1841 1487 1913 gerit,
1530 1843 1553 1873 ⁸
1609 1838 1909 1912 expetenda
1952 1848 2079 1895 sunt

475 1949 591 2005 loca
613 1962 735 2019 quae
758 1951 1002 2000 mentem
1029 1940 1145 2012 ejus
1168 1938 1317 1994 nulla
1338 1935 1407 1995 ad
1435 1936 1663 1992 culturae
1688 1933 2077 1991 distentionem

477 2039 746 2098 ubertatis
770 2051 884 2094 suae
928 2032 1254 2091 fecunditate
1285 2028 1595 2097 sollicitent,
1632 2043 1732 2084 nec
1762 2027 1829 2083 de
1866 2026 2077 2082 cellulae

477 2133 586 2190 ﬁxa
612 2142 775 2205 atque
813 2126 1085 2185 immobili
1135 2123 1371 2183 statione
1420 2121 1764 2197 perturbent,
1803 2128 1971 2192 atque
2006 2119 2078 2177 ad

477 2226 701 2299 aliquod
728 2227 754 2260 b
781 2221 1059 2280 subdivale
1087 2235 1224 2291 opus
1248 2216 1467 2290 prodire
1496 2214 1858 2287 compellant,
1890 2221 1946 2269 et
1971 2213 2043 2269 ita
2061 2254 2076 2283 ,

479 2322 626 2378 velut
648 2321 703 2374 in
723 2324 979 2390 apertum
993 2312 1180 2369 effusis
1208 2310 1648 2382 cogitationibus,
1672 2324 1897 2365 omnem
1924 2323 2081 2364 men-

477 2416 551 2472 tis
577 2411 934 2471 directionem
958 2422 1023 2463 ac
1051 2404 1473 2462 subtilissimum
1502 2410 1648 2459 certe
1672 2402 1818 2458 illius
1842 2393 2079 2458 destina-

477 2508 647 2566 tionis
675 2504 937 2561 intuitum
969 2514 1063 2573 per
1090 2498 1303 2555 diversa
1330 2496 1632 2569 dispergat,
1658 2511 1782 2568 qua:
1805 2511 1833 2551 a
1860 2495 2081 2551 nemine

479 2616 728 2678 prorsus,
754 2596 1003 2670 quamvis
1027 2593 1261 2651 sollicito
1286 2608 1351 2648 ac
1374 2590 1637 2663 vigilanti,
1669 2590 1750 2645 vel
1777 2588 1952 2646 caveri
1981 2605 2077 2661 po-

480 2705 684 2766 terunt,
710 2694 793 2751 vel
816 2690 1005 2761 videri,
1030 2688 1129 2745 nisi
1154 2687 1248 2761 qui
1290 2686 1540 2765 animum
1569 2700 1731 2742 suum
1760 2692 1927 2757 atque
1956 2698 2080 2740 cor-

2186 1838 2529 1910 respondeam
2540 1836 2615 1890 ad
2628 1836 2941 1903 arguentem
2956 1846 3039 1885 me
3053 1826 3397 1902 (Habacum!)
3406 1825 3590 1899 .Quod
3604 1826 3796 1898 quanti

2186 1935 2390 1993 laboris
2418 1950 2481 1989 ac
2518 1929 2858 1988 difficultatis
2885 1928 2975 1996 sit,
3018 1924 3409 1998 experimentis
3435 1924 3655 1980 illorum
3692 1924 3790 1995 qui

2184 2018 2213 2062 δ
2237 2030 2292 2085 in
2316 2027 2406 2084 illa
2434 2026 2640 2083 Calami
2666 2025 2777 2081 sive
2808 2020 3204 2094 Porphyrionis
3234 2033 3423 2075 eremo
3443 2032 3790 2073 commoran-

2184 2130 2277 2179 tur
2299 2119 2745 2177 manifestissime
2768 2114 3181 2189 comprobatur.
3214 2115 3358 2169 Nam
3386 2127 3515 2168 cum
3549 2111 3791 2183 longiore

2183 2213 2491 2272 solitudinis
2516 2213 2804 2269 intervallo
2828 2210 2896 2267 ab
2926 2208 3195 2267 universis
3232 2206 3465 2265 urbibus
3502 2214 3557 2262 et
3586 2205 3792 2262 habita-

2186 2310 2322 2367 culis
2376 2309 2690 2376 hominum,
2739 2321 2908 2380 quam
2954 2318 3173 2361 eremus
3226 2302 3452 2375 Scythi,
3478 2300 3795 2357 dividantur

2188 2403 2418 2475 (septem
2446 2407 2468 2436 °
2491 2401 2761 2474 siquidem
2788 2400 2868 2456 vel
2897 2406 3023 2455 octo
3057 2395 3444 2453 mansionibus
3476 2394 3795 2451 vastissimae

2186 2497 2498 2555 solitudinis
2549 2496 2762 2554 deserta
2819 2501 3162 2567 penetrantes
3209 2492 3299 2547 vix
3357 2489 3425 2548 ad
3477 2490 3795 2545 cellularum

2188 2606 2412 2647 suarum
2456 2599 2661 2647 secreta
2691 2588 3060 2662 perveniunt),
3080 2594 3263 2643 tamen
3288 2585 3418 2657 quia
3451 2583 3531 2639 illi
3573 2582 3797 2655 agricul-

2190 2693 2329 2741 turae
2353 2682 2540 2753 dediti,
2566 2684 2585 2720 ί
2622 2682 2876 2741 claustris
2904 2681 3135 2738 minime
3175 2678 3517 2747 cohibentur,
3562 2692 3696 2735 cum
3729 2673 3811 2732 ad

1586 2819 1839 2874 ALARDI
1880 2818 2103 2873 GAZASI
2137 2817 2698 2873 COMMENTARIUS.

552 2960 578 2990 ⁸
617 2958 789 3011 Docet
811 2948 1116 3023 cujusmodi
1146 2944 1535 3023 locasolitariis
1562 2952 1619 3023 et
1644 2941 2080 3023 contemplatjvis

482 3026 593 3083 sint
619 3011 927 3096 deligenda,
953 3017 1415 3096 nempesqlitaria
1450 3024 1514 3096 _et
1538 3014 1615 3096 ah
1651 3011 1936 3096 agminum
1965 3011 2079 3067 fre-

481 3084 832 3169 quentatidne
863 3084 1267 3169 τέφρᾳ-’Νὺξ
1291 3088 1423 3168 Bell.
1446 3086 1554 3169 1.11
1578 3084 1935 3169 de-Monachis
1949 3099 2079 3169 cap.

485 3153 596 3236 59).
639 3169 781 3221 Cum
818 3163 968 3218 enim
995 3153 1122 3236 finis
1147 3157 1407 3236 solitariae
1432 3155 1552 3236 vitm
1595 3153 2079 3236 sit‘contemplatio

486 3224 586 3290 Dei
636 3247 929 3301 rerumque
963 3228 1287 3301 caelestium,
1319 3236 1385 3301 _ut
1414 3233 1561 3296 patet
1605 3224 1802 3301 coll_a_t._
1841 3230 1926 3291 10,
1954 3239 2080 3295 qua:

486 3313 571 3362 est
605 3303 671 3360 de
699 3301 809 3358 fine
839 3294 984 3356 'vitte
1021 3294 1430 3353 anachoretica!
1456 3303 1512 3350 et
1543 3294 1913 3362 coenobiticae;
1962 3294 2079 3350 me-

2257 2953 2277 2978 °
2300 2942 2359 2997 ld
2402 2951 2506 3009 est,
2534 2940 2724 2996 itinere
2764 2946 2975 3012 septem
3027 2936 3106 2992 vel
3131 2943 3271 3012 octo
3292 2933 3547 3012 dierum,
3580 2940 3645 2987 ut
3673 2930 3795 3012 alibi

2187 3004 2511 3084 eXplicatum
2540 3012 2651 3079 (Ad
2684 3013 2780 3084 lib.
2827 3004 2877 3084 'x
2905 3012 3083 3066 Instit.
3115 3024 3160 3063 c.
3181 3005 3305 3084 ῥὶς).
3338 3004 3429 3084 S_ic
3459 3004 3795 3084 Athanasius

2188 3085 2246 3139 in
2260 3075 2387 3140 'V'ita
2411 3084 2465 3138 S.
2516 3075 2744 3138 Antonii
2796 3083 2949 3151 (Cap.
2979 3085 3070 3148 54)
3115 3078 3243 3135 :Ad
3278 3078 3561 3151 primum,
3593 3075 3791 3146 inquit,

2186 3156 2516 3210 mansionem
2552 3148 2923 3215 Alexandriae]
2975 3166 3095 3221 quo:
3145 3149 3459 3221 appellatur
3501 3148 3789 3221 Charm.

2259 3230 2282 3258 ε
2310 3227 2432 3296 Quo
2478 3215 3657 3297 magisagnoscant-religiosiclaustrales,
3705 3215 3792 3271 sui

2187 3290 2404 3353 claustri
2427 3304 2482 3351 et
2507 3290 2772 3351 clausura:
2816 3290 3153 3350 monasticae
3177 3290 3554 3361 antiquitatem
3581 3295 3637 3343 et
3661 3302 3788 3342 san-

484 3359 638 3434 dium
657 3359 845 3430 autem
883 3370 953 3427 ad
976 3368 1491 3438 contemplationem
1535 3366 1778 3438 omnium
1810 3359 2079 3437 optimum
2111 3359 2155 3421 C
2184 3370 2447 3434 ctitatem,
2468 3367 2643 3421 visum
2671 3375 2756 3422 est
2781 3380 2961 3433 operte
2983 3362 3220 3438 pretium
3243 3359 3510 3438 et'nostro
3535 3359 3788 3438 instituto

482 3448 553 3505 sit
603 3446 803 3503 habere
859 3443 1106 3500 animum
1161 3437 1455 3510 conectunt
1508 3442 1563 3510 et
1604 3437 1885 3510 quietum;
1933 3446 2077 3510 certe

483 3518 612 3574 huic
669 3515 1021 3587 potissimum
1065 3510 1300 3590 deservit
1339 3509 1593 3590 solitudo,
1614 3508 1754 3590 Jqua'.
1776 3508 2077 3590 strepitum

486 3577 710 3644 omnem
778 3597 993 3647 rerum,
1072 3580 1267 3650 quibus
1317 3579 1554 3650 animus
1599 3577 1828 3633 distrahi
1880 3577 2077 3649 possit,

486 3655 677 3730 procul
703 3660 869 3709 arcet.
922 3652 1061 3706 Hinc
1091 3649 1370 3730 :Dominus
1394 3657 1451 3703 et
1473 3649 1932 3730 Sqlvatorppster
1952 3665 2079 3705 ora-

487 3718 641 3785 iurus
662 3727 721 3781 in
750 3732 967 3779 montes
997 3731 1051 3778 et
1078 3720 1350 3777 desertum
1382 3718 1634 3775 secedere
1663 3718 1875 3775 solebat
1893 3762 1908 3786 ,
1938 3728 2079 3775 teste

485 3797 820 3870 evangelista
853 3796 996 3867 (Luc.
1030 3793 1111 3870 γ).
1146 3791 1317 3862 Moysi
1342 3806 1565 3870 quoque
1589 3794 1896 3870 cumipeus
1928 3790 2078 3870 loqui

486 3860 937 3939 velletijussit‘ut
976 3860 1126 3921 solus
1149 3860 1490 3939 ascenderet
1504 3862 1561 3939 in
1591 3860 1798 3939 montis
1824 3860 2080 3939 verticem

486 3948 541 3998 et
555 3931 849 4012 caliginem
878 3938 1103 4012 intraret
1141 3934 1336 4012 (Egebat.
1362 3933 1556 4012 xxiv),
1588 3931 1849 4012 nimirum
1873 3939 1931 3986 ut
1945 3932 2078 3988 nihil

486 4001 890 4083 videre‘iposset
937 4005 1083 4077 quod
1136 4001 1385 4058 animum
1425 4001 1547 4083 ejus
1572 4005 1779 4083 κῦρε).
1810 4011 2079 4059 avocaret.

486 4084 669 4138 Immo
689 4071 795 4134 hoc
819 4071 973 4133 adeo"
987 4089 1177 4131 verum
1217 4089 1334 4130 esse
1363 4071 1574 4128 scribit.
1607 4073 1676 4126 D.
1709 4071 2083 4142 Hieronymus

488 4153 580 4209 ubi
620 4165 803 4221 supra,
832 4156 914 4221 fut
943 4163 1007 4203 ea
1043 4145 1112 4221 de
1136 4160 1297 4221 causa
1320 4143 1495 4221 _multi
1522 4142 1827 4221 phil050pl_i_i
1870 4152 2083 4221 naturai

484 4224 655 4281 ductu
672 4213 799 4276 l'oca'
812 4220 1047 4285 deserta,
1073 4217 1298 4283 inculta,
1317 4213 1489 4270 immo
1512 4213 1904 4285 éticorporibus
1925 4216 2081 4271 noxia

486 4303 541 4351 et
576 4291 870 4350 insalubria
916 4284 1131 4345 sibi'ad
1190 4284 1700 4358 philosophandum
1734 4294 1789 4340 et
1834 4295 2080 4358 contems

489 4365 749 4436 piandum
777 4361 1097 4436 delegerint,
1148 4356 1203 4412 et
1226 4357 1500 4436 nonnulli
1533 4356 1703 4436 etiarn
1733 4356 2081 4436 oculos__s_ibi

486 4428 800 4492 effoderint.
842 4428 926 4486 Εἴ
956 4429 1084 4500 alibi
1134 4429 1434 4500 scribit(In
1482 4429 1623 4500 locis;
1652 4428 1835 4494 Hebr.)
1864 4428 2084 4484 cellulas

487 4506 842 4562 eremitarum
894 4502 949 4556 in
999 4499 1171 4570 planis
1204 4498 1440 4571 vallium
1471 4498 1657 4571 arduis
1702 4506 1756 4553 et
1796 4501 2085 4571 praeruptis

486 4575 768 4632 montibus
796 4569 1115 4628 vallatarum
1133 4569 1386 4624 collocari
1409 4570 1629 4637 solitas;
1654 4574 1716 4623 ut
1741 4586 1843 4639 quo
1865 4569 2085 4640 corpora

485 4648 912 4719 deprimerentur
934 4643 1212 4719 humilius,
1232 4657 1300 4719 eo
1320 4643 1484 4696 altius
1503 4642 1676 4695 animi
1692 4642 2080 4698 attollerentur.

485 4712 611 4777 Huc
638 4719 801 4775 etiam
828 4721 1039 4787 spectat
1068 4712 1199 4769 illud
1229 4714 1441 4769 Poetm:

608 4825 839 4877 Carmina
866 4833 1111 4872 secessum
1140 4819 1395 4869 scribentis
1413 4820 1461 4869 et
1485 4816 1579 4867 otia
1595 4821 1840 4881 quaerunt.

487 4932 645 5002 Quod
663 5001 666 5002 ν
684 4931 753 4987 de
781 4929 930 4986 omni
956 4928 1134 5002 studio
1163 4935 1216 5002 et
1238 4926 1451 5002 theoria
1480 4925 1584 5002 dici
1607 4933 1812 5002 potest.

556 4997 584 5034 ι’
616 5001 678 5056 ld
702 5009 803 5061 est,
846 5000 994 5070 quod
1021 5000 1122 5070 sub
1150 4998 1264 5065 dio,
1296 4998 1408 5065 vel,
1447 5005 1507 5070 ut
1541 4996 1681 5070 infra
1724 4996 1963 5067 exponit,
1987 5001 2084 5055 sub

486 5088 645 5131 aerea
692 5068 968 5143 intulit—ate
1008 5068 1139 5143 fieri.
1164 5070 1375 5143 debeat.
1410 5068 1500 5143 Sic
1533 5068 1711 5123 collat.
1752 5071 1998 5143 19(Cap.
2034 5071 2081 5143 1)

481 5147 685 5273 angam
711 5141 849 5198 dixit
889 5138 1188 5206 subdivale,
1234 5138 1291 5196 id
1318 5147 1419 5207 est,
1459 5138 1573 5194 sine
1607 5147 1785 5209 tecto,
1831 5138 2085 5213 nudoque

482 5234 547 5273 su
604 5231 746 5272 aere.

482 5231 584 5276 SllD
604 5231 746 5272 aere.

555 5293 578 5322 ε
603 5290 833 5359 Vulgata
864 5283 1037 5339 versio
1066 5302 1077 5338 :
1109 5285 1284 5359 Super
1303 5284 1610 5359 custodiam
1634 5299 1807 5338 meam
1830 5286 2011 5359 stabo,
2035 5290 2086 5341 et

479 5366 645 5432 ﬁgam
673 5356 914 5432 gradum
926 5372 1087 5432 super
1109 5357 1559 5432 munitionem,_et
1586 5356 1999 5432 contemplabor,
2022 5363 2086 5412 ut

480 5427 691 5489 uideam
720 5431 856 5501 quid
878 5429 1092 5483 dicatur
1108 5428 1260 5490 mihi,
1288 5431 1338 5481 et
1366 5427 1502 5495 quid
1521 5427 1867 5494 respondeam
1893 5428 1966 5483 ad
1995 5445 2081 5483 ar-

478 5511 719 5573 guentem
748 5519 847 5558 me.

484 5645 496 5657 _
550 5561 893 5657 d'glatamus,
944 5571 1055 5627 sive
1071 5568 1394 5657 “Porphyrio
1427 5569 1585 5657 locus
1620 5568 1723 5657 fuit
1766 5571 2081 5657 solitudinis

481 5645 537 5702 in
566 5645 821 5714 Egypto,
850 5639 903 5697 in
935 5658 1043 5713 quo
1070 5639 1543 5714 Paulus'Eremita
1572 5639 1850 5699 habitavit.
1882 5644 2078 5698 Memi-

481 5715 566 5772 nit
585 5711 832 5787 ejiisdem
852 5711 1143 5787 Cassianus
1152 5712 1251 5787 _lib.
1276 5728 1316 5767 χ
1342 5713 1579 5767 Institut.
1598 5728 1715 5784 cap.
1746 5720 1836 5770 24.
1864 5717 2083 5770 Rursus

480 5783 663 5843 collat.
700 5790 731 5840 3
761 5798 879 5855 cap.
906 5787 961 5849 5,
987 5790 1042 5836 et
1063 5783 1244 5837 collat.
1280 5790 1310 5838 7
1340 5798 1459 5854 cap.
1483 5787 1573 5837 26.

2106 4754 2157 4818 D

2136 3429 2450 3510 .perquam
2506 3429 2951 3510 consentaneum
2984 3429 3051 3490 ex
3126 3431 3444 3510 hujusiloci
3502 3429 3787 3486 occasione

2185 3503 2445 3565 nonnulla
2472 3509 2607 3564 scitu
2630 3508 2790 3581 digna
2819 3508 2885 3563 de
2901 3507 2988 3581 his
3000 3503 3546 3581 annotare._Primum
3580 3521 3593 3556 :
3623 3510 3791 3557 utun-

2188 3590 2276 3635 tur
2304 3584 2489 3662 [fatres
2508 3574 3272 3662 Latini(praater_Cassiannm
3289 3575 3391 3662 hoc
3415 3574 3555 3662 loco)
3572 3586 3814 3662 necnon

2187 3652 2421 3706 concilia
2467 3641 2903 3723 frequentissime
2928 3648 3014 3723 his
3044 3648 3272 3704 vocibus
3309 3644 3526 3723 claustri
3558 3652 3610 3700 et
3638 3641 3787 3699 clau-

2188 3738 2332 3778 surm
2363 3723 2417 3778 in
2433 3716 2628 3779 eadem
2655 3720 3049 3793 signiﬁcatione
3079 3727 3134 3775 et
3161 3716 3371 3793 usu_qui
3398 3731 3544 3793 nunc
3563 3721 3651 3769 est
3682 3728 3793 3768 rno—

2187 3793 2487 3849 nachorum
2509 3834 2524 3859 ,
2557 3793 2690 3863 equi
2699 3784 2797 3848 bus
2823 3784 3365 3863 selectioraquaedam
3390 3793 3447 3839 et
3466 3784 3540 3838 ad
3556 3799 3792 3863 m_orutn

2188 3856 2944 3933 instructionem-spectantia
2983 3856 3208 3933 breviter
3242 3856 3546 3933 attingat“.
3598 3856 3791 3933 Euge-

2189 3934 2336 4016 nius,
2362 3942 2512 4016 puto,
2556 3924 2825 4016 secundus
2853 3932 3024 4016 .hujus
3053 3928 3285 4016 nominis
3304 3924 3544 4016 pqntifg
3568 3941 3601 3980 a
3646 3924 3791 4016 gra-

2192 3997 2343 4061 tiano
2363 3997 2564 4061 citatur
2610 4009 2719 4073 (16,
2757 4022 2806 4075 q.
2846 4008 2897 4071 t,
2928 3997 3046 4075 cap.
3074 3997 3398 4075 Placuit,'_2)
3427 4015 3441 4053 ε
3472 3997 3687 4075 Placuit
3706 4012 3771 4051 no

2188 4081 2301 4131 stro
2328 4079 2597 4131 communi
2610 4069 2830 4131 concilio
2850 4069 2910 4130 ut
2927 4069 3112 4129 nullus
3132 4072 3509 4128 monachorum
3530 4084 3636 4138 pro
3650 4069 3790 4123 lucro

2192 4151 2401 4202 terreno
2420 4149 2485 4202 de
2509 4149 2830 4203 monasterio
2854 4150 3002 4202 exire
3025 4160 3163 4199 ausu
3184 4142 3573 4211 nefandissimo
3582 4154 3795 4210 praesu-

2191 4222 2325 4273 mat.
2365 4220 2449 4274 Sit
2493 4220 2781 4274 monachus
2801 4220 3034 4274 claustro
3059 4232 3156 4271 suo
3200 4219 3495 4272 contentus.
3516 4219 3573 4267 et
3598 4218 3792 4266 cattera

2191 4289 2415 4344 inferius
2455 4288 2691 4344 citanda.
2748 4289 3052 4346 Alexander
3087 4286 3361 4342 secundus
3408 4282 3601 4338 itidem
3647 4278 3791 4351 apud

2193 4361 2521 4418 Gratianum
2562 4361 2764 4425 (Ibid,
2791 4376 2832 4415 c.
2858 4363 3066 4423 Juarta)
3109 4377 3122 4412 :
3151 4362 3321 4413 Jurrta
3354 4354 3792 4412 Chalcedonensis

2192 4438 2417 4487 tenorem
2437 4434 2624 4502 optimi
2649 4433 2873 4495 concilii,
2899 4430 3171 4485 monachis
3189 4429 3264 4483 ad
3290 4441 3532 4502 nornutm
3556 4426 3611 4502 S_.
3629 4425 3790 4502 _Bene-

2193 4503 2330 4558 dicti
2364 4498 2514 4575 (σαί).
2566 4507 2620 4568 8)
2650 4504 2796 4557 intra
2835 4504 3130 4557 claustrum
3172 4500 3394 4575 morari
3416 4498 3789 4575 ﬁrmari-mus;

2191 4576 2349 4632 vicos.
2372 4570 2630 4641 castella,
2673 4576 2915 4629 civitates
2942 4587 3238 4644 peragrare
3270 4570 3642 4644 prohibeam,
3676 4572 3729 4619 et
3753 4580 3789 4617 a

2186 4647 2506 4715 populorum
2531 4645 2918 4715 praedicatione
2942 4640 3158 4699 omnino
3188 4657 3413 4715 cessare?
3434 4640 3818 4715 decemﬁmlst'

2190 4712 2302 4769 nisi
2324 4718 2468 4782 forte
2495 4712 2615 4785 quis
2631 4716 2698 4770 de
2710 4718 2885 4771 salute
2895 4717 3093 4769 animae
3112 4730 3224 4769 sure
3242 4712 3513 4785 sollicitus,
3522 4712 3583 4761 ut
3597 4720 3785 4785 eorum

2193 4778 2439 4842 habitum
2463 4778 2723 4851 assumat,
2750 4803 2830 4842 eos
2852 4789 3003 4841 intra
3020 4787 3317 4841 claustrum
3343 4781 3599 4837 consulere
3616 4778 3793 4851 solue.

2192 4860 2269 4913 rit
2299 4859 2463 4929 (Vide
2498 4864 2684 4913 notata
2706 4849 2787 4913 ad
2822 4859 3127 4929 collat._24,
3158 4872 3277 4927 cap.
3311 4860 3414 4920 I4).
3446 4849 3792 4929 innocentius

2197 4919 2314 4996 m,‘
2329 4930 2383 4984 in
2406 4930 2635 4985 solemni
2656 4930 2747 4984 illo
2766 4929 2980 4984 decreto
3006 4919 3169 4998 (Lib.,
3191 4919 3267 4983 ιῑῐ
3286 4923 3543 4998 Decretal.
3579 4923 3666 4998 tit.
3689 4919 3790 4987 ιω,

2195 4994 2321 5057 Cum
2340 5003 2413 5056 ad
2431 5003 2830 5064 monasterium,
2864 4999 2931 5055 de
2958 4994 3103 5055 statu
3130 4994 3529 5053 monachorum
3558 5011 3571 5046 :
3595 4994 3660 5046 In
3679 5006 3794 5043 ora—

2196 5075 2351 5135 torio,
2376 5073 2569 5142 inquit,
2597 5073 2876 5139 refectorio
2911 5076 2963 5126 et
2987 5071 3304 5125 dormitorio
3330 5068 3791 5142 centumuiri-sm;—

2187 5160 2286 5215 per
2307 5132 2576 5198 silentium
2587 5132 2915 5197 observetur.
2935 5145 2999 5197 In
3010 5143 3246 5197 claustro
3256 5152 3461 5215 quoque
3468 5136 3620 5189 cem‘s
3630 5132 3785 5215 horis

2194 5202 2243 5269 et
2269 5216 2412 5281 locis,
2441 5216 2726 5270 secundum
2743 5217 3025 5284 antiquam
3039 5202 3459 5268 consuetudinem
3468 5202 3796 5284 monasterii

2193 5274 2541 5341 laudabiliter
2557 5274 2910 5342 observatam.
2943 5285 3190 5339 Meminit
3209 5291 3263 5337 et
3293 5284 3544 5338 Clemens
3562 5274 3795 5346 quintus

2194 5356 2249 5412 in
2277 5372 2371 5412 sua
2397 5358 2773 5413 Clementina:
2824 5360 2898 5416 Ne
2926 5359 2981 5411 in
3006 5371 3158 5425 agro.
3205 5352 3518 5425 Concilium
3559 5349 3797 5425 hlogunf

2192 5428 2393 5483 tiacum
2423 5444 2539 5499 cap.
2586 5436 2654 5484 20
2680 5447 2693 5483 :
2731 5420 3109 5485 Monastm'u'm
3132 5428 3215 5481 ita
3248 5424 3404 5479 debet
3428 5420 3702 5499 constitui,
3734 5420 3793 5499 ut

2192 5501 2372 5554 omnia
2399 5490 2696 5555 necessaria
2722 5504 2868 5555 intra
2894 5500 3275 5555 monasterium
3312 5496 3691 5555 exerceantur,
3734 5490 3796 5539 ut

2191 5588 2295 5627 non
2318 5574 2390 5627 sit
2416 5575 2693 5627 necessitas
2709 5573 2996 5636 monachis,
3020 5571 3102 5623 vel
3120 5566 3454 5634 clericis,-rel
3467 5562 3686 5636 puellis.
3701 5573 3800 5612 ea—

2191 5644 2361 5712 ganrli
2369 5647 2675 5714 foras,un
2689 5647 2900 5698 omnino
2920 5657 3023 5696 non
3037 5641 3254 5714 (ἔτι)εάἱέ
3276 5635 3566 5693 animabus
3583 5644 3793 5714 certari.

2191 5702 2458 5771 Similiter
2475 5702 2677 5786 qudque
2699 5716 2921 5786 (ediﬁcia
2949 5702 3397 5786 monasteriorum
3438 5702 3803 5786 supradicti,

2190 5788 2422 5857 missi(id
2435 5776 2761 5858 est,délegati
2776 5776 2857 5841 uel
2874 5783 3219 5855 visitatores),
3248 5787 3301 5836 et
3310 5795 3431 5836 cum
3440 5780 3518 5833 eis
3533 5776 3803 5847 episcospi
