4040 6194
315 249 336 299 t
348 245 454 301 289

1253 240 1589 298 COLLATIO
1628 241 1814 298 XXIV.
1851 269 1925 283 -—
1961 241 2050 297 DE
2087 241 2694 300 MORTIFICATIONE.

3488 245 3626 302 i290

1415 415 1673 472 ALARDI
1709 414 1936 472 ΕΑΖᾹΞΙ
1972 413 2529 472 COMMENTARIUS.

305 575 406 641 per
433 558 648 641 diversa
672 558 785 641 loca
800 555 1154 640 prxvideant,
1246 561 1380 626 apta
1397 559 1515 641 sint
1535 561 1591 641 at
1620 573 1912 641 congruen-
1938 560 1991 622 Α
2019 558 2299 641 refectorio
2311 561 2753 641 reﬁciantur,quo
2766 557 2992 624 facilius
2996 557 3206 641 possint
3217 559 3462 641 adlhoras
3477 573 3626 615 cano-

313 627 397 687 ter
417 633 616 685 sancta:
636 627 969 699 professioni
985 628 1304 698 composita;
1331 628 1413 682 vel
1429 630 1482 684 si
1499 627 1799 683 claustrum
1816 631 1914 698 ﬁr-

314 717 462 757 mum
475 699 732 766 habeant,
751 701 810 754 in
829 714 931 770 quo
945 699 1150 754 salvari
1164 699 1370 762 possint
1384 701 1584 754 anima:
1599 700 1659 754 in
1679 701 1754 755 eis
1777 715 1914 755 com-

313 773 640 842 morantium
659 770 759 825 sub
775 770 1075 842 disciplina,
1083 771 1336 826 canonica
1347 771 1432 824 vel
1440 770 1916 842 regulari.Regula

315 841 712 898 monacharum
750 840 896 912 apud
921 841 977 896 S.
1005 841 1414 912 Hieronymum
1461 842 1630 912 (Cap.
1664 840 1766 910 22)
1797 840 1822 896 Ξ
1851 843 1916 896 In

314 913 470 970 choro
497 914 726 970 ecclesia
751 913 826 967 ad
856 912 1070 968 divinas
1107 911 1295 968 laudes
1313 917 1534 983 parato,
1565 911 1876 968 dormitorio
1893 952 1914 980 ,

315 985 594 1052 cxitaculo,
621 985 882 1052 claustro,
928 999 991 1038 ac
1013 983 1248 1053 capitulo
1265 1025 1283 1048 ,
1321 985 1468 1038 omni
1492 987 1728 1054 tempore
1766 984 1917 1054 loqui

316 1071 420 1110 non
447 1055 645 1122 deceat,
675 1057 790 1110 nisi
815 1071 876 1110 ea
901 1055 973 1110 ad
997 1071 1118 1125 qua:
1141 1055 1394 1110 ordinata
1417 1059 1543 1109 sunt
1577 1053 1690 1109 loca
1718 1055 1777 1108 in
1798 1053 1916 1108 lau-

313 1125 470 1181 dibus
497 1128 614 1190 Dei,
640 1130 702 1180 ut
720 1130 770 1182 et
789 1129 995 1196 tempus
1020 1129 1070 1181 et
1099 1125 1240 1196 locus
1260 1126 1529 1196 religionis
1551 1130 1740 1196 vestra;
1760 1139 1881 1196 prx
1901 1154 1918 1166 ο

315 1196 491 1268 dicent
514 1198 874 1268 sanctitatem.
894 1195 961 1252 'S.
991 1195 1298 1268 Eucherius
1319 1195 1698 1268 Lugdunensis
1716 1195 1771 1250 in
1787 1211 1913 1266 qua-

313 1265 443 1323 dam
485 1266 710 1324 homilia
739 1267 808 1323 ad
845 1266 1147 1324 monachos
1177 1287 1190 1322 :
1239 1269 1307 1324 Id
1342 1265 1609 1338 professio
1635 1265 1821 1321 nostra
1851 1269 1910 1320 in

313 1339 561 1395 claustris
583 1355 619 1394 a
641 1339 791 1396 nobis
818 1339 1070 1409 requirit,
1100 1343 1162 1394 ut
1181 1343 1366 1394 contra
1388 1339 1640 1408 proprias
1665 1339 1909 1408 concupi-

311 1411 540 1465 scentias
563 1414 614 1466 et
645 1410 898 1481 reprobas
925 1411 1247 1480 voluntates,
1293 1410 1386 1465 sed
1423 1414 1475 1464 et
1499 1413 1688 1481 contra
1719 1423 1911 1463 omnen

311 1479 1071 1537 animos-itatem'carnalitatis
1083 1483 1244 1550 atque
1265 1481 1505 1536 acediam
1521 1479 1736 1550 jugiter
1759 1495 1912 1549 repu-

313 1567 538 1620 gnemus
553 1571 572 1618 ;
587 1556 893 1622 certumque
907 1555 1004 1616 est,
1017 1551 1160 1622 quod
1169 1553 1282 1608 nisi
1293 1551 1533 1621 quotidie
1547 1551 1912 1622 lucc-implere,

310 1624 698 1692 universasque
708 1621 986 1693 passiones
1002 1621 1052 1678 et
1077 1622 1464 1678 inobedientias
1489 1621 1728 1691 quotidie
1745 1621 1919 1675 virili-

309 1695 394 1746 ter
419 1693 704 1746 eradicare
726 1708 995 1760 conemur,
1017 1694 1184 1747 multo
1190 1693 1399 1762 pejores
1419 1695 1477 1746 in
1495 1693 1728 1746 claustro
1745 1692 1916 1760 efﬁci-

815 1721 995 1760 ;cluur,
1017 1721 1399 1760 ruuuupqw'o'a
1421 1721 1477 1746 tu
1495 1721 1684 1746 υιαιωιι
1697 1721 1728 1745 υ
1745 1721 1790 1758 σι
1801 1721 1916 1760 [ωι-

307 1777 452 1833 mur,
470 1779 634 1832 quam
656 1777 870 1817 eramus
890 1763 950 1816 in
966 1763 1176 1833 saeculo,
1197 1767 1248 1833 et
1265 1766 1403 1833 ﬁunt
1423 1763 1714 1833 novissima
1729 1766 1919 1816 nostra

303 1831 502 1904 pejora
522 1833 816 1904 prioribus.
847 1833 901 1888 S.
931 1831 1194 1888 Bernard.
1213 1831 1542 1904 in'sermone
1557 1831 1796 1904 quodam
1825 1834 1918 1902 (In

2019 632 2166 685 nicas
2205 627 2541 685 celebrandas
2579 643 2865 692 occurrere,
2910 642 2974 682 ac
3000 627 3066 683 de
3108 631 3224 682 vita
3251 634 3303 684 et
3345 645 3626 686 conversa-

2021 701 2280 772 tionesua
2299 701 2582 756 admoneri
2603 704 2658 772 et
2665 699 2855 772 doceri.
2881 697 3135 772 Synodus
3162 697 3298 772 item
3321 700 3623 772 Aquisgra-

2021 770 2250 842 ιιθιιείεί(
2263 773 2395 842 Cap.
2429 776 2558 842 [177)
2577 769 2747 842 exigit
2769 785 2804 842 a_
2826 769 3121 842 praeposito
3145 769 3276 842 cieri
3297 769 3624 842 ut_clauStra

2020 841 2079 897 in
2113 841 2316 913 quibus
2333 839 2600 913 canonice
2619 839 3020 913 vivendumqest
3046 839 3221 913 ﬁrmis
3247 839 3489 913 undique
3519 842 3624 898 cir-

2020 910 2250 970 cumdet
2283 911 2717 978 munitionibus,
2739 919 2800 967 ut
2831 911 2968 967 nulli
2997 910 3224 967 omnino
3255 910 3492 968 intrandi
3520 922 3620 970 aut

2019 983 2276 1066 exeundi,
2297 983 2422 1066 nisi
2449 991 2832 1066 praeportant,
2860 990 3046 1064 pateat
3067 979 3279 1066 aditus;
3307 982 3422 1066 sint
3449 985 3618 1066 etiam

2021 1053 2254 1110 interius
2281 1051 2609 1110 dormitoria
2627 1095 2644 1120 ,
2669 1051 2960 1110 refectoria
2977 1093 2994 1120 ,
3021 1053 3241 1110 cellaria
3263 1095 3280 1122 ,
3309 1061 3366 1110 et
3403 1063 3616 1116 caetera

2021 1123 2388 1180 habitationes
2424 1124 2616 1181 usibus
2652 1122 2886 1180 fratrum
2915 1123 2973 1180 in
2999 1140 3107 1182 una
3135 1124 3394 1181 societate
3423 1142 3616 1185 neces-

2021 1194 2199 1251 sariae.
2219 1197 2508 1250 Postremo
2535 1194 2624 1250 his
2643 1193 2960 1265 adiungitur
2976 1194 3119 1265 apud
3134 1196 3465 1252 Gratianum
3485 1200 3616 1256 Leo-

2021 1210 2199 1251 εει-ιω.
2219 1210 2508 1250 rosrremo
2535 1210 2624 1250 ms
2643 1210 2713 1248 aa
2738 1210 2960 1265 ungitur
2976 1210 3119 1265 apuu
3134 1210 3465 1252 Gratianum
3485 1210 3611 1256 Leo-

2021 1265 2108 1344 nis
2135 1265 2671 1344 noni'_decretum_in
2705 1210 2824 1344 haec
2849 1263 3013 1344 verba
3033 1266 3072 1344 '(
3089 1265 3460 1344 Causa_12,‘q.
3501 1269 3561 1340 1)
3595 1287 3611 1324 :

2019 1339 2330 1396 Necessaria
2344 1351 2427 1390 res
2447 1336 2653 1399 existit,
2681 1338 2742 1388 ut
2752 1335 2924 1403 juxta
2942 1331 3214 1389 ecclesiam
3233 1331 3470 1392 claustra
3486 1331 3614 1394 con-

2019 1409 2344 1470 stituantur,
2376 1409 2435 1462 in
2469 1407 2667 1479 quibus
2694 1405 2870 1458 clerici
2913 1405 3272 1479 ecclesiasticis
3307 1407 3614 1479 disciplinis

2019 1482 2227 1534 vacent.
2250 1481 2440 1547 Itaque
2465 1476 2708 1532 omnibus
2737 1491 2905 1529 unum
2925 1476 3376 1547 sitrefectorium,
3403 1476 3466 1535 ac
3483 1483 3616 1537 dor.

2021 1551 2318 1615 mito-rium,
2344 1545 2438 1604 seu
2461 1552 2663 1604 exterae
2691 1547 2912 1615 ollicinte
2935 1545 3009 1600 ad
3028 1561 3154 1601 usus
3180 1545 3496 1607 clericdrum
3519 1569 3614 1610 ne-

2021 1623 2284 1692 cessariae.
2313 1621 2592 1692 Hactenus
2620 1617 2718 1692 SS.
2751 1619 2939 1692 Patres
2964 1624 3021 1672 et
3031 1617 3278 1692 concilia
3303 1621 3615 1692 antiquiora

2023 1690 2084 1746 in
2107 1689 2645 1747 commendationem
2669 1687 2893 1744 claustri
2919 1695 2974 1744 et
2998 1687 3266 1746 clausum
3295 1687 3614 1752 monasticae

2023 1761 2083 1844 in
2103 1761 2350 1818 medium
2379 1759 2652 1844 producti,
2672 1766 3030 1844 praterqu'os
3059 1759 3340 1844 pluramalia'
3359 1763 3483 1818 testi
3491 1780 3613 1820 mo-

2024 1833 2118 1889 nia
2145 1848 2212 1890 ex
2239 1828 2468 1890 concilio
2496 1828 2826 1904 Tridentino
2842 1837 2900 1904 et
2917 1828 3142 1904 aliunde
3157 1828 3340 1904 afferri
3365 1845 3610 1904 possent.

310 1899 772 1976 festoSfNicola-i,
797 1908 934 1958 torno
961 1904 1057 1976 1),:
1093 1904 1227 1976 Vere
1249 1899 1914 1976 claustrum,'inquit,pa-
1946 1953 1990 1976 η
2025 1907 2106 1960 Ex
2147 1904 2343 1976 quibus
2379 1902 2640 1976 omnibus
2680 1899 3174 1976 manifesteliquet
3219 1899 3518 1976 claustrum
3547 1906 3616 1964 de

309 1953 530 2048 mea;
543 1953 772 2030 ἓὲὶῗιὶἐέ
793 1953 1220 2048 parataita
1237 1953 1917 2048 semicremata.
1946 1953 1992 2016 Β
2021 1953 2130 2046 at}.
2151 1953 3612 2048 tgﬁs‘iaatagfmgas‘aais;is;mammas

310 2047 481 2113 ﬂuens
503 2046 863 2114 lacrymarum
887 2043 1188 2107 undositas,
1217 2059 1354 2114 quas
1373 2060 1442 2098 ex
1449 2043 1760 2115 purissimis
1775 2047 1917 2114 affe-

313 2115 488 2172 ctibus
515 2131 666 2171 amor
707 2115 798 2170 ille
821 2115 1041 2170 caelestis
1068 2115 1298 2185 eliquat;
1325 2116 1409 2170 hic
1429 2120 1556 2170 sunt
1583 2116 1796 2172 arbores
1817 2133 1918 2172 ere-

310 2187 585 2251 ct-issimte,
605 2187 754 2242 chori
767 2191 1094 2254 sanctorum,
1114 2187 1370 2256 nullaque
1382 2191 1461 2256 est
1481 2202 1600 2256 qua:
1619 2201 1724 2243 non
1745 2189 1919 2244 multa

315 2257 557 2329 gaudeat
579 2259 796 2326 fructus
817 2259 1078 2322 ubertate,
1107 2265 1215 2329 etc.
1240 2255 1403 2329 Apud
1424 2255 1922 2329 PetrumVenera-

311 2327 483 2401 bilem
509 2329 655 2401 (Lib.
677 2343 699 2385 ι
714 2331 906 2401 Mirac.
927 2344 1047 2399 cap.
1062 2331 1136 2401 A13
1154 2327 1194 2400 ),
1213 2327 1535 2401 monachus
1553 2327 1775 2401 quidam
1791 2329 1918 2401 Adia-

310 2397 450 2473 bolo
478 2397 549 2473 ad
577 2397 766 2473 fugam
798 2398 900 2473 sub
931 2397 1426 2473 specieieujusdam
1451 2397 1667 2473 abbatis
1705 2399 1916 2473 sollici-

311 2469 451 2527 tanti
487 2469 560 2526 ita
594 2469 882 2542 respondit
922 2487 936 2524 :
962 2469 1088 2540 'Ego
1113 2469 1238 2526 hinc
1263 2473 1409 2526 exire
1437 2472 1586 2527 nullo
1613 2471 1767 2528 modo
1784 2487 1914 2542 pos-

309 2555 454 2604 sum,
484 2544 618 2612 quia
647 2546 698 2597 et
727 2543 954 2597 claustri
976 2545 1344 2613 praerogativa
1371 2547 1422 2598 et
1449 2544 1704 2598 clausura
1730 2558 1916 2598 mona-

309 2614 472 2668 sterii
501 2613 778 2682 prohibet,
809 2617 860 2669 et
889 2613 1128 2681 fratrum
1157 2629 1240 2669 me
1268 2614 1558 2668 multitudo
1592 2615 1912 2669 circumdat.

315 2685 466 2756 Tunc
488 2683 753 2753 diabolus,
771 2686 874 2744 Nec
897 2700 1012 2755 ego,
1029 2683 1224 2756 inquit,
1251 2685 1516 2754 quamdiu
1535 2685 1621 2740 hic
1639 2685 1836 2751 fueris,
1866 2689 1916 2740 te

309 2755 376 2808 in
398 2755 581 2824 aliquo
595 2756 794 2826 juvare
805 2761 1011 2826 potero.
1039 2757 1142 2812 Sed
1159 2757 1250 2824 fac
1278 2756 1520 2825 qualibet
1539 2759 1658 2812 arte
1684 2759 1747 2809 ut
1762 2760 1916 2826 septa

309 2825 630 2882 monasterii
647 2825 1098 2895 transgrediar-is;
1125 2825 1270 2894 quod
1283 2831 1570 2896 postquam
1588 2827 1800 2894 feceris,
1816 2825 1916 2896 ego

312 2898 722 2968 statanadero,
756 2900 1030 2968 etesltem
1066 2895 1192 2968 alibi
1219 2897 1388 2968 (Cap.
1417 2901 1516 2963 17)
1543 2895 1740 2968 duplex
1762 2897 1914 2952 clau-

313 2969 494 3034 strum
517 2962 570 3017 in
591 2965 920 3034 monasterio
939 2962 1279 3020 Cluniacensi
1303 2962 1470 3020 fuisse
1483 2962 1913 3034 commemorat,

317 3031 514 3105 majus
521 3041 595 3105 Aet
613 3032 814 3088 minus.
848 3035 917 3088 Et
941 3047 1136 3105 rursus
1163 3034 1487 3105 alio‘capite
1511 3034 1660 3105 (Cap.
1698 3039 1804 3105 ιβ),
1829 3031 1916 3092 in;

315 3099 702 3159 ter'ofﬁcinas
729 3103 1064 3175 monasterii,
1109 3099 1528 3175 quasdiabolus'
1564 3099 1915 3175 ingredi'non

311 3175 520 3246 potuit,
552 3189 650 3230 sua
678 3172 1080 3246 grossitudine,
1107 3172 1188 3246 uti
1217 3172 1524 3246 videbatur,
1553 3172 1912 3246 prépeditus,

311 3243 573 3318 nominat
607 3243 912 3318 napitulum
956 3243 1152 3318 (quod
1176 3244 1232 3301 in
1251 3243 1517 3318 claustro
1545 3243 1874 3318 esse:solet)
1896 3243 1912 3316 ζ

311 3315 518 3374 deinde
538 3314 892 3373 reiectorium
903 3323 959 3372 et
975 3314 1384 3373 dormitorium.
1405 3315 1506 3372 His
1526 3314 1732 3372 accedit
1751 3314 1913 3374 nugo

319 3334 518 3374 neinae
538 3334 892 3373 reiectorium
903 3334 959 3372 et
975 3334 1384 3373 aormuonum.
1405 3334 1506 3372 nis
1526 3334 1732 3372 accedit
1751 3334 1840 3372 nu
1879 3341 1885 3368 4

319 3387 636 3471 Victorinus
660 3391 849 3471 (.Tomo
875 3387 960 3471 II)
979 3428 996 3456 ,
1023 3385 1178 3459 cujus
1200 3395 1282 3469 est
1306 3387 1532 3471 insignis
1560 3334 1885 3471 trantatns

311 3457 564 3516 claustro
605 3458 827 3524 anima,
859 3456 952 3516 ubi
995 3473 1060 3516 ex
1086 3456 1376 3516 occasione
1416 3456 1584 3514 refert
1621 3456 1918 3516 duodecim

309 3529 620 3602 abusiones
664 3529 886 3602 claustri
927 3529 1286 3602 monachalis,
1330 3544 1466 3602 quas
1511 3529 1598 3584 hic
1631 3529 1919 3602 ascribere

309 3615 433 3658 non
461 3601 702 3658 alienum
731 3601 800 3656 ab
839 3601 1092 3658 instituto
1117 3600 1293 3657 visum
1321 3600 1403 3657 est
1433 3619 1447 3656 :
1488 3600 1798 3669 Duodecim,
1841 3601 1918 3657 in.

309 3671 473 3744 quit,
510 3677 638 3727 sunt
665 3673 942 3730 abusiones
973 3674 1228 3736 claustri,
1275 3673 1471 3743 quibus
1503 3675 1614 3727 tota
1642 3673 1918 3742 religionis

307 3743 498 3798 massa
522 3745 900 3814 corrumpitur,
921 3745 1182 3814 praelatus
1201 3745 1494 3814 negligens,
1514 3743 1810 3814 discipulus
1830 3745 1918 3799 in-

301 3814 580 3878 obediens,
597 3813 814 3884 juvenis
834 3813 1051 3882 otiosus,
1074 3830 1236 3870 senex
1263 3815 1596 3883 obstinatus,
1630 3813 1918 3871 monachus

305 3886 541 3942 curialis
557 3925 576 3950 ,
595 3885 884 3938 monachus
897 3885 1221 3954 causidicus,
1233 3887 1450 3938 habitus
1461 3888 1750 3954 pretiosus,
1771 3887 1917 3942 cibus

307 3954 650 4024 exquisitus,
666 3966 850 4006 rumor
862 3954 918 4006 in
933 3953 1182 4013 claustro,
1203 3952 1270 4024 lis
1290 3955 1349 4006 in
1363 3952 1620 4022 capitulo,
1637 3955 1916 4024 dissolutio

311 4027 374 4080 in
387 4023 569 4086 choro,
596 4027 646 4078 et
669 4024 1015 4094 irreverentia
1029 4023 1173 4077 circa
1189 4023 1384 4094 altare.
1408 4023 1491 4094 Ita
1505 4024 1672 4094 Hugo
1689 4023 1759 4080 ad
1783 4025 1918 4080 imi-

308 4094 593 4166 tationem
615 4096 682 4166 D.
705 4092 965 4166 Cypriani
987 4093 1271 4166 martyris,
1281 4108 1378 4150 seu
1397 4092 1638 4166 cujusvis
1657 4095 1916 4166 auctoris,

306 4165 410 4224 cui
439 4163 734 4240 ascribitur
751 4163 918 4240 'libe_r_
932 4163 1004 4220 de
1027 4163 1341 4240 Duodecim
1359 4163 1730 4240 Abusionibus
1751 4163 1918 4240 hujus

303 4236 531 4302 saeculi,
569 4243 632 4292 ut
674 4243 828 4292 notat
853 4235 1046 4293 Glossa
1093 4233 1258 4292 dictae
1283 4235 1640 4293 Clementinae
1679 4253 1694 4292 :
1741 4233 1917 4296 Ne'in

303 4324 474 4380 agro.
505 4308 679 4362 Porro
707 4321 820 4380 non
836 4313 1061 4380 tantum
1089 4305 1506 4380 monachorum,
1531 4306 1629 4364 sed
1657 4314 1714 4380 et
1746 4317 1917 4364 cano-

305 4377 578 4450 nicorum
599 4393 696 4435 seu
719 4377 1049 4434 clericorum
1064 4377 1401 4450 regularium
1417 4378 1654 4450 claustra
1669 4377 1727 4434 in
1747 4380 1917 4437 sacris

303 4449 628 4510 canonibus
653 4456 1056 4522 memorantur,
1083 4449 1282 4522 quippe
1305 4449 1399 4522 qui
1427 4449 1598 4522 instar
1625 4450 1917 4522 monacho-

301 4537 445 4580 rum
478 4519 768 4576 communi
803 4519 1064 4587 claustro,
1094 4519 1376 4576 communi
1405 4519 1696 4576 reiectorio
1719 4529 1776 4577 et
1793 4521 1918 4578 dor-

305 4589 556 4651 mitorio
604 4597 913 4662 uterentur,
957 4597 1014 4646 et
1041 4591 1518 4662 tamuregulariter
1563 4591 1826 4660 viverent,
1858 4601 1920 4649 ut

304 4677 521 4722 eorum
565 4661 691 4718 vita:
719 4660 858 4718 ratio
885 4659 1197 4718 monachali
1226 4659 1336 4716 non
1378 4661 1655 4719 rideretur
1692 4659 1920 4720 inferior

308 4735 328 4808 (
350 4734 675 4808 ,Vide‘Petr.
700 4735 959 4808 Damian.
987 4734 1023 4788 l.
1053 4747 1076 4788 ι

303 4803 450 4863 eilio
465 4803 794 4875 Moguntina
813 4803 965 4875 (cap.
978 4810 1033 4868 9,
1053 4808 1092 4860 t.
1118 4805 1199 4858 III
1213 4803 1400 4860 Concil.
1411 4846 1430 4875 ,
1443 4807 1494 4875 et
1510 4804 1660 4875 apud
1672 4805 1918 4862 G-ratian.

303 4819 450 4863 emo
465 4819 560 4858 mo
599 4819 788 4859 ununo
813 4819 965 4875 (cap.
978 4819 1033 4868 9,
1053 4819 1092 4860 ε.
1118 4819 1199 4858 ιιι
1213 4819 1400 4860 uoncu.
1412 4846 1430 4868 ,
1443 4819 1494 4858 et
1510 4819 1660 4875 apua
1672 4819 1918 4862 tri-anan.

303 4879 450 4936 dist.
491 4819 625 4945 3ιῖ
640 4873 786 4944 quod
815 4873 918 4932 sub
953 4875 1150 4931 Carolo
1175 4877 1374 4945 Magno
1409 4873 1661 4930 habitum
1689 4883 1793 4942 est,
1827 4884 1927 4932 sta-

301 4943 723 5018 tutum_legitur
744 4961 757 4998 :
775 4947 838 5001 In
847 4947 1112 5018 omnibus,
1130 4943 1397 5016 quantum
1409 4946 1648 5018 humana
1660 4949 1929 5018 permittit

295 5015 626 5091 fragilitas,
659 5015 1002 5091 decrevimus,
1030 5019 1350 5091 ut
1383 5017 1559 5091 clerici
1578 5015 1828 5091 canonice
1844 5022 1925 5074 vi-

300 5085 470 5155 vant,
495 5085 832 5158 observantes
845 5088 1140 5158 Scriptura
1151 5087 1353 5143 divinae
1363 5087 1684 5154 doctrinam,
1699 5095 1750 5144 et
1765 5090 1926 5146 docu-

301 5163 504 5219 menta
523 5157 618 5232 SS.
646 5159 902 5232 Butram,
934 5157 986 5213 et
1015 5158 1157 5212 nihil
1175 5160 1289 5232 sine
1318 5159 1534 5214 licentia
1561 5163 1794 5232 episcopi
1817 5164 1924 5226 sui,

301 5234 395 5289 vel
425 5229 689 5298 magistri
711 5245 914 5298 eorum,
941 5231 1282 5302 incomposite
1302 5245 1460 5302 agere
1478 5229 1835 5302 praesumant.
1862 5235 1928 5289 In

303 5315 643 5371 unoquoque
653 5301 962 5372 episcopatu
977 5301 1144 5356 simul
1155 5301 1543 5358 manducent’et
1559 5303 1852 5364 dormiant,
1871 5305 1930 5358 in

303 5389 412 5433 suo
437 5372 687 5446 claustro
697 5371 986 5428 maneant:
1008 5376 1058 5428 et
1072 5373 1296 5446 singulis
1315 5372 1522 5440 diebus,
1549 5391 1726 5439 mane,
1745 5377 1930 5446 prima

303 5439 837 5517 hora_ad_lection_em
854 5447 1088 5517 veniant,
1103 5439 1620 5517 etaudiantquideis
1637 5439 1932 5517 impleretur

309 5518 332 5591 (
356 5511 512 5591 Vide
533 5511 686 5591 Ioan.
709 5512 980 5591 Molanum
991 5515 1029 5570 ι.
1046 5531 1068 5571 1
1083 5514 1148 5591 de
1163 5515 1364 5591 Canon.
1382 5511 1429 5570 οἷ
1446 5521 1508 5591 13
1529 5516 1546 5590 )
1563 5559 1580 5586 ,
1593 5511 1929 5591 eia-Eodem

307 5580 596 5661 pertinet
623 5580 908 5661 decretum
940 5585 1149 5661 synodi
1196 5580 1540 5661 Turonensis
1567 5580 1734 5659 (Cap.
1781 5587 1881 5660 23)
1912 5609 1924 5645 :

304 5654 596 5718 Canonici
619 5657 668 5708 et
697 5654 880 5731 clerici
886 5654 1178 5731 civitatum
1203 5660 1305 5731 qui
1328 5659 1388 5714 in
1425 5654 1702 5731 episcOpiis
1721 5654 1934 5716 conver-

305 5732 548 5792 santur,
565 5725 1014 5782 consideravimus
1027 5731 1088 5781 ut
1106 5729 1161 5781 in
1173 5725 1421 5787 claustris
1431 5725 1754 5795 habitdntes,
1769 5733 1934 5788 simul

302 5812 504 5858 omnes
545 5799 603 5852 in
629 5812 734 5852 uno
757 5795 1068 5854 dormitorio
1097 5797 1390 5869 dormiant,
1431 5804 1700 5875 simulque
1727 5805 1786 5860 in
1827 5819 1932 5862 uno

551 5884 816 5942 Punct.
855 5887 1072 5944 XLIX.

1101 4735 1258 4802 epist.
1287 4731 1405 4804 16).
1433 4732 1520 4789 Sic
1547 4734 1691 4789 enim
1713 4734 1772 4789 in
1791 4750 1920 4790 con-
1951 4721 2003 4784 D

2022 2043 2382 2114 monasterio,
2405 2061 2467 2102 ex
2498 2061 2564 2102 eo
2583 2043 2852 2102 nimirum
2875 2051 3260 2114 temporequo
3284 2043 3615 2105 monasteria

2025 2116 2198 2174 muris
2229 2125 2326 2174 aut
2350 2113 2584 2188 maceria
2625 2114 2773 2188 cingi
2810 2123 2868 2170 et
2887 2113 3244 2188 circ’umcludi
3275 2131 3530 2188 cmpere,
3561 2127 3618 2175 et

2027 2188 2280 2246 clausura
2321 2187 2613 2244 monachis
2654 2185 2892 2247 indicta;
2923 2199 3031 2256 qua
3067 2185 3135 2240 de
3178 2201 3238 2242 re
3272 2185 3430 2242 intra.
3476 2191 3617 2247 Sunt

2027 2261 2170 2314 enim
2187 2261 2426 2316 claustra
2441 2260 2510 2314 ab
2525 2275 2581 2314 eo
2590 2257 2732 2328 quod
2743 2256 3249 2328 claudanturdicta,
3271 2257 3348 2313 ait
3372 2258 3616 2318 Isidorus

2028 2331 2174 2396 (Lib.
2207 2331 2548 2402 vaEtymol.
2588 2324 2634 2384 ἔ.
2675 2329 2969 2402 6)._Atque
2995 2324 3190 2402 eadem
3213 2328 3428 2402 ratione
3461 2339 3616 2402 septa

2021 2400 2334 2458 monasterii
2359 2397 2640 2465 dicuntur,
2669 2397 2868 2468 quibus
2882 2397 3293 2468 :monasterium
3319 2397 3620 2459 circumse-

2021 2472 2169 2544 pitur
2186 2481 2242 2526 et
2269 2472 2518 2544 vallatur.
2551 2463 2740 2544 Altero
2772 2463 2938 2544 modo
2961 2480 3058 2536 pro
3089 2473 3241 2537 parte
3277 2473 3614 2544 monasterii,

2020 2535 2439 2614 quadranguiari
2461 2545 2544 2614 (ut
2565 2538 2723 2604 solet)
2742 2535 3267 2614 ambitu’murornm
3290 2535 3620 2614 circumcin;

2021 2605 2128 2692 eta,
2158 2605 2323 2668 etiam
2362 2610 2689 2692 feminarum
2718 2623 2937 2692 accessu
2966 2605 3258 2678 prohibita,
3284 2617 3350 2692 et
3362 2612 3618 2692 peculiari

2021 2678 2288 2740 clausura
2314 2698 2379 2740 ac
2401 2680 2620 2738 ilentio
2657 2678 2900 2751 subjecta
2919 2719 2935 2746 ,
2962 2692 3176 2751 necnon
3205 2678 3378 2750 quieti
3403 2691 3459 2738 et
3481 2699 3619 2740 con-

2021 2753 2361 2826 templationi
2407 2752 2653 2826 fratrum.
2679 2749 2886 2826 dicata,
2933 2749 3465 2826 qnae‘abpratorio,
3505 2754 3623 2814 sive

2021 2819 2250 2896 templo,
2273 2833 2328 2880 et
2350 2840 2382 2880 a
2402 2821 2694 2896 refectorio
2717 2829 2772 2876 et
2797 2819 3121 2878 dormitorio
3148 2819 3536 2896 distinguitur,
3556 2833 3622 2883 ut

2021 2891 2215 2952 notum
2238 2891 2346 2952 est.
2386 2892 2640 2951 Secundo
2675 2891 2799 2949 loco
2839 2907 2952 2947 non
2994 2891 3376 2963 praetereunda
3407 2891 3618 2954 videtur

2020 2966 2304 3046 Quilielmi
2355 2963 2605 3046 Durandi
2637 2963 2985 3046 Mimatensis
3011 2963 3254 3046 episcopi
3287 2963 3618 3046 depclaustrp

2021 3035 2247 3118 ejusque
2291 3037 2502 3118 ratione
2543 3043 2620 3118 et“
2637 3033 2983 3118 institutione
3031 3033 3250 3118 egregia
3279 3037 3623 3118 notatio_bis

2021 3106 2204 3162 verbis
2222 3117 2486 3178 concepta
2515 3125 2528 3160 :
2563 3106 2871 3178 Claustrum
2889 3107 3061 3178 (sicut
3077 3107 3158 3160 ait
3174 3106 3479 3178 Bichardus
3499 3111 3620 3167 Cre-

2020 3180 2283 3234 monensis
2311 3177 2579 3250 episcopus
2599 3179 2660 3232 in
2685 3177 2899 3250 Mitrali
2910 3177 2927 3248 )
2948 3177 3017 3250 ab
3040 3177 3277 3250 excubiis
3299 3183 3352 3234 et
3368 3181 3623 3237 custodiis

2026 3251 2327 3304 Levitarum
2336 3249 2486 3305 circa
2500 3249 3012 3314 tabernaculum,vel
3029 3249 3098 3302 ab
3113 3250 3256 3303 atrio
3266 3250 3620 3318 sacerdotum,

1947 3332 1992 3396 ο
2019 3321 2102 3396 v_el
2117 3334 2152 3372 a
2160 3321 2368 3396 porticu
2385 3319 2685 3396 Salamonis
2707 3318 3066 3396 ad_templum_
3069 3321 3298 3396 sumpsit
3315 3320 3621 3396 exordinm.

1887 3404 1916 3444 e
1954 3387 1992 3396 ⁷
2027 3387 2286 3458 Praecepit
2308 3389 2450 3443 enim
2465 3387 2721 3444 Dominus
2733 3387 2924 3458 ,Mbysi
2947 3400 3014 3458 ne
3034 3387 3246 3441 Levitas
3275 3403 3396 3442 cum
3409 3391 3624 3458 plebeia

2025 3455 2376 3514 multitudine
2387 3459 2710 3528 numeraret,
2721 3455 2814 3510 sed
2831 3456 3175 3528 constitueret
3183 3472 3268 3512 eos
3277 3455 3438 3528 super
3451 3461 3626 3518 taber-

2025 3531 2280 3586 naculum
2291 3529 2583 3602 testimonii
2589 3527 2669 3602 ad
2672 3527 3066 3602 portandumiet
3079 3527 3480 3586 custodiendum
3497 3532 3626 3602 (Du-

2023 3603 2182 3657 rand.
2227 3604 2287 3656 in
2312 3603 2530 3657 Ration.
2558 3601 2655 3655 lib.
2675 3597 2702 3654 ’1
2729 3614 2846 3669 cap.
2884 3597 2970 3668 ι).
2991 3601 3216 3669 Propter
3241 3602 3388 3670 quod
3411 3597 3632 3660 Domini

2019 3677 2368 3744 prxceptum,
2399 3672 2528 3744 dum
2556 3671 2745 3726 divina
2767 3674 3111 3744 peraguntur
3128 3674 3386 3744 mysteria
3402 3711 3417 3735 ,
3447 3675 3633 3730 clerici

2026 3740 2220 3800 debent
2241 3745 2303 3798 in
2320 3743 2536 3798 ecclesia
2559 3745 2704 3796 stare
2724 3755 2759 3794 a
2779 3740 2929 3794 laicis
2947 3743 3240 3810 segregati.
3265 3743 3414 3798 Unde
3430 3747 3628 3801 statuit

2025 3816 2308 3872 concilium
2334 3815 2732 3884 Moguntinum,
2749 3815 2907 3866 extra
2933 3811 3000 3866 de
3021 3813 3122 3884 vit.
3151 3815 3204 3884 et
3233 3813 3494 3884 honestat.
3523 3816 3629 3872 Cle-

2025 3888 2125 3942 ric.
2158 3903 2203 3942 c.
2233 3894 2282 3950 1,
2310 3881 2454 3956 quod
2467 3899 2604 3956 pars
2624 3884 2856 3952 illaqux
2880 3881 3127 3956 cancellis
3149 3883 3421 3939 dividitur
3436 3885 3506 3940 ab
3539 3887 3626 3942 al-

2025 3961 2156 4020 tari,
2163 3955 2524 4028 psallentibus
2537 3959 2748 4028 tantum
2752 3957 2936 4023 pateat
2949 3955 3351 4028 clericis.Porro
3361 3958 3500 4012 sicut
3507 3959 3630 4013 tem-

2017 4025 2184 4096 plum
2196 4028 2617 4095 triumphantem
2631 4025 2876 4096 designat
2901 4025 3211 4096 Ecclesium,
3241 4028 3318 4080 sic
3332 4028 3628 4086 claustrum

2024 4094 2280 4152 cxlestem
2290 4094 2566 4164 signiﬁcat
2577 4094 3024 4164 paradisum,ubi
3033 4096 3135 4149 erit
3142 4109 3230 4150 cor
3239 4111 3408 4150 unum
3415 4103 3466 4152 et
3483 4101 3627 4154 idem

2023 4169 2082 4222 in
2111 4169 2208 4223 Dei
2229 4167 2506 4222 dilectione
2529 4170 2580 4221 et
2607 4164 2901 4230 voluntate,
2937 4164 3035 4218 ubi
3068 4167 3249 4220 omnia
3276 4171 3628 4226 communiter

2018 4238 2466 4310 possidebuntu-r;
2490 4237 2621 4310 quia
2641 4250 2764 4305 qua:
2785 4236 2924 4310 quis;
2936 4237 3115 4291 minus
3133 4235 3350 4292 habebit
3371 4240 3428 4292 in
3449 4255 3535 4304 se,
3564 4243 3628 4296 in

2023 4307 2132 4364 alio
2150 4323 2206 4364 se
2221 4309 2482 4378 gaudebit
2505 4307 2716 4370 habere,
2736 4308 2868 4376 quia
2887 4308 3027 4362 Deus
3044 4310 3148 4362 erit
3163 4310 3344 4363 omnia
3373 4311 3432 4364 in
3449 4314 3627 4366 omni-

2026 4379 2122 4436 bus
2153 4380 2168 4450 (
2189 4382 2212 4434 Ι
2228 4377 2354 4438 Cor.
2384 4377 2485 4450 Vi).
2511 4379 2736 4448 Ideoque
2749 4378 3022 4446 regulares
3040 4381 3372 4436 unanimiter
3392 4383 3454 4436 in
3471 4383 3626 4438 clau-

2021 4455 2132 4507 stro
2157 4451 2400 4520 degentes
2440 4451 2515 4506 ad
2549 4451 2827 4505 servitium
2863 4451 2964 4505 Dei
2983 4455 3240 4520 surgunt,
3267 4456 3320 4508 et
3347 4454 3630 4509 saecularia

2023 4524 2399 4592 relinquentes,
2415 4523 2474 4577 in
2497 4522 2742 4577 omnibus
2756 4523 2927 4576 vitam
2946 4536 3273 4577 communem
3298 4524 3526 4578 ducunt.
3540 4527 3630 4582 Di-

2023 4596 2250 4651 versitas
2280 4598 2460 4650 autem
2487 4595 2832 4665 ofﬁcinarum
2868 4596 2920 4648 et
2963 4593 3262 4665 ofﬁciorum
3283 4594 3342 4647 in
3369 4595 3625 4663 claustro,

2033 4665 2316 4721 diversitas
2339 4669 2417 4720 est
2437 4662 2778 4719 mansionum
2804 4678 2924 4717 cum
2944 4662 3260 4718 diversitate
3277 4662 3629 4732 prxmiorum

2033 4738 2094 4791 in
2122 4751 2280 4806 regno
2318 4753 2332 4790 :
2375 4737 2636 4803 Quoniam
2663 4736 2721 4788 in
2755 4748 2921 4806 regno
2959 4735 3140 4788 Patris
3187 4736 3296 4788 mei
3326 4737 3630 4792 mansiones

2029 4803 2216 4866 multa:
2241 4811 2386 4874 sunt,
2419 4807 2554 4861 dicit
2571 4808 2832 4861 Dominus
2856 4803 3039 4874 (Joan.
3061 4806 3180 4870 ιν).
3211 4805 3489 4861 Moraliter
3508 4823 3630 4864 vero

2031 4880 2326 4934 claustrum
2365 4881 2442 4932 est
2469 4878 2666 4932 animle
2703 4875 3076 4948 contemplatio
3091 4916 3108 4938 ,
3137 4874 3238 4930 ubi
3261 4891 3315 4930 se
3341 4879 3549 4948 recipit,
3593 4894 3632 4934 a

2033 4949 2192 5005 turba
2209 4949 2589 5018 cogitationum
2607 4947 2911 5002 carnalium
2930 4949 3241 5016 separatur,
3264 4951 3315 5002 et
3334 4947 3451 5004 sola
3476 4951 3631 5004 caele-

2031 5023 2142 5076 stia
2170 5017 2482 5076 meditatur.
2513 5021 2576 5074 In
2603 5019 2698 5073 hoc
2731 5017 2967 5072 claustro
3001 5021 3129 5072 sunt
3155 5023 3388 5088 quatuor
3428 5021 3629 5084 latera,

2032 5092 2234 5147 scilicet
2249 5094 2576 5160 contemptus
2589 5091 2697 5152 sui,
2717 5093 3043 5159 contemptus
3057 5089 3266 5153 mundi,
3284 5105 3436 5144 amor
3451 5093 3551 5144 Dei
3553 5094 3633 5159 ,et

2035 5179 2188 5218 amor
2205 5159 2467 5233 proximi.
2497 5160 2920 5233 Unumquodque
2933 5164 3114 5214 autem
3123 5160 3268 5233 latus
3285 5175 3443 5215 suum
3452 5159 3630 5233 habet,

2035 5230 2280 5290 ordinem
2299 5234 2687 5288 columnarum.
2711 5231 3049 5300 Contemptus
3062 5233 3152 5285 sui
3172 5230 3328 5285 habet
3337 5233 3528 5286 mentis
3542 5232 3634 5286 hu-

2035 5305 2411 5369 miliationem,
2421 5304 2603 5360 carnis
2613 5303 2987 5370 afﬂictionem,
3003 5301 3255 5356 humilem
3268 5307 3635 5366 sermonem,et

2037 5377 2260 5432 similia.
2305 5378 2462 5433 Basis
2480 5375 2718 5430 omnium
2743 5373 3110 5428 columnarum
3151 5377 3230 5428 est
3254 5376 3541 5444 patientia.
3572 5376 3636 5430 In

2039 5449 2134 5503 hoc
2145 5448 2373 5502 claustro
2391 5447 2682 5502 diversitas
2691 5445 3034 5513 ofﬁcinan
3055 5448 3133 5499 est
3155 5444 3445 5500 diversitas
3463 5447 3637 5500 virtu-

2040 5523 2186 5585 tum;
2207 5519 2598 5590 capitulumiest
2617 5515 2790 5590 cordis
2814 5519 3090 5590 secretum,
3122 5515 3466 5590 refectorium
3494 5516 3637 5572 dile-

2039 5591 2146 5646 ctio
2173 5587 2371 5645 sancta:
2398 5589 2790 5650 meditationis,
2817 5587 3092 5642 cellarium
3124 5602 3281 5642 sacra
3305 5589 3600 5654 Scriptura
3618 5629 3636 5652 ,

2037 5663 2420 5718 dormitorium
2431 5661 2638 5715 munda
2648 5661 2988 5726 conscientia,
3011 5661 3308 5714 oratorium
3323 5661 3440 5716 vita
3455 5662 3636 5714 imma-

2039 5734 2236 5789 culata.
2263 5733 2467 5790 Hortus
2488 5731 2744 5787 arborum
2771 5734 2822 5785 et
2846 5731 3154 5795 herbarum,
3181 5733 3440 5800 congeries
3467 5731 3646 5784 virtu-

2039 5809 2172 5862 tum.
2202 5807 2398 5862 Pateus
2430 5818 2696 5876 aquarum
2722 5804 3036 5868 viventium,
3066 5804 3318 5873 ir'rigatio
3337 5801 3595 5857 donorum
3619 5841 3636 5866 ,

3287 5894 3354 5945 41
