4040 6194
279 251 413 306 1293

1213 245 1552 302 COLLATIO
1591 246 1778 302 XXIV.
1818 275 1892 287 —
1927 247 2016 303 DE
2054 246 2656 304 MORTIFICATIONE.

3463 259 3481 310 1
3493 258 3597 310 294

275 375 393 432 haec
420 373 666 446 squalida
689 374 745 429 in
773 372 972 444 quibus
995 370 1266 445 degimus,
1313 371 1395 428 vel
1422 371 1491 431 ad
1520 372 1611 430 illa
1638 371 1888 444 Scythio-
1915 377 1968 438 Α
1997 371 2148 429 velut
2173 373 2294 445 equi
2330 371 2562 429 effrenes
2605 373 2662 429 in
2690 371 2900 429 diversa
2946 373 3295 444 pervolitant.
3333 377 3440 433 Sed
3473 395 3602 434 cum

276 470 386 526 tica
402 479 447 537 ι,
464 468 715 524 venerint
729 467 868 536 loca,
885 467 1053 523 tantis
1069 465 1466 538 cogitationum
1475 466 1722 535 xstibus,
1738 475 1886 523 tanta

276 564 447 620 animi
478 563 747 618 anxietate
776 569 1057 630 vexantur,
1085 568 1149 618 ut
1173 561 1328 634 quasi
1356 561 1524 618 rudes
1551 570 1607 618 et
1633 563 1726 634 qui
1751 561 1886 618 soli-

275 655 480 714 tudinis
504 655 756 712 exercitia
785 669 855 710 ne
895 655 1080 710 leviter
1107 654 1331 726 quidem
1376 654 1668 728 aliquando
1707 655 1886 712 conti-

276 750 482 822 gerint,
508 749 1005 806 commorationem
1029 749 1177 806 cellae
1195 757 1251 805 et
1274 749 1478 822 quietis
1513 749 1725 806 silentia
1747 751 1886 806 tole-

275 858 397 899 rare
425 859 534 900 non
565 843 808 915 possint;
836 852 1000 917 atque
1030 859 1096 900 ex
1125 845 1203 900 eis
1237 845 1423 901 statim
1453 846 1700 916 excussi,
1736 853 1887 902 tam-

277 951 447 1010 quam
496 945 741 1009 expertes
783 942 836 993 et
880 938 1072 994 novitii
1116 938 1520 1010 perturbentur.
1565 941 1692 995 Non
1738 940 1886 996 enim

277 1029 466 1086 edare
493 1029 769 1086 interioris
788 1031 1026 1088 hominis
1048 1041 1232 1089 motus
1255 1041 1310 1089 et
1337 1033 1733 1105 cogitationum
1759 1047 1887 1089 sua-

275 1139 406 1181 rum
433 1117 850 1198 temp’estatibus
877 1125 1118 1196 obviare,
1140 1127 1259 1199 jugi
1287 1126 1650 1184 sollicitudine
1681 1143 1745 1184 ac
1769 1143 1887 1199 per-

277 1218 544 1275 severanti
571 1211 874 1276 intentione
892 1217 1222 1289 didicerunt,
1246 1221 1338 1293 qui
1367 1220 1739 1278 subdivalibus
1759 1236 1888 1292 quo-

279 1309 408 1368 tidie
436 1313 693 1383 operibus
721 1313 1077 1383 desudantes,
1108 1321 1224 1371 tota
1253 1314 1340 1371 die
1378 1316 1481 1372 sub
1508 1329 1664 1371 aerea
1708 1313 1886 1370 inani-

277 1411 413 1473 tate,
445 1421 558 1462 non
585 1407 765 1463 solum
793 1423 1048 1481 corpore,
1075 1424 1266 1465 verum
1289 1409 1454 1465 etiam
1479 1417 1667 1466 mente
1693 1424 1886 1481 pervo-

280 1497 467 1568 litant,
498 1508 554 1556 et
575 1502 930 1574 cogitationes
954 1519 1086 1560 suas
1115 1518 1244 1561 cum
1274 1503 1583 1560 mobilitate
1627 1519 1885 1576 corporea

275 1595 480 1665 passim
514 1595 570 1651 in
597 1605 784 1666 aperta
829 1596 1172 1654 diffundunt.
1207 1600 1278 1654 Et
1307 1581 1509 1655 idcirco
1539 1597 1886 1655 multivolam

276 1687 446 1744 animi
479 1688 562 1744 sui
586 1689 832 1744 sentiunt
859 1693 1176 1760 vanitatem,
1201 1708 1303 1748 nec
1327 1693 1443 1763 ejus
1480 1692 1718 1748 lubricos
1754 1706 1886 1763 pos-

1996 468 2066 524 ad
2101 483 2339 542 praesens
2367 468 2435 525 de
2462 467 2573 525 suis
2599 467 2745 524 velut
2767 468 2998 524 stabulis
3027 479 3341 542 evagentur,
3382 474 3599 546 capitur

1996 563 2186 619 statim
2212 562 2437 635 aliquod
2479 561 2565 619 vel
2611 562 2774 618 breve
2818 562 2898 618 vel
2933 562 3085 620 triste
3122 565 3396 622 solatium.
3457 569 3600 624 Cum

1996 671 2149 724 vero,
2171 670 2401 727 corpore
2435 653 2508 713 ad
2534 654 2730 710 cellam
2766 655 3041 727 propriam
3078 666 3380 726 remeante,
3409 675 3598 718 rursus

1997 751 2158 821 quasi
2197 748 2267 805 ad
2296 748 2483 805 sedem
2526 764 2684 804 suam
2709 757 2906 805 cuncta
2951 750 3344 822 cogitationum
3381 761 3600 811 caterva

1996 843 2322 912 recurrerit,
2367 843 2646 915 graviores
2674 842 2874 898 excitat
2896 843 3154 900 stimulos
3183 845 3299 917 ipsa
3327 845 3595 902 invetera-

1995 947 2066 995 tae
2093 937 2328 993 licentiae
2352 936 2714 993 consuetudo.
2748 936 2819 992 Hi
2843 953 2971 1009 ergo
2988 938 3078 1008 qui
3105 938 3343 995 necdum
3369 949 3598 1011 possunt

1995 1031 2076 1086 vel
2105 1030 2307 1087 nolunt
2335 1032 2682 1087 voluntatum
2718 1045 2943 1087 suarum
2973 1031 3414 1103 instigationibus
3453 1035 3600 1088 relu-

1995 1125 2155 1196 ctari,
2180 1139 2332 1193 cum,
2359 1123 2546 1180 acedia
2571 1132 2760 1194 pectus
2789 1123 3073 1181 insolitum
3100 1124 3468 1182 vehementius
3497 1126 3601 1181 im-

1995 1226 2311 1290 pugnante,
2360 1217 2499 1272 intra
2545 1217 2735 1271 cellam
2771 1215 2980 1272 fuerint
3023 1218 3248 1286 anxiati,
3292 1219 3336 1274 si
3368 1235 3598 1292 progre-

1995 1311 2181 1370 diendi
2227 1311 2426 1382 saepius
2464 1311 2774 1366 libertatem
2816 1310 2922 1366 sibi
2968 1312 3197 1368 remissa
3242 1312 3599 1370 districtionis

1995 1404 2112 1478 lege
2141 1404 2530 1472 concesserint,
2557 1403 2825 1459 acriorem
2853 1401 3147 1460 adversum
3173 1420 3232 1461 se
3258 1414 3466 1475 pestem
3489 1407 3594 1464 hoc

1996 1507 2057 1556 ut
2103 1505 2316 1570 putant,
2339 1537 2343 1542 -
2369 1497 2610 1554 remedio
2656 1496 3033 1566 suscitabunt,
3069 1498 3211 1553 sicut
3246 1500 3593 1570 gelidissimas

1995 1608 2152 1664 aqua:
2174 1592 2372 1649 haustu
2388 1592 2498 1647 vim
2516 1593 2862 1648 internarum
2890 1589 3125 1647 febrium
3151 1591 3373 1663 quidam
3398 1595 3597 1650 restin-

1996 1702 2161 1760 guere
2182 1702 2344 1759 posse
2367 1702 2427 1743 e
2456 1685 2708 1755 credunt,
2737 1701 2864 1741 cum
2906 1685 3096 1756 utique
3120 1685 3330 1742 accindi
3367 1702 3430 1742 ex
3459 1686 3591 1757 hoc,

275 1789 410 1837 sunt
455 1796 710 1837 coercere
749 1781 1058 1851 discursus;
1095 1799 1198 1839 nec
1245 1783 1634 1840 contritionem
1663 1785 1885 1857 spiritus
1914 1789 1962 1853 Β
1994 1781 2172 1854 ignem
2212 1781 2366 1836 illum
2409 1788 2625 1837 constet
2664 1779 2844 1852 potius
2867 1795 3033 1852 quam
3075 1779 3282 1848 sedari,
3316 1780 3585 1852 siquidem

277 1871 540 1944 ferentes,
582 1873 983 1932 intolerabilem
1006 1874 1114 1931 sibi
1144 1877 1321 1946 ipsam
1351 1876 1549 1932 silentii
1595 1879 1680 1934 sui
1734 1880 1889 1934 testi-

274 1974 432 2022 mant
455 1966 780 2038 jugitatem,
834 1982 899 2023 ac
941 1966 1224 2024 laboriosis
1252 1967 1401 2025 ruris
1438 1969 1693 2040 operibus
1733 1971 1888 2028 inde-

273 2057 427 2125 fessi,
453 2058 754 2115 vincuntur
782 2059 915 2130 otio,
941 2067 998 2116 et
1024 2060 1224 2132 quietis
1252 2077 1367 2118 suae
1395 2062 1754 2122 diuturnitate
1785 2066 1891 2122 las-

275 2159 490 2208 santur.

909 2248 1149 2306 CAPUT
1189 2253 1254 2306 V.

275 2342 432 2409 Quod
446 2345 761 2412 evagatione
781 2348 1016 2415 corporis
1035 2352 1294 2415 gravetur
1313 2351 1490 2418 magis
1511 2365 1678 2418 quam
1699 2350 1889 2406 releve-

777 2421 870 2471 tur
905 2418 1079 2474 cordis
1117 2422 1385 2480 anxietas.

348 2527 464 2581 Nec
511 2527 711 2583 mirum
739 2527 786 2584 si
833 2528 892 2584 in
919 2529 1053 2586 cella
1103 2530 1222 2601 quis
1272 2530 1519 2588 residens
1547 2533 1701 2603 quasi
1744 2532 1886 2587 intra

271 2619 651 2678 arctissimum
677 2621 999 2689 claustrum,
1045 2624 1474 2696 cogitationibus
1502 2628 1850 2698 congregatis
1870 2669 1884 2695 ,

269 2712 615 2770 anxietatum
644 2715 1003 2773 multitudine
1029 2715 1362 2788 suffocetur,
1389 2733 1511 2790 quae
1537 2717 1608 2775 de
1650 2719 1887 2775 carceri-

269 2805 378 2863 bus
407 2806 698 2865 habitaculi
739 2827 868 2866 cum
905 2810 1128 2867 homine
1152 2821 1596 2884 prorumpentes,
1625 2813 1886 2868 continuo

1997 1887 2445 1934 momentaneam
2510 1876 2661 1932 illam
2710 1876 3098 1933 relevationem
3141 1875 3318 1932 multo
3375 1876 3597 1950 gravior

1994 1979 2362 2044 consequetur
2389 1970 2639 2027 afﬂictio.

2628 2106 2865 2163 CAPUT
2896 2106 2990 2160 Vl.

1997 2241 2110 2308 Quo
2148 2244 2305 2310 pacto
2353 2240 2642 2294 monachus
2682 2240 3028 2310 cogitationes
3073 2235 3338 2290 custodire
3385 2236 3595 2298 debeat,

2424 2309 2782 2364 similitudine
2821 2308 3169 2362 demonstrat.

2067 2438 2442 2511 Quamobrem
2470 2437 2542 2492 ita
2569 2434 2826 2491 monachi
2855 2436 3036 2490 omnis
3065 2435 3300 2490 intentio
3337 2435 3390 2488 in
3420 2450 3595 2490 unum

1993 2545 2210 2602 semper
2269 2536 2353 2584 est
2396 2526 2698 2598 deligenda,
2737 2535 3165 2598 cunctarumque
3205 2526 3595 2600 cogitationum

1995 2623 2112 2696 ejus
2139 2630 2294 2678 ortus
2326 2638 2390 2678 ac
2420 2623 2741 2678 circumitus
2771 2621 2829 2677 in
2869 2622 3130 2694 idipsum,
3163 2621 3218 2678 id
3241 2632 3344 2692 est,
3383 2621 3452 2678 ad
3483 2638 3595 2678 me-

1995 2717 2238 2772 moriam
2267 2716 2373 2772 Dei
2403 2724 2625 2772 strenue
2653 2715 2974 2782 revocandi;
3003 2715 3149 2771 velut
3176 2716 3221 2772 si
3251 2716 3375 2788 quis
3397 2718 3422 2751 δ
3454 2716 3596 2772 absi-

1997 2813 2082 2869 dis
2106 2826 2385 2868 cameram
2412 2811 2599 2867 volens
2619 2811 2676 2867 in
2700 2810 2938 2868 sublime
2971 2809 3322 2878 concludere,
3355 2810 3594 2868 subtilis-

1378 2935 1634 2991 ALARDI
1670 2936 1893 2991 GAZzEl
1935 2935 2499 2992 COMMENTARIUS.

261 3034 532 3110 piendus,
549 3034 752 3110 inquit,
777 3039 836 3090 in
857 3039 1093 3110 oratorio
1121 3053 1300 3092 coram
1338 3041 1579 3094 omnibus
1594 3045 1881 3110 promittat

268 3106 340 3180 de
368 3107 677 3180 stabilitate
692 3121 812 3172 sua,
835 3109 1009 3180 sciens
1033 3109 1145 3176 lege
1166 3111 1537 3180 constitutum,
1569 3106 1714 3180 quod
1738 3114 1788 3166 ei
1814 3128 1882 3168 ex

266 3177 375 3232 illa
399 3178 488 3233 die
509 3192 614 3231 non
635 3177 794 3248 liceat
811 3177 877 3231 de
897 3181 1211 3234 monasterio
1241 3179 1441 3248 egredi,
1470 3177 1563 3236 nec
1576 3177 1778 3237 collum
1795 3199 1882 3238 ex-

267 3253 448 3324 cutere
477 3249 542 3304 de
577 3247 1092 3324 s_ubjugo_1_tegu_lx,
1130 3258 1234 3305 etc.
1259 3247 1519 3324 Quamvis
1544 3252 1691 3324 enim
1710 3254 1882 3324 _clau-

265 3334 411 3391 sura,
426 3319 482 3374 in
506 3319 718 3374 ratione
743 3318 1054 3391 stabilitatis
1076 3336 1190 3376 non
1213 3318 1522 3378 necessario
1551 3321 1877 3391 includatur,

265 3399 355 3465 ut_
382 3390 590 3465 dictum
621 3399 724 3465 est,
769 3398 956 3465 tamen
995 3389 1062 3447 ad
1105 3407 1229 3465 eam
1267 3391 1564 3465 reducitur,
1612 3389 1881 3465 quatenus

264 3444 745 3536 inuitamenta
779 3444 1061 3536 religiosa
1081 3444 1572 3536 οόῄῖίιιὲὶιῐιῖξέἶῦἐ
1611 3444 1881 3536 ἇιῖἕιὶἑῦὖὲ
1912 3444 1956 3507 C

265 3532 513 3608 legitime
557 3540 626 3608 e_t_
657 3531 962 3608 secundum
991 3534 1595 3608 Begulamimponitur
1627 3531 1702 3592 'ac
1751 3553 1882 3608 prte-

264 3603 550 3678 scribitur.
573 3604 742 3678 Unde
765 3607 832 3678 ρ.
859 3603 1169 3678 Bernardus
1193 3605 1350 3678 epist.
1376 3603 1412 3661 '7
1446 3626 1462 3660 :
1500 3609 1590 3665 Sic
1620 3611 1670 3662 te
1704 3603 1883 3663 stabi-

265 3674 392 3737 lem,
432 3675 631 3746 inquit,
664 3678 720 3730 in
755 3677 870 3749 loco
903 3677 1173 3749 exhibeas,
1211 3674 1272 3732 ut
1306 3679 1500 3733 abbati
1536 3680 1733 3749 subjici
1775 3696 1883 3735 non

263 3750 570 3821 contemnas
589 3765 605 3802 :
622 3749 698 3801 sic
715 3748 932 3821 obedias
951 3748 1202 3804 subditus
1216 3751 1424 3821 abbati,
1449 3754 1510 3804 ut
1527 3748 1882 3807 stabilitatem

263 3816 373 3871 loci
416 3833 523 3871 non
566 3820 806 3874 amittas.
839 3817 907 3874 Et
945 3816 1648 3885 Turrecrematus'ineum
1697 3822 1879 3878 locum

260 3888 499 3961 Regulm
524 3906 535 3940 :
561 3891 662 3940 Per
677 3890 916 3961 stabilita
924 3895 1046 3953 tem,
1062 3891 1271 3961 inquit,
1298 3895 1537 3958 astringi
1550 3895 1881 3961 intelligitur

259 3957 576 4021 monachus,
607 3958 751 4025 quod
777 3959 924 4010 nullo
951 3958 1106 4012 modo
1135 3957 1345 4014 deserat
1366 3957 1766 4028 monachatum,
1787 3980 1881 4017 nec

259 4030 385 4084 sine
403 4028 710 4098 necessitate
727 4031 1086 4098 etsuperioris
1107 4033 1429 4086 auctoritate
1447 4036 1605 4086 exeat
1621 4039 1882 4088 monaste-

260 4101 435 4155 rium.
462 4096 736 4163 Secundo,
757 4096 889 4153 dum
914 4098 984 4154 de
1013 4100 1241 4156 ostiario
1265 4101 1382 4156 sive
1417 4102 1656 4163 portario
1681 4119 1878 4160 mona-

259 4169 419 4227 sterii
450 4168 524 4224 ita
553 4169 783 4225 sollicite
807 4169 1050 4239 disponit
1067 4185 1186 4242 cap.
1214 4177 1280 4227 67
1306 4193 1318 4226 :
1348 4168 1440 4229 Ad
1457 4178 1677 4242 portam
1706 4191 1878 4230 mana

200 4289 234 4320 δ
256 4243 423 4298 sterii
441 4245 682 4320 ponatur
706 4255 868 4320 senex
885 4242 1121 4320 sapiens,
1138 4245 1236 4320 qui
1251 4245 1386 4320 sciat
1405 4247 1639 4320 accipere
1656 4261 1876 4316 respon-

255 4328 388 4369 sum
407 4315 457 4365 et
467 4311 716 4386 reddere.
747 4312 852 4379 Qui
873 4313 1057 4368 cellam
1079 4311 1230 4368 debet
1247 4315 1439 4370 habere
1456 4311 1627 4386 juxta
1636 4311 1873 4386 portam,

255 4388 326 4455 ut
348 4385 618 4455 venientes
637 4398 847 4455 semper
857 4389 1180 4453 praesentem
1203 4385 1503 4450 inveniant,
1529 4385 1648 4443 etc.’
1667 4389 1870 4455 Tertio,

254 4454 406 4512 dum
447 4453 650 4508 ibidem
693 4453 899 4522 subdit,
943 4455 1191 4512 imitatus
1219 4457 1364 4514 haud
1393 4458 1554 4514 dubie
1601 4453 1872 4514 lsidorum

255 4526 447 4600 illum,
473 4523 673 4600 de_q_uo
693 4540 857 4596 supra
885 4529 1297 4583 :Monasterium
1323 4533 1522 4597 autem,
1543 4532 1595 4584 si
1617 4532 1736 4600 ﬁeri
1751 4547 1874 4600 pos-

252 4599 361 4662 sit,
408 4597 488 4648 ita
523 4596 674 4650 debet
713 4601 972 4660 construi,
1012 4603 1074 4653 ut
1107 4603 1288 4654 omnia
1317 4596 1644 4664 necessaria,
1677 4602 1736 4656 id
1751 4596 1869 4666 _est,

252 4683 435 4738 aqua,
448 4668 835 4730 molendinum,
849 4668 1052 4738 hortus,
1064 4672 1385 4739 pistrinum,
1401 4674 1482 4727 vel
1496 4678 1637 4727 artes
1649 4673 1874 4728 diversae

251 4743 417 4794 intra
443 4741 830 4794 nwnasteiium
868 4745 1237 4809 exerceantur,
1275 4747 1336 4797 ut
1360 4759 1465 4797 non
1489 4746 1560 4798 sit
1587 4748 1872 4800 necessitas

250 4810 540 4884 monachis
557 4811 794 4884 vagandi
806 4811 958 4878 foras
963 4815 1133 4884 ,quia
1153 4816 1363 4868 omnino
1385 4830 1490 4868 non
1512 4816 1730 4884 expedit
1753 4819 1873 4870 ani-

247 4879 460 4958 mabus
481 4895 678 4934 eorum.
706 4883 943 4958 Quarto,
963 4879 1109 4938 dum
1127 4884 1302 4956 capite
1329 4879 1666 4958 sequenti-de
1683 4883 1873 4958 Afratri-

248 4954 367 5031 bus
391 4948 574 5031 aliquo
601 4948 937 5031 profe‘cturis'
955 4968 1128 5031 agens
1163 4948 1512 5031 :‘Dirigefidi,
1545 4955 1739 5028 inquit,
1757 4959 1872 5024 fra-

249 5029 370 5081 tres
398 5025 460 5073 in
484 5025 645 5088 viam,
677 5025 913 5078 omnium
937 5026 1178 5091 fratrum
1209 5029 1292 5081 vel
1321 5028 1531 5082 abbatis
1555 5025 1874 5084 se'orationi

247 5092 647 5169 commendent.
683 5097 752 5149 Et
775 5092 859 5148 inf
859 5111 912 5169 ra
946 5115 968 5169 :A
991 5098 1095 5152 Nec
1113 5105 1412 5166 prxsumat
1433 5101 1720 5169 quisquam
1742 5103 1870 5156 aliis

245 5167 463 5232 referre
481 5180 827 5235 quaecumque
855 5167 996 5233 foris
1022 5172 1397 5224 monasterium
1423 5167 1623 5226 uiderit
1648 5173 1731 5225 vel
1759 5188 1868 5226 au-

245 5236 448 5298 dierit,
475 5239 606 5312 quia
631 5238 872 5312 plurima
899 5239 1309 5312 destructioest.
1337 5242 1489 5308 Quod
1516 5244 1566 5296 si
1591 5245 1711 5311 quis
1739 5259 1870 5312 prx-

243 5307 574 5374 sumpserit,
597 5309 848 5384 vindictae
864 5311 1106 5379 regula-ri
1121 5311 1243 5380 subj
1246 5307 1413 5367 aceat.
1431 5307 1697 5369 Similiter
1711 5307 1761 5368 et
1775 5317 1872 5384 qui

235 5380 663 5456 praesumpserit
693 5381 934 5456 claustra
956 5385 1270 5456 monasterii
1288 5385 1489 5452 egredi,
1522 5387 1604 5440 vel
1627 5380 1871 5456 quocum-

245 5449 365 5526 que
389 5449 488 5526 ire,
514 5449 598 5526 uel
634 5451 920 5526 quidpiam
953 5454 1215 5526 (quamvis
1240 5449 1462 5525 parum)
1497 5459 1612 5512 sine
1629 5449 1870 5526 iussione

244 5521 479 5598 abbatis
513 5521 708 5598 facere.
743 5521 1199 5598 Eodem—spectat
1240 5521 1302 5582 et
1333 5521 1484 5587 illud.
1534 5521 1682 5598 qudd
1711 5545 1761 5583 c.
1795 5535 1858 5584 51

243 5591 491 5670 {tegulae
517 5592 780 5670 statuitur
805 5593 872 5649 de
897 5591 1155 5654 fratribus
1172 5598 1264 5670 qui
1289 5614 1401 5654 non
1419 5591 1729 5669 satis-longe
1752 5615 1868 5669 pro-

244 5664 590 5740 ﬁciscuntur
617 5683 630 5719 :
661 5667 900 5740 Fratres,
926 5670 1025 5736 qui
1035 5685 1136 5737 pro
1161 5664 1347 5740 quovis
1369 5685 1624 5740 responso
1645 5664 1867 5740 proﬁci-

243 5739 511 5798 scuntur,
548 5739 598 5790 et
626 5752 687 5790 ea
715 5737 803 5792 die
821 5753 876 5792 se
897 5745 1111 5807 sperant
1138 5737 1334 5797 reverti
1357 5742 1431 5796 ad
1454 5737 1862 5806 monasterium,

245 5823 364 5866 non
384 5812 722 5878 praesumant
752 5810 890 5876 foris
928 5809 1280 5876 manducare,
1327 5815 1541 5869 etiamsi
1581 5815 1794 5868 omnino
1831 5830 1865 5868 a

1990 3046 2176 3112 quouis
2188 3049 2465 3113 rogentur,
2478 3045 2591 3099 nisi
2597 3045 2738 3110 forte
2751 3043 2819 3097 ab
2832 3044 3020 3098 abbate
3033 3058 3126 3097 suo
3145 3046 3218 3114 eis
3225 3046 3594 3114 praecipiatur,

1989 3122 2093 3168 etc.
2117 3114 2221 3169 His
2234 3114 2446 3170 accedit
2469 3116 2538 3168 D.
2570 3113 2883 3170 Bernardus
2903 3117 2971 3169 D.
2997 3113 3271 3170 Benedicti
3302 3115 3591 3171 aemulator

1989 3184 2255 3257 egregius,
2284 3186 2445 3257 cujus
2469 3193 2551 3240 est
2574 3185 2708 3241 illud
2735 3186 3060 3257 praeclarum
3086 3186 3326 3256 elogium
3357 3207 3368 3240 :
3400 3189 3595 3243 Merito

1989 3260 2370 3324 comparantur
2392 3259 2602 3324 stagnis
2621 3260 2968 3318 monasteria,
2991 3258 3086 3312 ubi
3104 3258 3492 3325 quodammodo
3511 3261 3594 3312 in-

1988 3328 2253 3379 carcerati
2257 3329 2428 3394 pisces
2448 3327 2713 3392 evagandi
2721 3327 2870 3394 nonh
2878 3328 3070 3394 abeant
3082 3327 3384 3380 libertatem
3398 3330 3588 3392 (Serm.

1989 3396 2054 3450 de
2077 3397 2133 3451 S.
2175 3393 2445 3460 Andrca).
2477 3396 2760 3464 Postrema
2805 3393 3036 3462 denique
3078 3395 3286 3464 Regula
3316 3396 3374 3450 S.
3417 3396 3597 3451 Fran-

1987 3466 2113 3522 cisci
2141 3464 2210 3521 ab
2232 3465 2483 3537 Honorio
2509 3467 2587 3520 lll
2613 3463 2957 3537 conﬁrmata,
2998 3472 3051 3519 et
3083 3463 3225 3520 inter
3261 3467 3597 3537 approbatas

1991 3545 2351 3592 annumerata
2399 3535 2554 3608 hanc
2577 3535 2844 3608 clausum
2887 3536 3068 3608 legem
3100 3535 3586 3608 etirpra’as‘criptum

1989 3623 2104 3680 non
2122 3608 2498 3680 praetermisit,
2526 3606 2659 3664 dum
2679 3607 2851 3680 etiam
2871 3605 3286 3680 praedicandi'et
3309 3609 3377 3680 ad
3399 3605 3586 3666 intide-

1989 3678 2066 3734 les
2109 3677 2511 3735 convertendos
2561 3677 2792 3734 exeundi
2820 3677 3089 3733 licentiam
3132 3695 3162 3733 a
3220 3679 3486 3735 ministris
3532 3690 3588 3736 et

1989 3751 2358 3822 superioribus
2396 3749 2690 3822 petendam
2717 3748 2963 3822 decernit
2990 3750 3151 3820 (Cap.
3202 3756 3257 3822 9,
3312 3754 3432 3818 t2).
3482 3752 3586 3807 Sed

1989 3820 2246 3879 hactenus
2274 3822 2343 3878 de
2369 3820 2606 3878 claustro
2635 3829 2688 3876 et
2724 3820 2973 3877 clausura
3011 3820 3413 3876 monachorum
3453 3821 3587 3877 satis

1989 3891 2195 3950 dictum
2226 3893 2455 3950 videtur.
2487 3896 2572 3949 De
2599 3892 2844 3948 clausura
2891 3900 3072 3948 autem
3102 3891 3422 3949 monialium
3464 3891 3586 3949 vide

1987 3966 2292 4019 Navarrum
2321 3964 2412 4020 ubi
2445 3981 2630 4035 supra.

2056 4043 2082 4068 α
2103 4035 2473 4106 _I_)esign_antur
2501 4034 2598 4106 hic
2625 4034 3094 4106 treucelebriores
3119 4035 3288 4090 eremi
3331 4035 3442 4091 sive
3488 4051 3585 4092 so-

1985 4102 2338 4175 litudines'ab
2363 4103 2706 4175 anachoretis
2730 4103 2834 4175 illis
2859 4102 3229 4175 irequeutatae
3247 4144 3262 4169 ,
3282 4173 3290 4175 _
3307 4106 3578 4174 Calamus,

1985 4174 2094 4229 alio
2119 4175 2339 4246 nomine
2368 4174 2706 4246 Porphyrio;
2738 4173 2992 4246 Thebais3
3023 4174 3132 4228 sive
3160 4173 3477 4246 Thebaida;
3530 4187 3583 4234 et

1985 4245 2150 4317 Sceti,
2177 4245 2295 4317 sive
2335 4243 2566 4317 Scetica,
2586 4245 2684 4317 vel
2725 4243 3077 4316 Scythiotica,
3111 4252 3174 4300 ut
3201 4244 3293 4317 hic
3333 4255 3580 4317 vocatur,

1983 4324 2038 4372 et
2067 4315 2124 4371 in
2154 4316 2240 4371 his
2271 4316 2411 4371 varia
2445 4315 2900 4372 anachoretarum
2922 4324 2977 4370 et
2994 4315 3401 4372 monachorum
3429 4315 3580 4374 iusti?

1984 4396 2099 4443 tuta
2130 4396 2184 4444 et
2209 4387 2422 4443 vivendi
2452 4387 2690 4443 rationes
2719 4386 2963 4443 diversae.
3007 4389 3148 4442 Nam
3179 4386 3268 4442 alii
3299 4386 3438 4443 intra
3473 4390 3580 4446 cel-

1983 4459 2123 4531 lulas
2167 4474 2293 4531 suas
2339 4457 2454 4514 fere
2488 4457 2688 4531 assidui
2739 4466 2804 4531 et_
2840 4459 3054 4531 inclusi,
3106 4460 3346 4531 exceptis
3387 4459 3582 4519 diebus

1981 4529 2178 4602 quibus
2216 4529 2284 4586 ad
2325 4529 2570 4603 synaxim
2616 4531 2702 4603 vel
2741 4528 2810 4586 ad
2847 4530 3144 4603 Ecclesiam
3173 4528 3580 4603 procedendum

1981 4601 2130 4675 erat,
2147 4601 2476 4675 perpetuum
2506 4601 3140 4675 silentiumservabant,
3169 4601 3425 4675 Orationi,
3440 4672 3449 4675 _
3463 4617 3579 4659 me-

1981 4670 2263 4740 ditationi;
2301 4673 2521 4729 lectioni
2563 4683 2616 4729 et
2657 4673 2807 4744 operi
2837 4670 3297 4744 manuum'statis
3334 4670 3484 4744 horis
3522 4683 3578 4744 et

1982 4744 2319 4814 temporibus
2363 4744 2620 4814 privatim
2654 4741 2924 4798 vacantes.
2972 4743 3078 4798 Alii
3113 4741 3237 4814 licet
3264 4743 3318 4797 in
3349 4741 3574 4814 desertis

1982 4823 2039 4869 et
2066 4813 2262 4886 abditis
2293 4813 2428 4886 locis
2475 4814 2787 4886 degentes,_
2812 4813 3256 4886 tamennonita
3307 4813 3503 4886 stricte,
3520 4823 3575 4872 et

1980 4885 2192 4941 assidue
2221 4885 2336 4942 suis
2362 4883 2615 4941 claustris
2636 4893 2689 4940 et
2711 4884 2921 4940 cellulis
2943 4883 3356 4952 cohibebantur,
3387 4893 3447 4940 ut
3492 4883 3578 4942 hic

1979 4955 2204 5023 dicitur,
2234 4957 2362 5028 quin
2389 4955 2790 5028 sxpius.etiamg
2807 4955 2875 5012 ad
2904 4955 3066 5012 urbes
3093 4963 3145 5010 et
3183 4957 3287 5028 alia
3318 4956 3434 5028 loca
3466 4971 3574 5028 ex-

1977 5026 2276 5100 currerent,
2300 5026 2483 5084 immo'
2510 5036 2565 5100 et
2595 5026 2967 5100 agriculturae,
3007 5035 3063 5084 et
3105 5027 3422 5100 colligendis
3453 5026 3572 5084 fru-

1976 5099 2176 5171 ctibus,
2216 5115 2279 5155 ac
2319 5098 2606 5171 metendis,
2635 5098 2885 5171 Trugibus
2917 5115 3016 5155 suo
3061 5098 3308 5171 tempore
3346 5114 3569 5170 operam

1975 5169 2204 5239 dabant,
2245 5187 2362 5242 quo
2404 5180 2522 5227 tum
2566 5169 2838 5236 sibi,tum
2869 5169 3567 5242 aliistvictum‘pararent,

1976 5249 2165 5313 utpote
2189 5238 2304 5297 laici
2332 5242 2591 5314 plerique,
2623 5249 2676 5297 et
2704 5257 2818 5297 non
2855 5241 2976 5296 aliis
3007 5238 3381 5314 {unctionibus
3409 5255 3568 5314 occuo

1977 5311 2114 5383 pati,
2141 5321 2204 5370 ut
2242 5311 2373 5369 alia's
2401 5311 2613 5370 dictum
2642 5320 2744 5379 est,
2776 5320 2832 5368 et
2869 5319 3022 5384 patet
3058 5319 3175 5367 tum
3204 5326 3265 5366 ex
3297 5311 3400 5366 hoc
3428 5311 3568 5380 loco,

1976 5393 2094 5440 tum
2124 5400 2189 5441 ex
2213 5385 2330 5440 aliis
2343 5401 2492 5457 saepe
2516 5384 2735 5457 notatis.

2045 5457 2071 5528 πῖ
2100 5459 2175 5511 De
2203 5456 2386 5512 abside
2409 5452 2505 5512 seu
2530 5455 2720 5528 apside
2748 5453 2879 5528 mihi
2908 5454 3082 5528 placet
3125 5452 3367 5528 Ciaconii
3399 5469 3570 5528 anno-

1974 5527 2130 5594 tatio,
2162 5542 2325 5597 quam
2363 5542 2464 5583 nec
2490 5524 2590 5584 suo
2622 5527 2827 5582 honore
2851 5524 3104 5597 fraudare
3135 5525 3317 5597 velim,
3351 5540 3451 5581 nec
3492 5525 3570 5582 le-

1974 5599 2110 5654 ctori
2166 5596 2430 5666 invidere,
2477 5599 2760 5655 additurus
2796 5606 2980 5654 tamen
3039 5596 3083 5652 si
3134 5596 3266 5668 quid
3309 5605 3567 5668 praeterea

1973 5669 2194 5726 aliunde
2223 5671 2544 5730 occurrerit.
2573 5671 2759 5736 Absis,
2806 5669 2999 5740 inquit,
3029 5668 3135 5740 ᾅψίς
3163 5671 3338 5726 Greece
3371 5671 3570 5736 formi-

1972 5758 2102 5808 cem,
2133 5744 2244 5798 sive
2265 5759 2451 5798 arcum
2477 5745 2769 5812 signiﬁcat.
2806 5739 2920 5797 Dii).
2966 5759 2982 5795 :
3019 5739 3185 5808 ἆψίστε
3215 5741 3567 5811 τροπαιοφόρος

1972 5814 2274 5886 ᾠκοδομήθη
2283 5856 2298 5884 ,
2313 5815 2373 5870 id
2385 5819 2482 5878 est,
2495 5816 2705 5884 fornix,
2719 5815 2828 5870 sive
2836 5829 2993 5870 arcus
3005 5813 3352 5885 triumphalis
3369 5815 3567 5867 erectus
