4040 6194
486 263 506 315 Ι
517 260 620 316 295

1560 252 1775 310 JOANN
1781 252 1841 310 IS
1875 251 2178 310 CASSIANI
2215 249 2706 309 COLLATIONES.

3664 256 3806 311 1296

484 384 613 440 simi
639 382 782 439 illius
803 380 976 438 centri
1005 380 1208 437 lineam
1241 378 1454 452 jugiter
1475 376 1870 446 circumducat,
1905 393 1970 435 ac
1994 392 2082 434 se-
2112 382 2165 445 Α
2190 377 2422 435 sibiliter
2471 375 2821 440 incedentes,
2865 388 2981 430 non
3026 372 3208 431 solum
3259 371 3501 446 propriis
3556 375 3804 437 residere

496 477 738 537 cundum
771 475 1134 533 certissimam
1170 487 1429 530 normam
1480 487 1704 529 omnem
1743 470 2093 529 rotunditatis

484 572 822 646 parilitatem
865 578 922 627 et
956 576 1252 626 structura
1294 567 1514 641 colligat
1555 564 1922 639 disciplinam.
1984 563 2091 635 Qui

486 680 617 721 vero
670 678 790 720 eam
830 663 1035 736 absque
1079 662 1220 719 illius
1271 660 1586 719 medietatis
1650 658 1899 715 examine
1953 673 2085 714 con-

484 773 788 824 summare,
818 756 1066 830 quamvis
1086 771 1307 814 summa
1328 756 1459 812 artis
1480 764 1573 812 aut
1601 754 1797 827 ingenii
1822 768 2086 826 prasum-

400 864 413 871 '
492 853 714 924 ptione,
756 850 1067 919 tentaverit,
1118 848 1452 923 impossibile
1496 857 1580 905 est
1628 856 1689 904 ut
1722 846 2087 919 aqualitatem

479 944 801 1002 circumitus
830 944 978 1001 illius
1002 944 1117 1000 sine
1136 958 1322 1000 errore
1354 941 1659 1011 custodiat;
1690 948 1785 997 aut
1820 947 2087 1013 quantum

499 1053 641 1094 vera
668 1037 1021 1095 rotunditatis
1048 1034 1440 1110 pulchritudini
1471 1033 1703 1092 errando
1741 1032 2085 1101 subtraxerit,

492 1132 611 1191 solo
653 1131 1021 1204 deprehendat
1067 1138 1323 1203 aspectu,
1375 1129 1479 1186 nisi
1524 1130 1592 1187 ad
1643 1128 1798 1185 illum
1851 1126 2089 1183 indicem

492 1227 740 1283 veritatis
763 1241 975 1297 semper
1000 1240 1305 1293 recurrens,
1329 1232 1493 1295 atque
1518 1224 1637 1294 ejus
1683 1221 1913 1278 arbitrio
1952 1220 2086 1277 inte-

497 1319 699 1376 riorem
721 1297 896 1391 operis
922 1316 1003 1373 sui
1030 1316 1297 1373 ambitum
1325 1317 1768 1387 exterioremque
1797 1315 2087 1387 castigans,

496 1419 607 1468 tam
646 1412 873 1468 excelsa
896 1409 1284 1483 magnitudinis
1313 1409 1520 1465 molem
1549 1409 1713 1466 unius
1749 1409 1934 1481 puncti
1974 1409 2091 1483 lege

493 1504 801 1563 concludat.
831 1507 916 1562 Ita
943 1504 1108 1561 etiam
1131 1518 1286 1561 mens
1311 1512 1499 1561 nostra
1528 1503 1631 1559 nisi
1657 1504 1832 1559 solam
1859 1502 2087 1559 Domini

493 1599 849 1669 charitatem,
893 1599 1043 1656 velut
1070 1606 1320 1656 centrum
1367 1598 1728 1655 immobiliter
1756 1597 1950 1667 ﬁxum,
1993 1612 2091 1670 per

495 1694 744 1752 universa
757 1710 980 1767 operum
997 1693 1461 1766 molitionumque
1481 1701 1793 1749 nostrarum
1809 1697 2090 1748 momenta

2195 470 2532 546 regionibus,
2569 468 2669 527 sed
2702 484 2807 526 nec
2850 469 3011 541 longe
3059 483 3091 524 a
3130 466 3324 524 viculis
3374 467 3492 524 suis
3528 471 3797 542 quosdam

2195 566 2481 624 recessisse
2499 579 2823 634 cernamus;
2853 579 2951 621 cur
2972 561 3030 618 id
3062 560 3212 634 quod
3240 559 3398 618 vobis
3422 562 3660 621 noxium
3688 581 3806 625 non

2196 668 2302 731 est,
2330 660 2489 719 nobis
2518 665 2742 733 putetur
2767 657 3095 714 adversum?

2784 751 3027 808 CAPUT
3051 748 3204 805 VIII.

2231 849 2518 918 Responsio
2541 826 2803 917 quoniodo
2822 860 2929 900 non
2946 843 3189 919 omnibus
3212 845 3536 900 conveniant
3567 849 3770 905 omnia.

2270 942 2551 1000 Abraham
2568 959 2582 997 :
2597 943 3036 1013 Nonnumquam
3053 938 3200 994 mala
3219 952 3290 994 ex
3299 937 3465 996 bonis
3477 939 3645 999 rebus
3662 945 3807 1002 sumi

2198 1036 2449 1094 videmus
2477 1035 2742 1108 exempla.
2787 1035 2930 1090 Nam
2974 1032 3019 1089 si
3066 1030 3261 1090 eadem
3312 1032 3437 1103 quis
3481 1049 3646 1108 agere
3683 1053 3806 1097 non

2196 1131 2394 1189 eodem
2421 1130 2629 1188 affectu
2667 1136 2832 1202 atque
2869 1126 3152 1201 proposito
3196 1133 3296 1183 aut
3320 1126 3567 1186 dissimili
3603 1131 3807 1191 virtute

2199 1226 2617 1299 praesumpserit
2633 1268 2648 1294 ,
2672 1224 2918 1299 profecto
2944 1220 3135 1279 exinde
3162 1222 3427 1294 laqueum
3469 1223 3810 1298 deceptionis

2197 1327 2253 1375 et
2285 1319 2480 1376 mortis
2525 1318 2777 1387 incurrit,
2807 1315 2955 1373 unde
2995 1315 3117 1372 aliis
3153 1322 3382 1373 aterna
3420 1317 3549 1374 vita
3590 1318 3806 1380 fructus

2197 1413 2524 1487 acquiritur.
2550 1412 2712 1484 Quod
2733 1411 2822 1469 ille
2849 1425 3075 1484 quoque
3105 1425 3274 1467 manu
3308 1408 3471 1468 fortis
3498 1429 3655 1485 puer,
3680 1414 3805 1472 bel-

2198 1507 2524 1565 licosissima
2572 1507 2648 1563 illi
2697 1506 2905 1580 giganti
2954 1504 3011 1561 in
3066 1503 3369 1562 certamine
3421 1516 3801 1580 comparatus,

2204 1601 2353 1660 haud
2372 1601 2534 1660 dubie
2556 1600 2888 1675 pertulisset,
2915 1600 2960 1656 si
2983 1597 3232 1656 virilibus
3249 1601 3412 1671 [Lips.
3441 1604 3500 1655 in
3520 1618 3702 1673 marg.
3732 1604 3805 1660 vi-

2210 1697 2394 1765 ribus]
2419 1705 2585 1769 atque
2604 1693 2916 1752 fortissimis
2941 1692 3121 1751 Saulis
3143 1694 3309 1750 armis
3325 1692 3798 1753 fuissetindutus:

492 1790 908 1862 circumagens,
962 1788 1226 1861 probabili
1274 1791 1367 1859 (ut
1416 1787 1493 1844 ita
1556 1786 1820 1860 dixerim)
1880 1788 2087 1845 circino
2115 1802 2162 1865 Β
2197 1800 2254 1849 et
2307 1792 2507 1866 quibus
2562 1798 2698 1847 atas
2735 1788 3017 1846 robustior
3076 1788 3500 1845 innumerabiles
3545 1797 3805 1849 catervas

507 1883 787 1942 charitatis
833 1885 1084 1941 omnium
1137 1884 1530 1958 cogitationum
1577 1884 1661 1940 vel
1709 1882 1973 1955 aptaverit
2006 1880 2093 1940 vel

503 1979 765 2051 repulerit
812 1977 1149 2051 qualitatem,
1194 1993 1544 2050 nequaquam
1579 1985 1909 2034 structuram
1951 1976 2097 2033 illius

499 2070 709 2128 artiﬁcii
746 2069 1022 2143 spiritalis,
1063 2081 1089 2107 ⁸
1118 2071 1275 2144 cujus
1316 2072 1519 2128 Paulus
1559 2079 1640 2127 est
1682 2069 2010 2127 architectus
2037 2071 2096 2137 (Ι

497 2170 613 2223 Cor.
646 2182 723 2224 nt
743 2171 782 2237 ),
810 2166 1072 2239 probabili
1102 2175 1222 2224 arte
1260 2168 1540 2236 molietur,
1587 2182 1687 2223 nec
1736 2165 2098 2239 pulchritudi-

493 2276 622 2316 nem
651 2260 848 2317 domus
876 2261 1018 2316 illius
1046 2261 1368 2332 possidebit,
1400 2277 1565 2333 quam
1591 2260 1787 2318 beatus
1818 2260 2002 2318 David
2042 2259 2098 2318 in

495 2353 660 2410 corde
684 2368 784 2410 suo
803 2353 1047 2409 Domino
1071 2353 1293 2423 cupiens
1317 2353 1588 2422 exhibere,
1618 2359 1861 2424 Domine,
1900 2356 2092 2428 inquit,

496 2447 672 2503 dilexi
686 2448 924 2503 decorem
943 2448 1131 2502 domus
1147 2450 1275 2516 tua,
1291 2451 1342 2503 et
1361 2446 1533 2503 locum
1553 2448 1895 2504 habitationis
1912 2450 2098 2519 gloria

504 2528 615 2596 tua:
642 2541 863 2609 (Psalm.
894 2542 1081 2610 xxv);
1115 2538 1214 2597 sed
1243 2538 1561 2597 indecorem
1600 2540 1657 2596 in
1680 2540 1845 2598 corde
1870 2555 1970 2598 suo
2006 2548 2096 2600 at-

499 2650 605 2708 que
634 2634 915 2708 indignam
946 2636 1146 2708 Spiritu
1190 2642 1380 2692 sancto
1427 2633 1677 2705 domum,
1724 2635 2096 2709 continuoque

497 2728 802 2801 lapsuram,
858 2729 1231 2804 imprudenter
1271 2730 1514 2801 attollet,
1555 2746 1669 2788 non
1715 2730 2096 2804 gloriﬁcandus

496 2821 639 2880 beati
665 2824 1049 2882 cohabitatoris
1086 2823 1345 2898 hospitio,
1373 2823 1473 2883 sed
1493 2826 1649 2883 ruina
1666 2825 2093 2883 constructionis

493 2932 609 2974 sua
633 2918 931 2991 lugubriter
958 2918 1371 2991 opprimendus.

1094 3021 1339 3077 CAPUT
1378 3022 1495 3074 VII.

492 3114 848 3184 Interrogatio
864 3132 958 3171 cur
973 3117 1148 3172 obesse
1162 3117 1312 3172 nobis
1319 3119 1610 3186 parentum
1632 3117 1811 3171 vicina
1830 3117 2096 3174 habitatio

2205 1886 2449 1944 hostium
2498 1883 2912 1957 prostravisset,
2957 1881 3079 1938 hac
3127 1880 3493 1938 indubitatam
3535 1884 3803 1955 primavo

2205 1988 2510 2056 potuerunt
2528 1978 2729 2036 inferre
2740 1975 3058 2051 perniciem,
3072 1975 3185 2033 nisi
3203 1974 3457 2047 prudenti
3477 1975 3803 2034 discretione

2209 2090 2451 2149 congrua
2474 2073 2859 2131 adolescentia
2887 2086 3003 2129 sua
3025 2086 3313 2129 armorum
3342 2087 3543 2145 genera
3573 2070 3802 2145 delegis-

2206 2177 2309 2234 set,
2332 2177 2389 2225 et
2413 2161 2441 2200 δ
2468 2167 2731 2226 adversus
2769 2164 2986 2223 hostem
3010 2164 3366 2222 teterrimum
3391 2180 3506 2222 non
3540 2164 3712 2222 lorica
3753 2172 3809 2222 et

2206 2262 2420 2336 clypeo,
2463 2262 2665 2335 quibus
2691 2269 2922 2318 cateros
2952 2258 3174 2317 videbat
3210 2260 3529 2329 instructos,
3570 2259 3667 2318 sed
3701 2260 3806 2319 illis

2208 2355 2409 2429 quibus
2434 2356 2550 2429 ipse
2579 2354 2842 2413 dimicare
2888 2361 3123 2427 poterat,
3164 2354 3289 2411 telis
3323 2355 3517 2412 fuisset
3564 2364 3806 2414 armatus

2208 2451 2394 2521 (IReg.
2424 2453 2603 2519 xvn).
2620 2449 2994 2522 Quamobrem
3018 2463 3339 2507 mensuram
3363 2449 3556 2506 virium
3574 2464 3807 2507 suarum

2209 2544 2466 2601 convenit
2508 2558 2961 2617 unumquemque
3010 2551 3266 2600 nostrum
3313 2543 3621 2617 diligentius
3674 2551 3807 2601 ante

2210 2653 2457 2713 pensare,
2508 2647 2673 2711 atque
2719 2637 2789 2695 ad
2826 2638 2944 2711 ejus
2988 2636 3282 2695 modulum
3348 2638 3591 2711 arripere
3643 2652 3805 2710 quam

2203 2733 2431 2791 libuerit
2454 2731 2827 2806 disciplinam;
2849 2731 2975 2804 quia
3004 2732 3252 2805 quamvis
3270 2745 3466 2788 omnes
3490 2731 3659 2788 utiles
3677 2730 3807 2799 sint,

2200 2835 2389 2885 tamen
2415 2836 2557 2900 apta
2589 2826 2795 2883 cunctis
2831 2833 3044 2883 cuncta
3084 2840 3199 2881 esse
3222 2839 3335 2880 non
3362 2830 3622 2893 possunt.
3676 2825 3810 2879 Non

2206 2920 2355 2976 enim
2392 2919 2521 2992 quia
2557 2918 2701 2975 bona
2728 2926 2811 2974 est
2839 2915 3173 2989 ἀναχώρησις,
3200 2914 3474 2972 universis
3503 2929 3637 2971 eam
3665 2929 3808 2971 oon-

2202 3026 2399 3084 gruam
2450 3009 2894 3083 comprobemus.
2953 3011 3003 3065 Α
3040 3006 3227 3065 multis
3269 3006 3424 3064 enim
3451 3020 3578 3064 non
3624 3005 3805 3064 solum

2204 3102 2568 3174 infructuosa,
2602 3104 2698 3161 sed
2726 3104 2890 3160 etiam
2913 3102 3224 3175 perniciosa
3261 3100 3512 3157 sentitur.
3544 3102 3656 3158 Nec
3680 3100 3808 3174 quia

516 3188 829 3251 putaretur,
852 3202 973 3255 qua:
991 3189 1049 3241 in
1064 3190 1293 3256 Egypto
1316 3187 1719 3242 consistentibus
1734 3204 1841 3241 non
1857 3188 2088 3245 obesset?

2205 3196 2609 3254 institutionem
2649 3197 3033 3255 coenobiorum
3063 3195 3146 3251 vel
3188 3209 3380 3251 curam
3420 3192 3647 3251 fratrum
3674 3208 3808 3251 san-

565 3285 875 3343 Germanus
924 3306 941 3341 :
989 3286 1129 3344 Satis
1155 3287 1274 3343 utili
1325 3303 1389 3343 ac
1427 3288 1731 3344 necessario
1779 3290 2092 3363 pracipitur

495 3379 748 3437 instituto
774 3379 879 3438 hoc
907 3395 1135 3452 operum
1160 3396 1332 3454 genus
1354 3380 1505 3454 quod
1532 3381 1677 3438 intra
1706 3382 1899 3439 cellam
1936 3398 2088 3441 exer-

490 3472 598 3529 ceri
627 3480 821 3544 potest.
858 3473 1074 3528 Etenim
1104 3489 1215 3529 non
1245 3473 1425 3530 solum
1464 3474 1709 3547 exemplo
1732 3475 2096 3546 beatitudinis

492 3573 697 3621 vestra
726 3566 1148 3637 apostolicarum
1193 3566 1454 3624 virtutum
1500 3569 1799 3626 imitatione
1842 3568 2091 3643 fundata,

491 3672 681 3714 verum
705 3657 871 3715 etiam
897 3658 1244 3733 experientia
1270 3668 1474 3718 nostra
1499 3662 1822 3721 testimoniis
1842 3680 2091 3724 commo-

488 3750 631 3807 ditas
664 3750 829 3825 hujus
856 3753 934 3810 rei
965 3753 1124 3811 nobis
1150 3769 1297 3829 sape
1329 3765 1614 3828 comperta
1638 3767 1741 3814 est.
1776 3760 1882 3817 Sed
1911 3776 2091 3833 paren~

488 3849 608 3899 tum
661 3842 860 3901 vicinia
906 3861 1071 3918 quam
1114 3862 1215 3904 nec
1260 3863 1359 3904 vos
1386 3848 1619 3905 nimium
1648 3852 1951 3923 respuistis,
1993 3870 2092 3910 cur

488 3945 780 4010 tantopere
820 3955 851 3994 a
897 3939 1059 3995 nobis
1105 3940 1303 3997 debeat
1341 3940 1516 4009 vitari,
1563 3958 1676 3998 non
1722 3944 1855 4001 satis
1900 3944 2087 4004 claret.

488 4032 627 4088 Cum
657 4032 803 4090 enim
844 4048 940 4090 vos
970 4033 1027 4089 in
1055 4034 1209 4091 omni
1238 4034 1591 4107 perfectionis
1619 4037 1702 4093 via
1749 4038 2088 4113 improben-

2201 3298 2347 3348 ctam
2377 3300 2542 3365 atque
2571 3291 2899 3349 laudabilem
2918 3291 3115 3347 merito
3136 3287 3479 3362 proﬁtemur,
3498 3286 3698 3344 idcirco
3730 3288 3803 3345 ab

2199 3385 2460 3444 universis
2494 3402 2618 3443 eam
2646 3386 3004 3457 expetendam
3026 3399 3148 3441 esse
3177 3397 3485 3440 censemus.
3518 3383 3601 3437 lta
3628 3382 3801 3439 etiam

2202 3478 2528 3538 xenodochii
2568 3479 2877 3536 uberrimus
2917 3477 3130 3535 fructus
3166 3485 3271 3546 est,
3317 3475 3415 3533 sed
3443 3474 3515 3532 ab
3543 3475 3802 3532 omnibus

2201 3574 2382 3647 expeti
2414 3574 2531 3631 sine
2554 3572 2826 3646 patientia
2847 3587 2960 3629 non
2983 3578 3164 3645 potest
3189 3569 3541 3627 detrimento.
3568 3568 3802 3626 Proinde

2200 3668 2447 3741 primum
2476 3667 2708 3741 regionis
2747 3675 2942 3724 vestra
2982 3674 3151 3738 atque
3177 3663 3341 3737 hujus
3376 3663 3523 3719 inter
3560 3677 3622 3719 se
3669 3677 3798 3735 pen-

2200 3761 2371 3820 sanda
2395 3771 2526 3819 sunt
2550 3762 2821 3831 instituta;
2850 3758 3050 3818 deinde
3076 3760 3215 3815 vires
3251 3756 3539 3813 hominum
3559 3756 3690 3827 jugi
3721 3755 3799 3812 vel

2200 3855 2465 3912 virtutum
2493 3856 2577 3911 vel
2626 3854 2882 3911 vitiorum
2926 3853 3236 3912 assiduitate
3272 3848 3537 3917 collecta,
3573 3848 3804 3908 diversa

2201 3949 2434 4007 invicem
2475 3950 2632 4007 lance
2677 3948 3031 4008 trutinanda.
3076 3945 3217 4004 Fieri
3266 3944 3469 4002 etenim
3512 3950 3704 4016 potest
3741 3952 3800 4001 ut

2197 4042 2345 4115 quod
2386 4044 2607 4100 alterius
2633 4043 2809 4116 gentis
2843 4041 3054 4100 homini
3081 4040 3319 4098 arduum
3346 4046 3512 4111 atque
3548 4038 3798 4112 imposi-

1582 4166 1836 4223 ALARDI
1876 4169 2105 4224 GAZEI
2143 4168 2704 4228 COMMENTARIUS.

485 4264 622 4343 fuit:
648 4267 726 4343 D._
746 4266 1113 4343 Hieronymus
1128 4267 1181 4323 in
1202 4268 1358 4343 epist.
1386 4269 1454 4343 ad
1469 4270 1670 4343 Ephes.
1691 4272 1779 4328 lib.
1802 4288 1852 4329 ιι
1873 4291 1886 4328 :
1914 4277 2080 4333 Num-

488 4336 622 4418 quid
632 4338 877 4418 calorum
888 4336 1127 4418 circulos,
1152 4336 1283 4418 quos
1286 4336 1599 4418 philosophi
1611 4345 1851 4413 spharas
1870 4350 2079 4411 vocant,

489 4409 756 4487 transiens
783 4412 946 4487 atque
967 4409 1343 4487 transcendens
1362 4409 1515 4487 stetit
1525 4416 1586 4469 in
1612 4409 1819 4471 summo
1842 4418 1959 4473 caeli
1979 4409 2084 4487 for-

487 4480 624 4558 nica,
654 4480 707 4558 et
732 4482 795 4531 ut
820 4480 1122 4558 ipso‘verbo
1150 4486 1298 4558 utar,
1334 4484 1567 4558 apside?
1604 4487 1886 4558 Signiﬁcat
1922 4480 2084 4545 etiam

492 4546 962 4626 testudinem,;aut
979 4566 1252 4626 pameram
1269 4554 1329 4608 in
1348 4546 1693 4626 ﬂemispherii
1715 4546 1953 4626 formam
1973 4576 2085 4616 con-

486 4621 772 4700 structam.
816 4622 1099 4700 Qesichius
1141 4638 1373 4700 namque
1418 4631 1469 4700 et
1508 4621 1725 4683 'Suidas'
1763 4627 1935 4700 ἀψίδας
1981 4647 2090 4688 esse

489 4690 711 4767 καμάρας
739 4692 1225 4767 τναάαιηιεΡΙίηἱυε
1248 4690 1351 4766 pro
1375 4697 1723 4767 planetarum
1742 4690 1963 4758 orbibus
1986 4705 2092 4760 ali-
2122 4690 2174 4754 D

493 4764 700 4835 quoties
726 4769 955 4835 usurpat
984 4766 1080 4820 lib.
1124 4781 1193 4822 Ir.
1233 4764 1397 4823 Porro
1422 4771 1502 4823 ita
1539 4770 1829 4828 Cassianus
1856 4774 1950 4830 hoc
1986 4777 2092 4831 loco

488 4832 691 4918 obsidis
713 4832 973 4918 cameram
1008 4837 1175 4918 dia-it,
1209 4844 1269 4918 ut
1283 4839 1436 4918 alibi
1462 4840 1601 4918 (Lib.
1632 4858 1671 4898 ν
1696 4847 1827 4901 Inst.
1860 4861 1976 4918 cap.
1999 4851 2090 4911 24,

489 4906 549 4984 et
569 4905 744 4984 collat.
780 4911 837 4961 2|
890 4924 1011 4984 cap.
1046 4908 1137 4984 29)
1185 4905 1479 4984 stationem
1507 4913 1739 4983 jejunii,
1774 4933 1892 4971 cum
1916 4905 2094 4974 statio

654 4978 900 5058 sitquod
912 4972 1206 5058 jejunium,
1235 4986 1299 5037 ut
1321 4983 1474 5058 absis
1490 4972 1541 5038 et
1559 4972 1793 5042 'camera.
1821 4990 1958 5045 Hac
1982 4972 2096 5045 Cia-

484 5047 705 5132 ennius:
730 5047 973 5132 Isidorus
998 5051 1243 5132 absidam
1274 5061 1433 5108 vocat
1462 5057 1675 5132 (Etym.
1727 5059 1821 5113 lib.
1854 5074 1938 5115 xv
1968 5076 2084 5132 cap.

484 5115 600 5202 ‘8)‘:
627 5118 858 5202 bsida,
886 5117 1078 5191 inquit,
1112 5115 1588 5202 G_r_a:co_sermone,'
1602 5131 1793 5185 Latine
1818 5115 2087 5202 interpre-

482 5190 873 5283 tattgjluq'dg,
885 5190 1154 5283 Jeo‘quod
1182 5194 1381 5283 lumine
1415 5190 1625 5283 accepto
1630 5216 1747 5283 per
1784 5190 1979 5283 arcani
1996 5220 2087 5283 re-

480 5259 777 5331 splendeat.
808 5262 914 5319 Sed
940 5259 1124 5320 utrum
1151 5267 1399 5322 obsidam
1425 5285 1498 5323 an
1526 5259 1767 5327 absidem
1799 5272 1972 5329 dicere
1989 5259 2085 5331 de-

485 5329 719 5416 beamus,
744 5333 1021 5416 hocnverbi
1041 5353 1214 5416 genus
1225 5339 1539 5416 ambiguum
1558 5343 1781 5411 quidam
1810 5329 2083 5416 doctorum

481 5404 816 5483 egistimant.
838 5404 1293 5483 (galiusRhodig.
1311 5404 1406 5464 lib'.
1420 5427 1534 5467 xxv
1543 5404 1615 5467 fu
1632 5415 1899 5471 :Absidas
1910 5418 2088 5475 Graci

480 5470 683 5555 dictant,
701 5491 831 5555 quos
843 5478 1038 5555 Latini
1057 5494 1214 5555 arcus
1228 5470 1438 5555 ἐξηττῃί
1447 5470 1865 5555 imperatoribus
1875 5470 2077 5548 solitos.

480 5539 649 5620 sedet
663 5539 910 5620 pontium
928 5550 1163 5616 fornices
1181 5553 1359 5607 eodem
1373 5539 2079 5616 EméiturnomineTQan-Z

480 5605 899 5700 pingius‘mntiq.
920 5605 1063 5700 Lect.
1082 5605 2077 5700 cap.

480 5678 654 5765 ec‘cles
663 5718 675 5729 .
698 5678 717 5732 ἐ
744 5684 789 5735 Α
799 5678 923 5747 bsis,
948 5678 1267 5765 inquitisite
1447 5678 1523 5750 est

2182 4281 2423 4349 primam
2453 4282 2724 4350 aspirant,
2751 4280 2844 4349 sic,
2870 4278 3053 4348 hapsis
3080 4276 3149 4332 ab
3178 4275 3371 4350 ἅτςτεμν,
3400 4274 3590 4350 idest,
3609 4289 3643 4328 a
3669 4278 3796 4329 tan-

2188 4346 2377 4418 gendo,
2404 4346 2548 4421 quod
2574 4365 2636 4405 ea
2653 4366 2804 4421 pars,
2830 4346 2965 4403 cum
3003 4353 3123 4404 rota
3152 4346 3424 4421 uoluitur,
3448 4349 3653 4421 terram
3674 4360 3799 4399 con-

2192 4417 2387 4497 tingat.
2411 4417 2535 4497 Hoc
2553 4417 2719 4497 etiam
2742 4422 2955 4497 nomine
2985 4417 3582 4497 εἰρηὶβρατιιζῙ
3604 4430 3794 4497 ⁸3⁸ηὲιῖ

2194 4486 2341 4557 tura,
2381 4498 2432 4549 et
2458 4493 2748 4563 aliquando
2790 4495 3001 4562 integra
3026 4486 3240 4559 fornix.
3283 4489 3423 4563 Hinc
3462 4486 3797 4542 ecclesiastici

2194 4566 2498 4648 scriptores,
2529 4560 2691 4648 quam
2712 4579 2807 4648 nos
2843 4560 3180 4648 eqclesiqum
3216 4560 3497 4615 tributum
3522 4573 3791 4625 ineamus,

2201 4632 2477 4706 hapsidem
2502 4632 2707 4690 vocant.
2736 4636 2817 4690 lta
2840 4632 3176 4705 O'nuphrius.

2273 4709 2297 4738 ⁸
2326 4706 2627 4762 Secundum
2669 4709 2905 4777 gratiam
2952 4707 3068 4770 Dei,
3099 4718 3220 4775 qua
3262 4702 3505 4777 data‘xt
3731 4701 3797 4754 ut

2200 4745 3507 4857 sapié'éé'fidliaﬁééiuinwposﬁ'éﬂ
3516 4745 3793 4839 aBEESIuZ

2200 4849 2338 4905 Vide
2361 4851 2417 4905 S.
2450 4848 2723 4905 Thomam
2748 4850 2807 4904 in
2832 4849 3257 4903 Commentario.

2251 4864 2338 4905 tae
2361 4864 2417 4905 δ.
2451 4864 2485 4904 ’1
2500 4864 2723 4905 nomam
2748 4865 2807 4904 In
2832 4864 3257 4903 uommentarto.

2271 4921 2297 4955 δ
2327 4920 2783 5003 _V_erba_histo_ria
2802 4934 2976 5003 sacra
3003 4918 3055 4987 (Ι
3079 4920 3209 5003 Reg.
3234 4916 3406 5003 xyltj
3424 4909 3797 5003 :

2201 4992 2380 5047 Dauid
2388 4994 2714 5048 vestimentis
2734 4993 2923 5053 suis,et
2937 4987 3192 5065 imposuit
3201 4987 3413 5065 galeam
3428 4999 3623 5039 aream
3630 4995 3796 5065 Ξιφᾳξ

2197 5070 2358 5133 caput
2382 5066 2516 5134 ejus,
2536 5069 2588 5119 et
2603 5065 2816 5119 vestivit
2827 5051 2947 5117 eum
2972 5051 3159 5115 lorica.
3180 5051 3467 5134 daemonis
3483 5070 3609 5134 ergo
3623 5051 3797 5109 David

2199 5128 2383 5202 gladio
2399 5128 2525 5205 'ejus
2550 5150 2712 5206 super
2727 5138 2919 5189 vestem.
2941 5148 3118 5206 suam,
3144 5128 3800 5206 capittentwesigma-

2199 5194 2284 5280 ius
2296 5194 2474 5276 posset
2497 5194 2766 5280 incedere,
2784 5220 2893 5280 non
2914 5194 3318 5280 annalium-bat

2194 5266 2453 5348 Dixitque
2488 5278 2665 5351 David
2692 5266 2767 5351 ad
2807 5277 2939 5351 Saul
2965 5293 2986 5351 ί
3024 5266 3792 5351 Non__i3‘69df":

2192 5352 2321 5418 quia
2345 5338 2452 5403 non
2471 5365 2625 5405 usum
2643 5348 2827 5407 habeo.
2854 5350 2927 5403 Et
2948 5338 3200 5417 deposuit
3218 5360 3302 5407 ea,
3325 5348 3378 5418 et
3400 5340 3530 5395 tulit
3546 5338 3795 5418 bimatum

2190 5411 2367 5483 suum,
2393 5436 2566 5492 quem
2588 5437 2798 5492 semper
2838 5411 3070 5492 habebat
3108 5420 3167 5471 in
3202 5414 3477 5479 manibus,
3505 5418 3617 5492 etc.
3674 5411 3795 5492 εῐοο

2190 5479 2465 5566 exemplo,
2520 5479 2745 5566 aliisque
2776 5489 3099 5566 rationibus
3161 5495 3217 5543 et
3280 5479 3797 5566 comparationibus

2187 5551 2566 5633 pulcherrimis
2590 5551 2754 5619 docet
2776 5562 2866 5633 hic
2908 5564 3121 5633 Auctor
3154 5573 3273 5633 non
3314 5551 3508 5612 omnia
3535 5551 3797 5633 omnibus

2186 5624 2511 5701 convenire,
2560 5642 2615 5690 et
2656 5632 2946 5704 unicuique
2988 5629 3300 5704 metiendas
3342 5624 3700 5704 suas_vires,
3725 5635 3795 5677 ne

2186 5704 2318 5774 quid
2349 5694 2557 5762 temere
2582 5712 2637 5762 et
2655 5694 2971 5761 inconsulto
2985 5700 3339 5776 aggrediatur
3358 5694 3513 5770 quod
3532 5701 3797 5769 prastare

594 5750 812 5839 [1:939:23
828 5766 991 5839 super
1012 5750 1159 5814 rotas
1179 5750 1359 5839 tencris
1382 5768 1572 5839 scalas,
1594 5750 2075 5839 velin
2182 5750 2515 5834 355351351:

482 5820 579 5871 tur
592 5821 762 5888 radii,
783 5822 865 5874 vel
880 5820 1085 5890 ligneus
1106 5835 1238 5884 rotae
1260 5834 1521 5901 circulus;
1536 5820 1645 5904 quo
1661 5820 2081 5908 έιῄθιξὴέαϊῦἷιίίί
