4040 6194
301 315 436 371 i297
1233 311 1572 370 COLLATIO
1610 313 1797 370 XXIV.
1835 343 1910 355 —
1948 314 2036 370 DE
2072 314 2678 375 MORTIFICATiONE.
2731 380 2734 384 ί
3472 331 3610 387 1298

291 435 402 496 bile
449 443 550 503 est,
591 435 698 494 hoc
730 435 852 530 aliis
900 436 1060 494 insita
1103 438 1442 496 consuetudo
1484 437 1896 513 quodammodo
1925 443 1978 508 Α
2009 441 2141 508 Cur,
2170 441 2264 509 ait,
2295 429 2574 515 juniorem
2615 443 2840 502 fratrem
2886 452 3156 518 nostrum,
3185 465 3352 522 quem
3388 462 3610 524 praeter-

289 530 514 588 vertcrit
549 531 607 588 in
642 539 942 589 naturam:
968 531 1108 589 sicut
1133 532 1378 590 nationes
1409 532 1664 604 quaedam
1687 533 1894 607 ingenti
2006 533 2120 591 iens
2167 536 2480 608 propiorem
2520 553 2690 610 quam
2740 555 2832 596 me
2873 539 3162 611 habueras,
3215 560 3325 602 non
3353 547 3608 620 rogasti?

291 626 572 700 plagarum
601 623 918 684 diversitate
939 624 1231 699 disjunctat
1253 641 1512 700 magnam
1536 627 1650 682 vim
1671 625 1892 700 frigoris
2003 629 2251 703 Cumque
2275 629 2386 700 ille,
2427 644 2564 688 eum
2603 641 2848 691 mortem
2877 634 3009 691 olim
3033 637 3231 708 sepulti
3261 637 3442 696 fratris
3461 639 3604 698 obli-

292 719 384 799 vel,
419 719 674 778 ardorem
714 720 850 777 solis
896 719 1100 793 absque
1126 719 1372 792 corporis
1415 719 1696 793 perferunt
1732 728 1892 794 tegu-
2001 729 2121 779 tum
2154 731 2206 780 et
2233 739 2298 780 ex
2335 723 2507 782 nimia
2543 726 2896 784 continentiae
2930 743 2997 784 ac
3023 729 3334 787 solitudinis
3361 731 3603 804 jugitate

290 819 502 881 mento,
529 827 654 886 qum
685 811 876 886 utique
899 811 997 870 alii
1019 813 1170 870 illam
1197 813 1323 872 οωιί
1342 811 1749 870 inclementiam
1775 829 1891 871 non

289 907 533 978 experti,
567 893 849 980 quantivis
887 907 1104 966 roboris
1145 907 1376 979 fuerint,
1427 916 1730 968 sustentem
1773 923 1888 968 non

290 1009 540 1074 possunt.
561 1003 642 1058 lta
664 1000 828 1060 etiam
867 1017 966 1060 vos
993 1003 1089 1076 qui
1118 1018 1340 1061 summo
1367 1002 1536 1060 animi
1564 1011 1621 1059 et
1645 1003 1891 1076 corporis

284 1096 434 1165 nisu,
450 1095 506 1152 in
531 1094 635 1153 hac
659 1097 880 1170 regione
912 1096 1220 1167 dumtaxat,
1236 1099 1397 1171 quasi
1419 1105 1678 1156 naturam
1697 1097 1889 1170 patria:

287 1198 478 1247 vestrm
532 1191 591 1246 in
641 1191 829 1250 multis
881 1191 1205 1266 impugnare
1241 1193 1549 1261 conamini,
1605 1191 1888 1264 diligenter

283 1283 595 1356 expendite,
644 1294 829 1343 utrum
859 1285 914 1343 in
961 1285 1072 1344 illis
1117 1285 1347 1359 torpidis
1378 1289 1574 1359 [Lips.
1608 1289 1667 1342 in
1706 1301 1883 1354 marg.

1999 817 2146 873 velut
2197 817 2465 890 impotem
2510 821 2711 877 mentis
2767 820 3104 892 existimans,
3161 825 3526 896 respondisset
3585 847 3598 882 :

1998 911 2479 982 Quemadmodum
2509 922 2759 987 poteram
2795 913 2864 972 de
2889 917 3140 988 sepulcro
3183 933 3312 974 eum
3355 919 3448 992 qui
3471 929 3601 978 ante

1997 1019 2176 1062 annos
2223 1005 2534 1078 quindecim
2585 1007 2755 1077 obiit,
2787 1007 3082 1066 invocare?
3119 1010 3304 1068 Abbas
3345 1013 3542 1086 Apollo
3579 1033 3594 1071 :

1995 1098 2022 1132 ι’
2053 1098 2280 1170 Ignoras
2308 1113 2462 1171 ergo,
2511 1099 2610 1168 ait,
2647 1116 2739 1156 me
2767 1117 2990 1176 quoque
3028 1111 3154 1160 ante
3181 1119 3356 1160 annos
3402 1105 3598 1177 viginti

1997 1189 2128 1248 huic
2150 1191 2362 1248 mundo
2383 1191 2554 1250 fuisse
2571 1193 2914 1265 defunctum,
2934 1197 3196 1268 nullaque
3213 1197 3333 1270 jam
3346 1214 3506 1269 posse
3525 1198 3592 1256 de

1997 1283 2168 1358 hujus
2202 1283 2358 1342 cellae
2387 1285 2657 1357 sepulcro,
2700 1301 2826 1359 quae
2861 1287 2932 1344 ad
2957 1289 3247 1360 prtesentis
3269 1290 3392 1347 vitae
3420 1293 3592 1362 perti-

279 1378 536 1450 turbidis]
585 1379 668 1452 (ut
709 1379 864 1438 fama
895 1383 1002 1451 est)
1030 1381 1374 1455 regionibus,
1422 1388 1479 1438 et
1505 1379 1650 1436 velut
1686 1377 1884 1452 frigore
1989 1385 2152 1434 neant
2179 1385 2405 1445 statum,
2430 1378 2532 1434 tibi
2553 1377 2804 1436 conferre
2830 1379 3062 1436 solatia?
3088 1396 3255 1453 quem
3285 1381 3340 1438 in
3371 1391 3588 1442 tantum

281 1471 472 1532 nimiae
497 1473 832 1532 inﬁdelitatis
859 1475 1178 1546 obstrictis,
1205 1475 1348 1532 hanc
1395 1473 1477 1546 (ut
1502 1474 1578 1531 ita
1620 1473 1880 1543 dixerim)
1990 1472 2237 1530 Christus
2273 1471 2342 1529 ab
2396 1471 2698 1530 intentione
2740 1472 3176 1530 mortiﬁcationis
3225 1482 3456 1548 arrepta
3499 1478 3588 1534 vel

281 1567 588 1626 nuditatem
625 1578 931 1628 sustentare
983 1569 1218 1646 possitis.
1255 1569 1471 1628 Nostris
1517 1570 1666 1626 enim
1727 1568 1892 1626 istam
1999 1565 2279 1624 modicum
2303 1565 2379 1624 ad
2401 1566 2800 1624 extrahendum
2827 1566 3023 1625 bovem
3057 1576 3215 1626 tuum
3243 1583 3356 1626 non
3385 1571 3591 1640 patitur

281 1661 546 1732 propositi
594 1661 976 1720 fortitudinem
1002 1663 1324 1722 naturaliter
1355 1659 1766 1736 quodammodo
1795 1661 1885 1718 in-
1994 1659 2244 1730 relaxari,
2274 1667 2338 1716 ut
2361 1675 2432 1716 ne
2459 1658 2762 1717 brevissimi
2792 1659 3010 1733 quidem
3047 1662 3314 1718 momenti
3351 1662 3594 1722 inducias

281 1753 422 1812 didit
456 1763 664 1813 sanctae
701 1755 1131 1813 conversationis
1169 1757 1499 1829 antiquitas,
1546 1769 1790 1826 quorum
1838 1755 1884 1814 si
1996 1767 2096 1824 pro
2120 1753 2288 1824 patris
2313 1751 2602 1810 indulserit
2630 1755 2910 1827 sepultura
2931 1739 3081 1824 (Luc:
3107 1755 3246 1828 vn),
3267 1769 3389 1827 quae
3411 1755 3585 1813 multo

280 1849 612 1905 constantiae
643 1857 804 1920 atque
831 1847 1020 1906 virtuti
1049 1863 1209 1920 pares
1236 1863 1354 1905 esse
1390 1863 1490 1905 vos
1523 1847 1774 1920 cernitis,
1798 1846 1885 1904 vi-
1911 1851 1960 1915 Β
1993 1846 2178 1919 utique
2209 1847 2464 1918 celerius,
2495 1847 2776 1906 honestius
2807 1857 2863 1905 et
2879 1849 3184 1922 religiosius
3209 1847 3390 1906 fuerat
3417 1849 3582 1907 exhi-

280 1941 482 1998 ciniam
524 1951 818 2014 parentum
855 1940 1219 2014 fratrumque
1266 1945 1582 1998 vestrorum
1627 1940 1886 1998 similiter

279 2033 468 2107 fugere
493 2049 606 2091 non
633 2033 872 2093 debetis.

901 2129 1142 2186 CAPUT
1179 2131 1282 2186 1X.

657 2223 885 2280 Abbatis
922 2224 1115 2294 Apollo
1145 2223 1502 2293 mortiﬁcatio.

348 2317 428 2373 Ut
457 2330 581 2372 vero
607 2315 678 2373 ad
704 2325 920 2373 certum
942 2314 1302 2374 districtionis
1321 2330 1548 2372 examen
1577 2324 1880 2373 vestrarum

275 2408 480 2466 virium
503 2409 865 2482 quantitatem
891 2409 1072 2466 metiri
1093 2423 1341 2484 congrua
1363 2407 1724 2466 aestimatione
1745 2424 1880 2482 pos-

272 2504 418 2572 sitis,
448 2503 737 2576 cujusdam
765 2503 919 2561 vobis
946 2505 1113 2575 senis,
1161 2503 1220 2561 id
1247 2511 1350 2574 est,
1375 2513 1402 2540 ι
1433 2502 1646 2561 abbatis
1678 2502 1878 2576 Apollo

275 2594 483 2654 factum
524 2595 764 2654 breviter
801 2594 1084 2668 indicabo,
1121 2597 1255 2655 utsi
1283 2612 1400 2666 _vos
1425 2595 1684 2653 intimum
1709 2597 1877 2653 vestri

275 2691 456 2750 cordis
505 2707 739 2752 examen
784 2691 951 2766 hujus
977 2691 1257 2765 proposito
1286 2701 1452 2764 atque
1496 2689 1682 2748 virtuti
1731 2689 1876 2748 haud

273 2783 560 2843 inferiores
609 2802 728 2844 esse
768 2786 1068 2856 censuerit,
1100 2777 1305 2859 absque
1341 2785 1556 2859 jactura
1603 2783 1879 2858 profectus

271 2879 434 2934 vestri
463 2877 934 2950 professionisque
981 2878 1250 2948 periculo,
1278 2877 1471 2950 patriae
1515 2876 1876 2934 inhabitatio—

272 2983 406 3025 nem
435 2983 498 3024 ac
533 2978 830 3040 parentum
863 2969 1122 3025 viciniam
1148 2969 1489 3040 praesumatis
1518 2991 1532 3025 :
1565 2969 1696 3024 certi
1723 2969 1874 3041 quod

273 3059 673 3118 districtionem
708 3059 1041 3117 humilitatis
1075 3059 1273 3132 hujus,
1302 3075 1471 3132 quam
1499 3059 1652 3116 vobis
1676 3060 1744 3132 .in
1774 3060 1877 3118 hac

271 3153 548 3227 provincia
577 3170 696 3212 non
721 3155 907 3212 solum
942 3153 1225 3224 voluntas,
1271 3153 1368 3210 sed
1393 3153 1556 3211 etiam
1582 3153 1875 3210 necessitas

1991 1939 2187 1998 benda.
2218 1941 2518 1999 Rimamini
2539 1942 2722 2015 itaque
2743 1958 2888 1999 nunc
2911 1958 3107 2000 arcana
3123 1945 3357 2015 pectoris
3382 1944 3576 2014 vestri,

1989 2034 2397 2108 prudenterque
2413 2035 2664 2109 conjicite
2693 2051 2764 2092 an
2788 2035 2954 2092 talem
2981 2035 3148 2092 etiam
3179 2052 3272 2092 vos
3288 2036 3451 2108 juxta
3477 2053 3577 2108 pa-

1989 2133 2177 2184 rentes
2204 2135 2416 2186 vestros
2441 2126 2841 2201 districtionem
2861 2128 3064 2185 mentis
3085 2127 3294 2202 jugiter
3314 2137 3586 2186 retentare

1991 2221 2232 2292 possitis.
2275 2224 2526 2295 Cumque
2564 2237 2660 2280 vos
2705 2223 2762 2278 in
2807 2221 2910 2278 hac
2946 2222 3114 2279 animi
3165 2223 3586 2280 mortificatione

1989 2313 2306 2372 consimiles
2319 2315 2502 2372 eidem
2529 2317 2827 2385 senseritis,
2855 2323 2975 2372 tum
3005 2315 3234 2373 demum
3261 2317 3456 2374 scitote
3485 2334 3590 2390 pa-

1988 2415 2214 2466 rentum
2241 2408 2586 2482 fratrumque
2626 2409 2880 2466 viciniam
2903 2409 3058 2466 vobis
3079 2425 3298 2482 quoque
3327 2411 3584 2470 similiter

1983 2501 2208 2558 noxiam
2231 2516 2347 2558 non
2376 2497 2646 2571 futuram;
2673 2509 2736 2556 ut
2756 2500 2966 2556 scilicet
2982 2500 3081 2570 eis,
3108 2501 3363 2572 quamvis
3384 2501 3441 2558 in
3464 2518 3584 2574 pro-

1983 2594 2138 2651 ximo
2181 2594 2510 2661 constitutis,
2542 2593 2688 2650 velut
2713 2598 2972 2662 mortuos
3008 2611 3106 2652 vos
3148 2611 3268 2652 esse
3309 2595 3577 2666 credatis,

1985 2688 2062 2744 ita
2089 2697 2154 2745 ut
2175 2704 2275 2746 nec
2300 2689 2422 2746 illos
2450 2688 2642 2746 vestris
2666 2687 2836 2746 foveri
2865 2689 3078 2746 solatiis
3106 2706 3210 2746 nec
3235 2706 3329 2747 vos
3343 2690 3566 2748 illorum

1984 2781 2177 2840 sinatis
2195 2782 2469 2856 obsequiis
2491 2781 2746 2839 relaxari.

2597 2885 2840 2942 CAPUT
2883 2887 2962 2942 X.

1981 2988 2356 3056 Interrogatio,
2387 3001 2459 3040 an
2495 2985 2631 3040 obsit
2653 2985 2906 3040 monacho
2935 2987 2988 3040 si
3014 3000 3049 3039 a
3071 2985 3385 3054 parentibus
3411 2999 3576 3042 neces-

2407 3059 2560 3112 saria
2593 3057 2704 3126 ipsi
2741 3060 3106 3126 suggerantur
3125 3058 3154 3110 ?

2052 3157 2394 3214 Germanus:
2427 3159 2602 3230 Super
2625 3158 2732 3215 hoc
2756 3159 3042 3232 planejam
3067 3159 3283 3216 nullum
3303 3158 3576 3232 ambigui-

271 3246 760 3320 peregrinationis,
801 3253 1130 3319 extorquet,
1173 3245 1593 3318 propinquitatis
1637 3243 1874 3302 affectus
1906 3239 1950 3304 C
1980 3249 2104 3305 tatis
2144 3249 2328 3306 locum
2371 3249 2595 3308 ulterius
2639 3252 2925 3325 reliquisti.
2958 3253 3104 3310 Certi
3139 3252 3346 3310 etenim
3377 3267 3570 3310 sumus

269 3349 367 3399 aut
391 3341 640 3398 locorum
667 3341 962 3398 oblectatio
991 3355 1102 3397 non
1123 3339 1294 3413 possit
1321 3339 1588 3396 evincere.
1613 3338 1701 3396 Ad
1727 3339 1875 3396 hunc

269 3436 437 3510 igitur
462 3451 627 3510 quem
652 3436 1014 3509 pradiximu
1035 3451 1244 3502 senem,
1271 3450 1399 3492 cum
1425 3449 1720 3508 germanus
1738 3449 1874 3491 suus

263 3531 590 3605 intempesta
614 3537 776 3589 nocte
819 3530 1076 3600 venisset,
1118 3528 1424 3603 implorans
1451 3535 1534 3596 ut,
1579 3527 1648 3585 de
1676 3543 1874 3585 mona-

265 3625 440 3683 sterio
464 3641 566 3682 suo
593 3626 862 3698 paulisper
884 3639 1160 3699 egressus,
1181 3623 1252 3682 ad
1275 3623 1866 3691 evellendum‘bovem,

262 3735 432 3792 quem
479 3735 641 3777 caeno
671 3720 893 3792 palustri
925 3719 1138 3777 eminus
1161 3717 1426 3776 inhaerere
1456 3717 1706 3776 ﬂebiliter
1732 3732 1868 3791 que-

258 3813 504 3882 rebatur,
532 3815 580 3872 ei
607 3823 750 3873 esset
780 3813 1000 3882 auxilio,
1027 3814 1159 3886 quia
1191 3829 1324 3870 eum
1346 3813 1496 3870 solus
1520 3827 1868 3886 nequaquam
1927 3883 1932 3886 ν

260 3912 452 3980 posset
475 3921 689 3975 eruere,
716 3906 886 3964 abbas
916 3905 1114 3977 Apollo
1139 3906 1490 3976 pertinaciter
1515 3905 1822 3960 obsecranti
1851 3922 1865 3958 :

1982 3349 2099 3398 tam
2127 3342 2412 3414 praesentis
2434 3341 2598 3414 hujus
2626 3343 2848 3400 habitus
2888 3344 3156 3400 vilitatem
3188 3360 3354 3416 quam
3393 3346 3578 3416 quoti-

1980 3433 2140 3492 diana
2167 3433 2322 3490 haecc
2343 3432 2686 3506 nudipedalia
2711 3433 2769 3489 in
2797 3433 3018 3491 illorum
3048 3434 3239 3494 vicinia
3257 3437 3572 3495 nullatenus

1977 3543 2226 3586 exercere
2249 3543 2352 3584 nos
2377 3543 2566 3602 posse;
2588 3527 2686 3586 sed
2711 3545 2781 3586 ne
2804 3529 2988 3586 labore
3015 3529 3238 3603 quidem
3261 3529 3374 3588 illic
3399 3531 3569 3589 simili

1977 3637 2042 3680 ea
2066 3638 2191 3696 quae
2217 3630 2344 3679 sunt
2369 3622 2440 3680 ad
2467 3623 2680 3680 victum
2711 3623 3032 3692 necessaria,
3059 3627 3393 3696 provisuros,
3425 3627 3572 3685 sicut

1974 3714 2063 3771 hic
2085 3715 2255 3772 etiam
2277 3731 2474 3788 aquam
2497 3715 2798 3772 cervicibus
2818 3715 3017 3773 nostris
3044 3731 3110 3774 ex
3129 3716 3304 3774 tribus
3327 3717 3568 3774 millibus

1976 3809 2232 3867 exhibere
2254 3809 2668 3883 compellimur:
2693 3826 2798 3868 nec
2814 3818 3004 3867 nostra
3028 3809 3198 3878 enim,
3229 3826 3328 3868 nec
3347 3810 3572 3868 illorum

1977 3904 2320 3975 verecundia,
2349 3904 2466 3962 haec
2498 3921 2600 3964 nos
2639 3920 2830 3963 coram
2867 3905 2972 3962 illis
3006 3920 3168 3978 agere
3203 3905 3432 3962 omnino
3469 3920 3568 3977 pa-

1370 4045 1624 4102 ALABDI
1660 4046 1884 4102 GAZIEI
1923 4045 2482 4103 COMMENTARIUS.

337 4183 467 4252 lFDe
497 4180 604 4237 hoc
629 4179 759 4252 alias
776 4179 986 4252 dictum
1004 4181 1212 4252 (Collat.
1240 4185 1274 4236 2
1299 4196 1418 4252 cap.
1446 4182 1550 4252 ts).
1577 4179 1854 4252 Palladius

258 4251 463 4310 eodem
492 4251 768 4309 vocabulo
796 4251 992 4321 utitur,
1022 4259 1085 4308 ut
1115 4250 1480 4308 indeclinabili
1523 4267 1537 4306 :
1570 4251 1850 4315 Vidimus,

257 4323 465 4395 inquit,
485 4325 544 4378 in
561 4323 848 4380 solitudine
863 4325 1059 4393 cirum,
1088 4325 1282 4394 Apollo
1297 4326 1529 4386 nomine,
1551 4325 1650 4393 qui
1667 4338 1855 4378 mona-

253 4397 431 4452 steria
459 4395 687 4451 habebat
705 4410 868 4465 super
883 4401 1142 4462 montem;
1171 4399 1290 4450 erat
1315 4397 1455 4451 enim
1485 4398 1650 4449 Pater
1674 4409 1855 4448 mona-

255 4465 483 4522 chorum
505 4468 1164 4535 circiterquingentorum,
1181 4469 1280 4536 qui
1295 4471 1413 4522 erat
1427 4466 1585 4521 valde
1607 4467 1784 4520 clarus
1804 4469 1856 4520 et

252 4537 560 4619 celebratus
583 4538 639 4621 in
657 4527 944 4621 fhbbaide,
971 4527 1228 4621 erantque
1245 4537 1361 4621 ejus
1379 4553 1576 4620 magna
1594 4551 1776 4621 opera,
1805 4540 1856 4590 et
1887 4611 1930 4621 _
1959 4537 2098 4621 nihil
2118 4540 2196 4592 est
2211 4537 2366 4592 aliud
2375 4552 2540 4621 quam
2557 4527 2726 4621 crucis
2745 4540 3110 4621 acmortiﬁcat

1959 4181 2090 4251 quia
2106 4183 2410 4250 sictdpiscis
2420 4184 2534 4236 sine
2547 4197 2690 4251 aqua
2715 4185 2859 4237 caret
2880 4185 3014 4244 vita,
3036 4185 3119 4237 ita
3137 4183 3420 4238 monachus
3438 4186 3560 4240 sine

1958 4254 2300 4325 monasterio.
2347 4253 2540 4309 Sedeat
2575 4255 2757 4322 itaque
2791 4253 3082 4316 solitarius,
3114 4258 3164 4308 et
3195 4258 3389 4325 taceat,
3421 4257 3560 4325 quia

1957 4324 2157 4379 mundo
2196 4328 2438 4380 mortuus
2466 4327 2562 4391 est,
2581 4327 2695 4379 'Deo
2725 4327 2904 4379 autem
2929 4325 3085 4379 vivit.
3121 4323 3225 4379 Sed
3254 4333 3306 4379 et
3328 4323 3514 4382 Cassia
3531 4355 3556 4368 -

1958 4409 2064 4450 nus
2087 4393 2334 4464 idipsum
2356 4394 2460 4450 sub
2487 4393 2728 4450 hominis
2766 4393 3009 4450 cruciﬁxi
3035 4395 3389 4452 similitudine
3411 4413 3519 4454 con
3537 4427 3558 4439 -

1961 4465 2185 4540 firmans
2197 4464 2288 4540 lib.
2304 4480 2371 4540 1v_
2384 4466 2618 4520 Institut.
2633 4481 2754 4540 cap.
2773 4471 2838 4521 34
2863 4483 2875 4517 :
2893 4466 3522 4540 Abrenuntiatio,inquit
3534 4508 3551 4536 ,

3109 4540 3245 4594 iouis
3271 4539 3554 4596 indicium.

251 4622 484 4676 magnas
501 4609 726 4681 virtutes
739 4623 842 4681 per
853 4622 973 4663 eum
991 4607 1530 4681 faciebatDominus;
1557 4611 1608 4662 et
1615 4609 1858 4681 plurima
1887 4611 1938 4674 D
1965 4607 2192 4681 Ideoque
2235 4611 2444 4681 noveris
2474 4607 2810 4681 (professum
2853 4607 3188 4666 monachum
3217 4608 3558 4681 alloquitur)

249 4681 441 4747 signa,
462 4682 524 4760 et_
535 4679 890 4760 admirabilia
902 4694 1133 4760 pereunt
1148 4680 1539 4760 efﬁciebantur,
1556 4679 1661 4734 etc.
1683 4680 1854 4735 Sozo-

249 4763 462 4804 menus
489 4747 557 4804 de
583 4749 868 4822 monachis
903 4747 958 4804 in
985 4747 1267 4822 Thebaide
1282 4748 1620 4822 degentibus
1647 4764 1846 4822 agens:

247 4822 326 4876 In
357 4822 619 4892 istorum,
646 4821 852 4892 inquit,
883 4837 1104 4878 numero
1127 4821 1320 4892 Apollo
1346 4835 1555 4890 quoque
1579 4821 1732 4888 fuit,
1761 4822 1860 4890 qui

244 4891 404 4946 vicit
429 4893 490 4944 in
529 4891 808 4963 Thebaide.
837 4895 936 4948 Hic
972 4907 1090 4948 cum
1111 4891 1394 4963 pubescere
1413 4893 1694 4963 inciperet,
1730 4893 1856 4963 vita:

243 4963 564 5017 monasticae
573 4976 626 5016 se
648 4962 870 5017 dicavit.
893 4965 1003 5031 Qui
1019 4962 1138 5018 cum
1156 4967 1213 5018 in
1226 4963 1516 5019 solitudine
1529 4962 1604 5017 ad
1616 4962 1857 5032 quadra-

241 5034 411 5104 ginta
429 5047 596 5104 annos
621 5034 866 5098 vimisset,
883 5035 1066 5088 divino
1081 5036 1292 5089 oraculo
1305 5035 1516 5104 jussus,
1537 5033 1851 5102 speluncam

245 5103 334 5160 ad
344 5103 551 5159 radices
560 5105 754 5159 montis
767 5103 1050 5174 cujusdam
1063 5107 1187 5160 locis
1197 5106 1266 5160 ab
1277 5103 1582 5160 hominibus
1591 5105 1778 5160 habita
1787 5107 1856 5160 tis

240 5177 428 5247 uicini
442 5177 734 5246 occupavit.
755 5177 863 5242 Qui
881 5179 1044 5232 etiam
1055 5192 1172 5247 pra:
1194 5177 1584 5232 miraculorum
1610 5177 1858 5232 multitu-

243 5245 402 5308 dine,
411 5245 559 5302 b-revi
567 5245 819 5316 magnam
835 5245 1074 5302 nominis
1079 5249 1431 5303 celebritatem
1440 5253 1520 5302 est
1531 5251 1854 5315 consecutus,

238 5321 309 5372 et
339 5318 752 5388 quamplurimis
771 5321 1002 5388 prcefuit
1014 5319 1302 5374 monachis.
1328 5321 1468 5374 Nam
1499 5325 1612 5375 tam
1632 5319 1858 5374 utilibus

248 5388 337 5444 ad
357 5391 528 5444 vitam
550 5389 848 5459 disciplinis
865 5391 1133 5453 utebatur,
1155 5394 1219 5446 ut
1243 5388 1442 5444 multos
1468 5391 1721 5452 alliceret,
1750 5398 1854 5445 etc.

248 5459 271 5532 (
295 5460 505 5516 Sozam.
531 5461 576 5533 Vl.
594 5473 660 5516 vr
678 5475 795 5529 cap.
813 5467 914 5533 29,
931 5463 1152 5533 Niceph.
1171 5461 1264 5516 lib.
1285 5477 1353 5518 x1
1377 5477 1497 5532 cap.
1518 5464 1608 5529 34,
1630 5461 1848 5516 Pallad.

249 5533 323 5586 in
371 5532 622 5588 Lausiac.
665 5546 708 5586 c.
741 5532 854 5600 25).

333 5603 359 5636 δ
386 5601 610 5675 Celebre
644 5601 858 5658 dictum
885 5601 1050 5658 etiam
1088 5604 1146 5660 in
1167 5602 1290 5675 jure
1329 5602 1595 5675 canonico
1637 5604 1859 5658 :Mona-

139 5699 152 5709 ο
245 5673 596 5745 οήοξλπιυηάο
623 5678 856 5745 mortuos
887 5687 1032 5740 esse;
1062 5672 1370 5745 praesertim
1403 5673 1458 5729 in
1487 5672 1708 5745 decreto
1743 5676 1860 5730 Eu-

242 5743 400 5829 genii
429 5758 584 5829 papae
607 5743 750 5829 apud
771 5743 1112 5829 Gratianum.
1129 5752 1177 5812 (I
1193 5785 1209 5812 ,
1225 5763 1292 5829 .q.
1316 5753 1370 5829 7,
1396 5761 1518 5818 cap.
1540 5743 1780 5829 Placuit,
1811 5749 1864 5800 et

245 5830 304 5870 c.
347 5817 562 5879 Nullus,
595 5821 647 5871 et
674 5821 765 5884 26,
799 5833 856 5886 q.
893 5821 945 5885 1,
969 5831 1018 5871 c.
1048 5817 1277 5880 Placuit,
1319 5823 1370 5874 et
1413 5817 1535 5888 cap.
1573 5819 1718 5874 Sunt
1743 5831 1868 5872 non-

241 5885 446 5956 nulli),
479 5885 568 5942 ubi
597 5886 676 5943 ait
709 5909 720 5944 :
763 5887 1049 5945 Monachus
1076 5889 1150 5944 sit
1178 5887 1410 5944 claustro
1447 5903 1542 5944 suo
1566 5891 1864 5952 contentus,

1965 4679 2223 4733 hodierno
2237 4680 2326 4734 die
2344 4685 2394 4736 te
2418 4679 2540 4734 huic
2556 4680 2778 4743 mundo,
2789 4685 2842 4734 et
2853 4682 3062 4735 actibus
3073 4681 3186 4748 ejus
3201 4695 3264 4733 ac
3273 4679 3561 4735 desideriis

1961 4764 2068 4821 esse
2093 4749 2446 4818 defunctum;
2467 4757 2640 4820 teque,
2679 4751 2968 4806 secundum
2995 4751 3331 4821 Apostolum,
3357 4750 3562 4806 mundo

1963 4819 2087 4875 huic
2110 4837 2217 4876 esse
2234 4819 2572 4891 cruciﬁxum,
2593 4823 2795 4890 tibique
2816 4822 2955 4876 hunc
2976 4819 3258 4876 mundum.
3273 4822 3562 4878 Considera

1963 4907 2083 4962 ergo
2111 4892 2433 4948 conditiones
2459 4895 2650 4955 crucis,
2689 4893 2788 4947 sub
2815 4893 2966 4962 cujus
3007 4897 3058 4948 te
3096 4893 3342 4962 deinceps
3371 4907 3562 4948 sacra-

1963 4967 2136 5018 mento
2171 4967 2374 5034 oportet
2400 4965 2458 5016 in
2487 4964 2588 5020 hac
2623 4965 2736 5018 luce
2765 4965 3006 5030 versari,-
3057 4965 3186 5034 quia
3213 4965 3337 5034 jam
3372 4968 3432 5018 tu
3454 4979 3560 5020 non

1962 5036 2122 5101 vicis,
2145 5035 2238 5090 sed
2261 5035 2352 5090 ille
2373 5035 2509 5090 vivit
2530 5037 2588 5090 in
2617 5039 2666 5091 te
2685 5037 2784 5105 qui
2806 5039 2884 5090 est
2906 5037 3190 5104 cruci/tarus
3212 5051 3318 5105 pro
3350 5039 3419 5098 te,
3446 5043 3553 5090 etc.

1963 5107 2034 5160 Et
2061 5121 2111 5160 c.
2143 5120 2262 5176 seq.
2295 5123 2310 5160 :
2343 5109 2427 5160 Ita
2450 5121 2563 5170 nos,
2590 5105 2784 5177 inquit,
2812 5109 3002 5161 timore
3023 5109 3240 5164 Domini
3271 5107 3554 5174 cruciﬁxus

1965 5180 2168 5247 oportet
2181 5177 2263 5231 his
2279 5178 2542 5239 omnibus,
2556 5178 2616 5232 id
2638 5182 2734 5241 est,
2754 5193 2860 5232 non
2876 5179 3048 5232 solum
3062 5178 3366 5247 carnalibus
3383 5177 3552 5247 uitiis,

1962 5245 2144 5318 verum
2163 5249 2325 5302 etiam
2353 5249 2484 5318 ipsis
2510 5249 2776 5318 elementis
2797 5252 3030 5304 mortuos
3053 5263 3180 5304 esse.
3211 5245 3348 5318 Vide
3374 5245 3552 5318 Palla-

1965 5317 2122 5390 dium
2150 5317 2414 5390 Lausiaca
2437 5324 2528 5386 83,
2557 5317 2650 5374 ubi
2671 5318 2840 5374 abbas
2870 5317 3132 5390 Serapion
3165 5317 3413 5390 probavit
3437 5331 3561 5373 mo-

1965 5389 2168 5462 nialem
2194 5389 2494 5462 quamdam
2509 5405 2621 5462 non
2647 5405 2767 5462 esse
2791 5404 2914 5462 vere
2941 5387 3217 5462 mortuam
3245 5387 3478 5462 mundo,
3498 5396 3562 5462 ut

1965 5461 2081 5533 ipsa
2127 5457 2419 5586 jaltctabat;
2459 5459 2554 5518 sed
2612 5460 2884 5530 mirabili,
2935 5459 3119 5518 nescio
3178 5475 3248 5516 an
3301 5457 3554 5515 imitabili

1966 5546 2161 5586 exemo
2183 5547 2237 5586 ο.

1966 5546 2237 5588 exemplo.

2039 5548 2446 5674 Englggipedalia
2475 5602 2604 5674 quid
2641 5603 2755 5658 sint
2802 5603 2926 5661 vide
2975 5601 3158 5660 collat.
3204 5609 3275 5674 t7
3304 5616 3442 5674 cap.
3493 5607 3564 5656 20

1971 5672 1988 5745 (
2012 5673 2146 5746 Vide
2170 5672 2446 5746 Molanum
2469 5672 2507 5730 ιζ
2542 5675 2608 5746 de
2629 5677 2862 5746 Picturis
2879 5679 3026 5746 c.4782
3054 5676 3092 5746 ).
3121 5672 3408 5746 Colligitur
3428 5672 3566 5728 item

1974 5743 2041 5818 ex
2069 5745 2186 5818 hoc
2197 5743 2324 5818 loco
2366 5745 2667 5818 monachos
2690 5745 2815 5818 illos
2837 5743 3146 5818 nudipedes
3171 5743 3358 5818 fuisse,
3387 5751 3442 5818 et
3464 5758 3571 5798 nu-

1975 5813 2247 5890 dipedalia
2281 5817 2614 5885 exercuisse;
2648 5833 2756 5890 qua
2786 5816 2856 5875 de
2891 5833 2953 5874 re
2976 5813 3167 5874 'etiam
3196 5815 3324 5872 alibi
3353 5813 3570 5886 egimus

1977 5888 2133 5957 (Lib.
2155 5902 2178 5944 ι
2205 5890 2384 5945 Instit.
2409 5903 2454 5944 c.
2492 5889 2614 5961 10).
