4022 6220
474 324 493 376 l
504 322 608 378 299

1549 306 1830 366 JOANNIS
1865 305 2167 362 CASSIANI
2206 302 2695 360 COLLATIONES.

3634 309 3764 364 1300

477 444 663 501 tietur.
718 441 862 498 Sane
915 438 1049 512 quid
1086 435 1364 510 proposito
1404 442 1592 492 nostro
1625 433 1824 501 oberit,
1860 430 1929 499 si,
1960 430 2068 487 illis
2096 434 2148 497 Α
2178 438 2425 486 mentem
2441 436 2595 485 tuam
2625 443 2725 505 pro
2750 441 2981 484 casuum
3005 425 3275 484 varietate
3301 431 3762 495 mutantes,“

479 529 1441 597 subministrantibusuniversa,'nos,
1456 526 1829 586 sollicitudine
1848 524 2076 599 parandi
2180 526 2433 581 sinenter
2470 521 2541 579 ad
2564 531 2788 579 terrena
2815 519 3177 594 demergunt;
3206 537 3407 578 verum
3437 522 3604 580 etiam
3633 526 3770 598 quod

485 632 660 688 victus
688 630 902 704 penitus
945 626 1178 686 absoluti
1202 668 1217 696 ,
1255 623 1476 683 lectioni
1501 630 1718 680 tantum
1740 624 1816 677 ‘et
1844 617 2076 677 orationi

493 742 719 799 operam
761 722 1096 791 dederimus,
1127 728 1209 789 ut,
1255 720 1361 777 isto
1380 716 1504 793 quo
1530 732 1681 774 nunc
1702 713 2078 785 fdislrabimur

485 821 671 881 labore
696 819 943 889 sublato,
974 815 1307 890 spiritalibus
1334 821 1551 869 tantum
1592 810 1789 868 studiis
1815 807 2079 866 intentius

479 933 550 976 ex
556 917 819 974 cubemus
834 919 859 971 ?

1078 992 1459 1063 CAPUT'XI.

584 1106 870 1175 Responsio
914 1117 982 1157 ex
1014 1105 1078 1157 D.
1106 1100 1339 1155 Antonii
1374 1098 1640 1153 sententia
1668 1095 1969 1163 desumpta.

540 1197 840 1269 _Abraham
869 1197 1023 1251 :Non
1047 1208 1233 1249 meam
1259 1198 1451 1247 contra
1481 1189 1585 1244 hoc
1610 1187 1788 1255 vobis,
1814 1183 1913 1242 sed
1932 1183 2078 1241 beati

485 1290 707 1348 Antonii
731 1286 1053 1344 sententiam
1082 1283 1382 1355 proferam,
1421 1297 1529 1354 qua
1557 1280 1649 1338 ille
1679 1280 1754 1336 ita
1781 1276 2089 1352 cujusdam

482 1383 669 1440 fratris
687 1426 702 1451 ,
744 1381 851 1437 hoc
895 1393 1005 1451 quo
1045 1376 1226 1433 dicitis
1266 1385 1452 1449 tepore
1482 1373 1755 1446 torpentis
1789 1371 2078 1445 segnitiem

488 1475 809 1542 confutavit,
834 1473 1085 1530 utetiam
1110 1471 1329 1527 nodum‘
1356 1477 1553 1526 vestrm
1581 1465 1972 1540 propositionis
1995 1462 2083 1521 ab-

489 1568 771 1627 cinderet
801 1585 816 1623 :
846 1582 978 1624 nam
1000 1582 1126 1623 cum
1155 1565 1227 1622 ad
1252 1562 1583 1638 praedictum
1618 1562 1797 1617 virum
1827 1557 2079 1633 quidam,

486 1672 548 1722 ut
575 1663 706 1733 dixi,
738 1663 983 1729 veniens,
1000 1659 1448 1718 anachoreticam
1480 1655 1830 1729 disciplinam
1851 1654 2082 1709 minime

492 1757 705 1815 diceret
771 1755 1188 1823 admirandam;
1257 1752 1484 1826 majoris
1537 1748 1902 1823 pronuntians
1967 1760 2085 1802 esse

2183 619 2429 676 fructum
2470 632 2743 674 manuum
2773 624 3032 685 tuarum,
3065 623 3122 672 et
3142 616 3297 689 justa
3342 616 3549 674 laboris
3574 622 3771 694 proprii

2184 712 2449 771 mercede
2494 710 2871 779 defraudent,
2904 727 3017 768 non
3053 712 3456 783 permittentes
3490 721 3550 770 te
3587 715 3770 772 horum

2186 809 2509 882 praebitione
2532 806 2858 876 suffultum,
2898 805 3212 864 secundum
3252 807 3402 864 beati
3435 810 3685 881 Apostoli
3706 827 3776 867 re-

2187 906 2396 978 gulam,
2409 903 2807 977 quotidianum
2817 901 2920 958 tibi
2935 901 3149 958 victum
3168 900 3283 958 tuis
3300 902 3570 960 manibus
3585 919 3780 977 praepa-

2189 1014 2334 1066 rare,
2357 1013 2524 1071 quem
2549 999 2640 1054 ille
2662 997 2858 1055 ultima
2886 994 3269 1069 Ephesiorum
3300 997 3568 1055 Ecclesia:
3582 998 3783 1071 princi-

2186 1094 2351 1167 pibus
2374 1102 2644 1166 praecepta
2675 1092 3058 1166 promulgans,
3088 1106 3149 1148 se
3176 1092 3351 1148 etiam
3377 1092 3582 1148 sanctis
3603 1094 3784 1148 Evan-

2190 1188 2378 1263 gelicaa
2403 1185 2808 1259 praedicationis
2828 1184 3045 1242 'studiis
3074 1193 3433 1258 occupatum,
3471 1201 3588 1241 non
3613 1186 3788 1242 solum

2190 1282 2319 1351 sibi,
2365 1296 2559 1338 verum
2596 1280 2771 1337 etiam
2814 1278 2905 1336 his
2941 1279 3037 1352 qui
3078 1287 3242 1336 erant
3265 1295 3394 1353 erga
3422 1279 3791 1336 ministerium

2190 1390 2353 1431 suum
2381 1374 2707 1432 necessariis
2736 1372 3017 1444 obsequiis
3052 1372 3367 1447 praepediti,
3411 1374 3715 1446 prabuisse
3738 1388 3795 1430 se

2190 1478 2494 1534 memorat,
2534 1467 2728 1524 dicens
2761 1489 2776 1525 :
2827 1463 2945 1538 Ip'si
2977 1471 3124 1523 scitis
3145 1471 3404 1539 quoniam
3426 1485 3492 1525 ea
3514 1484 3643 1539 qua
3674 1469 3800 1523 uului

2191 1579 2325 1634 opus
2341 1567 2516 1625 erant,
2542 1566 2590 1617 et
2614 1562 2696 1616 his
2720 1563 2818 1630 qui
2835 1576 3035 1617 mecum
3047 1566 3192 1629 sunt,
3210 1565 3671 1618 mim'stmuerunt
3688 1576 3801 1616 ma—

2189 1672 2292 1712 nus
2317 1660 2437 1712 ista:
2480 1656 2683 1724 (Actor.
2718 1656 2848 1717 xx).
2876 1655 3032 1728 Quod
3064 1665 3248 1711 tamen
3278 1664 3422 1712 utse
3456 1654 3671 1711 fecisse
3699 1670 3807 1726 pro

2190 1748 2372 1805 forma
2408 1755 2613 1805 nostra:
2646 1746 2885 1804 utilitatis
2916 1747 3241 1804 ostenderet
3258 1787 3277 1816 ,
3311 1747 3446 1805 aiibi
3471 1749 3562 1805 ait
3615 1769 3634 1803 ε
3684 1752 3808 1807 Non

493 1852 737 1921 virtutis,
759 1852 804 1908 si
832 1867 894 1909 ea
930 1866 1056 1924 qua:
1097 1846 1442 1923 perfectionis
1483 1853 1635 1911 sunt,
1665 1845 1807 1901 inter
1835 1839 2093 1898 homines
2117 1825 2167 1888 Β
2196 1845 2356 1899 otiosi
2376 1844 2590 1911 fuimus
2608 1845 2757 1897 inter
2780 1857 2888 1910 vos,
2914 1857 3078 1913 neque
3104 1843 3286 1913 gratis
3302 1858 3505 1915 panem
3529 1846 3607 1900 ab
3622 1847 3806 1916 αιὶᾳιιο
3854 1866 3869 1888 ο

498 1948 792 2021 quispiam,
820 1962 987 2020 quam
1017 1946 1076 2001 in
1097 1958 1284 2001 eremo
1309 1941 1541 2016 positus,
1566 1944 1871 2006 exerceret;
1895 1935 2089 1993 beatus

502 2040 766 2096 Antonius
822 2038 1057 2095 ubinam
1109 2038 1227 2110 ipse
1271 2034 1631 2103 consisteret,
1682 2036 2087 2104 percunctatur.

497 2136 751 2208 Cumque
779 2135 866 2190 ille
885 2149 943 2190 se
960 2134 1119 2207 juxta
1145 2138 1399 2205 parentes
1429 2145 1560 2187 suos
1579 2127 1826 2184 habitare
1844 2124 2086 2189 dixisset,

500 2238 560 2284 et
605 2244 797 2284 eorum
829 2227 1151 2299 prmbitione
1183 2226 1253 2282 ab
1279 2225 1429 2282 omni
1459 2239 1592 2281 cura
1624 2230 1690 2279 ‘et
1720 2217 2091 2278 sollicitudine

491 2321 679 2377 diurni
708 2323 875 2390 [Lips
908 2323 965 2373 in
1000 2336 1174 2387 marg.
1209 2318 1487 2384 diuturni]
1515 2317 1697 2387 operis
1736 2315 2050 2371 absolutum
2072 2353 2091 2382 ,

494 2410 720 2469 lectioni
748 2419 965 2468 tantum
1003 2417 1061 2466 et
1096 2408 1369 2478 orationi,
1397 2407 1608 2481 absque
1647 2407 1738 2463 illa
1765 2404 2097 2463 distentione

510 2506 736 2580 spiritus
764 2504 1136 2563 indesinenter
1179 2502 1508 2577 gloriaretur
1553 2500 1817 2559 insistere.
1846 2502 2094 2556 Rursum
2159 2481 2184 2502 ⁸

502 2602 697 2658 beatus
720 2601 998 2657 Antonius
1028 2620 1041 2655 :
1082 2600 1208 2665 Dic,
1235 2598 1440 2670 inquit,
1472 2596 1568 2661 ﬁli,
1596 2606 1787 2654 utrum
1816 2595 1876 2650 in
1902 2607 2097 2651 eorum

505 2689 724 2748 damnis
774 2692 860 2749 vel
912 2691 1159 2749 adversis
1213 2690 1430 2747 casibus
1473 2688 1833 2755 contristeris,
1872 2685 2098 2758 parique

507 2786 677 2843 etiam
716 2786 886 2844 modo
919 2802 1091 2862 super
1111 2801 1307 2843 eorum
1326 2784 1693 2858 prosperitate
1729 2779 2096 2855 congaudeas.

485 2881 598 2936 ‘Ille
619 2880 925 2954 'utriusque
965 2882 1045 2938 rei
1074 2895 1133 2937 se
1161 2880 1488 2953 participem
1531 2894 1653 2935 esse
1681 2875 1970 2935 confessus
1995 2884 2098 2931 est.

509 2973 611 3029 Cui
646 2989 813 3030 senex
843 2973 1103 3030 :Noveris
1125 2981 1202 3038 te,
1228 2972 1431 3043 inquit,
1454 2971 1628 3025 etiam
1649 2970 1701 3023 in
1729 2969 1913 3023 futuro
1940 2981 2104 3023 sarcu-

504 3065 558 3121 lo
590 3079 785 3120 eorum
815 3073 963 3121 sorte
990 3061 1359 3126 censendum,
1387 3074 1518 3115 cum
1549 3058 1752 3133 quibus
1777 3058 1835 3114 in
1860 3057 1968 3117 hac
1991 3059 2103 3115 vita

2193 1939 2661 2006 manducavimus,
2676 1937 2770 1993 sed
2787 1938 2848 1993 in
2863 1937 3038 1992 labore
3057 1940 3109 1993 et
3123 1938 3456 2007 fatigatione
3478 1944 3628 1996 nocte
3641 1946 3698 1996 et
3711 1941 3809 1999 die

2196 2037 2492 2103 operantes,
2508 2048 2573 2088 ne
2585 2047 2742 2102 quem
2759 2035 2994 2086 vestrum
3005 2047 3360 2100 grauaremus
3382 2052 3395 2088 :
3422 2048 3533 2089 non
3547 2036 3682 2103 φάο,
3700 2050 3807 2091 non

2196 2127 2543 2181 habuerimus
2578 2129 2921 2196 potestatem,
2948 2125 3042 2180 sed
3067 2123 3149 2197 tut
3188 2129 3532 2197 nosmetipsos
3574 2129 3809 2194 formam

2199 2226 2445 2281 daremus
2468 2226 2614 2280 vobis
2640 2224 2716 2279 ad
2733 2225 3064 2280 imitandum
3083 2241 3179 2280 nos
3210 2225 3228 2295 (
3258 2227 3310 2282 ll
3339 2227 3487 2281 Thes.
3511 2228 3630 2298 ιιι).

2742 2316 2745 2317 ν
2788 2319 3033 2375 CAPUT
3078 2320 3215 2375 ΧΠ.

2337 2414 2412 2467 De
2439 2412 2679 2469 utilitate
2724 2415 3079 2482 operationis,
3112 2418 3168 2469 et
3208 2414 3311 2468 otii
3331 2414 3663 2470 detruncata.

2273 2505 2340 2558 Et
2358 2501 2485 2559 ideo
2509 2518 2642 2559 cum
2674 2503 2849 2560 etiam
2882 2504 3048 2561 nobis
3089 2515 3384 2578 parentum
3410 2505 3673 2579 prasidia
3697 2522 3818 2565 non

2205 2594 2478 2663 deessent,
2499 2603 2691 2652 tamen
2706 2597 2854 2654 hanc
2884 2599 3099 2655 cunctis
3126 2599 3329 2672 opibus
3351 2601 3812 2672 pra-tulimuan-

2207 2692 2464 2761 ditatem,
2485 2700 2544 2748 et
2565 2691 2903 2765 quotidiana
2924 2693 3169 2766 corporis
3191 2694 3460 2751 alimenta
3475 2696 3697 2752 nostris
3714 2711 3807 2753 ma

2208 2787 2415 2844 luimus
2442 2784 2740 2843 sudoribus
2766 2800 3063 2857 pmparare
3089 2802 3258 2857 quam
3277 2803 3478 2842 secura
3498 2799 3830 2857 parentum

2210 2878 2536 2950 prmbitione
2609 2876 2805 2941 fulciri,
2852 2874 3301 2930 laboriosissimae
3348 2872 3487 2931 huic
3548 2880 3824 2949 penuria.-

2210 2972 2361 3027 illam
2390 2985 2558 3042 quam
2588 2967 2839 3042 praadicas
2860 2966 3101 3023 otiosam
3124 2966 3545 3039 Scripturarum
3576 2972 3820 3029 medita-

2210 3064 2420 3120 tionem
2444 3071 2609 3136 atque
2636 3060 3026 3118 infructuosam
3046 3057 3300 3116 lectionis
3317 3059 3649 3120 instantiam
3670 3076 3823 3137 post-

504 3158 563 3211 in
587 3158 733 3212 lucri
758 3157 1146 3214 detrimentive
1168 3154 1472 3222 consortio,
1503 3154 1586 3211 vel
1616 3152 1819 3227 gaudio
1846 3155 1930 3210 vel
1960 3169 2107 3212 mae-
2156 3227 2172 3230 Α
2212 3165 2510 3230 ponentes;
2557 3171 2722 3229 quam
2760 3154 2948 3227 procul
2975 3153 3150 3211 dubio
3189 3154 3553 3214 libentissime
3582 3168 3823 3219 sectare-

502 3263 629 3305 rore
655 3250 988 3317 concuteris.
1015 3252 1128 3304 Nec
1156 3248 1264 3304 hac
1293 3254 1587 3304 contentus
1614 3247 1885 3304 sententia
1915 3246 2107 3305 beatus
2139 3227 2184 3291 (ἶ
2213 3227 2359 3321 mur,
2401 3251 2443 3307 si
2470 3227 2589 3307 hoc
2604 3265 2724 3307 esse
2746 3249 2930 3306 utilius
2955 3248 3039 3304 vel
3066 3248 3333 3320 exemplis
3360 3249 3471 3306 suis
3505 3254 3821 3323 Apostolica

513 3334 811 3411 Antoriius,
859 3344 1133 3420 majorem
1166 3342 1389 3418 insuper
1420 3357 1685 3417 campum
1714 3342 2109 3416 disputationis

509 3442 795 3514 ingressus
821 3450 908 3498 est
937 3460 951 3496 :
977 3445 1133 3507 Haec,
1159 3438 1431 3512 inquien,
1463 3437 1807 3496 conversatio
1834 3445 2001 3511 atque
2022 3435 2110 3493 hic

508 3533 889 3603 tepidissimus
927 3539 1126 3598 status,
1169 3546 1281 3585 non
1317 3532 1421 3586 hoc
1447 3532 1589 3599 solo,
1624 3548 1736 3603 quo
1774 3531 1913 3600 dixi,
1942 3539 1997 3587 te
2038 3529 2107 3587 fe-

509 3625 669 3682 riunt
691 3622 1022 3681 detrimento
1044 3625 1195 3692 (licet
1218 3622 1275 3679 id
1304 3632 1364 3680 tu
1388 3623 1505 3697 ipse
1527 3639 1639 3680 non
1669 3624 1894 3690 sentias,
1911 3623 2106 3682 dicens

516 3718 937 3794 quodammodo
957 3718 1263 3776 secundum
1288 3719 1440 3776 illam
1456 3717 1874 3775 Proverbiorum
1890 3718 2112 3792 parabo-

508 3814 622 3871 lam
648 3818 825 3883 [Ρνου.
871 3814 1081 3886 χχιιι),
1107 3824 1133 3850 ⁸
1158 3817 1440 3870 Perierunt
1464 3830 1565 3878 me,
1612 3814 1706 3868 sed
1732 3829 1837 3868 non
1860 3815 2029 3876 dolui,
2061 3820 2112 3869 et

510 3912 822 3966 deluserunt
863 3925 963 3976 me,
1010 3924 1102 3975 ego
1141 3914 1321 3962 autem
1370 3910 1599 3972 nescivi;
1653 3906 1736 3959 vel
1775 3905 1913 3962 illud
1959 3908 2110 3978 quod

516 4001 719 4058 dicitur
738 4000 794 4055 in
817 3997 1082 4072 propheta
1110 3999 1278 4070 (Osca
1300 4000 1437 4070 vn),
1467 3998 1815 4057 Comederunt
1840 4001 2009 4057 alieni
2034 4017 2110 4057 ro-

514 4096 614 4153 bur
629 4097 763 4169 ejus,
787 4100 838 4152 et
854 4100 967 4167 ipse
984 4097 1248 4165 nescivit),
1266 4094 1417 4168 quod
1438 4095 1652 4152 scilicet
1670 4093 1866 4151 diebus
1875 4095 2108 4168 singulis

2214 3345 2528 3403 tradidisset
2555 3344 2872 3412 auctoritas,
2904 3343 2985 3399 vel
3007 3343 3251 3399 instituta
3272 3343 3552 3400 seniorum
3584 3347 3823 3405 salubri-

2214 3449 2301 3497 ter
2320 3439 2702 3512 prmﬁnissent.
2740 3438 2974 3495 Noveris
3000 3445 3187 3494 autem
3209 3446 3267 3494 te
3288 3438 3451 3494 etiam
3476 3455 3543 3496 ex
3581 3439 3695 3497 hoc
3712 3457 3821 3498 non

2213 3533 2683 3607 deviusquamillo
2703 3549 2813 3606 quo
2828 3548 2991 3605 supra
3012 3531 3255 3588 diximus
3276 3531 3422 3589 afﬁci
3446 3532 3818 3592 detrimmto:

2214 3630 2339 3702 quia
2371 3644 2498 3685 cum
2528 3629 2605 3685 sis
2633 3628 2750 3684 ni
2779 3626 3025 3699 corporis
3060 3642 3125 3683 ac
3159 3626 3392 3695 robusti,
3422 3630 3570 3701 stipe
3609 3639 3823 3686 susten-

2215 3722 2351 3779 taris
2387 3722 2583 3792 aliena,
2611 3736 2736 3795 quae
2758 3722 2909 3794 juste
2945 3721 3073 3778 solis
3101 3728 3183 3777 est
3216 3720 3489 3778 debilibus
3513 3726 3817 3781 attributa.

2216 3818 2357 3872 Nam
2392 3814 2583 3886 utique
2606 3830 2778 3873 omne
2809 3815 3086 3873 hominum
3111 3818 3286 3887 genus
3312 3814 3526 3887 absque
3550 3816 3657 3872 illo
3689 3826 3829 3874 tan-

2217 3919 2338 3967 tum
2384 3923 2583 3983 genere
2612 3911 3035 3979 monachorum,
3065 3907 3210 3982 quod
3251 3907 3557 3965 secrindum
3608 3926 3827 3983 praee—

2217 4011 2374 4075 ptum
2402 4005 2445 4058 A
2455 4002 2650 4074 postoli
2661 4001 2989 4075 quotidianis
3003 4016 3267 4057 manuum
3285 4015 3516 4057 suarum
3541 4002 3821 4063 laboribus

2216 4095 2376 4163 vivit,
2404 4088 2432 4127 δ
2470 4111 2679 4169 agapen
2708 4095 2908 4154 alienae
2944 4096 3280 4168 operationis
3315 4104 3623 4168 exspectat.
3661 4096 3821 4156 Unde

1606 4204 1867 4259 ALARDI
1904 4205 2130 4260 GAZ/El
2167 4203 2727 4261 COMMENTARIUS.

583 4309 609 4377 ἓ
635 4305 764 4362 Vide
789 4320 953 4377 supra
976 4305 1158 4377 collat.
1184 4310 1276 4370 23,
1297 4320 1422 4377 cap.
1453 4312 1503 4377 7.

587 4370 614 4406 ³³
637 4379 827 4446 Agape
857 4370 906 4430 'a
929 4445 932 4446 ν
953 4375 1225 4446 charitate
1262 4370 1473 4431 nomen
1501 4374 1685 4431 habet.
1736 4374 1931 4444 ’Δγάπη
1964 4375 2116 4432 enim

519 4444 728 4516 Graecis
753 4444 976 4501 dilectio
996 4445 1106 4516 sive
1131 4445 1369 4501 charitas
1394 4446 1621 4514 dicitur,
1650 4461 1680 4502 a
1697 4446 1863 4503 verbo
1883 4446 2116 4516 ἀγαπάω,

515 4513 670 4587 quod
696 4523 781 4569 est
809 4529 970 4587 amo,
1006 4512 1191 4587 diligo.
1223 4516 1475 4587 ﬁumitur
1495 4512 1685 4587 autem
1722 4516 1828 4573 hoc
1865 4512 2109 4574 vocabué

516 4584 643 4659 Tum
676 4584 826 4659 apud
867 4593 1078 4659 veteres
1111 4584 1172 4641 et
1206 4584 1547 4659 Christianos
1581 4586 1880 4659 scriptores
1906 4587 2108 4659 duplici

514 4656 1048 4729 modo,’generatim
1068 4664 1123 4712 et
1144 4656 1429 4729 speciatim
1457 4674 1468 4712 :
1496 4658 1798 4729 generatim
1820 4673 1917 4729 pro
1938 4656 2110 4715 chari-

515 4731 652 4787 tatis
667 4728 849 4787 ofﬁcio
871 4745 974 4787 seu
989 4728 1347 4803 eleemonna
1359 4737 1454 4785 aut
1467 4728 1907 4803 subventionetin
1932 4731 2111 4803 proxi-

2224 4304 2477 4379 dicerent
2511 4304 2678 4361 simul
2718 4305 3048 4363 charitatem
3079 4305 3274 4379 facere,
3317 4322 3417 4379 pro
3436 4321 3523 4371 eo,
3555 4304 3709 4378 quod
3740 4316 3820 4379 est

2223 4377 2390 4460 simul
2414 4376 2597 4460 cibum
2619 4391 2815 4460 capere
2838 4378 2966 4460 {qui
2991 4378 3247 4460 loquendi
3270 4376 3450 4460 motus
3468 4376 3639 4460 etiam
3658 4378 3820 4460 Italis

2223 4449 2453 4524 aliisque
2478 4447 2800 4524 nationibus
2830 4447 3112 4524 et_‘ling_uis
3150 4458 3468 4524 usurpatur.
3508 4452 3693 4521 Atque
3717 4450 3819 4506 hoc

2212 4518 2380 4576 modo
2409 4519 2647 4577 sumitur
2674 4535 2846 4591 agape
2876 4518 3176 4588 hoc'loco,
3207 4518 3338 4578 cuin
3362 4520 3570 4577 dicitur
3604 4518 3817 4592 agapen

2210 4592 2412 4665 attente
2422 4594 2555 4662 opis,
2580 4606 2673 4646 seu
2695 4594 3021 4665 operationis
3049 4598 3375 4665 inspectare,
3403 4592 3655 4665 quisquis
3674 4608 3816 4665 non,

2212 4660 2518 4747 secunde
2534 4660 2790 4747 _Aposto‘li
2814 4660 3160 4747 praeceptum
3188 4663 3277 4735 (de
3303 4660 3569 4737 quo—alias
3590 4663 3753 4747 (Lib:
3777 4676 3820 4719 ι

2223 4732 2648 4806 Ιῃειίωᾷἱβῐιιιι]
2667 4735 2786 4805 est),
2802 4732 3136 4806 quotidianis
3155 4732 3421 4792 manuum
3430 4748 3659 4789 suarum
3679 4733 3825 4806 laba

514 4816 661 4885 mos,
695 4803 998 4885 praesertim
1020 4792 1312 4885 pauperes,
1335 4801 1604 4885 impensa,
1631 4809 1693 4858 ut
1717 4792 1866 4873 apud
1894 4792 2115 4885 'ljertul-
2145 4792 2194 4854 D
2223 4802 2380 4860 ribus
2405 4792 2554 4861 vivit.
2584 4807 2725 4861 Nam
2749 4792 2899 4885 idem
2929 4814 3033 4885 est,
3057 4822 3270 4879 agapen
3289 4805 3475 4885 aliena
3491 4805 3825 4885 operationis

516 4872 731 4931 lianum
773 4874 828 4928 in
872 4873 966 4929 lib.
1000 4872 1069 4928 ad
1098 4872 1369 4946 Martyres
1407 4872 1431 4928 ξ
1450 4875 1630 4943 Ipsam
1664 4872 2114 4929 conuersationem

518 4946 701 5015 seaculi
724 4949 773 4999 et
796 4947 1023 5000 carceris
1048 4959 1410 5015 comparemus
1439 4963 1455 4999 :
1485 4947 1535 5000 si
1549 4961 1655 5000 non
1670 4947 1795 5015 plus
1822 4947 1880 4999 in
1909 4960 2115 5001 carcere

518 5014 745 5083 spiritus
759 5018 992 5083 acquirit
1010 5014 1171 5087 quam
1182 5032 1307 5071 caro
1326 5017 1552 5082 amittit,
1569 5014 1752 5084 immo,
1774 5021 1824 5072 et
1834 5016 2114 5087 qucejusta

515 5088 663 5153 sunt,
696 5098 946 5159 coronari
974 5086 1182 5159 amittit
1206 5102 1310 5154 per
1336 5102 1521 5159 curam
1558 5088 1804 5159 Ecclesice
1832 5092 1883 5143 et
1906 5104 2115 5159 agapen

515 5159 778 5225 fratrum,
795 5154 846 5212 id
872 5163 975 5219 est,
997 5170 1114 5212 non
1132 5154 1337 5212 desunt
1361 5156 1530 5213 etiam
1555 5158 1889 5225 martyribus
1914 5154 1971 5214 in
1996 5154 2116 5215 car-

514 5242 643 5284 cere
668 5226 980 5301 constitutis
1007 5242 1131 5301 quee
1163 5229 1471 5301 necessaria
1481 5238 1627 5301 _sunt
1650 5226 1723 5301 ad
1758 5230 2114 5301 sustentatio-

513 5315 644 5355 nem
671 5299 922 5372 corporis
951 5295 1051 5372 per
1079 5316 1271 5372 curam
1298 5308 1366 5372 et
1393 5299 1823 5372 sollicitudinem
1842 5295 2113 5372 Ecclesiae

512 5379 572 5445 et
596 5369 811 5445 agapen
834 5369 1090 5445 fratrum,
1123 5371 1176 5429 id
1197 5379 1299 5439 est,
1324 5371 1698 5445 _eleemosynas
1725 5369 2000 5427 fidelium.
2030 5375 2109 5428 Ita

515 5444 604 5516 D._
622 5442 928 5516 Cyprianus
955 5444 1052 5500 lib.
1086 5457 1161 5499 ιιι
1188 5442 1494 5516 Testimon.
1522 5442 1641 5516 cap.
1665 5449 1697 5500 3
1722 5463 1735 5495 :
1759 5447 2006 5514 Agapen,
2032 5444 2111 5499 in-

515 5511 653 5586 quit,
665 5511 720 5569 et
731 5517 1061 5572 dilectionem
1071 5517 1380 5583 fraternam
1392 5513 1469 5570 rel
1475 5511 1632 5583 igiose
1639 5520 1690 5572 et
1707 5511 1936 5586 ﬁrmiter
1963 5532 2107 5571 emer-

515 5581 752 5661 οςηάᾳῖητ
787 5590 853 5641 Et
880 5581 1308 5661 abbas'loseph
1338 5581 1542 5661 colla—t.
1584 5592 1650 5661 16
1661 5581 1758 5661 γὸ.
1802 5593 1861 5642 l4
1903 5604 1916 5641 :
1956 5591 2104 5661 Hanc

515 5650 1013 5733 charitatem,__quce
1036 5657 1203 5733 ἇγᾴπῃ
1233 5650 1455 5733 dicitur,
1483 5660 1735 5733 possibile
1761 5664 1840 5733 est
1858 5660 2101 5733 omnibus

514 5721 779 5802 exhibere.
813 5721 1127 5802 Hinc‘apu'd
1154 5721 1759 5802 S._Ephrem'frequens
1788 5730 1880 5786 illa
1907 5729 2110 5802 locutio

516 5791 712 5872 ἆχάπας
745 5797 924 5849 ποιεῖν.
962 5791 1295 5872 Εὲθζηθιιῇιιὶ
1331 5799 1551 5872 phrasis
1596 5791 1903 5872 priscorum
1943 5799 2107 5856 Chri-

517 5865 855 5933 stianorum,
886 5882 1014 5922 cum
1039 5866 1126 5922 alii
1172 5867 1308 5922 alios
1331 5865 1613 5925 ‘convivio'
1633 5870 1995 5940 excipiebant,
2043 5878 2106 5927 ut

2222 4885 2556 4957 exspectare,
2602 4891 2666 4932 ac
2700 4878 2846 4957 stipe
2892 4877 3070 4957 aliena
3102 4877 3441 4957 sustentari,
3482 4886 3548 4957 ut
3572 4877 3823 4948 super-im

2222 4945 2363 5002 dixit
2401 4967 2413 5002 :
2456 4962 2574 5021 _quo
2617 4945 2848 5019 quidem
2895 4948 3064 5021 modo
3091 4948 3225 5021 dicit
3254 4950 3421 5021 ipsos
3457 4945 3819 5021 etiam'reges

2222 4962 2363 5002 dixit
2401 4967 2413 5002 :
2462 4962 2574 5073 riuo
2617 4962 2848 5019 quidem
2895 4962 3064 5005 moao
3095 4962 3225 5005 dicit
3270 4964 3421 5021 ipsos
3457 4962 3633 5004 etram
3673 4962 3819 5018 reges

2220 5032 2408 5102 agape,
2452 5018 2469 5073 i
2545 5026 2782 5102 est,.ope
2824 5027 2879 5076 et
2919 5019 3165 5102 subsidio
3219 5020 3454 5077 aliomm
3504 5016 3820 5102 sustentari.

2220 5090 2376 5164 Alias
2413 5105 2540 5164 vero
2564 5090 2805 5148 strictius
2834 5091 3071 5164 sumitur
3098 5106 3271 5164 agape
3311 5107 3426 5164 pro
3448 5091 3709 5164 cinnata,
3731 5103 3825 5164 seu

2220 5160 2526 5241 cpnviviolo
2556 5170 2771 5241 sancto,
2805 5162 2955 5236 quod
2985 5159 3276 5241 Christiani
3314 5159 3507 5241 divites
3533 5160 3591 5241 in
3619 5159 3827 5231 primi-

2221 5231 2326 5306 tiva
2361 5231 2626 5306 _Ecclesia,
2656 5231 2851 5292 diebus
2899 5234 3207 5306 praesertim
3258 5231 3731 5306 solemniotibu:
3764 5244 3827 5306 ἐι

2220 5302 2843 5385 οιιθιῑῑδιθορειιρθιίὺυς
2872 5302 3209 5362 exhibebant
3234 5302 3434 5434 :Cquod
3463 5302 3825 5387 et.apostolo'

2220 5387 2342 5427 rum
2364 5390 2599 5434 coepisse
2623 5384 2873 5434 tempore
2894 5384 3124 5434 testatur
3143 5381 3209 5432 D.
3319 5392 3513 5434 emens
3529 5392 3588 5431 in
3608 5372 3825 5434 eum

2218 5387 2343 5450 rum
2364 5372 2599 5450 coepisse
2612 5372 2873 5450 tempore
2894 5384 3124 5450 testatur
3143 5381 3209 5432 D.
3244 5372 3513 5450 Clemens
3529 5376 3588 5431 in
3608 5372 3825 5447 epistda

2216 5442 2283 5524 _ad
2311 5442 2581 5524 {acobum
2608 5442 2829 5524 fratrem
2862 5448 3103 5524 Domini.
3125 5448 3295 5506 Unde
3321 5458 3375 5505 et
3396 5447 3577 5504 Iudas
3606 5442 3827 5518 aposto-

2214 5513 2295 5591 l_us
2320 5513 2375 5591 in
2403 5530 2513 5591 sua
2533 5517 2810 5577 Canonica
2834 5562 2847 5588 ,
2876 5521 3071 5591 eadem
3101 5537 3235 5577 voce
3263 5536 3397 5578 usus
3424 5528 3510 5576 est
3538 5539 3555 5575 :
3593 5513 3697 5591 Ρξο
3726 5530 3825 5588 φη

2212 5586 2444 5663 _Latinus
2498 5588 2772 5663 interpres
2819 5586 3066 5648 reddidit
3120 5592 3305 5663 epulas
3349 5590 3400 5644 ἐν
3456 5593 3571 5653 ταῖς
3593 5586 3827 5663 "hbe;

2208 5656 2367 5734 ἱξεξῶν,
2407 5662 2465 5715 in
2482 5656 2842 5734 ‘charitatibus
2870 5667 3062 5719 vestris
3087 5656 3308 5731 (Tertul.
3342 5665 3402 5718 in
3437 5664 3609 5734 Apol.
3639 5656 3687 5734 ci.
3722 5662 3827 5734 8?}.

2218 5729 2449 5807 id_e_st,_
2478 5730 2842 5807 inuconviviis
2897 5749 3021 5807 quae
3076 5729 3409 5807 pauperibus
3452 5729 3829 5807 réfocillanﬁ

2217 5799 2814 5883 ςκιιίδεῖὲξμεφοιθτο
2849 5799 3020 5883 eosne
3049 5799 3148 5883 seu
3178 5799 3418 5883 ὀθονίνίέ
3443 5820 3628 5883 sanus
3660 5803 3827 5883 leti“

2214 5870 2471 5928 describit
2493 5874 2854 5933 Tertullianus
2872 5876 2955 5933 his
2984 5878 3163 5935 verbis
3192 5896 3207 5935 :
3239 5882 3316 5935 De
3338 5870 3829 5935 solo'Christs’cne-
