4040 6194
344 275 474 332 1301

1282 271 1619 332 εοιιΑΤιο
1658 273 1844 328 XXIV.
1881 303 1954 316 -
1991 274 2080 333 DE
2117 275 2724 336 M'ORTIFICATIONE.’

3523 291 3658 348 1302
3677 300 3686 310 ‘

334 378 454 456 non
489 397 673 456 solum
709 411 825 466 eos,
845 395 938 468 qui
965 396 1314 470 semetipsos,
1338 395 1424 454 vel
1459 405 1751 470 parentum
1775 396 1943 454 facul-
1968 401 2022 465 Α
2049 400 2108 457 in
2130 399 2372 474 quadam
2399 401 2558 476 longe
2590 403 2764 476 posita
2791 403 3031 477 civitate,
3072 407 3417 482 singulorum
3443 411 3658 472 solido-

338 491 566 562 tatibus,
585 491 670 549 vel
693 490 1026 550 famulorum
1044 489 1346 561 laboribus,
1369 489 1454 548 vel
1480 489 1780 549 fundorum
1804 507 1942 548 suo-

339 601 464 646 rum
519 585 790 645 fructibus
838 585 1162 660 gloriantur,
1211 583 1310 643 sed
1363 584 1518 658 ipsos
1567 585 1736 642 etiam
1786 601 1943 660 reges

341 679 536 738 mundi
568 681 748 754 hujus,
776 696 946 754 agape
984 689 1196 738 certum
1221 687 1305 737 est
1347 679 1668 736 sustentari.
1701 681 1825 736 Hoc
1850 679 1944 737 de-

341 773 506 847 nique
529 774 802 847 majorum
825 782 1143 831 nostrorum
1169 773 1413 832 deﬁnitio
1438 772 1603 830 habet
1630 794 1642 830 :
1661 771 1943 847 Quidquid

335 867 410 929 ad
457 869 840 925 necessitatem
881 866 1182 941 quotidiani
1224 867 1397 925 victus
1437 867 1758 936 insumitur,
1790 867 1942 942 quod

335 977 501 1034 opere
527 977 797 1019 manuum
838 969 1158 1020 nostrarum
1179 961 1445 1020 effectum
1473 970 1802 1036 partumque
1827 977 1942 1020 non

335 1053 527 1125 fuerit,
557 1055 627 1113 ad
659 1071 868 1130 agapen
903 1055 1098 1114 referri
1138 1055 1338 1114 debere
1377 1064 1703 1126 sanxerunt,
1737 1071 1940 1114 secun-

337 1149 473 1208 dum
505 1151 855 1224 Apostolum,
871 1150 1166 1224 quiotiosis
1190 1150 1410 1224 penitus
1427 1149 1760 1208 interdicens
1779 1165 1941 1223 opem

337 1243 605 1318 largitatis
627 1245 836 1312 aliena,
869 1247 991 1315 Qui,
1032 1245 1229 1318 inquit,
1257 1261 1364 1301 non
1391 1249 1648 1316 operatur
1668 1259 1762 1300 nec
1786 1259 1945 1299 man-

341 1339 498 1396 ducet
526 1344 595 1406 (ll
637 1343 814 1398 Thess.
857 1341 976 1412 ut).
1008 1341 1113 1397 His
1149 1339 1338 1397 beatus
1369 1337 1642 1396 Antonius
1681 1337 1944 1396 adversus

337 1435 634 1509 quemdam
662 1451 792 1493 usus
817 1435 1024 1504 verbis,
1054 1435 1221 1492 etiam
1246 1449 1352 1491 nos
1387 1431 1685 1506 magisterii
1717 1431 1804 1490 sui
1851 1430 1942 1488 in-

334 1533 591 1591 formavit
617 1533 886 1606 exemplo,
903 1539 965 1590 ut
988 1539 1278 1606 parentum
1305 1530 1755 1604 perniciosissima
1777 1529 1940 1586 blan—

340 1625 582 1680 dimenta
602 1666 618 1692 ,
651 1633 705 1680 et
729 1625 980 1682 omnium
1009 1625 1103 1698 qui
1128 1624 1297 1681 victui
1319 1623 1687 1682 necessariam
1727 1620 1942 1679 submi-

331 1717 570 1774 nistrant
587 1731 814 1790 agapen,
846 1718 1071 1789 insuper
1103 1717 1270 1773 etiam
1299 1733 1526 1774 omnem
1571 1731 1808 1774 nmmum
1835 1714 1938 1772 ha-

2050 510 2177 552 rum
2221 495 2463 572 singulos
2501 495 2754 555 homines
2787 499 3000 556 tonsori
3031 502 3274 574 praebere
3312 505 3644 565 mercedem.

2054 587 2180 658 Quo
2199 589 2289 646 ille
2307 599 2614 664 comperto,
2640 591 2918 664 Quamdiu
2945 609 3064 664 ero,
3089 594 3288 669 inquit,
3314 597 3417 655 hac
3436 599 3652 658 mendi-

2056 682 2220 739 citate
2260 691 2576 755 contentus,
2607 693 2670 742 ut
2696 685 2870 743 trium
2905 686 3261 745 denariorum
3301 690 3498 764 stipem
3525 709 3657 750 cum

2053 774 2242 833 labore
2281 778 2628 850 conquiram,
2653 795 2780 836 cum
2814 781 3022 853 possim
3059 781 3154 839 illo
3180 798 3410 856 pergens
3454 785 3660 858 ingenti

2052 869 2358 930 solidorum
2403 880 2616 946 quaestu
2657 871 2872 930 divitias
2899 879 3266 950 congregare?
3310 880 3521 952 itaque,
3559 895 3659 938 su-

2051 979 2208 1022 mens
2244 965 2380 1023 artis
2424 982 2540 1024 suae
2571 967 2825 1040 protinus
2867 968 3254 1038 instrumenta,
3298 973 3546 1044 expensis
3597 973 3659 1030 in

2050 1065 2275 1132 sumptu
2313 1059 2572 1117 omnibus
2619 1076 2746 1132 qum
2785 1060 2872 1117 hic
2905 1062 3083 1119 multo
3135 1071 3384 1136 tempore
3431 1066 3658 1124 collecta

2049 1161 2314 1222 servarat,
2338 1153 2405 1211 ad
2419 1155 2614 1212 urbem
2638 1154 2792 1211 illam
2808 1156 3333 1228 quaestuosissimam
3370 1175 3496 1216 cum
3515 1171 3658 1218 sum“

2050 1261 2145 1304 mo
2182 1245 2371 1302 labore
2414 1248 2679 1318 pervenit.
2707 1248 2822 1302 Ubi
2851 1265 2999 1318 cum,
3034 1266 3097 1306 ea
3126 1266 3235 1322 qua
3273 1253 3546 1325 ingressus
3573 1261 3656 1310 est

2051 1339 2157 1408 die,
2187 1337 2494 1396 secundum
2537 1337 2592 1394 id
2639 1337 2790 1410 quod
2837 1349 3198 1412 compererat,
3231 1344 3298 1399 ab
3327 1360 3656 1420 unoquoque

2029 1430 2358 1516 mercedem
2403 1430 2485 1487 sui
2536 1429 2714 1504 operis
2763 1433 3093 1505 recepisset,
3141 1435 3212 1493 ad
3260 1453 3538 1510 vesperam
3595 1456 3654 1498 se

2054 1525 2242 1584 videns
2264 1523 2526 1599 grandem
2555 1525 2856 1584 solidorum
2883 1542 3184 1586 numerum
3205 1532 3560 1604 conquisisse,
3583 1533 3655 1592 ad

2057 1619 2349 1676 macellum
2387 1619 2546 1676 laetus
2589 1619 2856 1690 intendit,
2891 1635 3043 1678 escas
3077 1621 3362 1680 refectioni
3401 1640 3515 1682 suae
3559 1641 3655 1683 ne-

2051 1713 2311 1772 cessarias
2361 1723 2734 1787 coempturus.
2790 1714 2940 1785 Quas
2983 1731 3111 1772 cum
3160 1717 3416 1790 cmpisset
3450 1733 3652 1792 magno

333 1810 612 1868 bitationis
638 1811 868 1883 gratiam
889 1809 1222 1879 devitemus;
1253 1809 1683 1882 squalentesque
1703 1808 1936 1866 naturali
1964 1809 2013 1872 B
2041 1807 2350 1866 solidorum
2377 1807 2551 1879 pretio
2583 1824 2932 1882 comparare,
2971 1810 3221 1882 expensis
3255 1810 3310 1866 in
3353 1813 3653 1885 perexiguo

331 1903 696 1962 amaritudine
736 1918 959 1971 arenas,
1007 1912 1064 1958 ct
1103 1909 1350 1974 perustae
1391 1902 1533 1958 salsa
1578 1901 1940 1960 inundatione

333 1999 604 2070 regiones,
634 1996 879 2068 nullique
905 1996 975 2052 ob
1017 1995 1259 2068 idipsum
1297 1995 1590 2054 hominum
1609 1997 1724 2070 juri
1756 1995 1941 2054 domi-

333 2091 534 2164 nioque
569 2089 846 2161 subjectus
865 2129 882 2158 ,
909 2089 1118 2146 cunctis
1143 2088 1337 2146 mundi
1367 2089 1530 2164 hujus
1570 2089 1771 2162 opibus
1796 2105 1937 2164 prai-

332 2199 622 2258 ponamus,
653 2193 718 2241 ut
756 2200 870 2242 non
907 2183 1092 2241 solum
1127 2183 1463 2257 frequentius
1489 2183 1784 2242 hominum
1829 2185 1936 2242 ob-

333 2285 486 2336 tentu
506 2273 674 2336 inviae
701 2277 1014 2336 solitudinis
1046 2277 1403 2347 declinemus,
1420 2279 1517 2337 sed
1541 2279 1710 2336 etiam
1735 2295 1941 2353 nequa-

337 2389 506 2446 quam
555 2387 659 2430 nos
702 2372 770 2430 ad
820 2372 1233 2446 qualiscumque
1285 2373 1514 2432 culturae
1565 2372 1938 2430 distintionem

335 2466 520 2524 uberis
555 2467 658 2524 soli
703 2475 895 2524 natura
931 2466 1214 2536 sollicitet,
1240 2480 1338 2540 per
1361 2481 1530 2540 quam
1566 2481 1725 2524 mens
1749 2465 1819 2523 ab
1847 2465 1939 2522 illa

337 2560 618 2634 principali
639 2561 1016 2618 observatione
1043 2560 1226 2619 cordis
1249 2559 1530 2631 distracta,
1571 2559 1940 2634 spiritualibus

341 2653 533 2711 studiis
550 2653 872 2712 redderetur
890 2653 1074 2711 effeta.
1127 2727 1134 2735 '

913 2797 1156 2854 CAPUT
1185 2798 1340 2852 Xlll.

345 2922 568 2978 Abbatis
578 2927 809 2980 Macarii
821 2925 1017 2991 fabula
1030 2925 1095 2979 de
1115 2926 1345 2979 tonsoris
1367 2921 1604 2978 mercede
1626 2922 1940 2992 composita,

641 2994 716 3047 ad
745 2995 1016 3048 illusiones
1045 2994 1250 3046 diaboli
1269 2993 1674 3060 cognoscendas.

411 3119 552 3174 Nam
577 3116 723 3190 quod
745 3117 879 3172 alios
893 3130 1108 3189 quoque
1131 3115 1341 3172 salvare
1359 3129 1458 3170 vos
1475 3129 1634 3186 posse
1647 3113 1940 3184 conﬁditis,

2048 1902 2192 1958 victu
2229 1902 2496 1960 universis
2537 1917 2677 1976 quos
2733 1901 3066 1976 acquisierat
3109 1903 3324 1973 solidis,
3371 1920 3444 1962 ne
3489 1905 3655 1963 unius

2047 1995 2270 2068 quidem
2312 1995 2521 2054 denarii
2565 1996 2746 2054 intulit
2773 1997 3015 2055 lucrum.
3039 1999 3288 2070 Cumque
3317 1998 3390 2055 ita
3427 1999 3659 2072 singulis

2047 2089 2240 2147 diebus
2269 2090 2682 2163 acquisitionem
2719 2105 2874 2148 suam
2915 2090 3140 2149 vidisset
3183 2093 3407 2159 insumi,
3442 2101 3506 2149 ut
3545 2108 3658 2150 non

2047 2184 2226 2241 solum
2277 2183 2407 2240 nihil
2460 2184 2758 2259 redigeret,
2814 2186 2908 2243 sed
2957 2187 3052 2243 vix
3094 2187 3268 2260 ipsam
3319 2186 3658 2261 quotidiana

2047 2277 2367 2336 substantiae
2395 2279 2780 2336 necessitatem
2802 2289 2986 2352 posset
3012 2281 3249 2354 explere,
3280 2281 3422 2354 apud
3449 2289 3656 2338 semet-

2047 2372 2230 2446 ipsum
2285 2374 2629 2446 recogitans,
2669 2376 2976 2441 Bevertar,
3026 2375 3232 2446 inquit,
3271 2375 3342 2432 ad
3387 2375 3663 2432 civitatem

2047 2480 2252 2532 meam,
2281 2465 2548 2536 illumque
2568 2472 2816 2536 repetam
2854 2466 3245 2521 tenuissimum
3275 2475 3564 2537 quaestum,
3591 2483 3663 2524 ex

2047 2573 2157 2630 quo
2196 2557 2332 2613 mihi
2361 2557 2572 2629 expleta
2597 2557 2750 2613 omni
2782 2557 3030 2631 corporis
3062 2573 3194 2615 cura
3222 2601 3236 2627 ,
3277 2559 3430 2631 quod
3456 2559 3528 2616 ad
3553 2576 3664 2619 sus-

2046 2653 2418 2710 tentationem
2437 2651 2729 2709 senectutis
2753 2653 3448 2727 accresceret,quotidiana
3475 2655 3668 2714 exube-

2047 2746 2223 2802 rantia
2253 2745 2591 2802 conferebat.
2634 2745 2796 2816 Quod
2838 2747 3088 2820 quamvis
3126 2762 3356 2820 parvum
3385 2748 3658 2806 videretur

2049 2849 2104 2896 et
2129 2847 2314 2908 tenue,
2355 2855 2468 2896 non
2504 2838 2840 2896 mediocrem
2869 2848 3055 2896 tamen
3101 2856 3382 2898 summam
3402 2842 3522 2916 jugi
3562 2858 3664 2915 pa-

2049 2933 2228 2992 riebat
2265 2941 2580 3006 augmento.
2624 2933 3000 3006 Quaestuosior
3045 2917 3242 3007 quippe
3271 2933 3406 2990 mihi
3436 2934 3538 2990 fuit
3573 2933 3662 2991 ille

2049 3044 2411 3086 nummorum
2442 3043 2608 3102 quam
2636 3027 2740 3084 iste
2782 3027 3088 3086 solidorum
3119 3027 3472 3102 imaginarius
3509 3043 3668 3102 quaa-

2051 3128 2190 3190 stus,
2216 3137 2283 3178 ex
2329 3137 2437 3192 quo
2464 3136 2576 3177 non
2604 3121 2784 3178 solum
2815 3119 2944 3178 nihil
2989 3121 3249 3178 exuberat
3288 3107 3669 3196 quod-recon-

341 3214 516 3284 etjspe
534 3211 756 3284 majoris
779 3209 918 3267 lucri
939 3225 1010 3265 an
1031 3207 1375 3266 revisendam
1391 3208 1626 3280 patriam
1651 3207 1943 3280 festinatis,
1979 3223 2023 3287 ο
2054 3212 2202 3284 dam,
2223 3213 2320 3271 sed
2346 3213 2518 3272 etiam
2559 3215 2650 3272 vix
2681 3215 2796 3288 ipsa
2821 3214 3126 3288 quotidiani
3167 3215 3342 3273 victus
3369 3215 3672 3272 necessitas

339 3305 527 3362 audite
547 3307 714 3362 etiam
738 3319 905 3376 super
917 3303 1024 3360 hoc
1043 3301 1346 3376 quamdam
1365 3311 1390 3339 ι
1410 3301 1616 3359 abbatis
1625 3301 1853 3358 Macarii
1868 3301 1945 3358 fa-

339 3399 547 3468 bulam,
564 3397 956 3472 jucundissime
982 3395 1435 3471 atqueaptissime
1446 3394 1762 3470 ﬁguratam,
1779 3411 1948 3470 quam

341 3502 396 3551 et
424 3494 512 3552 ille
540 3493 759 3551 cuidam
785 3492 1058 3550 similibus
1087 3490 1375 3549 desideriis
1402 3491 1679 3558 mstuanti,
1719 3489 1948 3548 medici-

343 3603 476 3646 nam
521 3588 1001 3662 opportunissimec
1026 3587 1361 3644 narrationis
1402 3583 1646 3660 ingessit.
1679 3587 1830 3654 Erat,
1865 3583 1951 3641 iu-

352 3681 493 3756 quit,
531 3683 592 3739 in
649 3681 859 3739 civitate
902 3681 1140 3756 quadam
1179 3679 1548 3753 peritissimus
1603 3686 1796 3736 tonsor
1836 3678 1951 3751 qui,

350 3769 379 3808 δ
401 3775 637 3833 denariis
673 3775 844 3832 ternis
887 3788 1345 3848 unumquemque
1371 3771 1703 3842 detondens,
1732 3780 1954 3830 tenuem

350 3869 622 3939 vilemque
649 3868 958 3923 mercedem
1006 3867 1092 3922 sui
1135 3867 1318 3936 operis
1346 3865 1698 3937 acquirendo,
1736 3881 1803 3923 ex
1852 3863 1956 3922 bac

352 3961 542 4018 eadem
569 3959 868 4032 quantitate
894 3957 1200 4014 necessaria
1224 3971 1325 4014 suo
1354 3957 1521 4012 victui
1545 3958 1789 4030 quotidie
1812 3974 1956 4014 com-

355 4054 584 4128 parabat
605 4061 963 4126 ;centumquc
980 4050 1252 4120 denarios,
1276 4049 1496 4124 expleta
1525 4052 1682 4107 omni
1710 4053 1956 4125 corporis

353 4165 503 4218 cura,
545 4146 831 4220 marsupio
869 4160 969 4203 suo
1011 4144 1204 4202 diebus
1249 4145 1482 4217 singulis
1525 4144 1810 4202 inferebat.
1843 4145 1952 4202 Sed

353 4259 500 4301 cum-
524 4241 896 4300 indesinenter
931 4239 1078 4297 hunc
1119 4239 1381 4297 conderet
1417 4247 1713 4312 quaestum,
1745 4239 1956 4298 audivit

2053 3308 2372 3362 sustinetur.
2405 3311 2472 3362 Et
2495 3309 2702 3363 idcirco
2731 3310 2938 3364 rectius
2964 3311 3128 3365 nobis
3161 3318 3261 3376 est,
3298 3310 3444 3366 hunc
3469 3311 3666 3366 solitu-

2056 3398 2199 3458 dinis
2239 3397 2400 3470 hujus
2434 3397 2822 3454 tenuissimum
2860 3397 3112 3454 fructum
3139 3399 3413 3473 indirupta
3435 3401 3668 3476 jugitate

2057 3489 2272 3558 sectari,
2297 3505 2464 3562 quem
2481 3489 2650 3548 nullae
2668 3490 2956 3548 saeculares
2983 3506 3152 3562 curm,
3185 3492 3352 3550 nullae
3375 3493 3669 3552 mundanae

2059 3585 2436 3652 distentiones,
2477 3585 2628 3642 nulla
2687 3583 3008 3642 cenodoxim
3043 3601 3112 3643 ac
3149 3585 3402 3644 vanitatis
3445 3585 3668 3645 arrodat

2061 3679 2246 3750 elatio,
2287 3679 2454 3736 nulla:
2487 3677 2879 3736 sollicitudines
2929 3679 3140 3736 diurnae
3187 3680 3525 3738 necessitatis
3562 3682 3665 3738 im-

2061 3773 2337 3830 minuant.
2361 3774 2552 3830 Melius
2575 3779 2658 3828 est
2695 3776 2838 3828 enim
2862 3774 3128 3830 modicum
3136 3774 3308 3844 justo,
3329 3791 3488 3845 super
3523 3776 3666 3831 divi-

2063 3875 2169 3927 tias
2194 3873 2534 3942 peccatorum
2549 3868 2926 3936 multas(Psal.
2942 3867 3191 3940 xxxvr),
3210 3883 3378 3940 quam
3401 3865 3668 3927 affectam

2063 3964 2213 4021 lucra
2225 3962 2315 4020 illa
2331 3962 2571 4036 majora,
2585 3976 2710 4034 quae
2723 3961 2938 4019 etiamsi
2952 3969 3138 4034 parata
3165 3959 3376 4018 fuerint
3393 3967 3670 4034 quastuo-

2065 4056 2284 4114 sissima
2347 4056 2714 4112 conversione
2753 4056 3079 4124 multorum,
3105 4056 3435 4113 necessitate
3477 4063 3668 4114 tamen

2061 4147 2358 4206 mundana:
2382 4146 2814 4206 conversationis
2827 4155 2884 4204 et
2899 4147 3242 4220 quotidianis
3269 4149 3666 4206 distentionum

2061 4239 2518 4298 diminutionibus
2561 4239 2942 4296 absumentur.
2999 4249 3022 4276 °
3053 4241 3240 4296 Melior
3283 4255 3528 4312 namque
3567 4245 3666 4305 est,

1441 4367 1698 4423 ALARDI
1735 4368 1965 4424 ΕΑΖΛΞΙ
2003 4366 2568 4424 COMMENTARIUS.

355 4511 480 4552 rum
494 4495 732 4550 triclinio
749 4495 1078 4549 retractatur
1089 4511 1106 4560 ;
1117 4508 1263 4549 aena
1281 4497 1469 4548 nostra
1483 4494 1550 4550 de
1564 4496 1775 4549 nomine
1786 4498 1952 4551 ratio-

356 4584 478 4624 nem
496 4582 653 4623 suam
675 4565 940 4620 ostendit:
957 4568 1179 4619 vocatur
1195 4563 1361 4635 ἀγάπη
1387 4565 1449 4620 id
1471 4565 1616 4636 quod
1625 4581 1786 4635 penes
1809 4567 1955 4624 θνίε-

355 4654 440 4695 cos
482 4638 697 4694 dilectio
742 4640 855 4704 est,-
890 4639 1334 4705 quantiscumque
1389 4636 1692 4706 sumptibus
1737 4641 1954 4704 constet,

333 4711 563 4766 ‘lucrum
595 4713 674 4764 est
697 4709 923 4777 pietatis
938 4709 1146 4762 nomine
1170 4709 1350 4774 facere
1368 4713 1673 4777 sumptum:
1689 4707 1958 4777 siquidem

357 4783 540 4851 inopes
577 4795 788 4850 quoque
824 4779 1118 4851 refugerio
1159 4780 1262 4832 isto
1294 4778 1600 4851 jupamus._
1620 4779 1682 4835 Si
1733 4780 1953 4851 honesta

357 4847 523 4906 causa
559 4847 637 4906 est
676 4847 908 4905 convibii
923 4891 941 4918 ,
971 4847 1242 4919 reliquum
1287 4847 1530 4904 Ordinem
1562 4847 1860 4918 disciplina:
1889 4850 1954 4905 de

2061 4496 2174 4568 sive
2195 4495 2466 4568 carnibus.
2480 4495 2658 4568 Porro
2673 4509 2801 4568 cum
2827 4502 3076 4568 tempore
3091 4497 3160 4568 Ι).
3183 4493 3511 4568 Hieponymi
3528 4509 3667 4568 non-

2064 4565 2230 4622 nullae
2261 4565 2440 4622 viduae
2463 4564 2660 4622 divites
2687 4564 2970 4637 jactantia:
2999 4567 3180 4637 potius
3207 4574 3262 4622 et
3282 4564 3670 4637 ostentationis

2065 4652 2237 4709 quam
2274 4637 2558 4709 charitatis
2593 4644 2648 4692 et
2665 4633 2902 4709 pietatis
2917 4633 3083 4692 causa
3127 4636 3253 4709 haec
3277 4633 3543 4709 facerent,
3577 4633 3668 4709 id-_—

2065 4705 2214 4764 circo
2245 4723 2338 4780 eas
2379 4705 2785 4780 reprehendens
2832 4706 3200 4777 Hieronymus
3239 4705 3296 4780 in
3341 4705 3671 4780 epistolaad

2059 4778 2425 4837 Eustochium
2446 4777 2646 4834 scribit
2673 4797 2686 4832 :
2707 4778 2839 4834 Cum
2864 4791 3082 4830 manum
3099 4779 3280 4846 egenti
3298 4777 3670 4845 perremerint,

2065 4853 2384 4915 buccinant;
2409 4865 2528 4904 cum
2552 4849 2626 4904 ad
2649 4863 2856 4919 agapen
2875 4849 3398 4919 υοοᾳυενὶηιλρνᾳξεο
3426 4847 3674 4919 conduci-

357 4895 523 4976 £2535
535 4895 817 4982 aestimate,
989 4923 1060 4976 sit
1077 4895 1144 4976 de
1155 4921 1432 4988 religionis
1451 4895 1950 4989 ofﬁcioJVihilviﬁ-
1977 4895 2027 4957 Ῐ)
2213 4923 2294 4976 lta
2321 4895 2386 4975 D’.
2425 4895 2824 4990 Hieronyiiuis,
2855 4917 3127 4974 nimirum
3167 4895 3418 4990 adludens
3441 4915 3514 4973 ad
3539 4916 3672 4974 illud

358 4993 508 5056 tatis,
535 4991 678 5046 nihil
699 4991 1054 5046 immodestia
1078 4991 1341 5046 admittit.
1359 4993 1474 5047 Non
1487 4993 1647 5060 prius
1665 4991 1956 5046 discumbi-

359 5067 616 5132 tur-quam
627 5077 722 5117 ora
729 5064 804 5116 tio
809 5062 1660 5131 prlegusteturﬂditurquantum
1669 5064 1960 5118 esurientes

355 5137 619 5205 capiunt;
640 5132 848 5187 bibitur
877 5137 1140 5202 quantum
1161 5133 1378 5204 pudicis
1406 5136 1484 5187 est
1509 5135 1641 5188 utile
1657 5135 1786 5205 ;7ita
1812 5138 1960 5188 satu-

355 5204 576 5277 rantur,
589 5209 652 5259 ut
663 5206 763 5274 qui
776 5205 1114 5277 meminerint
1127 5206 1287 5277 etiam
1301 5219 1399 5275 per
1410 5207 1611 5259 noctem
1621 5204 1960 5262 adorandum
1979 5215 1987 5222 '

359 5279 529 5332 Deum
560 5275 678 5332 'sibi
699 5291 838 5343 esse;
877 5277 965 5332 ita
984 5275 1324 5342 fabulantur,
1366 5279 1427 5330 ut
1455 5277 1554 5345 qui
1580 5277 1755 5330 sciant
1788 5280 1961 5330 Deum

357 5348 707 5418 audire,_e_tc.i
747 5349 809 5402 In
837 5347 1066 5418 concilio
1109 5345 1429 5418 Gangrensi
1441 5345 1782 5418 temporibus
1809 5348 1961 5403 Con-

361 5416 592 5474 stantini
625 5416 817 5490 habito
851 5417 1111 5490 adversus
1140 5415 1452 5490 hujusmodi
1499 5415 1792 5489 agaparum
1819 5433 1951 5474 con-

359 5496 662 5574 temptpres
679 5487 876 5562 legitur
896 5489 1003 5574 hoc
1022 5487 1355 5574 decretum;
1373 5491 1446 5574 .Si
1471 5487 1594 5560 quis
1606 5487 1838 5574 despicit
1853 5505 1957 5574 eos,

359 5562 457 5630 qui
472 5560 703 5630 ﬁdeliter
729 5560 950 5629 agapes,
977 5562 1038 5615 id
1061 5566 1156 5625 est,
1179 5563 1417 5616 convivia
1434 5561 1766 5631 pauperibus
1797 5562 1959 5616 exhi-

360 5631 482 5711 bent
495 5635 545 5686 et
563 5633 782 5711 propter
795 5631 1044 5711 honorem
1062 5635 1160 5711 Dei
1171 5637 1452 5711 conuocant
1465 5633 1695 5711 fratres,
1704 5636 1762 5711 _et
1775 5633 1957 5711 nolue-

359 5705 437 5757 rit
447 5702 1852 5772 eommunica-rehujusmodivocationibus,anathema
1861 5705 1954 5760 sit.

359 5774 430 5828 D.
450 5773 786 5846 Augustinus
805 5771 900 5828 lib.
923 5787 1006 5828 xx
1034 5782 1222 5846 contra
1250 5777 1508 5830 Faustum
1527 5789 1648 5846 cap.
1671 5777 1740 5830 50
1765 5792 1777 5830 :
1801 5775 1958 5844 Aga-

355 5859 470 5913 pes,
503 5843 703 5916 inquit,
737 5848 932 5900 nostra:
963 5844 1224 5914 pauperes
1250 5851 1506 5916 pascunt,
1546 5843 1654 5903 sibe
1681 5843 1953 5917 frugibus,

2065 4991 2310 5050 Matthmi
2333 5005 2432 5047 v1:
2459 4993 2588 5048 Cum
2605 4989 2748 5058 facis
2773 4990 3173 5060 eleemosynam,
3196 4991 3308 5044 noli
3327 4989 3460 5044 tuba
3484 5004 3672 5044 canere

2065 5069 2190 5120 ante
2217 5067 2288 5130 te,
2315 5063 2455 5117 sicut
2483 5063 2776 5132 hypocrita:
2793 5063 3008 5130 faciunt
3027 5063 3084 5116 in
3110 5063 3423 5131 synagogis.
3457 5061 3670 5132 Verum

2066 5136 2136 5193 de
2191 5128 2284 5205 his
2304 5134 2458 5204 plura
2499 5128 2645 5205 apud
2676 5128 2974 5205 Beronium
3001 5128 3293 5205 vider'eqest
3314 5128 3468 5186 temo
3491 5128 3670 5199 primo

2069 5202 2364 5284 Annalium
2390 5202 2568 5284 (Anno
2595 5207 2708 5272 57),
2741 5203 2832 5259 ubi
2859 5202 3258 5284 docetOtriplici
3291 5216 3355 5256 ex
3387 5215 3550 5284 causa
3579 5211 3672 5254 so-

2068 5277 2179 5334 lere
2207 5273 2523 5358 hujusmodi
2551 5271 2750 5358 agapas
2792 5272 3055 5329 celebrari
3089 5293 3101 5328 :
3131 5271 3190 5328 in
3219 5286 3456 5358 quarum
3483 5271 3670 5352 locum

2069 5291 2179 5334 lere
2209 5291 2523 5358 unjusmom
2551 5291 2750 5402 agagas
2792 5291 3054 5329 celebrari
3089 5293 3101 5328 :
3131 5291 3190 5328 1n
3219 5291 3456 5352 quarum
3483 5291 3666 5352 iocum

2066 5355 2348 5411 successu,
2375 5361 2541 5415 quam
2567 5345 2638 5401 ho
2680 5360 2728 5400 te
2767 5359 3010 5400 mensam
3057 5358 3360 5415 pauperum
3389 5341 3623 5397 dicimus
3650 5359 3666 5396 :

2107 5433 2232 5476 nam
2272 5425 2328 5474 et
2369 5415 2477 5473 alio
2505 5417 2730 5474 nomine
2777 5415 3084 5472 diaconiam
3125 5415 3256 5470 olim
3293 5419 3670 5484 nuncupatam

2092 5483 2237 5548 uisse
2263 5489 2519 5560 superius
2539 5487 2922 5560 annotavimus
2951 5486 3159 5558 (Collat.
3191 5491 3280 5554 2|,
3310 5500 3428 5556 cap.
3465 5483 3495 5540 1⁷
3515 5489 3565 5540 et
3585 5483 3662 5554 8).

2137 5571 2162 5598 ι
2188 5563 2271 5616 De
2298 5557 2552 5615 Macariis
2573 5558 2783 5616 dictum
2813 5557 3092 5614 hactenus.

2135 5634 2162 5668 δ
2189 5634 2274 5687 De
2306 5629 2533 5686 denario
2567 5638 2624 5684 ct
2646 5629 2846 5696 solido,
2875 5644 3112 5701 quorum
3160 5627 3247 5684 hic
3285 5625 3512 5695 mentio,
3545 5623 3668 5681 vide

2076 5703 2112 5758 l.
2133 5719 2198 5759 Iv
2217 5701 2399 5758 lnstit.
2426 5717 2476 5758 c.
2513 5705 2600 5768 I4,
2629 5709 2684 5757 et
2711 5701 2750 5757 Ι.
2785 5715 2821 5756 v
2849 5715 2898 5756 c.
2936 5707 3022 5757 38.

2137 5777 2161 5807 ο
2193 5776 2399 5830 Textus
2423 5774 2657 5845 vulgatae
2681 5771 2796 5829 edit
2823 5789 2836 5826 :
2867 5773 3056 5829 Melior
3075 5775 3150 5827 est
3173 5772 3415 5845 pugillus
3437 5783 3556 5827 cum
3573 5783 3669 5845 re-

2067 5848 2212 5918 quie,
2245 5861 2407 5916 quam
2423 5841 2590 5916 plena
2617 5849 2850 5915 utraque
2883 5859 3073 5900 manus
3101 5841 3219 5898 cum
3247 5843 3422 5898 labore
3449 5845 3502 5896 et
3518 5841 3667 5908 afﬂi-
