4022 6220
377 288 511 346 1303

1462 280 1741 338 JOANNlS
1776 277 2083 335 CASSIANI
2117 274 2604 334 COLLATIONES.

3564 283 3704 339 1304

376 408 679 468 secundum
710 408 1043 466 sententiam
1073 405 1409 473 Salomonis,
1432 406 1682 477 pugillus
1696 420 1836 459 unus
1858 420 1975 459 cum
2004 404 2057 469 Α
2085 401 2192 459 diis
2218 416 2411 458 omnes
2450 396 2749 456 admodum
2779 395 3031 454 inﬁrmos
3063 413 3287 457 necesse
3313 410 3402 459 est
3430 402 3701 476 implicari

374 506 577 575 requie,
606 518 770 572 quam
801 502 906 556 duo
924 501 1125 571 pugilli
1146 515 1265 554 cum
1289 500 1462 556 labore
1489 504 1540 555 et
1560 501 1980 569 prmsumptione

376 598 604 669 spiritus
620 595 833 663 (Eccles.
849 592 955 663 Iv).
980 590 1189 662 Quibus
1210 590 1554 648 illusionibus
1576 599 1738 664 atque
1762 590 1978 663 dispen-

2084 495 2174 568 qui
2199 511 2327 551 cum
2351 492 2519 550 etiam
2564 490 2633 548 de
2655 506 2751 547 sua
2782 491 2953 547 salute
2985 491 3097 547 sint
3141 490 3317 562 dubii,
3357 495 3575 568 ipsique
3600 498 3707 556 ad-

2084 589 2191 646 huc
2225 587 2538 661 magisterio
2566 593 2730 658 atque
2752 584 3095 643 institutione
3124 597 3321 660 egeant
3350 589 3552 658 aliena,
3581 602 3607 628 ι
3630 593 3708 650 ad

1475 748 1729 804 ALARDI
1769 748 1992 803 GAZZEI
2032 742 2591 803 COMMENTARIUS.

381 887 554 941 ctione
566 887 754 939 animi.
771 882 874 940 Cui
900 881 1078 938 simile
1093 880 1225 937 illud
1253 882 1631 939 Proverb.xv1
1655 902 1667 935 :
1696 883 1888 938 Melius
1902 886 1980 937 est

375 972 577 1028 parum
587 955 1521 1028 cumjus_t_itia,quammultifructus_
1530 969 1651 1028 cum
1664 955 1975 1028 iniquitate.

454 1031 479 1061 ⁸
521 1021 766 1098 Respicit
793 1021 1151 1109 illudfquod
1199 1026 1448 1107 superius
1496 1024 1646 1109 (Cap.
1687 1021 1982 1109 ndixerat

381 1095 694 1155 Germanus
727 1115 740 1151 :
789 1095 1199 1167 Insuper’etiam
1233 1095 1324 1167 spe
1360 1095 1605 1150 inanium
1652 1095 1981 1165 gaudiorum

379 1172 623 1224 animum
641 1169 1010 1239 pascebamus,
1028 1167 1299 1239 credentes
1306 1168 1545 1233 fructum
1565 1182 1661 1221 nos
1680 1167 1981 1239 maximum

374 1238 715 1311 percepturos
742 1240 809 1293 de
833 1240 1166 1311 conversione
1188 1238 1499 1311 multorum,
1518 1238 1979 1311 qu-ivelut‘nostro

380 1307 553 1366 essent
577 1310 651 1363 ad
678 1311 821 1362 viam
843 1308 1039 1361 salutis
1066 1308 1327 1375 exemplo,
1348 1322 1410 1360 ac
1439 1309 1655 1362 monitis
1674 1307 1971 1375 dirigendi.

382 1379 563 1449 Quam
616 1377 706 1433 hic
752 1376 920 1433 abbas
964 1385 1123 1449 gocat
1160 1375 1470 1449 illusionem
1521 1375 1867 1449 diabolicam,
1924 1386 1978 1449 et

382 1446 605 1507 merito.
628 1452 765 1505 Nam
793 1455 848 1503 et
872 1450 944 1503 D.
965 1446 1276 1502 Bernardus
1300 1462 1466 1503 serm.
1491 1453 1557 1503 64
1589 1448 1645 1503 in
1673 1446 1890 1504 Cantica
1911 1446 1980 1504 ad

378 1521 474 1576 illa
504 1520 691 1587 verba,
733 1522 918 1589 Capite
943 1519 1096 1573 nobis
1123 1520 1307 1589 vulpes
1346 1520 1625 1589 parvulas,
1652 1535 1771 1589 qute
1799 1520 1977 1574 demo-

379 1592 596 1647 liuntur
622 1587 836 1646 vineam
868 1591 1090 1661 (Cantic.
1120 1587 1224 1660 11),
1236 1587 1397 1661 docet
1425 1587 1566 1646 hanc
1592 1587 1983 1661 periculosissi-

381 1678 536 1718 mam
564 1677 686 1717 esse
713 1660 1094 1728 tentationem,
1124 1672 1248 1731 quae
1277 1660 1448 1732 instar
1476 1660 1771 1732 vulpeculae
1795 1676 1985 1716 mona-

382 1732 539 1799 chos,
586 1731 786 1804 alioqui
833 1732 1201 1804 proﬁcientes,
1231 1731 1462 1804 subinde
1501 1731 1703 1804 decipit
1729 1740 1783 1787 et
1822 1732 1981 1804 spiri-

382 1805 591 1861 tualem
606 1800 799 1859 eorum
812 1800 1118 1874 profectum
1132 1802 1427 1858 demolitur
1437 1800 1712 1869 etevertit,
1723 1800 1887 1874 quam
1902 1802 1982 1858 his

381 1875 563 1932 verbis
587 1875 798 1946 egregie
816 1872 1073 1945 depingit
1113 1890 1127 1927 :
1156 1876 1278 1946 1am
1300 1889 1423 1929 vero
1442 1872 1831 1945 proﬁcientium
1856 1890 1983 1928 san-

382 1945 641 2002 ctioribus
657 1945 857 2001 studiis
872 1947 1091 2016 minime
1114 1945 1331 2016 quidem
1343 1961 1401 2000 se
1419 1961 1681 2016 opponere
1700 1948 1984 2000 contrariae

381 2020 606 2072 virtutes
627 2016 704 2084 (id
730 2025 835 2084 est,
852 2015 1147 2087 daemones)
1163 2021 1347 2087 aperte
1366 2015 1586 2079 audent,
1617 2016 1710 2071 sed
1731 2017 1899 2071 solent
1917 2032 1985 2071 ea:

382 2090 583 2143 occulto
608 2088 885 2157 insidiari,
916 2089 1076 2158 quasi
1112 2088 1361 2157 quadam
1397 2087 1761 2154 fraudulenta:
1799 2088 1984 2156 vulpe-

2086 882 2158 936 D.
2190 876 2496 934 Bernardus
2518 875 2780 948 spectavit
2818 896 2830 931 :
2855 879 3150 934 Monachus
3172 895 3281 935 non
3312 881 3572 947 doctoris,
3599 888 3704 943 sed

2081 952 2391 1022 plangentis
2419 950 2575 1004 habet
2611 950 2878 1022 officium,
2902 955 2966 1004 ut
2989 951 3073 1022 vel
3098 966 3174 1018 se,
3201 953 3287 1006 vel
3317 956 3578 1010 mundum
3610 959 3706 1013 lu-

2087 1020 2227 1096 geat,
2242 1026 2308 1096 et
2332 1022 2547 1076 Domini
2562 1020 2799 1096 pavidus
2823 1021 3169 1096 praestoletur
3183 1022 3470 1096 adventum
3497 1028 3571 1096 (Α

2091 1090 2337 1149 Gratian.
2374 1097 2460 1156 16,
2490 1108 2543 1161 q.
2563 1095 2630 1159 1).
2659 1091 2932 1161 Caeterum
2963 1090 3083 1147 haec
3107 1092 3295 1150 omnia
3324 1110 3433 1151 non
3451 1090 3512 1152 eo
3535 1090 3691 1156 dicta

2088 1172 2237 1235 sunt,
2281 1178 2459 1235 neque
2478 1160 2562 1235 eis
2599 1160 3119 1235 accipienda,_quasi
3142 1165 3443 1235 monachis
3467 1168 3547 1223 vel
3575 1169 3697 1226 illi-

2087 1232 2386 1306 citumsit,’
2411 1234 2490 1288 vel
2514 1233 2581 1306 ab
2609 1247 2801 1306 eorum
2832 1232 3087 1290 instituto
3105 1234 3350 1292 alienum
3380 1238 3569 1306 (modo
3587 1241 3698 1299 rite

2087 1320 2151 1360 ac
2176 1304 2427 1377 legitime
2439 1303 2761 1377 suscipiatur
2784 1311 2842 1359 et
2863 1311 3222 1374 exerceatur),
3252 1303 3454 1364 sancta:
3487 1312 3698 1377 praedi—

2085 1374 2313 1432 cationis
2339 1374 2601 1432 officium.
2630 1376 2769 1430 Nam
2796 1383 2857 1431 ut
2882 1383 3030 1431 recte
3053 1377 3343 1434 Gratianus
3378 1381 3449 1435 ad
3479 1374 3600 1437 haec
3633 1392 3697 1439 et

2084 1446 2280 1524 similia
2300 1448 2394 1503 SS.
2418 1450 2639 1524 Patrum
2667 1446 2988 1524 testimonia
3015 1448 3320 1520 respondet,
3345 1450 3428 1524 vel
3447 1450 3703 1524 loquun-

2086 1525 2204 1590 tur;
2227 1520 2411 1574 Patres
2459 1517 2529 1574 de
2559 1517 2843 1590 monachis
2867 1518 2962 1590 qui
3002 1517 3119 1576 non
3147 1529 3301 1576 erant
3327 1517 3549 1588 clerici;
3587 1523 3696 1581 sed

2087 1588 2232 1662 laici,
2245 1597 2327 1662 Aut
2371 1603 2522 1662 saepe
2561 1587 2769 1662 dictum
2805 1587 2911 1655 est,
2961 1591 3155 1662 quibus
3175 1592 3299 1662 jure
3342 1591 3699 1650 interdicitur

2089 1658 2407 1731 praedicare;
2441 1658 2527 1715 vel
2574 1658 2918 1731 distinguunt
2956 1658 3093 1716 ibter
3128 1658 3353 1716 clericos
3377 1671 3435 1716 et
3477 1678 3686 1721 mona-

2089 1729 2222 1786 chos
2249 1730 2458 1803 ratione
2503 1730 2707 1803 proprii
2748 1728 2935 1796 ofﬁcii,
2971 1738 3027 1785 et
3070 1737 3243 1786 status
3292 1731 3562 1803 cuiusque
3580 1777 3599 1800 ,
3624 1744 3689 1791 et

2088 1770 2370 1856 bstendunt
2397 1770 2537 1871 quid
2581 1770 2777 1870 cluique
2812 1816 2881 1855 ea:
3162 1804 3343 1870 officio

2089 1873 2262 1929 Aliud
2275 1874 2415 1927 enim
2431 1875 2672 1927 convenit
2690 1873 2941 1927 monacho
2961 1888 3028 1927 em
3046 1889 3102 1927 eo
3125 1873 3265 1943 quod
3278 1875 3572 1930 monachus
3582 1882 3690 1941 est,

2088 1943 2244 1998 aliud
2270 1960 2338 1998 ea:
2378 1960 2435 1998 eo
2458 1943 2602 2013 quod
2626 1944 2841 1998 clericus
2869 1947 2949 1998 est
2979 1963 2996 1998 :
3025 1960 3092 1998 ea:
3139 1960 3194 1999 eo
3220 1944 3361 2013 quod
3386 1949 3683 2005 monachus

2088 1961 2243 1998 auua
2270 1961 2338 1998 ea:
2378 1961 2435 1998 eo
2458 1961 2602 2013 quoa
2626 1961 2841 1998 clmcus
2869 1961 2949 1998 est
2979 1963 2996 1998 :
3025 1961 3092 1998 ex
3139 1961 3194 1999 eo
3256 1961 3361 1998 uoa
3386 1961 3683 2005 monachus

2076 2018 2184 2081 (est,
2206 2030 2305 2069 sua
2334 2018 2385 2070 et
2402 2015 2642 2069 aliorum
2656 2019 2880 2085 peccata
2903 2014 3134 2083 deﬂendi
3155 1961 3310 2069 habet
3328 2018 3594 2086 ofﬁcium;
3617 2036 3686 2075 ea:

2090 2100 2148 2158 eo
2168 2087 2311 2158 quod
2324 2087 2545 2158 clericus
2567 2090 2662 2151 est,
2692 2086 2919 2140 docendi
2942 2091 2996 2141 et
3010 2087 3268 2157 pascendi
3290 2091 3573 2158 populum.
3608 2092 3691 2146 Ita

381 2160 551 2237 cuiae,-
570 2162 742 2237 specie
767 2156 987 2237 quidem
1003 2156 1251 2237 virtutes,
1276 2173 1336 2213 re
1361 2163 1539 2213 autem
1564 2160 1723 2237 vitia:
1733 2159 1985 2237 Quantos,
2007 2175 2055 2237 Β
2091 2156 2380 2237 Gratianus
2408 2156 2580 2237 _(L1i_st_.
2613 2162 2704 2224 23,
2732 2172 2852 2237 cap.
2882 2156 3109 2237 Mulier;
3157 2162 3341 2237 ςεηιῧς
3362 2156 3440 2229 *q-
3483 2163 3533 2227 ί,
3563 2176 3688 2237 φρ.

380 2231 533 2284 verbi
545 2232 745 2298 gratia,
764 2232 1029 2298 ingressos
1050 2232 1167 2283 vias
1178 2233 1323 2292 vita,
1337 2244 1636 2299 progressos
1649 2229 1723 2282 ad
1739 2230 1981 2291 meliora,

379 2314 544 2368 super
565 2302 785 2353 semitas
803 2299 1040 2369 justitiaa
1070 2299 1193 2369 bene
1220 2314 1502 2367 secureque
1528 2302 1913 2369 proﬁciscentes
1934 2304 1985 2354 et

376 2370 734 2442 proﬁcientes,
755 2368 954 2435 fraude
978 2369 1134 2436 (proh
1157 2368 1308 2421 dolor
1334 2370 1373 2433 !)
1399 2368 1642 2438 vulpium
1662 2371 1856 2424 harum
1876 2375 1986 2425 tur-

374 2441 907 2512 pitersupplantatos
926 2442 1183 2508 expertus
1206 2444 1409 2512 sum,et
1433 2455 1547 2494 sero
1571 2442 1628 2494 in
1646 2456 1702 2496 se
1714 2443 1981 2496 virtutum

382 2510 669 2581 Suff‘ocatos
706 2512 971 2581 plangere
998 2512 1245 2578 fructus!
1279 2510 1411 2566 Vidi
1442 2526 1533 2579 ego
1562 2512 1825 2567 hominem
1863 2528 1984 2567 cur-

382 2589 587 2639 rentem
615 2584 776 2637 bene:
799 2598 909 2637 ecce
946 2583 1230 2655 cogitatio:
1258 2582 1477 2655 (quidni
1498 2583 1777 2653 vulpecula
1804 2585 1920 2651 fuit
1937 2582 1984 2655 ?)

386 2658 679 2722 Quantum,
706 2656 910 2723 inquit,
938 2654 1151 2721 bonum,
1194 2668 1299 2723 quo
1340 2653 1481 2708 solus
1515 2656 1703 2721 fruor!
1724 2656 1789 2709 Si
1823 2653 1984 2710 essem

381 2727 443 2781 in
448 2727 870 2795 patria,possem
884 2728 1072 2795 utique
1082 2726 1710 2795 impartirifratribus,et
1724 2729 1980 2795 cognatis,

384 2800 524 2851 notis
553 2800 604 2851 et
621 2799 826 2852 amicis.
858 2798 1062 2853 Amant
1085 2812 1186 2862 me,
1206 2800 1257 2851 et
1283 2797 1448 2864 facile
1465 2799 1849 2866 acquiescerent
1867 2813 1985 2852 sua-

383 2868 550 2923 denti.
576 2869 781 2938 thuid
798 2869 1035 2939 perditio
1050 2867 1202 2922 haec?
1221 2867 1375 2923 Vado
1395 2868 1542 2936 illuc,
1555 2873 1605 2923 et
1626 2869 1773 2922 salvo
1792 2870 1986 2924 multos

385 2953 455 2993 ea:
468 2940 601 3001 illis,
626 2945 676 2993 et
691 2955 773 2994 me
786 2941 1011 3001 pariter.
1032 2941 1135 2996 Nec
1147 2939 1437 2993 verendum
1459 2940 1517 2992 in
1543 2939 1643 2993 loci
1663 2942 1977 2993 mutatione.

381 3011 595 3065 Etenim
623 3010 755 3064 dum
777 3008 902 3064 bene
924 3011 1145 3076 faciam,
1164 3010 1301 3077 quid
1315 3012 1536 3062 interest
1561 3010 1694 3061 ubi?
1710 3011 1821 3062 nisi
1838 3008 1982 3077 quod

381 3078 495 3133 illic
512 3082 701 3148 procul
728 3080 887 3134 dubio
911 3081 1106 3145 satius,
1131 3079 1227 3132 ubi
1245 3079 1579 3143 fructuosius
1599 3078 1827 3148 degam?
1841 3080 1982 3147 Quid

381 3094 495 3133 unc
512 3094 699 3148 procul
728 3094 887 3134 auow
911 3094 1106 3145 sanus,
1131 3094 1225 3132 uo:
1245 3094 1579 3143 [ructuoszus
1599 3094 1827 3203 uagam?
1841 3094 1979 3147 Quid

374 3149 584 3217 plura?
622 3153 687 3215 It,
716 3154 766 3203 et
786 3152 931 3217 perit
956 3151 1135 3215 miser,
1175 3163 1281 3202 non
1310 3152 1421 3203 tam
1443 3149 1596 3202 exsul
1613 3164 1645 3201 a
1716 3152 1979 3218 patriam,

382 3232 542 3286 quam
558 3220 705 3270 canis
720 3233 961 3271 reversus
978 3220 1052 3271 ad
1066 3234 1182 3271 vom
1190 3221 1340 3271 itum.
1356 3222 1426 3274 Et
1441 3233 1495 3271 se
1503 3219 1748 3287 perdidit
1760 3220 1978 3285 infelix,

382 3291 434 3342 et
446 3302 666 3341 suorum
687 3288 975 3357 acquisivit
992 3290 1267 3341 neminem.
1299 3291 1382 3343 En
1412 3303 1523 3341 una
1549 3290 1853 3359 vulpecula,
1876 3294 1983 3347 ista

379 3360 625 3414 videlicet
642 3360 857 3428 frustra
866 3361 1006 3415 toria
1018 3374 1158 3430 spes,
1173 3375 1335 3428 quam
1347 3359 1541 3415 habuit
1564 3362 1620 3413 in
1634 3364 1983 3431 acquisitione

379 3446 622 3513 suorum:
636 3435 801 3513 _Pote_s
926 3447 1136 3513 quoque
1164 3433 1617 3513 per_teipsum.in
1646 3435 1812 3513 teipso
1843 3435 1983 3513 alitis

2091 2227 2446 2300 Adjicimus).
2472 2228 2568 2300 Vel
2589 2229 2886 2300 secundum
2915 2228 3053 2285 alios
3075 2227 3363 2300 prohibent
3388 2227 3690 2291 monachos

2093 2299 2310 2371 prepria
2338 2298 2663 2371 auctoritate
2694 2298 2775 2353 vel
2816 2300 3001 2371 potius
3030 2298 3363 2371 temeritate,
3396 2309 3545 2358 extra
3573 2318 3687 2359 mo-

2088 2370 2325 2443 nasteria
2364 2370 2577 2442 vagari,
2624 2370 2887 2443 praeteXtu
2917 2370 3319 2443 praedicationis
3344 2380 3435 2427 aut
3461 2373 3686 2432 alterius

2089 2439 2281 2515 ofﬁcii,
2304 2449 2398 2515 aut
2423 2439 2541 2497 sine
2562 2439 2899 2515 auctoritate
2917 2439 3327 2515 episcoporum
3356 2452 3412 2499 et
3445 2443 3679 2515 legitima

2090 2510 2456 2579 institutione,
2500 2512 2580 2567 vel
2612 2510 2997 2569 commissione
3034 2510 3427 2581 ecclesiastica,
3453 2510 3533 2570 vel
3576 2515 3686 2572 alia

2083 2580 2225 2655 juris
2240 2583 2589 2655 concessione
2601 2582 2931 2655 praedicandi
2955 2600 3159 2655 munus
3168 2592 3260 2641 aut
3272 2584 3377 2640 alia
3390 2580 3691 2643 ministeria

2090 2653 2362 2739 adcuram
2375 2653 2682 2710 animarum
2701 2655 3027 2739 pertinentia
3037 2654 3291 2739 affectare
3300 2655 3663 2739 velumrpape
3673 2678 3691 2726 ;

2091 2724 2171 2798 vel
2222 2725 2463 2798 denique
2481 2741 2544 2781 eo
2582 2724 2854 2798 spectant,
2883 2735 2947 2783 ut
2973 2726 3170 2784 docant
3209 2724 3543 2798 praedicandi
3566 2724 3693 2784 om;

2092 2795 2237 2851 cium
2255 2795 2526 2852 monacho
2550 2795 2661 2852 non
2681 2812 2800 2853 esse
2815 2798 3169 2868 appetendum
3191 2795 3287 2868 aut
3297 2798 3679 2865 ambiendum,

2093 2874 2148 2921 et
2185 2882 2296 2938 non
2328 2868 2434 2938 nisi
2463 2868 2762 2937 superioris
2782 2866 3012 2938 jussione
3036 2875 3091 2922 et
3126 2866 3365 2938 legitima
3388 2871 3687 2925 vocatione

2092 2951 2186 2991 seu
2209 2936 2460 2993 missione
2471 2936 2904 3010 suscipiendum,
2927 2945 2982 2993 et
2992 2946 3109 3010 tam
3130 2936 3327 3009 in‘ejus
3334 2940 3691 3010 susceptione

2088 3023 2255 3079 quam
2303 3008 2597 3081 exercitio,
2625 3007 2977 3081 'vulpeculam
3006 3007 3153 3064 illam
3181 3007 3690 3067 cenodoxiae'sum-

2091 3094 2311 3162 mepere
2334 3079 2658 3162 cavendam;
2689 3079 2845 3162 cuius
2862 3081 3157 3162 proprium
3174 3088 3279 3147 est,
3298 3086 3435 3136 teste
3461 3082 3686 3162 D.._Au-

2089 3149 2329 3233 gustino.
2359 3154 2510 3233 (Reg.
2560 3167 2701 3233 cap.“
2730 3149 2816 3233 4),
2862 3149 3366 3233 bonisquibusque
3393 3152 3684 3233 pperibus,

2090 3167 2329 3232 gusuno.
2359 3167 2510 3221 (ueg.
2560 3167 2701 3234 cap.“
2730 3167 2810 3221 4),
2862 3167 3019 3234 ponis
3046 3167 3352 3276 quibusque
3393 3167 3683 3236 oper-lpus,

2090 3230 2390 3295 praesertim
2423 3223 2733 3278 honorarns
2770 3230 2923 3295 et_in
2953 3222 3065 3295 pub
3088 3238 3172 3278 nco
3225 3220 3499 3295 exhibitis,
3542 3239 3683 3279 ωει-

2090 3291 2253 3365 diari,
2279 3301 2340 3349 ut
2369 3301 2625 3365 pereant;
2656 3309 2785 3349 cum
2812 3292 2913 3349 alia
2942 3291 3299 3365 dumcumque
3327 3294 3583 3365 iniquitas
3624 3295 3685 3351 in

2092 3363 2250 3436 malis
2286 3363 2539 3434 operibus
2562 3363 2896 3428 exerceatur,
2918 3363 2980 3420 ut
3008 3363 3143 3420 ﬁant
3180 3363 3341 3434 (Vide
3368 3363 3438 3421 ΒΣ
3462 3368 3682 3436 Gregar.

2089 3435 2149 3487 in
2171 3437 2380 3490 Pastor.
2394 3441 2535 3508 part.
2572 3452 2616 3503 ῐ,
2640 3453 2759 3508 cap.
2787 3442 2843 3505 7,
2867 3441 3093 3508 etipart.
3112 3450 3208 3503 In,
3229 3453 3343 3507 cap.
3368 3440 3457 3503 26,
3474 3441 3525 3491 et
3539 3435 3680 3493 hom.

381 3506 555 3596 sier.
564 3503 706 3596 ίιέίξιῖῖ
717 3502 1984 3596 .5".’1".’ff..".‘.‘.‘°..i’i‘ff’1‘5‘ifg“ﬁ.‘li’l’ﬁ‘fﬁfﬁ’ﬁm
2011 3534 2055 3596 c
2087 3508 2201 3596 23'"
2225 3502 2462 3596 Esse?)-
2491 3509 2570 3563 ιιδ
2600 3502 3683 3596 .1?-Mardis“imminuisse

377 3573 654 3639 negligas;
676 3573 758 3625 vis
784 3575 960 3624 tamen
976 3576 1037 3625 ut
1060 3586 1225 3625 unam
1243 3571 1419 3625 adhuc
1439 3573 1715 3626 ostendam
1740 3577 1874 3629 tibi?
1902 3579 1978 3631 ln-

380 3641 592 3714 terdum
612 3642 738 3696 bene
759 3643 1095 3713 proﬁcientis
1114 3642 1418 3711 cujuspiam
1435 3659 1551 3698 cum
1567 3644 1674 3698 sibi
1692 3647 1974 3714 profusius

377 3709 591 3781 aliquid
614 3709 1055 3783 supefncegratice
1076 3709 1299 3768 senserit
1310 3715 1559 3777 irrorari,
1578 3715 1673 3769 sub
1682 3709 1973 3773 itanimum

377 3783 704 3840 desiderium
752 3785 1114 3855 praedicandi,
1141 3801 1246 3840 non
1285 3787 1500 3855 quidem
1530 3787 1603 3840 ad
1635 3794 1888 3857 parentes
1926 3796 1977 3845 et

372 3858 734 3926 propinquos,
759 3857 931 3925 juxta
953 3857 1131 3911 illud:
1154 3858 1409 3913 Continuo
1426 3872 1532 3911 non
1558 3861 1799 3927 acquievi
1822 3862 1977 3914 carni

376 3929 428 3980 et
448 3930 703 3994 sanguini
740 3928 945 3996 (Galat.
974 3928 1164 3996 1).Sed
1195 3930 1361 3993 quasi
1379 3930 1598 3995 purius,
1625 3929 1974 3993 fructuosius,

375 3997 706 4064 fortiusque,
726 3998 935 4066 passim
975 3995 1049 4049 ad
1085 3998 1373 4050 extraneos
1398 4000 1449 4050 et
1478 3996 1553 4051 ad
1579 4012 1775 4054 omnes.
1810 4000 1979 4056 Caute

376 4067 611 4120 omnino.
630 4067 769 4123 Sane
789 4068 941 4121 timet
950 4067 1319 4136 propheticum
1328 4070 1596 4123 incurrere
1614 4070 1973 4127 maledictum:

374 4136 438 4191 Si
459 4152 583 4212 qua:
609 4138 920 4212 abscondito
944 4141 1144 4208 accepit
1157 4139 1459 4205 frumenta,
1491 4142 1782 4196 abscondat
1802 4145 1859 4197 in
1874 4159 1975 4212 po-

365 4209 519 4277 pulis
545 4211 816 4277 (Proverb.
843 4210 932 4280 lx)
951 4228 967 4278 ;
990 4216 1039 4266 et
1060 4214 1247 4265 contra
1261 4213 1611 4279 Evangelium
1625 4214 1809 4279 facere
1826 4233 1841 4268 :
1859 4209 1981 4271 Nisi

372 4294 493 4355 qua;
507 4283 565 4334 in
580 4296 710 4335 aure
720 4281 1345 4355 audivit,prcedicaverit
1354 4298 1514 4351 super
1525 4288 1660 4337 tecta
1669 4289 1685 4345 (
1695 4286 1888 4339 Matth.
1897 4285 1971 4355 χ).

380 4351 583 4430 Vulpes
610 4356 706 4430 est,
728 4354 1220 4430 atqueillapriore
1237 4368 1293 4408 eo
1303 4356 1576 4430 _no_civior,_
1587 4370 1690 4430 quo
1718 4351 1972 4430 occultior

370 4422 602 4495 veniens.
636 4422 943 4495 Sedpcapio
980 4422 1081 4475 tibi
1120 4438 1257 4495 eam.
1298 4426 1513 4479 Primus
1551 4428 1755 4495 Moyses
1794 4427 1926 4482 dicit
1952 4446 1969 4481 :

370 4490 507 4563 you
528 4490 710 4563 arabis
750 4493 810 4544 in
846 4490 1206 4559 primogenita
1244 4494 1389 4547 bovis
1417 4490 1659 4561 (Denter:
1690 4500 1814 4563 xv).
1862 4501 1971 4554 Hoc

370 4560 568 4633 Paulus
596 4561 996 4631 interpretans:
1036 4564 1150 4617 Non
1183 4560 1536 4633 Neophytum,
1575 4560 1784 4633 inquit,
1810 4584 1875 4622 ne
1912 4571 1969 4623 in

366 4631 561 4708 s_uperb
568 4634 674 4686 iam
686 4633 857 4708 elatus
869 4633 1071 4708 izwidat
1083 4634 1142 4685 in
1142 4633 1173 4702 j
1178 4631 1415 4708 udicium
1427 4631 1679 4707 diabolia
1690 4639 1823 4691 Tim.
1845 4652 1890 4693 ιι
1898 4642 1964 4708 1).

366 4704 440 4758 Et
478 4718 695 4758 rursum
723 4721 744 4759 .°
783 4706 888 4763 Nec
915 4706 1219 4774 quisquam,
1250 4707 1449 4775 inquit,
1476 4704 1651 4762 sumit
1670 4708 1775 4762 sibi
1803 4704 1968 4765 hono-

368 4788 500 4851 t_‘em,
520 4776 612 4851 sed
634 4778 734 4846 qui
746 4782 971 4851 vocatur
990 4780 1183 4851 aDeo,_
1192 4780 1467 4851 tamquam
1485 4779 1669 4833 Aaron
1691 4782 1961 4851 (Hebr.v).

365 4845 495 4919 Item
525 4845 692 4915 ipse:
735 4848 1001 4919 Quomodo
1024 4845 1429 4917 prcedicabunt,
1473 4851 1671 4919 inquit,
1702 4845 1825 4906 nisi
1847 4845 1965 4908 mit-

365 4917 554 4997 t_antur
579 4920 748 4997 (Rom.
765 4918 862 4989 x)?
890 4922 959 4975 Et
953 4921 1170 4997 _sci7_n_us
1195 4921 1442 4997 monachi
1460 4917 1699 4997 officium
1723 4938 1832 4997 esse
1858 4940 1963 4997 non
1994 4920 2044 4983 D
2071 4917 2175 4978 non
2199 4917 2368 4981 solum
2396 4929 2686 4997 monachis,
2717 4929 2810 4983 sed
2834 4932 2996 4984 etiam
3023 4933 3288 4986 canonicis

362 4985 561 5061 docere,
588 4988 688 5061 sed
716 4985 911 5056 lugere.
945 4992 1032 5045 Ea:
1056 4991 1137 5044 his
1165 4985 1533 5061 similibusque
1560 4994 1794 5048 collectis
1823 4996 1961 5050 mihi

362 5058 485 5128 temo
513 5060 643 5124 rete,
670 5061 720 5111 et
748 5061 901 5126 capio
928 5061 1160 5128 vulpem,
1182 5077 1248 5115 ne
1266 5058 1589 5117 demoliatur
1612 5067 1842 5119 vineam.
1871 5070 1959 5121 Ea:

361 5126 444 5181 his
462 5143 647 5197 nempe
670 5129 831 5205 claret
850 5134 900 5185 et
916 5126 1113 5184 certum
1136 5135 1233 5199 est,
1249 5133 1392 5201 quod
1408 5135 1623 5203 publice
1639 5138 1957 5205 praedicare,

360 5212 455 5275 nec
480 5201 745 5275 monacho
771 5205 1032 5264 convenit,
1076 5218 1165 5257 nec
1191 5206 1391 5258 nouitio
1409 5201 1688 5275 'eeredit,
1722 5223 1814 5262 nec
1851 5201 1957 5262 non

357 5270 689 5345 missolicet.
719 5274 883 5327 Porro
911 5277 1093 5327 contra
1117 5274 1224 5329 hcec
1253 5278 1357 5330 tria
1383 5270 1583 5344 venire,
1612 5270 1819 5345 quanta
1838 5294 1959 5333 con-

357 5342 587 5419 scientia
616 5343 1020 5419 demolitioest!
1044 5346 1185 5414 Ergo
1204 5348 1476 5417 quidquid
1496 5342 1601 5401 tale
1620 5342 1804 5402 animo
1832 5365 1956 5419 sug-

358 5417 599 5491 geratur,
631 5416 840 5491 sive_sit
860 5416 999 5491 illud
1023 5420 1117 5469 tua
1140 5416 1413 5486 coqitatio,
1438 5420 1548 5491 sive
1572 5421 1829 5491 immissio
1860 5416 1957 5491 per

356 5481 623 5559 Angelum
645 5488 868 5559 malum,
892 5487 1129 5559 dolosam
1144 5481 1367 5557 agnosce
1384 5481 1742 5559 vulpeculam,
1765 5492 1827 5546 id
1854 5481 1953 5556 est,

354 5552 558 5606 malum
587 5556 684 5608 sub
711 5560 880 5631 specie
907 5558 1046 5613 boni.
1086 5552 1217 5631 Haec
1259 5563 1326 5614 D.
1360 5552 1702 5631 (Bcr-nardus.
1733 5552 1956 5631 Quibus

354 5630 717 5701 consentanea
749 5629 928 5701 videre
954 5637 1037 5685 est
1052 5630 1196 5701 apud
1219 5630 1644 5688 Cassianumlib.
1678 5650 1738 5689 χι
1767 5629 1951 5690 lnstit.

353 5708 406 5748 c.
444 5700 513 5776 ῃ
533 5702 588 5749 et
611 5700 703 5776 _1_5,
726 5698 823 5776 _ubi
849 5698 916 5776 de
951 5698 1435 5776 vitio'cenodoxiae
1457 5703 1659 5776 agitur,
1691 5719 1802 5776 quo
1825 5720 1953 5761 mo-

2084 3576 2160 3630 ait
2179 3596 2203 3649 κε
2232 3576 2443 3633 Publice
2464 3579 2759 3649 prwdicare
2778 3580 3035 3634 monacho
3063 3576 3169 3633 non
3195 3576 3433 3634 convenit
3456 3579 3681 3642 (scilicet

2082 3648 2299 3720 ratione
2325 3649 2408 3704 sui
2455 3648 2630 3706 Status
2656 3656 2711 3706 et
2748 3649 3161 3720 monachatus);
3424 3654 3534 3706 sive
3570 3668 3669 3707 neo

2076 3719 2249 3788 phyto
2294 3720 2574 3791 (nimirum
2613 3730 2804 3789 aetate,
2850 3719 3130 3788 doctrina,
3160 3720 3510 3791 perfectione)
3567 3739 3679 3776 non

2083 3791 2302 3870 expedit
2328 3789 2419 3861 (ob
2450 3792 2752 3915 periculum
2778 3807 2932 3849 vanae
2958 3789 3461 3871 praesumptioniset
3500 3806 3676 3847 ceno-

2083 3858 2315 3927 doxne);
2336 3875 2427 3932 nec
2470 3864 2569 3917 icet
2594 3878 2701 3917 non
2724 3866 2906 3928 misso,
2932 3863 2989 3919 id
3025 3870 3127 3927 est,
3161 3877 3277 3917 non
3299 3862 3535 3932 legitime
3572 3878 3676 3919 v0-

2299 3900 2315 3927 ,
2337 3893 2426 3915 loco
2451 3893 2567 3917 ηυῠι
2596 3893 2701 3917 nun
2725 3893 2906 3928 Πιιδθυ,
2933 3893 2989 3919 lu
3025 3893 3127 3927 um.
3167 3893 3277 3917 uuu
3304 3893 3535 3928 “asinum
3577 3893 3680 3919 VU-

2083 3938 2225 4004 cato,
2251 3939 2308 3987 et
2327 3930 2397 3987 ad
2421 3931 2473 3988 id
2502 3933 2740 3989 muneris
2765 3934 3015 3990 instituto
3047 3933 3325 4004 (Bernard.
3349 3930 3443 4004 ubi
3460 3948 3635 4004 supra

2084 4002 2145 4078 I_n
2177 4006 2714 4078 quam_sententiam
2756 4005 2928 4061 multa
2959 4002 3198 4078 congerit
3237 4002 3542 4060 Gratianus
3578 4002 3681 4078 SS.

2083 4073 2307 4147 Patrum
2328 4074 2496 4147 elogia
2534 4090 2596 4131 ac
2620 4091 2968 4147 summorum
2999 4073 3317 4147 pontiﬁcum
3339 4083 3406 4147 et
3432 4076 3687 4147 concilio-

2085 4158 2210 4219 rpm
2255 4143 2491 4200 decreta.
2542 4147 2587 4201 E
2626 4146 2825 4217 quibus
2880 4155 2964 4202 est
3000 4143 3149 4203 'illud
3214 4144 3496 4219 Bonifacii‘
3526 4162 3684 4219 papa:

2087 4215 2277 4289 (Causa
2312 4220 2398 4283 16,
2414 4233 2466 4286 q.
2506 4224 2556 4285 l,
2581 4234 2625 4273 c.
2642 4215 2797 4275 Sunt
2822 4219 3119 4287 nonnulli),
3135 4216 3286 4289 quod
3300 4215 3683 4275 Benedictinos

2083 4285 2352 4358 praecipue
2377 4285 2617 4358 spectat:
2640 4290 2777 4345 Sunt
2803 4290 3052 4344 nonnulli
3072 4285 3221 4343 nullo
3250 4289 3499 4357 dogmate
3518 4292 3681 4356 fulti,

2080 4357 2431 4429 audacissimo
2476 4360 2691 4429 quidem
2722 4361 2832 4415 zelo
2863 4363 3039 4429 magis
3071 4360 3477 4421 amaritudim’s,
3509 4376 3676 4429 quam

2080 4427 2378 4501 dilectionis
2433 4427 2790 4498 inflammati,
2844 4427 3135 4487 asserentes
3183 4430 3484 4491 monachos,
3517 4427 3677 4501 quia

2078 4499 2276 4553 mundo
2298 4504 2504 4555 mortui
2519 4507 2663 4565 sunt,
2695 4507 2744 4556 et
2765 4507 2868 4558 Deo
2893 4505 3100 4565 vivunt,
3126 4502 3475 4558 sacerdotalis
3501 4499 3679 4571 ofﬁcii

2070 4575 2334 4637 potestate
2357 4573 2639 4642 indignos;
2668 4574 2761 4627 sed
2781 4576 2991 4628 omnino
3020 4574 3299 4629 labuntur.
3330 4575 3509 4642 Neque
3531 4577 3675 4628 enim

2075 4642 2137 4694 B.
2147 4713 2156 4716 Α
2168 4642 2499 4716 Benedictus,
2516 4646 2893 4700 monachorum
2900 4650 3195 4716 praceptor
3214 4646 3499 4713 almiﬁcus,
3511 4644 3673 4713 hujus

2074 4713 2157 4765 rei
2177 4713 2357 4782 aliquo
2377 4715 2529 4768 modo
2557 4716 2673 4782 fuit
2702 4713 3016 4771 interdictor
3034 4735 3052 4782 ;
3070 4713 3183 4772 sed
3209 4732 3294 4772 eos
3333 4716 3669 4770 suasionum

2073 4786 2399 4857 negotiorum
2430 4787 2606 4840 educit
2635 4791 2874 4857 expertes
2922 4789 3038 4854 fore
3078 4786 3460 4844 tantummodo.
3509 4786 3675 4857 Quod

2072 4856 2288 4922 quidem
2317 4858 2622 4926 apostolicis
2646 4856 2971 4914 dccumentis
2990 4860 3147 4915 etSS.
3173 4862 3395 4915 Patrum
3406 4856 3679 4913 institutis

2071 4945 2175 4978 non
2199 4945 2368 4981 SOlum
2396 4945 2686 4997 monacms,
2717 4945 2809 4983 sea
2834 4945 2996 4984 etiam
3023 4945 3288 4986 canamus
3304 4945 3682 5054 mna-tngere

2068 4998 2391 5079 imperatur.
2408 5002 2512 5057 Nos
2532 5015 2652 5079 vero
2667 5004 2949 5079 tantorum
2971 5004 3198 5079 Patrum
3221 5001 3479 5079 eremplis

2065 5068 2333 5142 credimus
2355 5086 2389 5123 a
2414 5071 2773 5126 sacerdotibus
2803 5074 3077 5127 monachis
3098 5072 3314 5142 ligandi
3330 5068 3673 5142 solvendqu

2065 5140 2322 5208 ofﬁcium,
2351 5144 2455 5197 Deo
2473 5147 2742 5212 operante,
2763 5143 2922 5213 digne
2932 5140 3332 5203 administrari,
3348 5145 3398 5198 si
3406 5156 3486 5213 eqs
3499 5141 3665 5209 digne

2064 5213 2343 5279 contigerit
2360 5213 2452 5267 hoc
2478 5209 2773 5268 ministerio
2798 5209 3105 5270 sublimari.
3126 5215 3263 5271 Haec
3286 5209 3552 5269 Pontifex.
3582 5213 3671 5267 Ex

2065 5280 2264 5362 quibus
2284 5283 2562 5362 concludit
2592 5287 2657 5339 D.
2677 5285 2927 5362 Ehomas
2945 5290 3087 5362 (2:2,
3107 5303 3161 5356 q.
3198 5292 3327 5362 ξεῖ,
3347 5289 3455 5362 art.
3482 5284 3535 5353 ι)
3555 5298 3671 5339 non

2066 5350 2229 5428 licere
2252 5353 2533 5428 monachis
2561 5362 2616 5410 et
2643 5355 2756 5428 aliis
2779 5350 3084 5428 religiosis,
3108 5350 3326 5413 ratione
3353 5357 3435 5412 sui
3457 5350 3669 5428 status,

2065 5422 2375 5509 praedicare,
2401 5424 2617 5493 docere,
2645 5422 2936 5509 baptizare
2953 5471 2968 5498 ,
2998 5427 3309 5509 absolvere
3330 5434 3403 5509 et.
3424 5426 3525 5482 alia
3561 5426 3669 5509 h_uf

2054 5493 2298 5569 jusmodi
2326 5493 2530 5552 facere:
2554 5499 2708 5566 quia,
2733 5493 2943 5569 inquit,
2956 5493 3136 5556 status
3146 5501 3427 5568 religionis
3446 5514 3551 5553 non
3566 5498 3669 5552 dat

2061 5567 2135 5619 eis
2160 5570 2473 5635 potestatem
2500 5571 2609 5622 ista
2635 5567 2913 5636 faciendi:
2942 5586 3095 5641 posse
3117 5567 3299 5626 tamen
3328 5574 3435 5625 ista
3456 5572 3662 5636 facere.

2062 5638 2115 5690 si
2138 5638 2375 5690 ordinem
2395 5641 2659 5690 recipiant
2682 5645 2731 5690 et
2750 5641 3173 5690 iurisdictionem
3195 5641 3564 5690 ordinarium-
3580 5640 3662 5690 vel

2062 5640 2115 5690 si
2138 5640 2375 5693 ordinem
2395 5641 2659 5710 recipiant
2682 5645 2731 5695 et
2739 5640 3173 5709 jurisdictionem
3195 5641 3565 5712 ordinarium,
3580 5640 3669 5696 vel

2062 5723 2130 5761 ex
2144 5712 2651 5792 ‘commissioneuaut
2665 5713 2988 5792 privilegio,
3006 5714 3181 5792 quale
3208 5726 3533 5792 concessum
3578 5718 3665 5767 est

351 5764 774 5856 pacbjigsupin‘de
794 5764 1951 5856 p'dppraedicanduminstigaiitur.'Qliibus
2062 5777 2345 5856 ordinibus
2373 5764 2823 5852 mendicantium,
2838 5764 3429 5856 ’QB'déd‘éahieés'iBhE
3441 5764 3514 5839 Ξῖ
3517 5764 3666 5855 hia;

351 5835 557 5891 accedit
580 5836 666 5891 illa
693 5839 763 5893 D.
794 5835 1119 5910 Hieronymi
1150 5844 1366 5913 vulgata
1403 5835 1671 5901 seiitentia
1698 5835 1867 5917 qﬁam
1895 5854 1953 5902 et
2058 5835 2410 5909 dicationem.
