4040 6194
256 319 390 374 1305

1186 311 1523 370 COLLATIO
1559 307 1748 368 XXIV.
1781 337 1854 352 -—
1891 299 1980 366 DE
2016 309 2624 367 MORTIFICATIONE.

3421 315 3442 366 i
3453 313 3557 368 306

251 439 655 501 convertendos
679 439 819 498 alios
847 450 906 496 et
931 437 1226 512 regendos,
1258 437 1546 496 diabolicis
1582 436 1855 495 illusioni-
1880 438 1936 504 Α
1963 435 2256 494 tudinibus
2290 433 2574 502 adhibere,
2603 433 2712 490 nisi
2749 447 2878 491 eum
2915 433 3010 508 qui
3045 433 3188 507 ipsas
3224 432 3550 492 morborum

251 538 357 596 bus
383 535 742 608 instigantur;
783 533 990 607 quique
1029 532 1244 590 etiamsi
1273 533 1560 606 potuerint
1583 529 1719 588 lucri
1746 529 1854 587 ali-

249 629 381 704 quid
407 645 476 686 ex
502 625 883 701 quorumdam
908 627 1269 684 conversione
1295 625 1638 698 conquirere,
1667 623 1850 698 impa-

251 721 444 780 tientia
509 736 608 778 sua
667 728 832 793 atque
901 718 1199 776 inconditis
1268 716 1520 774 moribus
1589 715 1854 788 quidquid

253 813 608 887 acquisierint
630 810 886 884 perdunt.
913 810 1056 870 Illud
1078 826 1318 884 namque
1343 809 1422 868 eis
1441 809 1591 884 quod
1619 813 1854 883 Aggteus

253 905 521 979 prepheta
545 902 832 973 describit,
853 903 1107 961 eveniet:
1131 907 1203 961 Et
1229 906 1328 974 qui
1349 902 1618 959 mercedes
1645 916 1856 971 congre-

253 1004 370 1069 gat,
391 1001 570 1055 mittet
593 1013 680 1054 eas
703 1000 763 1054 in
789 999 1055 1055 sacculum
1075 1001 1361 1069 pertusum
1382 997 1601 1066 (Aggan'
1619 995 1686 1066 1).
1705 998 1847 1052 Vere

253 1091 404 1149 enim
451 1093 602 1148 lucra
633 1105 732 1149 sua
771 1091 828 1148 in
863 1099 1146 1164 pertusum
1177 1089 1460 1148 sacculum
1500 1087 1712 1156 condit,
1758 1085 1853 1160 qui

253 1187 522 1261 quidquid
557 1203 654 1260 per
693 1187 924 1246 aliorum
963 1185 1377 1244 conversionem
1405 1184 1619 1266 videtur
1661 1180 1853 1254 acqui-

247 1295 390 1350 rere,
433 1277 858 1353 intemperantia
885 1281 1066 1339 cordis
1094 1281 1200 1347 sui,
1248 1288 1305 1338 et
1330 1278 1649 1352 quotidiana
1682 1276 1850 1334 animi

249 1373 583 1433 distentione
617 1373 906 1449 disperdit.
947 1379 1140 1449 Itaque
1173 1374 1286 1440 ﬁet,
1329 1381 1393 1430 ut
1431 1373 1568 1431 dum
1598 1370 1851 1429 uberiora

247 1467 400 1526 lucra
441 1485 537 1540 per
575 1469 811 1528 aliorum
849 1469 1089 1527 credunt
1126 1467 1518 1525 institutionem
1553 1479 1748 1538 parare
1795 1479 1853 1521 se

245 1577 426 1635 posse,
457 1564 627 1620 etiam
653 1579 752 1622 sua
777 1563 1117 1621 correctione
1145 1562 1450 1635 priventur.
1475 1570 1503 1597 ι
1531 1562 1672 1618 Sunt
1697 1557 1849 1615 enim

247 1657 342 1730 qui
377 1671 435 1712 se
461 1657 656 1713 divites
684 1655 892 1725 ferunt,
936 1657 1078 1712 nihil
1106 1655 1390 1723 habentes,
1423 1663 1478 1711 et
1503 1661 1638 1711 sunt
1665 1651 1760 1725 qui
1791 1666 1849 1708 se

245 1748 538 1806 humiliant
561 1748 618 1804 in
649 1747 836 1804 multis
870 1747 1076 1803 divitiis
1108 1749 1298 1818 (Prov.
1323 1749 1490 1813 χιιι),
1527 1754 1583 1802 et
1609 1739 1636 1777 ¹²
1664 1735 1854 1800 Melior

1963 530 2201 604 origines
2228 537 2355 587 ante
2385 527 2720 601 pradixerit.

2554 620 2800 678 CAPUT
2840 623 2964 678 XV.

2207 718 2496 788 Responsio
2519 716 2587 772 de
2613 717 2898 786 tripartito
2921 715 3119 770 animos
3140 718 3306 770 motu.

2029 807 2314 866 Abraham
2357 827 2372 864 :
2417 807 2690 866 Omnium
2732 805 2994 864 vitiorum
3037 821 3180 864 unus
3219 805 3346 862 fons
3387 813 3554 878 atque

1961 901 2290 976 principium
2323 910 2438 972 est;
2467 900 2772 960 secundum
2801 901 3117 975 qualitatem
3145 915 3272 957 vero
3301 899 3473 972 partis
3499 900 3556 958 il-

1959 997 2086 1067 lius,
2109 1006 2164 1055 et
2189 1003 2270 1066 (ut
2288 999 2362 1056 ita
2387 998 2644 1072 dixerim)
2669 997 2908 1055 membri
2935 996 3157 1070 quodin
3180 998 3369 1054 animo
3395 996 3556 1054 fuerit

1958 1091 2240 1160 vitiatum,
2289 1091 2504 1150 diversa
2559 1091 2819 1149 vocabula
2868 1090 3186 1164 passionum
3235 1089 3548 1162 corruptio-

1957 1199 2210 1260 numque
2227 1186 2474 1243 sortitur.
2498 1185 2662 1256 Quod
2682 1200 3111 1258 nonnumquam
3131 1184 3300 1242 etiam
3323 1184 3553 1241 morbo-

1957 1294 2085 1336 rum
2129 1278 2507 1352 corporalium
2537 1277 2803 1350 probatur
2841 1277 3113 1349 exemplo,
3153 1293 3392 1348 quorum
3419 1291 3548 1332 cum

1957 1387 2068 1431 una
2091 1372 2162 1428 sit
2183 1386 2368 1440 musa,
2395 1371 2456 1428 in
2479 1370 2696 1426 diversa
2717 1375 2905 1426 tamen
2931 1368 3329 1442 aegritudinum
3353 1383 3556 1442 genera

1959 1484 2059 1543 pro
2107 1467 2372 1540 qualitate
2411 1466 2795 1523 membrorum
2845 1480 2970 1538 quae
3014 1463 3220 1522 fuerint
3263 1475 3552 1538 occupata,

1958 1559 2336 1634 distinguitur.
2377 1558 2600 1616 Etenim
2643 1573 2776 1616 cum
2815 1573 2999 1614 arcem
3037 1559 3305 1629 corporis,
3347 1559 3404 1616 id
3443 1567 3548 1628 est,

1959 1663 2140 1728 caput,
2184 1653 2266 1710 vis
2305 1653 2458 1710 noxii
2495 1651 2744 1710 humoris
2789 1651 3089 1721 obsederit,
3138 1661 3160 1688 ο
3199 1648 3550 1725 cephalalgiae

1959 1756 2214 1820 procreat
2243 1748 2584 1820 passionem;
2619 1762 2749 1804 cum
2784 1761 2915 1804 vero
2949 1759 3108 1803 aures
3135 1746 3389 1802 oculosve
3432 1761 3558 1818 per-

245 1850 330 1900 eat
355 1841 436 1898 vir
463 1841 523 1897 in
551 1839 897 1914 ignobilitate
926 1837 1166 1897 serviens
1189 1839 1318 1908 sibi,
1345 1853 1517 1911 quam
1540 1837 1636 1910 qui
1659 1836 1847 1911 digni-
1875 1840 1924 1904 B
1953 1841 2177 1910 vaserit,
2205 1829 2235 1874 (ί
2274 1841 2332 1896 in
2363 1840 2689 1914 otalgicum,
2717 1839 2830 1898 sive
2855 1839 2910 1896 in
2939 1837 3380 1912 ophthalmicum
3417 1853 3546 1894 ver-
3621 1913 3634 1919 θ

243 1941 420 1993 tatem
447 1933 550 1993 sibi
579 1934 834 2007 acquirit,
859 1940 916 1988 et
950 1931 1159 2004 indiget
1191 1947 1326 2004 pane
1355 1931 1531 2004 (Prov.
1549 1934 1704 1998 κη).

834 2071 1074 2128 CAPUT
1117 2072 1256 2129 XIV.

243 2201 624 2270 Interrogatio,
665 2199 808 2256 unde
847 2199 1001 2255 nobis
1039 2199 1233 2254 talium
1273 2200 1655 2268 cogitationum
1691 2213 1850 2254 error

888 2272 1169 2342 irrepserit
1181 2274 1210 2326 ?

317 2399 628 2458 Germanus
657 2417 670 2453 :
702 2398 840 2456 Satis
868 2413 1112 2472 congrue
1151 2398 1316 2455 nobis
1344 2397 1848 2472 comparationibus

243 2492 544 2566 disputatio
579 2501 674 2549 tua
699 2492 1104 2566 cogitationum
1125 2499 1444 2550 nostrarum
1469 2491 1846 2550 manifestavit

245 2601 481 2655 errores,
511 2601 749 2660 quorum
791 2601 982 2644 causas
1009 2595 1066 2644 et
1101 2588 1418 2644 curationes
1445 2586 1704 2643 similiter
1743 2602 1847 2659 op-

243 2687 428 2738 tamus
467 2695 794 2754 agnoscere;
843 2689 898 2737 et
925 2679 1076 2737 unde
1117 2679 1382 2738 acciderit
1421 2680 1581 2737 nobis
1604 2679 1704 2736 ista
1747 2679 1850 2736 de-

242 2774 441 2846 ceptio,
466 2774 670 2846 pariter
687 2773 941 2848 cupimus
962 2773 1200 2832 edoceri.
1225 2773 1373 2832 Nulli
1395 2774 1596 2831 etenim
1617 2773 1846 2831 dubium

243 2874 328 2922 est
353 2867 634 2924 nemiuem
673 2867 977 2925 admodum
1017 2884 1178 2940 posse
1218 2868 1463 2925 remedia
1504 2867 1663 2924 malis
1694 2868 1846 2924 vale-

1955 1933 2092 1991 titur
2135 1935 2401 1992 morbum
2451 1951 2467 1992 :
2514 1949 2643 1992 cum
2688 1949 2747 1990 se
2791 1934 2848 1990 in
2894 1933 3150 1991 articulos
3185 1947 3434 2006 quoque
3474 1931 3545 1990 ad

1953 2043 2220 2087 manuum
2285 2045 2506 2088 summa
2571 2027 2960 2098 transfuderit,
3017 2027 3326 2086 articularis
3386 2033 3548 2100 atque

1957 2132 1980 2162 °
2006 2123 2306 2198 chiragrica
2333 2123 2536 2184 dicitur
2561 2124 2814 2183 valetudo
2847 2144 2860 2180 :
2887 2138 3015 2182 cum
3041 2130 3228 2181 autem
3249 2121 3320 2180 ad
3343 2121 3547 2195 pedum

1957 2215 2069 2272 ima
2097 2215 2410 2287 defluxerit,
2441 2211 2462 2251 ί
2495 2217 2738 2292 podagra
2775 2226 2986 2276 mutato
3015 2215 3244 2274 nomine
3269 2229 3549 2287 nuncupa-

1955 2316 2047 2366 tur
2076 2329 2088 2366 :
2119 2317 2312 2384 totque
2340 2312 2616 2369 vocabulis
2640 2327 2750 2368 una
2775 2319 2941 2384 atque
2960 2309 3153 2368 eadem
3173 2307 3320 2365 noxii
3344 2306 3547 2364 humo-

1955 2401 2036 2459 ris
2081 2403 2237 2477 origo
2293 2403 2672 2476 distinguitur,
2725 2409 2862 2475 quot
2906 2402 3290 2460 membrorum
3352 2399 3555 2473 ceperit

1955 2495 2259 2566 portiones.
2291 2493 2508 2550 Eodem
2538 2493 2710 2550 modo
2737 2493 2806 2550 de
2834 2493 3134 2549 visibilibus
3161 2493 3231 2548 ad
3257 2493 3545 2548 invisibilia

1955 2595 2330 2653 transeuntes,
2370 2589 2577 2644 animae
2606 2593 2812 2644 nostra:
2839 2585 3106 2658 partibus,
3149 2593 3311 2659 atque
3352 2589 3434 2653 (ut
3471 2585 3553 2641 ita

1955 2679 2216 2754 dixerim)
2259 2681 2526 2738 membris
2559 2681 2672 2738 vim
2707 2681 2968 2754 cujusque
2993 2679 3124 2738 vitii'
3145 2679 3319 2736 inesse
3349 2677 3546 2736 creda-

1957 2788 2100 2832 mus.
2148 2775 2332 2845 Quam
2375 2791 2504 2833 cum
2548 2775 2936 2849 sapientissimi
2965 2775 3163 2848 quique
3200 2783 3227 2820 ε
3260 2774 3546 2848 tripertita

1956 2867 2220 2925 deﬁniant
2259 2884 2378 2926 ee
2407 2869 2646 2938 virtutis,
2686 2885 2908 2927 necesse
2944 2877 3026 2926 est
3053 2877 3114 2926 ut
3141 2877 3235 2926 aut
3260 2863 3287 2900 ¹³
3321 2868 3550 2940 λογικόν,

1331 2993 1590 3046 ALARDI
1630 2993 1855 3047 GAZ/El
1876 2987 2454 3054 COMMENTARIUS.

316 3109 342 3137 ⁸
363 3101 592 3174 Vulgata
608 3101 771 3158 editio
796 3120 810 3157 :
833 3107 930 3160 Est
953 3107 1113 3174 quasi
1130 3105 1298 3168 dives,
1316 3121 1434 3160 cum
1451 3107 1594 3160 nihil
1611 3107 1843 3174 habeat;

247 3175 298 3228 et
317 3177 396 3244 est
419 3175 582 3243 quasi
602 3189 838 3244 pauper,
867 3191 988 3230 cum
1017 3177 1075 3230 in
1099 3177 1284 3232 multis
1309 3176 1520 3231 divitiis
1547 3179 1638 3232 sit.

314 3243 342 3278 ³³
369 3244 576 3318 Textus
595 3243 742 3317 Vulgi
773 3263 786 3300 :
818 3247 1010 3318 Melior
1033 3250 1112 3301 est
1126 3263 1336 3318 pauper
1359 3251 1410 3302 et
1433 3248 1696 3318 suﬁciens
1717 3249 1842 3318 sibi,

244 3329 410 3389 quam
448 3316 710 3389 gloriosus
750 3321 802 3372 et
827 3317 1094 3389 indigens
1127 3316 1290 3387 pane.
1326 3316 1488 3386 Quod
1515 3318 1594 3374 sic
1621 3317 1844 3389 exponit

243 3383 394 3440 Beda
426 3383 658 3442 {Melior
681 3392 759 3443 est
780 3383 986 3451 idiota,
1000 3392 1051 3442 et
1078 3383 1306 3459 simplex
1329 3383 1528 3454 idiota,
1557 3390 1676 3459 qui,
1692 3383 1844 3444 'bona

245 3471 364 3530 quin
388 3459 536 3512 novit
557 3474 807 3529 operans,
827 3461 997 3514 vitam
1018 3462 1242 3514 meritur
1261 3461 1324 3516 in
1345 3460 1508 3524 cretis,
1536 3475 1700 3530 quam
1721 3462 1838 3530 qui,

1955 3119 2058 3194 est,
2085 3111 2222 3167 iram
2249 3121 2304 3194 et
2321 3113 2677 3194 cupiditatem
2705 3111 2848 3194 bigae
2868 3109 3246 3194 comparabat;
3275 3110 3546 3194 rationem

1955 3189 2140 3252 autem
2181 3180 2411 3252 aurigae:
2454 3180 2812 3240 Aristotelem
2847 3180 3021 3241 secuti
3066 3191 3278 3238 veteres
3305 3180 3548 3252 theologi

1955 3251 2253 3326 Gregorius
2279 3251 2581 3326 Nyssenus,
2611 3263 2670 3311 et
2691 3256 2934 3312 Joannes
2959 3256 3349 3326 Damascenus,
3377 3261 3435 3310 et
3459 3251 3546 3310 se-

1953 3325 2194 3394 cundum
2218 3337 2316 3394 eos
2333 3325 2400 3378 ’S.
2428 3325 2692 3390 Thomas,
2723 3334 2928 3394 praeter
2951 3325 3278 3394 rationalem
3305 3332 3360 3394 et
3387 3338 3548 3391 supe-

1951 3390 2156 3448 riorem
2199 3392 2403 3448 animae
2447 3401 2682 3462 partem,
2726 3390 2857 3462 quae
2903 3393 3113 3446 ratione
3157 3399 3213 3447 et
3263 3390 3544 3448 voluntate

1952 3469 2190 3534 constat,
2235 3459 2514 3533 duplicem
2560 3461 2619 3518 in
2659 3459 2880 3534 homine
2919 3468 3142 3534 ponunt
3181 3461 3486 3534 appetitum
3529 3480 3542 3518 :

243 3527 728 3605 clams_eruditione
747 3531 1157 3605 Scripturarum
1171 3533 1256 3586 vel
1267 3533 1428 3605 etiam
1443 3527 1673 3605 doctoris
1689 3527 1842 3600 func—
1873 3533 1919 3599 C
1950 3527 2185 3605 alterum
2212 3527 2379 3605 quem
2401 3541 2595 3589 vocant
2622 3527 3124 3605 concupiscibilem,
3149 3527 3384 3588 alterum
3414 3531 3549 3589 iras-

243 3601 332 3654 tus
355 3599 773 3672 oﬁcio,_indiget
785 3599 928 3672 pane
951 3601 1271 3666 dilectionis,
1294 3603 1357 3658 id
1379 3606 1458 3672 est
1478 3603 1764 3658 charitate.

315 3677 344 3746 °_
360 3670 888 3746 Cephalalgiadolor
911 3673 1110 3746 capitis
1129 3680 1216 3746 est
1239 3691 1252 3728 :
1275 3671 1471 3746 κεφαλὴ
1497 3673 1644 3746 enim
1672 3680 1844 3746 caput

242 3736 465 3812 dicitur";
495 3736 682 3812 ἀλγέῶ,
705 3742 884 3799 doleo.
919 3736 1243 3801 Aristoteles
1271 3744 1325 3800 in
1349 3736 1790 3802 Problematibtis
1825 3761 1840 3798 :

243 3809 589 3886 κεςζαλαλγίαέ
607 3813 665 3866 τὸ
692 3814 907 3884 κεφαλῆς
929 3814 1157 3886 ἄλγημα.

314 3882 342 3917 ἀ
374 3885 457 3953 in
479 3882 786 3953 otalgieum,
830 3899 892 3953 ex
923 3882 1206 3953 Vaticanis
1233 3885 1486 3953 restituit
1527 3883 1834 3953 Ciaconius,

242 3949 300 4024 in
329 3949 570 4006 editione
597 3949 764 4024 etiam
789 3950 1130 4024 Plantiniana
1159 3950 1454 4024 omissum,
1484 3954 1632 4024 quod
1659 3963 1718 4009 et
1743 3949 1834 4010 ra;

241 4019 318 4095 tio
347 4029 402 4076 et
429 4028 606 4095 textus
629 4021 946 4095 exigebant,
973 4031 1034 4095 et_
1046 4021 1350 4095 Dionysius
1372 4019 1542 4078 etiam
1567 4038 1679 4078 non
1701 4023 1841 4080 omi-

241 4089 332 4158 sit,
377 4090 607 4164 cumgde
651 4089 877 4164 auribus
915 4089 1378 4164 Oculisque'facta
1417 4101 1563 4150 esset
1603 4095 1831 4150 mentio.

240 4164 382 4236 Nam
428 4161 697 4234 otalgicus
739 4163 966 4236 morbus
1001 4163 1071 4221 ad
1106 4161 1292 4236 aures,
1323 4164 1736 4236 ophthalmicus
1765 4165 1838 4222 ad

242 4233 1840 4329 229'°i.§?£°£a‘~_Eétf°i{£‘_2‘a16‘°“§.E“?.'b“sz.q“‘.?“£"

242 4303 346 4377 bus
385 4303 869 4377 doloremaffert.
920 4307 1060 4361 Nam
1106 4303 1213 4377 ὦτα
1256 4320 1417 4362 aures
1457 4303 1618 4372 sunt;
1669 4304 1836 4377 ἀλγέω

239 4374 402 4450 doleo
431 4395 456 4450 εΔ
475 4375 608 4432 inde
634 4375 932 4450 ᾤταλγικός.
961 4376 1380 4450 Ophthalmicus
1406 4393 1552 4448 vero,
1583 4374 1834 4446 morbus,

241 4459 339 4502 seu
365 4443 527 4501 dolor
554 4443 864 4504 oculorum.

312 4514 622 4602 ﬁfChira‘gra
657 4517 817 4602 dolor
839 4533 1133 4586 manuum,
1167 4519 1262 4602 qui
1276 4526 1357 4602 _et
1383 4519 1612 4602 mqrbus
1634 4519 1842 4602 articu-

241 4585 374 4658 laris
402 4585 625 4656 dicitur,
667 4588 810 4658 quod
840 4606 1072 4646 manum
1101 4585 1358 4646 articulos
1394 4590 1634 4647 infestet.
1669 4591 1837 4648 Unde

240 4656 492 4783 chirgger
517 4659 600 4714 vel
631 4656 990 4732 chiragricus,
1021 4661 1114 4734 qui
1145 4660 1453 4734 chiragram
1482 4661 1706 4734 patitur.

419 4728 588 4786 orbus
615 4731 820 4788 nedum
855 4730 987 4788 satis
1015 4739 1200 4788 notus.
1229 4747 1387 4788 senes
1421 4741 1518 4788 aut
1543 4733 1740 4788 divites
1782 4741 1839 4788 et

313 4745 328 4760 ·
363 4745 588 4786 morbus
615 4745 820 4802 penum
855 4745 987 4788 satis
1015 4745 1200 4800 notus,
1229 4747 1387 4788 senes
1421 4745 1518 4789 aut
1543 4745 1740 4790 σινιῑθε
1782 4745 1834 4788 et

241 4798 452 4881 otiosas
489 4802 760 4881 praecipue
798 4802 1097 4881 infestans,
1117 4811 1192 4881 et_
1205 4802 1488 4881 curatione
1527 4802 1834 4860 admodum

241 4867 504 4925 difﬁcilis:
529 4867 691 4928 Unde
721 4873 950 4930 Ovidius
982 4888 1036 4930 ιι
1066 4867 1132 4928 de
1159 4877 1332 4930 Ponto
1363 4893 1375 4928 :

431 4975 630 5026 Solvere
661 4978 898 5028 nodosam
925 4979 1078 5030 nescit
1108 4977 1342 5030 medicina
1366 4975 1645 5043 podagram.

237 5083 518 5152 Podagra,
559 5082 742 5155 inquit
770 5083 977 5140 Plinius
1011 5086 1150 5150 (Lib.
1192 5101 1342 5142 xxvr
1383 5103 1430 5141 c.
1478 5093 1583 5154 10),
1615 5089 1831 5144 morbus

227 5155 554 5224 peregrinus
575 5158 671 5210 est.
694 5157 833 5213 Nam
851 5156 901 5210 si
923 5157 1105 5210 Italae
1126 5157 1322 5224 fuisset
1343 5160 1666 5227 antiquitus,
1687 5161 1833 5214 Lati-

233 5239 379 5296 nam
389 5239 579 5280 nomen
599 5227 897 5282 invenisset.
921 5229 1040 5284 Non
1058 5230 1198 5282 enim
1221 5231 1408 5296 Roma,
1431 5244 1550 5283 cum
1563 5231 1830 5294 sudando,

231 5298 284 5350 et
303 5294 618 5358 laborando,
636 5302 687 5352 et
704 5300 846 5353 vires
867 5299 1174 5360 exercendo,
1195 5294 1426 5356 homines
1447 5301 1718 5363 vivebant,
1737 5302 1832 5356 hoc

230 5366 438 5442 malum
457 5371 698 5442 cognovit
724 5368 887 5438 (Vide
906 5370 1208 5426 Cassiodor.
1242 5372 1377 5425 Var.
1403 5371 1440 5426 ι.
1469 5385 1510 5426 x
1535 5373 1694 5442 epist.
1725 5377 1829 5440 29;

229 5435 497 5512 et_Sidon.
527 5437 564 5490 ι.
593 5450 670 5512 111
702 5435 857 5509 epist.
884 5445 912 5512 _1
923 5447 978 5512 3,
1011 5445 1062 5496 et
1089 5441 1196 5512 1.x
1222 5443 1379 5512 epist.
1413 5443 1523 5512 29).
1558 5435 1627 5500 ἱ).
1658 5435 1830 5499 etiam

233 5506 601 5580 Hieronymus
655 5506 972 5566 in'morbis'
1016 5519 1073 5567 et
1117 5506 1492 5568 incommodis
1532 5515 1830 5571 senectutis

231 5576 529 5659 podagram
569 5586 822 5659 recenset
852 5584 1096 5659 (Proaem.
1129 5584 1222 5639 lib.
1253 5598 1306 5639 11
1348 5584 1492 5640 Com.
1523 5586 1584 5640 in
1616 5587 1826 5659 Amos),

231 5649 548 5726 et_A_rist_ot.
576 5649 672 5705 lib.
704 5664 825 5706 vm
851 5651 1092 5726 Animal.
1120 5669 1242 5726 cap.
1273 5659 1366 5712 22.

299 5721 328 5760 ⁸
351 5722 710 5792 Pythagoras,
734 5727 876 5777 teste
900 5721 1086 5790 Suida,
1112 5721 1343 5782 hoininis
1362 5729 1604 5782 animam
1630 5729 1690 5782 in
1721 5732 1830 5784 tres

269 5795 414 5869 artes
446 5792 626 5869 dividi
649 5793 818 5869 diruit,
855 5797 996 5869 γοῦνξ
1023 5796 1217 5863 φρινάς,
1249 5797 1536 5869 καὶλουμόν.
1586 5799 1742 5856 Plato
1773 5799 1830 5856 in

277 5861 439 5920 immo
469 5861 604 5920 duas
624 5863 826 5920 animae
852 5861 1138 5922 facultates
1164 5866 1389 5925 rationis
1415 5861 1692 5944 expertes,
1725 5871 1830 5927 hoc

1866 4925 1917 4988 D

1949 3602 2172 3660 cibilem
2201 3602 2396 3674 (Arist.
2425 3619 2446 3660 1
2471 3605 2656 3668 Polit.,
2677 3602 2836 3673 Greg.
2861 3606 3018 3674 Nyss.
3051 3604 3144 3658 lib.
3173 3618 3236 3658 1v
3266 3605 3467 3660 Philas.
3491 3621 3538 3660 c.

1949 3679 2040 3742 8t,
2070 3680 2321 3732 Damasc.
2364 3675 2460 3730 lib.
2506 3690 2552 3730 11
2591 3675 2724 3731 Fide
2759 3675 2969 3730 orthod.
3000 3691 3045 3730 c.
3088 3680 3170 3740 12,
3201 3676 3257 3731 S.
3305 3676 3487 3730 Thom.
3521 3691 3545 3732 1

1941 3751 2095 3816 part.
2127 3763 2182 3818 q.
2211 3751 2272 3802 8|
2301 3751 2406 3801 art.
2435 3750 2468 3800 2
2493 3751 2547 3818 et
2572 3746 2643 3812 3).
2670 3745 3027 3818 Quiquidem
3052 3745 3152 3801 etsi
3177 3744 3388 3818 homini
3412 3760 3542 3818 cum

1951 3814 2480 3873 brutis—communes
2509 3817 2634 3884 sint,
2682 3814 2918 3872 multum
2956 3823 3144 3871 tamen
3171 3814 3445 3872 differunt
3481 3815 3538 3871 in

1951 3887 2179 3972 homine
2201 3889 2337 3944 etin
2367 3887 2560 3972 brutis.
2587 3886 2872 3972 Siquidem
2900 3887 2954 3942 in
2980 3885 3209 3972 homine
3236 3885 3338 3941 etsi
3365 3900 3460 3972 per
3485 3901 3545 3972 se

1947 3960 2246 4016 rationales
2279 3973 2391 4014 non
2420 3959 2554 4025 sint,
2583 3957 2785 4016 rationi
2815 3966 3004 4014 tamen
3031 3957 3443 4028 obtemperant,
3482 3965 3540 4013 et

1947 4028 2016 4084 ab
2041 4031 2238 4100 ear-egi
2268 4038 2500 4099 possunt
2523 4038 2581 4085 et
2605 4029 2832 4100 debent,
2856 4045 2968 4100 non
2989 4028 3213 4100 quidem
3228 4027 3542 4100 ’despotico,

1946 4106 2012 4154 ut
2041 4097 2120 4154 illi
2147 4097 2550 4169 loquuntur,et
2569 4097 2822 4169 absoluto
2847 4097 3161 4169 dominatu,
3193 4098 3288 4169 sed
3318 4097 3541 4169 politico

1949 4177 2002 4224 et
2028 4169 2191 4226 civili.
2218 4167 2567 4240 'Quarc‘vitia
2596 4183 2720 4240 quae
2745 4168 2834 4224 hic
2861 4171 3074 4224 Auctor
3101 4167 3305 4240 eisdem
3319 4167 3545 4240 tribuit,

1947 4255 2059 4296 non
2081 4248 2200 4296 tam
2223 4237 2348 4296 vitia
2371 4237 2599 4311 dicenda
2613 4237 2770 4311 sunt,
2793 4255 2972 4311 quam
2987 4238 3262 4311 naturales
3285 4239 3540 4311 quaedam

1949 4311 2237 4382 passiones
2277 4317 2374 4366 aut
2413 4308 2828 4382 inclinationes,
2861 4308 3060 4382 quibus
3093 4310 3233 4382 bene
3280 4308 3365 4382 vel
3398 4312 3542 4367 male

1947 4380 2024 4436 uti
2055 4396 2366 4454 possumus,
2397 4381 2504 4454 nisi
2533 4390 2803 4454 quatenus
2831 4380 2912 4437 vel
2952 4380 3147 4454 rationi
3176 4380 3542 4454 recalcitrant,

1947 4451 2300 4526 aut'eamgad
2329 4467 2429 4508 sua
2457 4451 2670 4526 objecta
2700 4453 2916 4524 oblique
2945 4451 3190 4508 trahunt.
3223 4452 3330 4509 Sed
3359 4451 3426 4510 de
3457 4451 3543 4510 bis

1949 4522 2069 4596 vide
2097 4527 2161 4596 S.
2185 4523 2458 4596 Thomam
2492 4522 2576 4596 1Z2
2608 4540 2662 4596 q.
2695 4529 2764 4580 22
2791 4522 2846 4580 et
2873 4539 2988 4596 seq.

2019 4587 2047 4666 Ρ
2074 4595 2428 4666 Tripartitam
2459 4587 2660 4652 anima:
2697 4587 2999 4666 rationalis
3025 4595 3291 4666 virtutem
3317 4608 3415 4666 seu
3456 4593 3544 4666 fa-

1948 4663 2211 4722 cultatem
2253 4666 2546 4722 Ciaconius
2583 4668 2776 4724 Graece
2801 4668 2858 4723 in
2883 4665 3158 4721 Vaticanis
3193 4663 3318 4720 cod.
3351 4664 3422 4718 ita
3453 4663 3540 4719 in-

1947 4744 2166 4810 ventam
2197 4737 2676 4810 r_eposuit._Quem‘
2691 4737 2924 4793 libenter
2946 4735 3356 4810 secuti_sum_us,
3377 4743 3539 4810 atque

1949 4822 2014 4863 eo
2045 4804 2308 4880 libentius
2336 4806 2485 4880 quod
2499 4804 2583 4880 AD.
2611 4807 2988 4880 Hieronymus
3010 4804 3230 4880 easdem
3254 4804 3542 4880 facultates

1947 4893 2042 4950 seu
2065 4877 2340 4950 potentias
2352 4875 2774 4950 '(additatamen
2799 4875 3014 4950 quarta)
3040 4875 3239 4950 iisdem
3265 4876 3541 4950 vocabulis

1945 4947 2155 5031 Graecis
2183 4963 2466 5021 expressas
2485 4948 2789 5031 reliquerit,
2820 4947 3288 5031 dqm__interalias
3315 4947 3540 5031 cfposi:

1941 5019 2114 5102 tiones
2141 5017 2376 5102 quatuor
2413 5017 2736 5102 animalium
2765 5019 2910 5102 apud
2941 5018 3281 5102 Ezechielem
3311 5017 3464 5102 (cap.
3493 5017 3543 5102 1)

1942 5104 1974 5145 a
2031 5090 2254 5147 diversis
2305 5090 2624 5146 auctoribus
2666 5090 2915 5157 traditas,
2962 5091 3101 5146 hanc
3143 5090 3306 5146 etiam
3347 5090 3534 5144 refert.

1942 5162 2362 5232 PIeﬁquejua'ta
2373 5163 2648 5218 Platonem
2657 5163 2924 5218 rationale
2932 5165 3131 5217 animae
3142 5165 3194 5216 et
3205 5161 3538 5232 irascitivum

1941 5237 1993 5287 et
2009 5228 2492 5304 concipiscitivum,
2516 5233 2658 5304 quod
2677 5234 2768 5289 ille
2785 5233 2992 5304 λογικόν
3011 5237 3062 5288 et
3081 5231 3285 5302 Θυμιχόν
3311 5233 3360 5304 et
3380 5228 3537 5283 ἐπιθυ-

1943 5305 2148 5375 μητικόν
2160 5302 2330 5368 vocat,
2341 5304 2416 5360 ad
2427 5302 2689 5360 horninem
2698 5310 2748 5360 et
2759 5302 2955 5360 leonem
2965 5319 3026 5358 ac
3033 5305 3258 5375 vitulum
3268 5302 3536 5368 referunt;

1942 5374 2228 5446 rationem,
2245 5380 2296 5431 et
2309 5377 2678 5446 cognitionem,
2691 5380 2742 5430 et
2755 5380 2998 5437 mentem,
3017 5378 3069 5429 et
3082 5374 3382 5436 consilium,
3397 5387 3538 5427 eam-

1941 5445 2160 5516 demque
2169 5445 2423 5501 virtutem
2431 5453 2594 5517 atque
2606 5449 2928 5518 sapientiam
2939 5448 2997 5500 in
3006 5446 3208 5500 cerebri
3217 5459 3338 5518 arce
3342 5459 3538 5518 ponen-

1943 5520 2018 5572 tes
2039 5535 2056 5572 :
2076 5519 2352 5585 feritatem
2371 5533 2514 5580 vero,
2533 5523 2586 5574 et
2600 5517 2946 5573 iracundiam
2966 5521 3129 5586 atque
3146 5517 3455 5570 violentiam
3477 5517 3536 5570 in

1881 5620 1900 5638 ι
1941 5589 2104 5652 leone,
2124 5595 2264 5658 quae
2291 5591 2546 5644 consistat
2567 5591 2626 5643 in
2653 5590 2809 5658 felle;
2833 5605 2996 5660 porro
3039 5587 3332 5660 libidinem,
3365 5587 3524 5660 luxu:

1940 5661 2083 5714 riam
2111 5663 2163 5714 et
2202 5661 2440 5714 omnium
2467 5661 2803 5730 voluptatum
2831 5658 3138 5730 cupidinem
3165 5661 3224 5714 in
3243 5659 3439 5728 jecore,
3473 5658 3532 5712 id

1939 5735 2037 5794 est,
2059 5732 2116 5784 in
2136 5731 2326 5794 vitulo,
2355 5733 2454 5802 qui
2479 5736 2637 5786 terra:
2663 5731 2910 5802 operibus
2935 5733 3210 5786 inhaereat.
3242 5731 3535 5797 Quartam-

1937 5817 2040 5872 que
2047 5806 2272 5872 ponunt,
2291 5815 2412 5871 qua:
2429 5817 2590 5872 super
2607 5803 2736 5866 haec,
2760 5807 2810 5858 et
2822 5807 2983 5858 extra
2998 5803 3108 5857 Ιιωο
3125 5803 3233 5856 tria
3245 5804 3342 5867 est,
3359 5813 3530 5872 quam

1939 5870 2115 5931 Grtici
2134 5870 2324 5928 vocant
2351 5870 2664 5944 συντήρησιν,
2697 5889 2820 5945 quin
2845 5874 3083 5930 scintilla
3113 5871 3442 5928 conscientiae
3471 5870 3530 5922 in
