  <div class='ocr_page' id='page_1' title='image "/cluster/home/n/w/nwhite01/storage/ocr_20150623/49/hvd.32044096580709/661.png"; bbox 0 0 4040 6194; ppageno 0'>
   <div class='ocr_carea' id='block_1_1' title="bbox 398 5754 867 5831">
    <p class='ocr_par' dir='ltr' id='par_1_1' title="bbox 398 5754 867 5831">
     <span class='ocr_line' id='line_1_1' title="bbox 398 5754 867 5831; baseline 0.009 -21"><span class='ocrx_word' id='word_1_1' title='bbox 398 5760 411 5771; x_wconf 77' lang='grc'><em>”</em></span> <span class='ocrx_word' id='word_1_2' title='bbox 519 5754 714 5831; x_wconf 66' lang='lat' dir='ltr'><strong>iratus,</strong></span> <span class='ocrx_word' id='word_1_3' title='bbox 758 5760 867 5831; x_wconf 89' lang='lat' dir='ltr'><strong>regi</strong></span> 
     </span>
    </p>
   </div>
   <div class='ocr_carea' id='block_1_2' title="bbox 502 254 635 310">
    <p class='ocr_par' dir='ltr' id='par_1_2' title="bbox 502 254 635 310">
     <span class='ocr_line' id='line_1_2' title="bbox 502 254 635 310; baseline 0 -1"><span class='ocrx_word' id='word_1_4' title='bbox 502 257 522 309; x_wconf 77' lang='lat' dir='ltr'><strong>l</strong></span> <span class='ocrx_word' id='word_1_5' title='bbox 535 254 635 310; x_wconf 84' lang='lat'><strong>307</strong></span> 
     </span>
    </p>
   </div>
   <div class='ocr_carea' id='block_1_3' title="bbox 1579 258 2723 318">
    <p class='ocr_par' dir='ltr' id='par_1_3' title="bbox 1579 258 2723 318">
     <span class='ocr_line' id='line_1_3' title="bbox 1579 258 2723 318; baseline 0.001 -2"><span class='ocrx_word' id='word_1_6' title='bbox 1579 259 1861 318; x_wconf 76' lang='lat' dir='ltr'><strong>JOANNIS</strong></span> <span class='ocrx_word' id='word_1_7' title='bbox 1896 259 2199 318; x_wconf 77' lang='lat' dir='ltr'><strong>CASSIANI</strong></span> <span class='ocrx_word' id='word_1_8' title='bbox 2236 258 2723 317; x_wconf 74' lang='lat' dir='ltr'><strong>COLLATIONES.</strong></span> 
     </span>
    </p>
   </div>
   <div class='ocr_carea' id='block_1_4' title="bbox 3687 269 3829 324">
    <p class='ocr_par' dir='ltr' id='par_1_4' title="bbox 3687 269 3829 324">
     <span class='ocr_line' id='line_1_4' title="bbox 3687 269 3829 324; baseline 0.028 -4"><span class='ocrx_word' id='word_1_9' title='bbox 3687 269 3829 324; x_wconf 72' lang='grc'><strong>1308</strong></span> 
     </span>
    </p>
   </div>
   <div class='ocr_carea' id='block_1_5' title="bbox 501 381 3829 460">
    <p class='ocr_par' dir='ltr' id='par_1_5' title="bbox 501 381 3829 460">
     <span class='ocr_line' id='line_1_5' title="bbox 501 381 3829 460; baseline 0.001 -21"><span class='ocrx_word' id='word_1_10' title='bbox 501 381 560 439; x_wconf 99' lang='lat' dir='ltr'><strong>id</strong></span> <span class='ocrx_word' id='word_1_11' title='bbox 584 390 686 452; x_wconf 88' lang='lat' dir='ltr'><strong>est,</strong></span> <span class='ocrx_word' id='word_1_12' title='bbox 715 383 1076 452; x_wconf 88' lang='lat' dir='ltr'><strong>rationabile,‘</strong></span> <span class='ocrx_word' id='word_1_13' title='bbox 1090 393 1187 442; x_wconf 92' lang='lat' dir='ltr'><strong>aut</strong></span> <span class='ocrx_word' id='word_1_14' title='bbox 1209 385 1439 458; x_wconf 81' lang='grc' dir='ltr'><strong>θυμικόν,</strong></span> <span class='ocrx_word' id='word_1_15' title='bbox 1471 387 1527 445; x_wconf 93' lang='lat' dir='ltr'><strong>id</strong></span> <span class='ocrx_word' id='word_1_16' title='bbox 1553 397 1656 458; x_wconf 91' lang='lat' dir='ltr'><strong>est,</strong></span> <span class='ocrx_word' id='word_1_17' title='bbox 1683 389 1978 460; x_wconf 86' lang='lat' dir='ltr'><strong>irascibile,</strong></span> <span class='ocrx_word' id='word_1_18' title='bbox 2003 397 2101 445; x_wconf 88' lang='lat' dir='ltr'><strong>aut</strong></span> <span class='ocrx_word' id='word_1_19' title='bbox 2128 388 2184 452; x_wconf 78' lang='grc' dir='ltr'><strong>Α</strong></span> <span class='ocrx_word' id='word_1_20' title='bbox 2210 394 2357 454; x_wconf 71' lang='lat' dir='ltr'><strong>strae,</strong></span> <span class='ocrx_word' id='word_1_21' title='bbox 2406 400 2577 458; x_wconf 84' lang='lat' dir='ltr'><strong>quam</strong></span> <span class='ocrx_word' id='word_1_22' title='bbox 2623 383 2925 457; x_wconf 69' lang='lat' dir='ltr'><strong>specialiter</strong></span> <span class='ocrx_word' id='word_1_23' title='bbox 2969 381 3207 439; x_wconf 74' lang='lat' dir='ltr'><strong>diximus</strong></span> <span class='ocrx_word' id='word_1_24' title='bbox 3258 383 3630 451; x_wconf 75' lang='lat' dir='ltr'><strong>vulneratam,</strong></span> <span class='ocrx_word' id='word_1_25' title='bbox 3675 404 3829 447; x_wconf 67' lang='lat' dir='ltr'><strong>verm</strong></span> 
     </span>
    </p>
   </div>
   <div class='ocr_carea' id='block_1_6' title="bbox 506 476 2106 559">
    <p class='ocr_par' dir='ltr' id='par_1_6' title="bbox 506 476 2106 559">
     <span class='ocr_line' id='line_1_6' title="bbox 506 476 2106 559; baseline 0.008 -31"><span class='ocrx_word' id='word_1_26' title='bbox 506 476 878 549; x_wconf 76' lang='grc' dir='ltr'><strong>ὶπιθυμητιχόν,</strong></span> <span class='ocrx_word' id='word_1_27' title='bbox 919 479 975 536; x_wconf 91' lang='lat' dir='ltr'><strong>id</strong></span> <span class='ocrx_word' id='word_1_28' title='bbox 1009 487 1114 551; x_wconf 87' lang='lat' dir='ltr'><strong>est,</strong></span> <span class='ocrx_word' id='word_1_29' title='bbox 1152 482 1571 556; x_wconf 86' lang='lat' dir='ltr'><strong>concupiscibile</strong></span> <span class='ocrx_word' id='word_1_30' title='bbox 1604 486 1741 559; x_wconf 85' lang='lat' dir='ltr'><strong>ejus,</strong></span> <span class='ocrx_word' id='word_1_31' title='bbox 1771 485 1955 558; x_wconf 91' lang='lat' dir='ltr'><strong>aliquo</strong></span> <span class='ocrx_word' id='word_1_32' title='bbox 1983 499 2106 541; x_wconf 88' lang='lat' dir='ltr'><strong>cor-</strong></span> 
     </span>
    </p>
   </div>
   <div class='ocr_carea' id='block_1_7' title="bbox 506 572 2105 651">
    <p class='ocr_par' dir='ltr' id='par_1_7' title="bbox 506 572 2105 651">
     <span class='ocr_line' id='line_1_7' title="bbox 506 572 2105 651; baseline 0.005 -24"><span class='ocrx_word' id='word_1_33' title='bbox 506 579 802 644; x_wconf 86' lang='lat' dir='ltr'><strong>rumpatur</strong></span> <span class='ocrx_word' id='word_1_34' title='bbox 827 572 1070 631; x_wconf 82' lang='lat' dir='ltr'><strong>incursu.</strong></span> <span class='ocrx_word' id='word_1_35' title='bbox 1102 574 1240 631; x_wconf 91' lang='lat' dir='ltr'><strong>Cum</strong></span> <span class='ocrx_word' id='word_1_36' title='bbox 1267 591 1397 650; x_wconf 90' lang='lat' dir='ltr'><strong>ergo</strong></span> <span class='ocrx_word' id='word_1_37' title='bbox 1422 577 1656 651; x_wconf 86' lang='lat' dir='ltr'><strong>aliquem</strong></span> <span class='ocrx_word' id='word_1_38' title='bbox 1687 595 1753 635; x_wconf 90' lang='lat' dir='ltr'><strong>ex</strong></span> <span class='ocrx_word' id='word_1_39' title='bbox 1782 579 1872 636; x_wconf 90' lang='lat' dir='ltr'><strong>his</strong></span> <span class='ocrx_word' id='word_1_40' title='bbox 1897 577 2105 635; x_wconf 88' lang='lat' dir='ltr'><strong>affecti-</strong></span> 
     </span>
    </p>
   </div>
   <div class='ocr_carea' id='block_1_8' title="bbox 501 662 2106 745">
    <p class='ocr_par' dir='ltr' id='par_1_8' title="bbox 501 662 2106 745">
     <span class='ocr_line' id='line_1_8' title="bbox 501 662 2106 745; baseline 0.006 -26"><span class='ocrx_word' id='word_1_41' title='bbox 501 662 605 720; x_wconf 89' lang='lat' dir='ltr'><strong>bus</strong></span> <span class='ocrx_word' id='word_1_42' title='bbox 630 664 709 720; x_wconf 91' lang='lat' dir='ltr'><strong>vis</strong></span> <span class='ocrx_word' id='word_1_43' title='bbox 744 664 919 721; x_wconf 70' lang='lat' dir='ltr'><strong>noxia:</strong></span> <span class='ocrx_word' id='word_1_44' title='bbox 960 665 1232 725; x_wconf 86' lang='lat' dir='ltr'><strong>obsederit</strong></span> <span class='ocrx_word' id='word_1_45' title='bbox 1264 670 1550 742; x_wconf 83' lang='lat' dir='ltr'><strong>passionis,</strong></span> <span class='ocrx_word' id='word_1_46' title='bbox 1596 687 1694 745; x_wconf 92' lang='lat' dir='ltr'><strong>pro</strong></span> <span class='ocrx_word' id='word_1_47' title='bbox 1738 672 1886 729; x_wconf 91' lang='lat' dir='ltr'><strong>illius</strong></span> <span class='ocrx_word' id='word_1_48' title='bbox 1927 672 2106 729; x_wconf 87' lang='lat' dir='ltr'><strong>causis</strong></span> 
     </span>
    </p>
   </div>
   <div class='ocr_carea' id='block_1_9' title="bbox 506 756 2105 835">
    <p class='ocr_par' dir='ltr' id='par_1_9' title="bbox 506 756 2105 835">
     <span class='ocr_line' id='line_1_9' title="bbox 506 756 2105 835; baseline 0.006 -22"><span class='ocrx_word' id='word_1_49' title='bbox 506 756 671 814; x_wconf 90' lang='lat' dir='ltr'><strong>etiam</strong></span> <span class='ocrx_word' id='word_1_50' title='bbox 708 758 838 815; x_wconf 88' lang='lat' dir='ltr'><strong>vitio</strong></span> <span class='ocrx_word' id='word_1_51' title='bbox 874 774 1079 817; x_wconf 87' lang='lat' dir='ltr'><strong>nomen</strong></span> <span class='ocrx_word' id='word_1_52' title='bbox 1115 760 1436 835; x_wconf 86' lang='lat' dir='ltr'><strong>imponitur.</strong></span> <span class='ocrx_word' id='word_1_53' title='bbox 1470 768 1615 822; x_wconf 86' lang='lat' dir='ltr'><strong>Nam</strong></span> <span class='ocrx_word' id='word_1_54' title='bbox 1642 767 1688 822; x_wconf 89' lang='lat' dir='ltr'><strong>si</strong></span> <span class='ocrx_word' id='word_1_55' title='bbox 1717 766 2105 823; x_wconf 79' lang='lat' dir='ltr'><strong>rationabilem</strong></span> 
     </span>
    </p>
   </div>
   <div class='ocr_carea' id='block_1_10' title="bbox 514 846 2102 928">
    <p class='ocr_par' dir='ltr' id='par_1_10' title="bbox 514 846 2102 928">
     <span class='ocr_line' id='line_1_10' title="bbox 514 846 2102 928; baseline 0.007 -24"><span class='ocrx_word' id='word_1_56' title='bbox 514 846 627 919; x_wconf 86' lang='lat' dir='ltr'><strong>ejus</strong></span> <span class='ocrx_word' id='word_1_57' title='bbox 675 858 892 922; x_wconf 88' lang='lat' dir='ltr'><strong>partem</strong></span> <span class='ocrx_word' id='word_1_58' title='bbox 926 852 1185 911; x_wconf 87' lang='lat' dir='ltr'><strong>vitiorum</strong></span> <span class='ocrx_word' id='word_1_59' title='bbox 1232 855 1400 928; x_wconf 87' lang='lat' dir='ltr'><strong>pestis</strong></span> <span class='ocrx_word' id='word_1_60' title='bbox 1442 856 1711 927; x_wconf 81' lang='lat' dir='ltr'><strong>infecerit,</strong></span> <span class='ocrx_word' id='word_1_61' title='bbox 1764 858 2102 928; x_wconf 72' lang='lat' dir='ltr'><strong>cenodoxiaa,</strong></span> 
     </span>
    </p>
   </div>
   <div class='ocr_carea' id='block_1_11' title="bbox 503 942 2105 1024">
    <p class='ocr_par' dir='ltr' id='par_1_11' title="bbox 503 942 2105 1024">
     <span class='ocr_line' id='line_1_11' title="bbox 503 942 2105 1024; baseline 0.006 -26"><span class='ocrx_word' id='word_1_62' title='bbox 503 942 775 1013; x_wconf 86' lang='lat' dir='ltr'><strong>elationis,</strong></span> <span class='ocrx_word' id='word_1_63' title='bbox 823 946 1065 1014; x_wconf 61' lang='lat' dir='ltr'><strong>invidia),</strong></span> <span class='ocrx_word' id='word_1_64' title='bbox 1111 950 1403 1022; x_wconf 58' lang='lat' dir='ltr'><strong>superbia,</strong></span> <span class='ocrx_word' id='word_1_65' title='bbox 1461 952 1921 1024; x_wconf 71' lang='lat' dir='ltr'><strong>praesumptionis,</strong></span> <span class='ocrx_word' id='word_1_66' title='bbox 1968 968 2105 1009; x_wconf 90' lang='lat' dir='ltr'><strong>con-</strong></span> 
     </span>
    </p>
   </div>
   <div class='ocr_carea' id='block_1_12' title="bbox 503 1038 2104 1117">
    <p class='ocr_par' dir='ltr' id='par_1_12' title="bbox 503 1038 2104 1117">
     <span class='ocr_line' id='line_1_12' title="bbox 503 1038 2104 1117; baseline 0.005 -24"><span class='ocrx_word' id='word_1_67' title='bbox 503 1038 781 1109; x_wconf 90' lang='lat' dir='ltr'><strong>tentionis,</strong></span> <span class='ocrx_word' id='word_1_68' title='bbox 823 1040 1097 1099; x_wconf 68' lang='lat' dir='ltr'><strong>haereseos</strong></span> <span class='ocrx_word' id='word_1_69' title='bbox 1136 1044 1269 1101; x_wconf 90' lang='lat' dir='ltr'><strong>vitia</strong></span> <span class='ocrx_word' id='word_1_70' title='bbox 1314 1046 1639 1117; x_wconf 90' lang='lat' dir='ltr'><strong>procreabit.</strong></span> <span class='ocrx_word' id='word_1_71' title='bbox 1670 1048 1726 1103; x_wconf 90' lang='lat' dir='ltr'><strong>Si</strong></span> <span class='ocrx_word' id='word_1_72' title='bbox 1771 1046 2104 1103; x_wconf 90' lang='lat' dir='ltr'><strong>irascibilem</strong></span> 
     </span>
    </p>
   </div>
   <div class='ocr_carea' id='block_1_13' title="bbox 505 1131 2106 1212">
    <p class='ocr_par' dir='ltr' id='par_1_13' title="bbox 505 1131 2106 1212">
     <span class='ocr_line' id='line_1_13' title="bbox 505 1131 2106 1212; baseline 0.005 -27"><span class='ocrx_word' id='word_1_73' title='bbox 505 1131 875 1190; x_wconf 89' lang='lat' dir='ltr'><strong>vulneraverit</strong></span> <span class='ocrx_word' id='word_1_74' title='bbox 902 1151 1151 1206; x_wconf 85' lang='lat' dir='ltr'><strong>sensum,</strong></span> <span class='ocrx_word' id='word_1_75' title='bbox 1175 1136 1449 1207; x_wconf 91' lang='lat' dir='ltr'><strong>furorem,</strong></span> <span class='ocrx_word' id='word_1_76' title='bbox 1481 1139 1901 1212; x_wconf 89' lang='lat' dir='ltr'><strong>impatientiam,</strong></span> <span class='ocrx_word' id='word_1_77' title='bbox 1936 1138 2106 1194; x_wconf 88' lang='lat' dir='ltr'><strong>tristi-</strong></span> 
     </span>
    </p>
   </div>
   <div class='ocr_carea' id='block_1_14' title="bbox 507 1224 2103 1305">
    <p class='ocr_par' dir='ltr' id='par_1_14' title="bbox 507 1224 2103 1305">
     <span class='ocr_line' id='line_1_14' title="bbox 507 1224 2103 1305; baseline 0.005 -25"><span class='ocrx_word' id='word_1_78' title='bbox 507 1224 663 1295; x_wconf 90' lang='lat' dir='ltr'><strong>tiam,</strong></span> <span class='ocrx_word' id='word_1_79' title='bbox 687 1227 956 1298; x_wconf 88' lang='lat' dir='ltr'><strong>acediam,</strong></span> <span class='ocrx_word' id='word_1_80' title='bbox 985 1231 1521 1301; x_wconf 88' lang='lat' dir='ltr'><strong>pusillanimitatem,</strong></span> <span class='ocrx_word' id='word_1_81' title='bbox 1554 1232 1941 1290; x_wconf 84' lang='lat' dir='ltr'><strong>crudelitatem</strong></span> <span class='ocrx_word' id='word_1_82' title='bbox 1972 1248 2103 1305; x_wconf 88' lang='lat' dir='ltr'><strong>par-</strong></span> 
     </span>
    </p>
   </div>
   <div class='ocr_carea' id='block_1_15' title="bbox 506 1318 2100 1399">
    <p class='ocr_par' dir='ltr' id='par_1_15' title="bbox 506 1318 2100 1399">
     <span class='ocr_line' id='line_1_15' title="bbox 506 1318 2100 1399; baseline 0.008 -27"><span class='ocrx_word' id='word_1_83' title='bbox 506 1318 691 1374; x_wconf 87' lang='lat' dir='ltr'><strong>turiet.</strong></span> <span class='ocrx_word' id='word_1_84' title='bbox 755 1319 809 1374; x_wconf 92' lang='lat' dir='ltr'><strong>Si</strong></span> <span class='ocrx_word' id='word_1_85' title='bbox 873 1322 1357 1393; x_wconf 90' lang='lat' dir='ltr'><strong>concupiscibilem</strong></span> <span class='ocrx_word' id='word_1_86' title='bbox 1406 1327 1716 1397; x_wconf 87' lang='lat' dir='ltr'><strong>corruperit</strong></span> <span class='ocrx_word' id='word_1_87' title='bbox 1769 1328 2100 1399; x_wconf 87' lang='lat' dir='ltr'><strong>portionem,</strong></span> 
     </span>
    </p>
   </div>
   <div class='ocr_carea' id='block_1_16' title="bbox 505 1411 2101 1493">
    <p class='ocr_par' dir='ltr' id='par_1_16' title="bbox 505 1411 2101 1493">
     <span class='ocr_line' id='line_1_16' title="bbox 505 1411 2101 1493; baseline 0.008 -27"><span class='ocrx_word' id='word_1_88' title='bbox 505 1411 959 1485; x_wconf 90' lang='lat' dir='ltr'><strong>gastrimargiam,</strong></span> <span class='ocrx_word' id='word_1_89' title='bbox 989 1412 1440 1487; x_wconf 85' lang='lat' dir='ltr'><strong>fornicationem,</strong></span> <span class='ocrx_word' id='word_1_90' title='bbox 1467 1419 1898 1493; x_wconf 87' lang='lat' dir='ltr'><strong>phylargyriam,</strong></span> <span class='ocrx_word' id='word_1_91' title='bbox 1923 1421 2101 1478; x_wconf 89' lang='lat' dir='ltr'><strong>avari-</strong></span> 
     </span>
    </p>
   </div>
   <div class='ocr_carea' id='block_1_17' title="bbox 507 1504 1924 1588">
    <p class='ocr_par' dir='ltr' id='par_1_17' title="bbox 507 1504 1924 1588">
     <span class='ocr_line' id='line_1_17' title="bbox 507 1504 1924 1588; baseline 0.009 -29"><span class='ocrx_word' id='word_1_92' title='bbox 507 1504 639 1560; x_wconf 90' lang='lat' dir='ltr'><strong>tiam</strong></span> <span class='ocrx_word' id='word_1_93' title='bbox 675 1514 729 1561; x_wconf 91' lang='lat' dir='ltr'><strong>et</strong></span> <span class='ocrx_word' id='word_1_94' title='bbox 750 1505 1020 1564; x_wconf 89' lang='lat' dir='ltr'><strong>desideria</strong></span> <span class='ocrx_word' id='word_1_95' title='bbox 1047 1509 1210 1567; x_wconf 88' lang='lat' dir='ltr'><strong>noxia</strong></span> <span class='ocrx_word' id='word_1_96' title='bbox 1238 1519 1557 1586; x_wconf 90' lang='lat' dir='ltr'><strong>terrenaque</strong></span> <span class='ocrx_word' id='word_1_97' title='bbox 1578 1515 1924 1588; x_wconf 88' lang='lat' dir='ltr'><strong>germinabit.</strong></span> 
     </span>
    </p>
   </div>
   <div class='ocr_carea' id='block_1_18' title="bbox 1091 1612 1524 1672">
    <p class='ocr_par' dir='ltr' id='par_1_18' title="bbox 1091 1612 1524 1672">
     <span class='ocr_line' id='line_1_18' title="bbox 1091 1612 1524 1672; baseline 0.009 -5"><span class='ocrx_word' id='word_1_98' title='bbox 1091 1612 1333 1671; x_wconf 84' lang='lat' dir='ltr'><strong>CAPUT</strong></span> <span class='ocrx_word' id='word_1_99' title='bbox 1368 1616 1524 1672; x_wconf 82' lang='lat' dir='ltr'><strong>XVI.</strong></span> 
     </span>
    </p>
   </div>
   <div class='ocr_carea' id='block_1_19' title="bbox 507 1703 2104 1838">
    <p class='ocr_par' dir='ltr' id='par_1_19' title="bbox 507 1703 2104 1838">
     <span class='ocr_line' id='line_1_19' title="bbox 507 1703 2104 1838; baseline 0.009 -79"><span class='ocrx_word' id='word_1_100' title='bbox 507 1703 827 1777; x_wconf 86' lang='lat' dir='ltr'><strong>Corruptam</strong></span> <span class='ocrx_word' id='word_1_101' title='bbox 851 1711 1381 1838; x_wconf 72' lang='lat' dir='ltr'><strong>rationalemdanimte</strong></span> <span class='ocrx_word' id='word_1_102' title='bbox 1393 1719 1607 1783; x_wconf 88' lang='lat' dir='ltr'><strong>partem</strong></span> <span class='ocrx_word' id='word_1_103' title='bbox 1623 1717 1894 1788; x_wconf 84' lang='lat' dir='ltr'><strong>principio</strong></span> <span class='ocrx_word' id='word_1_104' title='bbox 1916 1732 2104 1774; x_wconf 84' lang='lat' dir='ltr'><strong>curan-</strong></span> 
     </span>
     <span class='ocr_line' id='line_1_20' title="bbox 1197 1799 1438 1838; baseline 0.004 -1"><span class='ocrx_word' id='word_1_105' title='bbox 1197 1799 1287 1838; x_wconf 87' lang='lat' dir='ltr'><strong>am</strong></span> <span class='ocrx_word' id='word_1_106' title='bbox 1312 1800 1438 1838; x_wconf 86' lang='lat' dir='ltr'><strong>esse.</strong></span> 
     </span>
    </p>
   </div>
   <div class='ocr_carea' id='block_1_20' title="bbox 1197 1799 1438 1840">
    <p class='ocr_par' dir='ltr' id='par_1_20' title="bbox 1197 1799 1438 1840">
     <span class='ocr_line' id='line_1_21' title="bbox 1197 1799 1438 1840; baseline 0.012 -3"><span class='ocrx_word' id='word_1_107' title='bbox 1197 1799 1287 1838; x_wconf 87' lang='lat' dir='ltr'><strong>am</strong></span> <span class='ocrx_word' id='word_1_108' title='bbox 1312 1800 1438 1840; x_wconf 76' lang='lat'><strong>0888.</strong></span> 
     </span>
    </p>
   </div>
   <div class='ocr_carea' id='block_1_21' title="bbox 580 1877 2108 1960">
    <p class='ocr_par' dir='ltr' id='par_1_21' title="bbox 580 1877 2108 1960">
     <span class='ocr_line' id='line_1_22' title="bbox 580 1877 2108 1960; baseline 0.009 -28"><span class='ocrx_word' id='word_1_109' title='bbox 580 1879 651 1934; x_wconf 85' lang='lat' dir='ltr'><strong>Et</strong></span> <span class='ocrx_word' id='word_1_110' title='bbox 677 1877 882 1936; x_wconf 90' lang='lat' dir='ltr'><strong>idcirco</strong></span> <span class='ocrx_word' id='word_1_111' title='bbox 913 1881 959 1937; x_wconf 88' lang='lat' dir='ltr'><strong>si</strong></span> <span class='ocrx_word' id='word_1_112' title='bbox 992 1880 1196 1939; x_wconf 91' lang='lat' dir='ltr'><strong>fontem</strong></span> <span class='ocrx_word' id='word_1_113' title='bbox 1221 1884 1334 1941; x_wconf 84' lang='lat' dir='ltr'><strong>vitii</strong></span> <span class='ocrx_word' id='word_1_114' title='bbox 1367 1884 1531 1959; x_wconf 88' lang='lat' dir='ltr'><strong>hujus</strong></span> <span class='ocrx_word' id='word_1_115' title='bbox 1557 1894 1612 1942; x_wconf 87' lang='lat' dir='ltr'><strong>et</strong></span> <span class='ocrx_word' id='word_1_116' title='bbox 1636 1888 1916 1960; x_wconf 86' lang='lat' dir='ltr'><strong>originem</strong></span> <span class='ocrx_word' id='word_1_117' title='bbox 1942 1889 2108 1946; x_wconf 89' lang='lat' dir='ltr'><strong>vultis</strong></span> 
     </span>
    </p>
   </div>
   <div class='ocr_carea' id='block_1_22' title="bbox 508 1976 2108 2055">
    <p class='ocr_par' dir='ltr' id='par_1_22' title="bbox 508 1976 2108 2055">
     <span class='ocr_line' id='line_1_23' title="bbox 508 1976 2108 2055; baseline 0.009 -28"><span class='ocrx_word' id='word_1_118' title='bbox 508 1986 825 2044; x_wconf 77' lang='lat' dir='ltr'><strong>agnoscere,</strong></span> <span class='ocrx_word' id='word_1_119' title='bbox 849 1976 1235 2035; x_wconf 90' lang='lat' dir='ltr'><strong>rationabilem</strong></span> <span class='ocrx_word' id='word_1_120' title='bbox 1264 1980 1467 2036; x_wconf 90' lang='lat' dir='ltr'><strong>mentis</strong></span> <span class='ocrx_word' id='word_1_121' title='bbox 1494 1989 1686 2039; x_wconf 69' lang='lat' dir='ltr'><strong>vestrae</strong></span> <span class='ocrx_word' id='word_1_122' title='bbox 1710 1990 1871 2055; x_wconf 91' lang='lat' dir='ltr'><strong>atque</strong></span> <span class='ocrx_word' id='word_1_123' title='bbox 1901 1984 2108 2041; x_wconf 66' lang='lat' dir='ltr'><strong>animm</strong></span> 
     </span>
    </p>
   </div>
   <div class='ocr_carea' id='block_1_23' title="bbox 511 2067 2109 2150">
    <p class='ocr_par' dir='ltr' id='par_1_23' title="bbox 511 2067 2109 2150">
     <span class='ocr_line' id='line_1_24' title="bbox 511 2067 2109 2150; baseline 0.008 -28"><span class='ocrx_word' id='word_1_124' title='bbox 511 2067 821 2138; x_wconf 90' lang='lat' dir='ltr'><strong>portionem</strong></span> <span class='ocrx_word' id='word_1_125' title='bbox 868 2072 1125 2130; x_wconf 88' lang='lat' dir='ltr'><strong>noveritis</strong></span> <span class='ocrx_word' id='word_1_126' title='bbox 1170 2089 1286 2132; x_wconf 86' lang='lat' dir='ltr'><strong>esse</strong></span> <span class='ocrx_word' id='word_1_127' title='bbox 1344 2084 1682 2149; x_wconf 78' lang='lat' dir='ltr'><strong>comptam,</strong></span> <span class='ocrx_word' id='word_1_128' title='bbox 1732 2070 1800 2134; x_wconf 80' lang='lat' dir='ltr'><strong>ex</strong></span> <span class='ocrx_word' id='word_1_129' title='bbox 1865 2094 1973 2150; x_wconf 91' lang='lat' dir='ltr'><strong>qua</strong></span> <span class='ocrx_word' id='word_1_130' title='bbox 2027 2080 2109 2135; x_wconf 88' lang='lat' dir='ltr'><strong>vel</strong></span> 
     </span>
    </p>
   </div>
   <div class='ocr_carea' id='block_1_24' title="bbox 508 2163 2112 2244">
    <p class='ocr_par' dir='ltr' id='par_1_24' title="bbox 508 2163 2112 2244">
     <span class='ocr_line' id='line_1_25' title="bbox 508 2163 2112 2244; baseline 0.009 -29"><span class='ocrx_word' id='word_1_131' title='bbox 508 2163 1030 2236; x_wconf 63' lang='lat' dir='ltr'><strong>prasumptionum,</strong></span> <span class='ocrx_word' id='word_1_132' title='bbox 1073 2166 1157 2223; x_wconf 92' lang='lat' dir='ltr'><strong>vel</strong></span> <span class='ocrx_word' id='word_1_133' title='bbox 1194 2167 1506 2226; x_wconf 75' lang='lat' dir='ltr'><strong>cenodoxia:</strong></span> <span class='ocrx_word' id='word_1_134' title='bbox 1545 2169 1724 2227; x_wconf 90' lang='lat' dir='ltr'><strong>solent</strong></span> <span class='ocrx_word' id='word_1_135' title='bbox 1761 2171 1890 2228; x_wconf 85' lang='lat' dir='ltr'><strong>vitia</strong></span> <span class='ocrx_word' id='word_1_136' title='bbox 1926 2172 2112 2244; x_wconf 90' lang='lat' dir='ltr'><strong>pullu-</strong></span> 
     </span>
    </p>
   </div>
   <div class='ocr_carea' id='block_1_25' title="bbox 505 2253 2112 2334">
    <p class='ocr_par' dir='ltr' id='par_1_25' title="bbox 505 2253 2112 2334">
     <span class='ocr_line' id='line_1_26' title="bbox 505 2253 2112 2334; baseline 0.008 -26"><span class='ocrx_word' id='word_1_137' title='bbox 505 2253 636 2311; x_wconf 89' lang='lat' dir='ltr'><strong>lare.</strong></span> <span class='ocrx_word' id='word_1_138' title='bbox 668 2258 910 2315; x_wconf 89' lang='lat' dir='ltr'><strong>Proinde</strong></span> <span class='ocrx_word' id='word_1_139' title='bbox 937 2260 1042 2318; x_wconf 91' lang='lat' dir='ltr'><strong>hoc</strong></span> <span class='ocrx_word' id='word_1_140' title='bbox 1073 2263 1317 2334; x_wconf 90' lang='lat' dir='ltr'><strong>primum</strong></span> <span class='ocrx_word' id='word_1_141' title='bbox 1338 2263 1541 2323; x_wconf 69' lang='lat' dir='ltr'><strong>animas</strong></span> <span class='ocrx_word' id='word_1_142' title='bbox 1568 2264 1725 2322; x_wconf 87' lang='lat' dir='ltr'><strong>vobis</strong></span> <span class='ocrx_word' id='word_1_143' title='bbox 1757 2270 1843 2332; x_wconf 92' lang='lat' dir='ltr'><strong>(ut</strong></span> <span class='ocrx_word' id='word_1_144' title='bbox 1869 2266 1940 2322; x_wconf 91' lang='lat' dir='ltr'><strong>ita</strong></span> <span class='ocrx_word' id='word_1_145' title='bbox 1969 2264 2112 2321; x_wconf 82' lang='lat' dir='ltr'><strong>dixe-</strong></span> 
     </span>
    </p>
   </div>
   <div class='ocr_carea' id='block_1_26' title="bbox 508 2347 2110 2430">
    <p class='ocr_par' dir='ltr' id='par_1_26' title="bbox 508 2347 2110 2430">
     <span class='ocr_line' id='line_1_27' title="bbox 508 2347 2110 2430; baseline 0.007 -27"><span class='ocrx_word' id='word_1_146' title='bbox 508 2347 639 2416; x_wconf 90' lang='lat' dir='ltr'><strong>rim)</strong></span> <span class='ocrx_word' id='word_1_147' title='bbox 670 2352 991 2409; x_wconf 87' lang='lat' dir='ltr'><strong>membrum</strong></span> <span class='ocrx_word' id='word_1_148' title='bbox 1018 2362 1187 2410; x_wconf 78' lang='lat' dir='ltr'><strong>rectae</strong></span> <span class='ocrx_word' id='word_1_149' title='bbox 1211 2355 1558 2414; x_wconf 86' lang='lat' dir='ltr'><strong>discretionis</strong></span> <span class='ocrx_word' id='word_1_150' title='bbox 1574 2358 1785 2430; x_wconf 90' lang='lat' dir='ltr'><strong>judicio</strong></span> <span class='ocrx_word' id='word_1_151' title='bbox 1807 2367 1864 2416; x_wconf 91' lang='lat' dir='ltr'><strong>et</strong></span> <span class='ocrx_word' id='word_1_152' title='bbox 1887 2358 2110 2415; x_wconf 83' lang='lat' dir='ltr'><strong>humili-</strong></span> 
     </span>
    </p>
   </div>
   <div class='ocr_carea' id='block_1_27' title="bbox 512 2442 2110 2522">
    <p class='ocr_par' dir='ltr' id='par_1_27' title="bbox 512 2442 2110 2522">
     <span class='ocr_line' id='line_1_28' title="bbox 512 2442 2110 2522; baseline 0.006 -24"><span class='ocrx_word' id='word_1_153' title='bbox 512 2442 641 2498; x_wconf 86' lang='lat' dir='ltr'><strong>tatis</strong></span> <span class='ocrx_word' id='word_1_154' title='bbox 684 2442 881 2501; x_wconf 89' lang='lat' dir='ltr'><strong>virtute</strong></span> <span class='ocrx_word' id='word_1_155' title='bbox 925 2447 1236 2505; x_wconf 89' lang='lat' dir='ltr'><strong>curandum</strong></span> <span class='ocrx_word' id='word_1_156' title='bbox 1280 2457 1384 2517; x_wconf 85' lang='lat' dir='ltr'><strong>est,</strong></span> <span class='ocrx_word' id='word_1_157' title='bbox 1412 2465 1525 2522; x_wconf 91' lang='lat' dir='ltr'><strong>quo</strong></span> <span class='ocrx_word' id='word_1_158' title='bbox 1584 2452 1777 2509; x_wconf 90' lang='lat' dir='ltr'><strong>vitiato</strong></span> <span class='ocrx_word' id='word_1_159' title='bbox 1819 2452 1955 2509; x_wconf 91' lang='lat' dir='ltr'><strong>dum</strong></span> <span class='ocrx_word' id='word_1_160' title='bbox 2000 2468 2110 2509; x_wconf 92' lang='lat' dir='ltr'><strong>non</strong></span> 
     </span>
    </p>
   </div>
   <div class='ocr_carea' id='block_1_28' title="bbox 511 2536 2115 2621">
    <p class='ocr_par' dir='ltr' id='par_1_28' title="bbox 511 2536 2115 2621">
     <span class='ocr_line' id='line_1_29' title="bbox 511 2536 2115 2621; baseline 0.008 -29"><span class='ocrx_word' id='word_1_161' title='bbox 511 2536 697 2594; x_wconf 91' lang='lat' dir='ltr'><strong>solum</strong></span> <span class='ocrx_word' id='word_1_162' title='bbox 735 2537 804 2595; x_wconf 87' lang='lat' dir='ltr'><strong>ad</strong></span> <span class='ocrx_word' id='word_1_163' title='bbox 845 2539 1189 2612; x_wconf 90' lang='lat' dir='ltr'><strong>perfectionis</strong></span> <span class='ocrx_word' id='word_1_164' title='bbox 1224 2543 1346 2617; x_wconf 91' lang='lat' dir='ltr'><strong>jam</strong></span> <span class='ocrx_word' id='word_1_165' title='bbox 1388 2547 1698 2618; x_wconf 88' lang='lat' dir='ltr'><strong>pervenisse</strong></span> <span class='ocrx_word' id='word_1_166' title='bbox 1742 2547 1977 2621; x_wconf 87' lang='lat' dir='ltr'><strong>fastigia,</strong></span> <span class='ocrx_word' id='word_1_167' title='bbox 2018 2546 2115 2604; x_wconf 90' lang='lat' dir='ltr'><strong>sed</strong></span> 
     </span>
    </p>
   </div>
   <div class='ocr_carea' id='block_1_29' title="bbox 511 2631 2115 2709">
    <p class='ocr_par' dir='ltr' id='par_1_29' title="bbox 511 2631 2115 2709">
     <span class='ocr_line' id='line_1_30' title="bbox 511 2631 2115 2709; baseline 0.007 -22"><span class='ocrx_word' id='word_1_168' title='bbox 511 2631 681 2688; x_wconf 90' lang='lat' dir='ltr'><strong>etiam</strong></span> <span class='ocrx_word' id='word_1_169' title='bbox 710 2631 908 2690; x_wconf 90' lang='lat' dir='ltr'><strong>docere</strong></span> <span class='ocrx_word' id='word_1_170' title='bbox 935 2634 1075 2693; x_wconf 89' lang='lat' dir='ltr'><strong>alios</strong></span> <span class='ocrx_word' id='word_1_171' title='bbox 1097 2652 1257 2709; x_wconf 87' lang='lat' dir='ltr'><strong>posse</strong></span> <span class='ocrx_word' id='word_1_172' title='bbox 1280 2652 1381 2695; x_wconf 88' lang='lat' dir='ltr'><strong>vos</strong></span> <span class='ocrx_word' id='word_1_173' title='bbox 1407 2640 1652 2708; x_wconf 86' lang='lat' dir='ltr'><strong>creditis,</strong></span> <span class='ocrx_word' id='word_1_174' title='bbox 1678 2647 1733 2697; x_wconf 91' lang='lat' dir='ltr'><strong>et</strong></span> <span class='ocrx_word' id='word_1_175' title='bbox 1754 2641 1823 2699; x_wconf 92' lang='lat' dir='ltr'><strong>ad</strong></span> <span class='ocrx_word' id='word_1_176' title='bbox 1847 2641 2115 2699; x_wconf 88' lang='lat' dir='ltr'><strong>eruditio-</strong></span> 
     </span>
    </p>
   </div>
   <div class='ocr_carea' id='block_1_30' title="bbox 512 2729 2112 2809">
    <p class='ocr_par' dir='ltr' id='par_1_30' title="bbox 512 2729 2112 2809">
     <span class='ocr_line' id='line_1_31' title="bbox 512 2729 2112 2809; baseline 0.006 -28"><span class='ocrx_word' id='word_1_177' title='bbox 512 2738 645 2782; x_wconf 90' lang='lat' dir='ltr'><strong>nem</strong></span> <span class='ocrx_word' id='word_1_178' title='bbox 672 2734 998 2785; x_wconf 69' lang='lat' dir='ltr'><strong>caeterorum</strong></span> <span class='ocrx_word' id='word_1_179' title='bbox 1021 2729 1360 2790; x_wconf 88' lang='lat' dir='ltr'><strong>sufﬁcientes</strong></span> <span class='ocrx_word' id='word_1_180' title='bbox 1388 2742 1550 2809; x_wconf 91' lang='lat' dir='ltr'><strong>atque</strong></span> <span class='ocrx_word' id='word_1_181' title='bbox 1574 2734 1809 2793; x_wconf 88' lang='lat' dir='ltr'><strong>idoneos</strong></span> <span class='ocrx_word' id='word_1_182' title='bbox 1829 2736 2112 2809; x_wconf 87' lang='lat' dir='ltr'><strong>judicatis,</strong></span> 
     </span>
    </p>
   </div>
   <div class='ocr_carea' id='block_1_31' title="bbox 512 2820 2117 2904">
    <p class='ocr_par' dir='ltr' id='par_1_31' title="bbox 512 2820 2117 2904">
     <span class='ocr_line' id='line_1_32' title="bbox 512 2820 2117 2904; baseline 0.007 -28"><span class='ocrx_word' id='word_1_183' title='bbox 512 2834 611 2891; x_wconf 88' lang='lat' dir='ltr'><strong>per</strong></span> <span class='ocrx_word' id='word_1_184' title='bbox 635 2820 933 2881; x_wconf 84' lang='lat' dir='ltr'><strong>elationem</strong></span> <span class='ocrx_word' id='word_1_185' title='bbox 956 2826 1272 2887; x_wconf 68' lang='lat' dir='ltr'><strong>cenodoxize</strong></span> <span class='ocrx_word' id='word_1_186' title='bbox 1296 2845 1465 2902; x_wconf 91' lang='lat' dir='ltr'><strong>quam</strong></span> <span class='ocrx_word' id='word_1_187' title='bbox 1495 2830 1751 2904; x_wconf 84' lang='lat' dir='ltr'><strong>patefecit</strong></span> <span class='ocrx_word' id='word_1_188' title='bbox 1773 2840 1952 2889; x_wconf 90' lang='lat' dir='ltr'><strong>vestra</strong></span> <span class='ocrx_word' id='word_1_189' title='bbox 1986 2847 2117 2888; x_wconf 91' lang='lat' dir='ltr'><strong>con-</strong></span> 
     </span>
    </p>
   </div>
   <div class='ocr_carea' id='block_1_32' title="bbox 517 2911 2116 2996">
    <p class='ocr_par' dir='ltr' id='par_1_32' title="bbox 517 2911 2116 2996">
     <span class='ocr_line' id='line_1_33' title="bbox 517 2911 2116 2996; baseline 0.007 -27"><span class='ocrx_word' id='word_1_190' title='bbox 517 2911 683 2971; x_wconf 83' lang='lat' dir='ltr'><strong>fessio</strong></span> <span class='ocrx_word' id='word_1_191' title='bbox 723 2920 1168 2991; x_wconf 89' lang='lat' dir='ltr'><strong>pervagationem</strong></span> <span class='ocrx_word' id='word_1_192' title='bbox 1196 2924 1422 2980; x_wconf 87' lang='lat' dir='ltr'><strong>vanitati</strong></span> <span class='ocrx_word' id='word_1_193' title='bbox 1458 2929 1624 2996; x_wconf 88' lang='lat' dir='ltr'><strong>[Lips.</strong></span> <span class='ocrx_word' id='word_1_194' title='bbox 1658 2929 1720 2981; x_wconf 83' lang='lat' dir='ltr'><strong>in</strong></span> <span class='ocrx_word' id='word_1_195' title='bbox 1750 2943 1921 2996; x_wconf 89' lang='lat' dir='ltr'><strong>marg.</strong></span> <span class='ocrx_word' id='word_1_196' title='bbox 1956 2926 2116 2981; x_wconf 86' lang='lat' dir='ltr'><strong>vani-</strong></span> 
     </span>
    </p>
   </div>
   <div class='ocr_carea' id='block_1_33' title="bbox 512 3010 2114 3090">
    <p class='ocr_par' dir='ltr' id='par_1_33' title="bbox 512 3010 2114 3090">
     <span class='ocr_line' id='line_1_34' title="bbox 512 3010 2114 3090; baseline 0.007 -29"><span class='ocrx_word' id='word_1_197' title='bbox 512 3011 643 3076; x_wconf 87' lang='lat' dir='ltr'><strong>tate]</strong></span> <span class='ocrx_word' id='word_1_198' title='bbox 696 3010 1010 3081; x_wconf 85' lang='lat' dir='ltr'><strong>raptamini;</strong></span> <span class='ocrx_word' id='word_1_199' title='bbox 1063 3028 1202 3085; x_wconf 88' lang='lat' dir='ltr'><strong>quas</strong></span> <span class='ocrx_word' id='word_1_200' title='bbox 1261 3012 1543 3088; x_wconf 84' lang='lat' dir='ltr'><strong>amputare</strong></span> <span class='ocrx_word' id='word_1_201' title='bbox 1598 3017 1855 3088; x_wconf 89' lang='lat' dir='ltr'><strong>deinceps</strong></span> <span class='ocrx_word' id='word_1_202' title='bbox 1905 3017 2114 3090; x_wconf 85' lang='lat' dir='ltr'><strong>absque</strong></span> 
     </span>
    </p>
   </div>
   <div class='ocr_carea' id='block_1_34' title="bbox 515 3095 2111 3180">
    <p class='ocr_par' dir='ltr' id='par_1_34' title="bbox 515 3095 2111 3180">
     <span class='ocr_line' id='line_1_35' title="bbox 515 3095 2111 3180; baseline 0.009 -29"><span class='ocrx_word' id='word_1_203' title='bbox 515 3095 841 3157; x_wconf 85' lang='lat' dir='ltr'><strong>difﬁcultate</strong></span> <span class='ocrx_word' id='word_1_204' title='bbox 875 3103 1148 3173; x_wconf 88' lang='lat' dir='ltr'><strong>poteritis,</strong></span> <span class='ocrx_word' id='word_1_205' title='bbox 1192 3105 1238 3160; x_wconf 89' lang='lat' dir='ltr'><strong>si</strong></span> <span class='ocrx_word' id='word_1_206' title='bbox 1283 3121 1431 3164; x_wconf 69' lang='lat' dir='ltr'><strong>verae</strong></span> <span class='ocrx_word' id='word_1_207' title='bbox 1472 3106 1845 3180; x_wconf 87' lang='lat' dir='ltr'><strong>discretionis,</strong></span> <span class='ocrx_word' id='word_1_208' title='bbox 1883 3117 1947 3165; x_wconf 92' lang='lat' dir='ltr'><strong>ut</strong></span> <span class='ocrx_word' id='word_1_209' title='bbox 1975 3109 2111 3177; x_wconf 84' lang='lat' dir='ltr'><strong>dixi,</strong></span> 
     </span>
    </p>
   </div>
   <div class='ocr_carea' id='block_1_35' title="bbox 2213 474 3829 548">
    <p class='ocr_par' dir='ltr' id='par_1_35' title="bbox 2213 474 3829 548">
     <span class='ocr_line' id='line_1_36' title="bbox 2213 474 3829 548; baseline 0.002 -14"><span class='ocrx_word' id='word_1_210' title='bbox 2213 478 2536 536; x_wconf 86' lang='lat' dir='ltr'><strong>humilitatis</strong></span> <span class='ocrx_word' id='word_1_211' title='bbox 2569 477 2873 543; x_wconf 84' lang='lat' dir='ltr'><strong>medelam;</strong></span> <span class='ocrx_word' id='word_1_212' title='bbox 2921 489 3045 548; x_wconf 77' lang='lat' dir='ltr'><strong>quae</strong></span> <span class='ocrx_word' id='word_1_213' title='bbox 3072 474 3339 546; x_wconf 88' lang='lat' dir='ltr'><strong>quoniam</strong></span> <span class='ocrx_word' id='word_1_214' title='bbox 3367 477 3590 535; x_wconf 59' lang='lat' dir='ltr'><strong>ceteris</strong></span> <span class='ocrx_word' id='word_1_215' title='bbox 3618 481 3829 541; x_wconf 66' lang='lat' dir='ltr'><strong>anima:</strong></span> 
     </span>
    </p>
   </div>
   <div class='ocr_carea' id='block_1_36' title="bbox 2212 570 3829 642">
    <p class='ocr_par' dir='ltr' id='par_1_36' title="bbox 2212 570 3829 642">
     <span class='ocr_line' id='line_1_37' title="bbox 2212 570 3829 642; baseline 0.001 -12"><span class='ocrx_word' id='word_1_216' title='bbox 2212 572 2505 630; x_wconf 87' lang='lat' dir='ltr'><strong>virtutibus</strong></span> <span class='ocrx_word' id='word_1_217' title='bbox 2542 572 2598 628; x_wconf 89' lang='lat' dir='ltr'><strong>in</strong></span> <span class='ocrx_word' id='word_1_218' title='bbox 2634 570 2809 641; x_wconf 90' lang='lat' dir='ltr'><strong>vobis,</strong></span> <span class='ocrx_word' id='word_1_219' title='bbox 2837 577 3105 642; x_wconf 87' lang='lat' dir='ltr'><strong>quantum</strong></span> <span class='ocrx_word' id='word_1_220' title='bbox 3131 576 3379 641; x_wconf 79' lang='lat' dir='ltr'><strong>apparet,</strong></span> <span class='ocrx_word' id='word_1_221' title='bbox 3409 570 3684 630; x_wconf 87' lang='lat' dir='ltr'><strong>inﬁrmior</strong></span> <span class='ocrx_word' id='word_1_222' title='bbox 3721 583 3829 641; x_wconf 87' lang='lat' dir='ltr'><strong>est,</strong></span> 
     </span>
    </p>
   </div>
   <div class='ocr_carea' id='block_1_37' title="bbox 2212 660 3832 736">
    <p class='ocr_par' dir='ltr' id='par_1_37' title="bbox 2212 660 3832 736">
     <span class='ocr_line' id='line_1_38' title="bbox 2212 660 3832 736; baseline -0.009 -11"><span class='ocrx_word' id='word_1_223' title='bbox 2212 682 2436 724; x_wconf 88' lang='lat' dir='ltr'><strong>necesse</strong></span> <span class='ocrx_word' id='word_1_224' title='bbox 2465 674 2548 722; x_wconf 90' lang='lat' dir='ltr'><strong>est</strong></span> <span class='ocrx_word' id='word_1_225' title='bbox 2575 673 2639 722; x_wconf 91' lang='lat' dir='ltr'><strong>ut</strong></span> <span class='ocrx_word' id='word_1_226' title='bbox 2662 662 2951 721; x_wconf 77' lang='lat' dir='ltr'><strong>diabon</strong></span> <span class='ocrx_word' id='word_1_227' title='bbox 2976 660 3318 719; x_wconf 84' lang='lat' dir='ltr'><strong>infestan&#39;oni</strong></span> <span class='ocrx_word' id='word_1_228' title='bbox 3348 663 3530 736; x_wconf 88' lang='lat' dir='ltr'><strong>prima</strong></span> <span class='ocrx_word' id='word_1_229' title='bbox 3558 681 3832 725; x_wconf 81' lang='lat' dir='ltr'><strong>succum-</strong></span> 
     </span>
    </p>
   </div>
   <div class='ocr_carea' id='block_1_38' title="bbox 2213 754 3832 829">
    <p class='ocr_par' dir='ltr' id='par_1_38' title="bbox 2213 754 3832 829">
     <span class='ocr_line' id='line_1_39' title="bbox 2213 754 3832 829; baseline -0.001 -12"><span class='ocrx_word' id='word_1_230' title='bbox 2213 760 2328 817; x_wconf 89' lang='lat' dir='ltr'><strong>bat.</strong></span> <span class='ocrx_word' id='word_1_231' title='bbox 2375 755 2864 829; x_wconf 87' lang='lat' dir='ltr'><strong>Quemadmodum</strong></span> <span class='ocrx_word' id='word_1_232' title='bbox 2909 754 3296 829; x_wconf 87' lang='lat' dir='ltr'><strong>ingruentibus</strong></span> <span class='ocrx_word' id='word_1_233' title='bbox 3348 756 3686 827; x_wconf 84' lang='lat' dir='ltr'><strong>quibusdam</strong></span> <span class='ocrx_word' id='word_1_234' title='bbox 3742 761 3832 816; x_wconf 90' lang='lat' dir='ltr'><strong>in-</strong></span> 
     </span>
    </p>
   </div>
   <div class='ocr_carea' id='block_1_39' title="bbox 2205 848 3832 929">
    <p class='ocr_par' dir='ltr' id='par_1_39' title="bbox 2205 848 3832 929">
     <span class='ocr_line' id='line_1_40' title="bbox 2205 848 3832 929; baseline -0.001 -17"><span class='ocrx_word' id='word_1_235' title='bbox 2205 855 2391 929; x_wconf 91' lang='lat' dir='ltr'><strong>juriis,</strong></span> <span class='ocrx_word' id='word_1_236' title='bbox 2420 869 2547 928; x_wconf 67' lang='lat' dir='ltr'><strong>quae</strong></span> <span class='ocrx_word' id='word_1_237' title='bbox 2571 854 2659 910; x_wconf 90' lang='lat' dir='ltr'><strong>vel</strong></span> <span class='ocrx_word' id='word_1_238' title='bbox 2687 867 2751 909; x_wconf 88' lang='lat' dir='ltr'><strong>ex</strong></span> <span class='ocrx_word' id='word_1_239' title='bbox 2779 849 3049 909; x_wconf 89' lang='lat' dir='ltr'><strong>accidenti</strong></span> <span class='ocrx_word' id='word_1_240' title='bbox 3073 848 3289 917; x_wconf 89' lang='lat' dir='ltr'><strong>labore,</strong></span> <span class='ocrx_word' id='word_1_241' title='bbox 3317 851 3402 907; x_wconf 89' lang='lat' dir='ltr'><strong>vel</strong></span> <span class='ocrx_word' id='word_1_242' title='bbox 3432 849 3505 909; x_wconf 90' lang='lat' dir='ltr'><strong>de</strong></span> <span class='ocrx_word' id='word_1_243' title='bbox 3534 854 3679 910; x_wconf 84' lang='lat' dir='ltr'><strong>aeris</strong></span> <span class='ocrx_word' id='word_1_244' title='bbox 3706 870 3832 912; x_wconf 87' lang='lat' dir='ltr'><strong>cor-</strong></span> 
     </span>
    </p>
   </div>
   <div class='ocr_carea' id='block_1_40' title="bbox 2214 943 3830 1021">
    <p class='ocr_par' dir='ltr' id='par_1_40' title="bbox 2214 943 3830 1021">
     <span class='ocr_line' id='line_1_41' title="bbox 2214 943 3830 1021; baseline -0.001 -16"><span class='ocrx_word' id='word_1_245' title='bbox 2214 949 2471 1021; x_wconf 90' lang='lat' dir='ltr'><strong>ruptione</strong></span> <span class='ocrx_word' id='word_1_246' title='bbox 2496 945 2816 1020; x_wconf 87' lang='lat' dir='ltr'><strong>gignuntur,</strong></span> <span class='ocrx_word' id='word_1_247' title='bbox 2844 943 2958 1001; x_wconf 89' lang='lat' dir='ltr'><strong>ﬁeri</strong></span> <span class='ocrx_word' id='word_1_248' title='bbox 2984 943 3154 1000; x_wconf 90' lang='lat' dir='ltr'><strong>etiam</strong></span> <span class='ocrx_word' id='word_1_249' title='bbox 3181 943 3243 999; x_wconf 92' lang='lat' dir='ltr'><strong>in</strong></span> <span class='ocrx_word' id='word_1_250' title='bbox 3271 944 3605 1018; x_wconf 87' lang='lat' dir='ltr'><strong>corporibus</strong></span> <span class='ocrx_word' id='word_1_251' title='bbox 3635 946 3830 1005; x_wconf 86' lang='lat' dir='ltr'><strong>huma-</strong></span> 
     </span>
    </p>
   </div>
   <div class='ocr_carea' id='block_1_41' title="bbox 2213 1037 3827 1113">
    <p class='ocr_par' dir='ltr' id='par_1_41' title="bbox 2213 1037 3827 1113">
     <span class='ocr_line' id='line_1_42' title="bbox 2213 1037 3827 1113; baseline -0.001 -13"><span class='ocrx_word' id='word_1_252' title='bbox 2213 1044 2299 1100; x_wconf 92' lang='lat' dir='ltr'><strong>nis</strong></span> <span class='ocrx_word' id='word_1_253' title='bbox 2340 1042 2499 1111; x_wconf 89' lang='lat' dir='ltr'><strong>solet,</strong></span> <span class='ocrx_word' id='word_1_254' title='bbox 2528 1050 2591 1098; x_wconf 92' lang='lat' dir='ltr'><strong>ut</strong></span> <span class='ocrx_word' id='word_1_255' title='bbox 2626 1040 2717 1098; x_wconf 88' lang='lat' dir='ltr'><strong>illa</strong></span> <span class='ocrx_word' id='word_1_256' title='bbox 2756 1055 2880 1113; x_wconf 64' lang='lat' dir='ltr'><strong>quae</strong></span> <span class='ocrx_word' id='word_1_257' title='bbox 2912 1038 3120 1095; x_wconf 90' lang='lat' dir='ltr'><strong>fuerint</strong></span> <span class='ocrx_word' id='word_1_258' title='bbox 3149 1037 3395 1106; x_wconf 86' lang='lat' dir='ltr'><strong>inﬁrma,</strong></span> <span class='ocrx_word' id='word_1_259' title='bbox 3436 1041 3660 1098; x_wconf 89' lang='lat' dir='ltr'><strong>casibus</strong></span> <span class='ocrx_word' id='word_1_260' title='bbox 3690 1042 3827 1098; x_wconf 85' lang='lat' dir='ltr'><strong>istis</strong></span> 
     </span>
    </p>
   </div>
   <div class='ocr_carea' id='block_1_42' title="bbox 2216 1131 3830 1208">
    <p class='ocr_par' dir='ltr' id='par_1_42' title="bbox 2216 1131 3830 1208">
     <span class='ocr_line' id='line_1_43' title="bbox 2216 1131 3830 1208; baseline 0 -17"><span class='ocrx_word' id='word_1_261' title='bbox 2216 1136 2395 1208; x_wconf 90' lang='lat' dir='ltr'><strong>prima</strong></span> <span class='ocrx_word' id='word_1_262' title='bbox 2423 1133 2779 1191; x_wconf 88' lang='lat' dir='ltr'><strong>consentiant</strong></span> <span class='ocrx_word' id='word_1_263' title='bbox 2809 1141 2978 1205; x_wconf 90' lang='lat' dir='ltr'><strong>atque</strong></span> <span class='ocrx_word' id='word_1_264' title='bbox 3008 1131 3413 1201; x_wconf 81' lang='lat' dir='ltr'><strong>succumbant;</strong></span> <span class='ocrx_word' id='word_1_265' title='bbox 3450 1148 3697 1207; x_wconf 88' lang='lat' dir='ltr'><strong>cumque</strong></span> <span class='ocrx_word' id='word_1_266' title='bbox 3728 1150 3830 1206; x_wconf 82' lang='lat' dir='ltr'><strong>pe-</strong></span> 
     </span>
    </p>
   </div>
   <div class='ocr_carea' id='block_1_43' title="bbox 2211 1223 3829 1303">
    <p class='ocr_par' dir='ltr' id='par_1_43' title="bbox 2211 1223 3829 1303">
     <span class='ocr_line' id='line_1_44' title="bbox 2211 1223 3829 1303; baseline 0 -17"><span class='ocrx_word' id='word_1_267' title='bbox 2211 1230 2475 1286; x_wconf 89' lang='lat' dir='ltr'><strong>culiarius</strong></span> <span class='ocrx_word' id='word_1_268' title='bbox 2513 1229 2571 1284; x_wconf 91' lang='lat' dir='ltr'><strong>in</strong></span> <span class='ocrx_word' id='word_1_269' title='bbox 2610 1228 2690 1285; x_wconf 90' lang='lat' dir='ltr'><strong>eis</strong></span> <span class='ocrx_word' id='word_1_270' title='bbox 2717 1226 2948 1285; x_wconf 87' lang='lat' dir='ltr'><strong>morbus</strong></span> <span class='ocrx_word' id='word_1_271' title='bbox 2977 1223 3272 1293; x_wconf 88' lang='lat' dir='ltr'><strong>insederit,</strong></span> <span class='ocrx_word' id='word_1_272' title='bbox 3313 1227 3560 1298; x_wconf 90' lang='lat' dir='ltr'><strong>reliquas</strong></span> <span class='ocrx_word' id='word_1_273' title='bbox 3597 1244 3829 1303; x_wconf 87' lang='lat' dir='ltr'><strong>quoque</strong></span> 
     </span>
    </p>
   </div>
   <div class='ocr_carea' id='block_1_44' title="bbox 2211 1318 3828 1396">
    <p class='ocr_par' dir='ltr' id='par_1_44' title="bbox 2211 1318 3828 1396">
     <span class='ocr_line' id='line_1_45' title="bbox 2211 1318 3828 1396; baseline -0.001 -16"><span class='ocrx_word' id='word_1_274' title='bbox 2211 1332 2394 1396; x_wconf 90' lang='lat' dir='ltr'><strong>partes</strong></span> <span class='ocrx_word' id='word_1_275' title='bbox 2428 1322 2676 1394; x_wconf 92' lang='lat' dir='ltr'><strong>corporis</strong></span> <span class='ocrx_word' id='word_1_276' title='bbox 2711 1320 2905 1378; x_wconf 89' lang='lat' dir='ltr'><strong>eadem</strong></span> <span class='ocrx_word' id='word_1_277' title='bbox 2936 1327 3092 1392; x_wconf 89' lang='lat' dir='ltr'><strong>peste</strong></span> <span class='ocrx_word' id='word_1_278' title='bbox 3121 1318 3424 1376; x_wconf 89' lang='lat' dir='ltr'><strong>tabefaciat</strong></span> <span class='ocrx_word' id='word_1_279' title='bbox 3452 1340 3466 1377; x_wconf 89' lang='lat'><strong>:</strong></span> <span class='ocrx_word' id='word_1_280' title='bbox 3505 1321 3583 1377; x_wconf 89' lang='lat' dir='ltr'><strong>ita</strong></span> <span class='ocrx_word' id='word_1_281' title='bbox 3611 1330 3670 1378; x_wconf 92' lang='lat' dir='ltr'><strong>et</strong></span> <span class='ocrx_word' id='word_1_282' title='bbox 3701 1324 3828 1379; x_wconf 87' lang='lat' dir='ltr'><strong>ani-</strong></span> 
     </span>
    </p>
   </div>
   <div class='ocr_carea' id='block_1_45' title="bbox 2212 1412 3827 1488">
    <p class='ocr_par' dir='ltr' id='par_1_45' title="bbox 2212 1412 3827 1488">
     <span class='ocr_line' id='line_1_46' title="bbox 2212 1412 3827 1488; baseline 0.001 -16"><span class='ocrx_word' id='word_1_283' title='bbox 2212 1431 2367 1472; x_wconf 89' lang='lat' dir='ltr'><strong>mam</strong></span> <span class='ocrx_word' id='word_1_284' title='bbox 2411 1416 2856 1488; x_wconf 89' lang='lat' dir='ltr'><strong>uniuscujusque</strong></span> <span class='ocrx_word' id='word_1_285' title='bbox 2889 1421 3168 1482; x_wconf 88' lang='lat' dir='ltr'><strong>nostrum,</strong></span> <span class='ocrx_word' id='word_1_286' title='bbox 3198 1412 3369 1471; x_wconf 89' lang='lat' dir='ltr'><strong>flante</strong></span> <span class='ocrx_word' id='word_1_287' title='bbox 3403 1415 3827 1488; x_wconf 88' lang='lat' dir='ltr'><strong>quodammodo</strong></span> 
     </span>
    </p>
   </div>
   <div class='ocr_carea' id='block_1_46' title="bbox 2214 1507 3823 1583">
    <p class='ocr_par' dir='ltr' id='par_1_46' title="bbox 2214 1507 3823 1583">
     <span class='ocr_line' id='line_1_47' title="bbox 2214 1507 3823 1583; baseline -0.001 -15"><span class='ocrx_word' id='word_1_288' title='bbox 2214 1510 2493 1583; x_wconf 89' lang='lat' dir='ltr'><strong>pestilenti</strong></span> <span class='ocrx_word' id='word_1_289' title='bbox 2522 1510 2705 1567; x_wconf 89' lang='lat' dir='ltr'><strong>halitu</strong></span> <span class='ocrx_word' id='word_1_290' title='bbox 2731 1509 2995 1566; x_wconf 90' lang='lat' dir='ltr'><strong>vitiorum</strong></span> <span class='ocrx_word' id='word_1_291' title='bbox 3031 1507 3119 1564; x_wconf 88' lang='lat' dir='ltr'><strong>illa</strong></span> <span class='ocrx_word' id='word_1_292' title='bbox 3152 1508 3399 1566; x_wconf 81' lang='lat' dir='ltr'><strong>maxime</strong></span> <span class='ocrx_word' id='word_1_293' title='bbox 3429 1510 3692 1583; x_wconf 86' lang='lat' dir='ltr'><strong>passione</strong></span> <span class='ocrx_word' id='word_1_294' title='bbox 3722 1527 3823 1567; x_wconf 83' lang='lat' dir='ltr'><strong>ne-</strong></span> 
     </span>
    </p>
   </div>
   <div class='ocr_carea' id='block_1_47' title="bbox 2213 1602 3831 1677">
    <p class='ocr_par' dir='ltr' id='par_1_47' title="bbox 2213 1602 3831 1677">
     <span class='ocr_line' id='line_1_48' title="bbox 2213 1602 3831 1677; baseline -0.001 -13"><span class='ocrx_word' id='word_1_295' title='bbox 2213 1621 2365 1664; x_wconf 89' lang='lat' dir='ltr'><strong>cesse</strong></span> <span class='ocrx_word' id='word_1_296' title='bbox 2404 1613 2488 1661; x_wconf 90' lang='lat' dir='ltr'><strong>est</strong></span> <span class='ocrx_word' id='word_1_297' title='bbox 2516 1603 2806 1672; x_wconf 89' lang='lat' dir='ltr'><strong>attentari,</strong></span> <span class='ocrx_word' id='word_1_298' title='bbox 2842 1602 2900 1658; x_wconf 91' lang='lat' dir='ltr'><strong>in</strong></span> <span class='ocrx_word' id='word_1_299' title='bbox 2941 1617 3053 1673; x_wconf 90' lang='lat' dir='ltr'><strong>qua</strong></span> <span class='ocrx_word' id='word_1_300' title='bbox 3082 1603 3323 1661; x_wconf 88' lang='lat' dir='ltr'><strong>tenerior</strong></span> <span class='ocrx_word' id='word_1_301' title='bbox 3346 1612 3514 1677; x_wconf 85' lang='lat' dir='ltr'><strong>atque</strong></span> <span class='ocrx_word' id='word_1_302' title='bbox 3542 1605 3831 1662; x_wconf 88' lang='lat' dir='ltr'><strong>inﬁrmior</strong></span> 
     </span>
    </p>
   </div>
   <div class='ocr_carea' id='block_1_48' title="bbox 2216 1693 3825 1772">
    <p class='ocr_par' dir='ltr' id='par_1_48' title="bbox 2216 1693 3825 1772">
     <span class='ocr_line' id='line_1_49' title="bbox 2216 1693 3825 1772; baseline -0.002 -16"><span class='ocrx_word' id='word_1_303' title='bbox 2216 1700 2333 1772; x_wconf 91' lang='lat' dir='ltr'><strong>ejus</strong></span> <span class='ocrx_word' id='word_1_304' title='bbox 2370 1699 2570 1771; x_wconf 89' lang='lat' dir='ltr'><strong>portio,</strong></span> <span class='ocrx_word' id='word_1_305' title='bbox 2612 1695 2803 1753; x_wconf 85' lang='lat' dir='ltr'><strong>validis</strong></span> <span class='ocrx_word' id='word_1_306' title='bbox 2832 1694 3047 1751; x_wconf 90' lang='lat' dir='ltr'><strong>inimici</strong></span> <span class='ocrx_word' id='word_1_307' title='bbox 3080 1710 3185 1751; x_wconf 90' lang='lat' dir='ltr'><strong>non</strong></span> <span class='ocrx_word' id='word_1_308' title='bbox 3215 1704 3329 1750; x_wconf 88' lang='lat' dir='ltr'><strong>tam</strong></span> <span class='ocrx_word' id='word_1_309' title='bbox 3357 1693 3578 1752; x_wconf 84' lang='lat' dir='ltr'><strong>fortiter</strong></span> <span class='ocrx_word' id='word_1_310' title='bbox 3602 1698 3825 1755; x_wconf 87' lang='lat' dir='ltr'><strong>resistit</strong></span> 
     </span>
    </p>
   </div>
   <div class='ocr_carea' id='block_1_49' title="bbox 2137 1773 3826 1866">
    <p class='ocr_par' dir='ltr' id='par_1_49' title="bbox 2137 1773 3826 1866">
     <span class='ocr_line' id='line_1_50' title="bbox 2137 1773 3826 1866; baseline -0.004 -14"><span class='ocrx_word' id='word_1_311' title='bbox 2137 1773 2185 1836; x_wconf 78' lang='grc' dir='ltr'><strong>Β</strong></span> <span class='ocrx_word' id='word_1_312' title='bbox 2220 1792 2572 1866; x_wconf 89' lang='lat' dir='ltr'><strong>impulsibus,</strong></span> <span class='ocrx_word' id='word_1_313' title='bbox 2598 1800 2656 1848; x_wconf 92' lang='lat' dir='ltr'><strong>et</strong></span> <span class='ocrx_word' id='word_1_314' title='bbox 2680 1805 2749 1847; x_wconf 84' lang='lat' dir='ltr'><strong>ex</strong></span> <span class='ocrx_word' id='word_1_315' title='bbox 2786 1789 2895 1845; x_wconf 92' lang='lat' dir='ltr'><strong>illis</strong></span> <span class='ocrx_word' id='word_1_316' title='bbox 2933 1788 3241 1861; x_wconf 88' lang='lat' dir='ltr'><strong>periculum</strong></span> <span class='ocrx_word' id='word_1_317' title='bbox 3265 1788 3603 1860; x_wconf 85' lang='lat' dir='ltr'><strong>captivitatis</strong></span> <span class='ocrx_word' id='word_1_318' title='bbox 3634 1790 3826 1847; x_wconf 85' lang='lat' dir='ltr'><strong>incur-</strong></span> 
     </span>
    </p>
   </div>
   <div class='ocr_carea' id='block_1_50' title="bbox 2216 1881 3825 1958">
    <p class='ocr_par' dir='ltr' id='par_1_50' title="bbox 2216 1881 3825 1958">
     <span class='ocr_line' id='line_1_51' title="bbox 2216 1881 3825 1958; baseline -0.001 -14"><span class='ocrx_word' id='word_1_319' title='bbox 2216 1903 2359 1957; x_wconf 89' lang='lat' dir='ltr'><strong>rere,</strong></span> <span class='ocrx_word' id='word_1_320' title='bbox 2397 1887 2454 1942; x_wconf 91' lang='lat' dir='ltr'><strong>in</strong></span> <span class='ocrx_word' id='word_1_321' title='bbox 2491 1884 2693 1958; x_wconf 85' lang='lat' dir='ltr'><strong>quibus</strong></span> <span class='ocrx_word' id='word_1_322' title='bbox 2734 1881 2966 1939; x_wconf 90' lang='lat' dir='ltr'><strong>faciliori</strong></span> <span class='ocrx_word' id='word_1_323' title='bbox 3014 1881 3309 1955; x_wconf 89' lang='lat' dir='ltr'><strong>proditioni</strong></span> <span class='ocrx_word' id='word_1_324' title='bbox 3351 1882 3571 1939; x_wconf 88' lang='lat' dir='ltr'><strong>aditum</strong></span> <span class='ocrx_word' id='word_1_325' title='bbox 3618 1893 3825 1942; x_wconf 81' lang='lat' dir='ltr'><strong>reserat</strong></span> 
     </span>
    </p>
   </div>
   <div class='ocr_carea' id='block_1_51' title="bbox 2217 1968 3825 2050">
    <p class='ocr_par' dir='ltr' id='par_1_51' title="bbox 2217 1968 3825 2050">
     <span class='ocr_line' id='line_1_52' title="bbox 2217 1968 3825 2050; baseline -0.004 -12"><span class='ocrx_word' id='word_1_326' title='bbox 2217 1983 2437 2039; x_wconf 87' lang='lat' dir='ltr'><strong>incauta</strong></span> <span class='ocrx_word' id='word_1_327' title='bbox 2482 1976 2752 2035; x_wconf 89' lang='lat' dir='ltr'><strong>custodia.</strong></span> <span class='ocrx_word' id='word_1_328' title='bbox 2798 1976 2887 2033; x_wconf 90' lang='lat' dir='ltr'><strong>Sic</strong></span> <span class='ocrx_word' id='word_1_329' title='bbox 2923 1991 3163 2049; x_wconf 88' lang='lat' dir='ltr'><strong>namque</strong></span> <span class='ocrx_word' id='word_1_330' title='bbox 3210 1968 3238 2007; x_wconf 70' lang='grc' dir='ltr'><strong>ι’</strong></span> <span class='ocrx_word' id='word_1_331' title='bbox 3280 1975 3502 2032; x_wconf 84' lang='lat' dir='ltr'><strong>Balaam</strong></span> <span class='ocrx_word' id='word_1_332' title='bbox 3546 1978 3825 2050; x_wconf 89' lang='lat' dir='ltr'><strong>populum</strong></span> 
     </span>
    </p>
   </div>
   <div class='ocr_carea' id='block_1_52' title="bbox 2166 2069 3824 2147">
    <p class='ocr_par' dir='ltr' id='par_1_52' title="bbox 2166 2069 3824 2147">
     <span class='ocr_line' id='line_1_53' title="bbox 2166 2069 3824 2147; baseline -0.002 -15"><span class='ocrx_word' id='word_1_333' title='bbox 2166 2130 2171 2137; x_wconf 69' lang='grc'>,</span> <span class='ocrx_word' id='word_1_334' title='bbox 2218 2076 2318 2132; x_wconf 93' lang='lat' dir='ltr'><strong>Dei</strong></span> <span class='ocrx_word' id='word_1_335' title='bbox 2349 2088 2511 2147; x_wconf 90' lang='lat' dir='ltr'><strong>posse</strong></span> <span class='ocrx_word' id='word_1_336' title='bbox 2538 2072 2731 2144; x_wconf 88' lang='lat' dir='ltr'><strong>decipi,</strong></span> <span class='ocrx_word' id='word_1_337' title='bbox 2778 2078 2927 2128; x_wconf 90' lang='lat' dir='ltr'><strong>certa</strong></span> <span class='ocrx_word' id='word_1_338' title='bbox 2957 2070 3174 2126; x_wconf 90' lang='lat' dir='ltr'><strong>ratione</strong></span> <span class='ocrx_word' id='word_1_339' title='bbox 3199 2069 3443 2142; x_wconf 81' lang='lat' dir='ltr'><strong>collegit,</strong></span> <span class='ocrx_word' id='word_1_340' title='bbox 3484 2070 3629 2127; x_wconf 87' lang='lat' dir='ltr'><strong>dans</strong></span> <span class='ocrx_word' id='word_1_341' title='bbox 3656 2072 3824 2128; x_wconf 87' lang='lat' dir='ltr'><strong>consi-</strong></span> 
     </span>
    </p>
   </div>
   <div class='ocr_carea' id='block_1_53' title="bbox 2218 2162 3826 2240">
    <p class='ocr_par' dir='ltr' id='par_1_53' title="bbox 2218 2162 3826 2240">
     <span class='ocr_line' id='line_1_54' title="bbox 2218 2162 3826 2240; baseline -0.003 -14"><span class='ocrx_word' id='word_1_342' title='bbox 2218 2170 2356 2227; x_wconf 90' lang='lat' dir='ltr'><strong>lium</strong></span> <span class='ocrx_word' id='word_1_343' title='bbox 2398 2175 2462 2225; x_wconf 92' lang='lat' dir='ltr'><strong>ut</strong></span> <span class='ocrx_word' id='word_1_344' title='bbox 2499 2182 2565 2223; x_wconf 87' lang='lat' dir='ltr'><strong>ex</strong></span> <span class='ocrx_word' id='word_1_345' title='bbox 2608 2167 2699 2224; x_wconf 87' lang='lat' dir='ltr'><strong>illa</strong></span> <span class='ocrx_word' id='word_1_346' title='bbox 2743 2173 2897 2240; x_wconf 88' lang='lat' dir='ltr'><strong>parte</strong></span> <span class='ocrx_word' id='word_1_347' title='bbox 2936 2179 3042 2236; x_wconf 90' lang='lat' dir='ltr'><strong>qua</strong></span> <span class='ocrx_word' id='word_1_348' title='bbox 3089 2162 3361 2219; x_wconf 87' lang='lat' dir='ltr'><strong>inﬁrrnari</strong></span> <span class='ocrx_word' id='word_1_349' title='bbox 3404 2172 3637 2220; x_wconf 87' lang='lat' dir='ltr'><strong>noverat</strong></span> <span class='ocrx_word' id='word_1_350' title='bbox 3686 2164 3826 2221; x_wconf 87' lang='lat' dir='ltr'><strong>ﬁlios</strong></span> 
     </span>
    </p>
   </div>
   <div class='ocr_carea' id='block_1_54' title="bbox 2220 2255 3823 2334">
    <p class='ocr_par' dir='ltr' id='par_1_54' title="bbox 2220 2255 3823 2334">
     <span class='ocr_line' id='line_1_55' title="bbox 2220 2255 3823 2334; baseline -0.003 -15"><span class='ocrx_word' id='word_1_351' title='bbox 2220 2262 2408 2327; x_wconf 84' lang='lat' dir='ltr'><strong>Israel,</strong></span> <span class='ocrx_word' id='word_1_352' title='bbox 2450 2258 2737 2334; x_wconf 88' lang='lat' dir='ltr'><strong>perniciosi</strong></span> <span class='ocrx_word' id='word_1_353' title='bbox 2776 2259 2855 2315; x_wconf 91' lang='lat' dir='ltr'><strong>eis</strong></span> <span class='ocrx_word' id='word_1_354' title='bbox 2882 2257 3059 2330; x_wconf 80' lang='lat' dir='ltr'><strong>laquei</strong></span> <span class='ocrx_word' id='word_1_355' title='bbox 3102 2255 3479 2324; x_wconf 79' lang='lat' dir='ltr'><strong>tenderentur,</strong></span> <span class='ocrx_word' id='word_1_356' title='bbox 3514 2273 3632 2314; x_wconf 92' lang='lat' dir='ltr'><strong>non</strong></span> <span class='ocrx_word' id='word_1_357' title='bbox 3660 2257 3823 2314; x_wconf 90' lang='lat' dir='ltr'><strong>dubi-</strong></span> 
     </span>
    </p>
   </div>
   <div class='ocr_carea' id='block_1_55' title="bbox 2222 2350 3828 2426">
    <p class='ocr_par' dir='ltr' id='par_1_55' title="bbox 2222 2350 3828 2426">
     <span class='ocr_line' id='line_1_56' title="bbox 2222 2350 3828 2426; baseline -0.003 -13"><span class='ocrx_word' id='word_1_358' title='bbox 2222 2366 2345 2413; x_wconf 90' lang='lat' dir='ltr'><strong>tans</strong></span> <span class='ocrx_word' id='word_1_359' title='bbox 2370 2371 2465 2412; x_wconf 92' lang='lat' dir='ltr'><strong>eos</strong></span> <span class='ocrx_word' id='word_1_360' title='bbox 2486 2354 2669 2411; x_wconf 88' lang='lat' dir='ltr'><strong>oblata</strong></span> <span class='ocrx_word' id='word_1_361' title='bbox 2691 2354 2851 2426; x_wconf 80' lang='lat' dir='ltr'><strong>cepia</strong></span> <span class='ocrx_word' id='word_1_362' title='bbox 2879 2352 3236 2421; x_wconf 89' lang='lat' dir='ltr'><strong>feminarum,</strong></span> <span class='ocrx_word' id='word_1_363' title='bbox 3263 2350 3641 2409; x_wconf 84' lang='lat' dir='ltr'><strong>fornicationis</strong></span> <span class='ocrx_word' id='word_1_364' title='bbox 3667 2352 3828 2408; x_wconf 86' lang='lat' dir='ltr'><strong>ruina</strong></span> 
     </span>
    </p>
   </div>
   <div class='ocr_carea' id='block_1_56' title="bbox 2223 2446 3827 2525">
    <p class='ocr_par' dir='ltr' id='par_1_56' title="bbox 2223 2446 3827 2525">
     <span class='ocr_line' id='line_1_57' title="bbox 2223 2446 3827 2525; baseline -0.003 -17"><span class='ocrx_word' id='word_1_365' title='bbox 2223 2451 2472 2525; x_wconf 90' lang='lat' dir='ltr'><strong>protinus</strong></span> <span class='ocrx_word' id='word_1_366' title='bbox 2525 2449 2885 2520; x_wconf 89' lang='lat' dir='ltr'><strong>collapsuros,</strong></span> <span class='ocrx_word' id='word_1_367' title='bbox 2940 2446 3069 2521; x_wconf 89' lang='lat' dir='ltr'><strong>quia</strong></span> <span class='ocrx_word' id='word_1_368' title='bbox 3122 2446 3573 2519; x_wconf 89' lang='lat' dir='ltr'><strong>concupiscibiles</strong></span> <span class='ocrx_word' id='word_1_369' title='bbox 3616 2446 3827 2503; x_wconf 66' lang='lat' dir='ltr'><strong>animm</strong></span> 
     </span>
    </p>
   </div>
   <div class='ocr_carea' id='block_1_57' title="bbox 2222 2540 3827 2615">
    <p class='ocr_par' dir='ltr' id='par_1_57' title="bbox 2222 2540 3827 2615">
     <span class='ocr_line' id='line_1_58' title="bbox 2222 2540 3827 2615; baseline -0.004 -15"><span class='ocrx_word' id='word_1_370' title='bbox 2222 2559 2416 2600; x_wconf 89' lang='lat' dir='ltr'><strong>eorum</strong></span> <span class='ocrx_word' id='word_1_371' title='bbox 2463 2550 2646 2615; x_wconf 90' lang='lat' dir='ltr'><strong>partes</strong></span> <span class='ocrx_word' id='word_1_372' title='bbox 2693 2540 2901 2598; x_wconf 87' lang='lat' dir='ltr'><strong>sciebat</strong></span> <span class='ocrx_word' id='word_1_373' title='bbox 2948 2554 3069 2596; x_wconf 91' lang='lat' dir='ltr'><strong>esse</strong></span> <span class='ocrx_word' id='word_1_374' title='bbox 3113 2547 3401 2612; x_wconf 90' lang='lat' dir='ltr'><strong>corruptas</strong></span> <span class='ocrx_word' id='word_1_375' title='bbox 3447 2542 3629 2606; x_wconf 88' lang='lat' dir='ltr'><strong>(Num.</strong></span> <span class='ocrx_word' id='word_1_376' title='bbox 3677 2554 3827 2596; x_wconf 72' lang='lat' dir='ltr'><strong>xxxv</strong></span> 
     </span>
    </p>
   </div>
   <div class='ocr_carea' id='block_1_58' title="bbox 2224 2632 3826 2709">
    <p class='ocr_par' dir='ltr' id='par_1_58' title="bbox 2224 2632 3826 2709">
     <span class='ocr_line' id='line_1_59' title="bbox 2224 2632 3826 2709; baseline -0.004 -14"><span class='ocrx_word' id='word_1_377' title='bbox 2224 2643 2275 2695; x_wconf 88' lang='lat' dir='ltr'><strong>et</strong></span> <span class='ocrx_word' id='word_1_378' title='bbox 2301 2637 2502 2709; x_wconf 72' lang='lat' dir='ltr'><strong>xxxx).</strong></span> <span class='ocrx_word' id='word_1_379' title='bbox 2538 2640 2620 2693; x_wconf 87' lang='lat' dir='ltr'><strong>lta</strong></span> <span class='ocrx_word' id='word_1_380' title='bbox 2648 2652 2776 2709; x_wconf 91' lang='lat' dir='ltr'><strong>ergo</strong></span> <span class='ocrx_word' id='word_1_381' title='bbox 2805 2649 3257 2707; x_wconf 89' lang='lat' dir='ltr'><strong>unumquemque</strong></span> <span class='ocrx_word' id='word_1_382' title='bbox 3285 2641 3544 2689; x_wconf 88' lang='lat' dir='ltr'><strong>nostrum</strong></span> <span class='ocrx_word' id='word_1_383' title='bbox 3573 2632 3826 2704; x_wconf 70' lang='lat' dir='ltr'><strong>nequitiae</strong></span> 
     </span>
    </p>
   </div>
   <div class='ocr_carea' id='block_1_59' title="bbox 2224 2726 3828 2803">
    <p class='ocr_par' dir='ltr' id='par_1_59' title="bbox 2224 2726 3828 2803">
     <span class='ocr_line' id='line_1_60' title="bbox 2224 2726 3828 2803; baseline -0.003 -15"><span class='ocrx_word' id='word_1_384' title='bbox 2224 2730 2496 2803; x_wconf 90' lang='lat' dir='ltr'><strong>spiritales</strong></span> <span class='ocrx_word' id='word_1_385' title='bbox 2524 2736 2743 2787; x_wconf 87' lang='lat' dir='ltr'><strong>versuta</strong></span> <span class='ocrx_word' id='word_1_386' title='bbox 2779 2727 3113 2801; x_wconf 82' lang='lat' dir='ltr'><strong>malignitate</strong></span> <span class='ocrx_word' id='word_1_387' title='bbox 3152 2735 3494 2799; x_wconf 88' lang='lat' dir='ltr'><strong>pertentant,</strong></span> <span class='ocrx_word' id='word_1_388' title='bbox 3536 2726 3648 2783; x_wconf 87' lang='lat' dir='ltr'><strong>illis</strong></span> <span class='ocrx_word' id='word_1_389' title='bbox 3676 2741 3828 2799; x_wconf 70' lang='lat' dir='ltr'><strong>prs:-</strong></span> 
     </span>
    </p>
   </div>
   <div class='ocr_carea' id='block_1_60' title="bbox 2221 2819 3827 2898">
    <p class='ocr_par' dir='ltr' id='par_1_60' title="bbox 2221 2819 3827 2898">
     <span class='ocr_line' id='line_1_61' title="bbox 2221 2819 3827 2898; baseline -0.006 -15"><span class='ocrx_word' id='word_1_390' title='bbox 2221 2826 2382 2898; x_wconf 90' lang='lat' dir='ltr'><strong>cipue</strong></span> <span class='ocrx_word' id='word_1_391' title='bbox 2409 2824 2703 2882; x_wconf 85' lang='lat' dir='ltr'><strong>affectibus</strong></span> <span class='ocrx_word' id='word_1_392' title='bbox 2723 2822 2923 2879; x_wconf 68' lang='lat' dir='ltr'><strong>animaz</strong></span> <span class='ocrx_word' id='word_1_393' title='bbox 2948 2820 3233 2876; x_wconf 88' lang='lat' dir='ltr'><strong>insidiosos</strong></span> <span class='ocrx_word' id='word_1_394' title='bbox 3250 2819 3479 2891; x_wconf 82' lang='lat' dir='ltr'><strong>laqueos</strong></span> <span class='ocrx_word' id='word_1_395' title='bbox 3502 2826 3827 2891; x_wconf 81' lang='lat' dir='ltr'><strong>perstruen—</strong></span> 
     </span>
    </p>
   </div>
   <div class='ocr_carea' id='block_1_61' title="bbox 2226 2912 3822 2989">
    <p class='ocr_par' dir='ltr' id='par_1_61' title="bbox 2226 2912 3822 2989">
     <span class='ocr_line' id='line_1_62' title="bbox 2226 2912 3822 2989; baseline -0.003 -16"><span class='ocrx_word' id='word_1_396' title='bbox 2226 2927 2328 2987; x_wconf 90' lang='lat' dir='ltr'><strong>tes,</strong></span> <span class='ocrx_word' id='word_1_397' title='bbox 2351 2917 2548 2989; x_wconf 91' lang='lat' dir='ltr'><strong>quibus</strong></span> <span class='ocrx_word' id='word_1_398' title='bbox 2571 2930 2695 2972; x_wconf 87' lang='lat' dir='ltr'><strong>eam</strong></span> <span class='ocrx_word' id='word_1_399' title='bbox 2720 2914 2988 2972; x_wconf 86' lang='lat' dir='ltr'><strong>senserint</strong></span> <span class='ocrx_word' id='word_1_400' title='bbox 3005 2920 3270 2986; x_wconf 56' lang='lat' dir='ltr'><strong>aegrotare</strong></span> <span class='ocrx_word' id='word_1_401' title='bbox 3299 2920 3428 2981; x_wconf 86' lang='lat' dir='ltr'><strong>:ut,</strong></span> <span class='ocrx_word' id='word_1_402' title='bbox 3444 2912 3602 2968; x_wconf 86' lang='lat' dir='ltr'><strong>verbi</strong></span> <span class='ocrx_word' id='word_1_403' title='bbox 3625 2914 3822 2985; x_wconf 85' lang='lat' dir='ltr'><strong>gratia,</strong></span> 
     </span>
    </p>
   </div>
   <div class='ocr_carea' id='block_1_62' title="bbox 2220 3006 3825 3077">
    <p class='ocr_par' dir='ltr' id='par_1_62' title="bbox 2220 3006 3825 3077">
     <span class='ocr_line' id='line_1_63' title="bbox 2220 3006 3825 3077; baseline -0.002 -10"><span class='ocrx_word' id='word_1_404' title='bbox 2220 3026 2351 3068; x_wconf 91' lang='lat' dir='ltr'><strong>cum</strong></span> <span class='ocrx_word' id='word_1_405' title='bbox 2375 3008 2611 3065; x_wconf 89' lang='lat' dir='ltr'><strong>viderint</strong></span> <span class='ocrx_word' id='word_1_406' title='bbox 2638 3007 2987 3066; x_wconf 87' lang='lat' dir='ltr'><strong>rationabiles</strong></span> <span class='ocrx_word' id='word_1_407' title='bbox 3026 3007 3227 3061; x_wconf 67' lang='lat' dir='ltr'><strong>anima:</strong></span> <span class='ocrx_word' id='word_1_408' title='bbox 3247 3006 3483 3061; x_wconf 69' lang='lat' dir='ltr'><strong>nostrae?</strong></span> <span class='ocrx_word' id='word_1_409' title='bbox 3494 3015 3680 3077; x_wconf 87' lang='lat' dir='ltr'><strong>partes</strong></span> <span class='ocrx_word' id='word_1_410' title='bbox 3706 3022 3825 3064; x_wconf 86' lang='lat' dir='ltr'><strong>esse</strong></span> 
     </span>
    </p>
   </div>
   <div class='ocr_carea' id='block_1_63' title="bbox 2221 3097 3825 3172">
    <p class='ocr_par' dir='ltr' id='par_1_63' title="bbox 2221 3097 3825 3172">
     <span class='ocr_line' id='line_1_64' title="bbox 2221 3097 3825 3172; baseline -0.001 -13"><span class='ocrx_word' id='word_1_411' title='bbox 2221 3102 2462 3168; x_wconf 90' lang='lat' dir='ltr'><strong>vitiatas,</strong></span> <span class='ocrx_word' id='word_1_412' title='bbox 2504 3102 2600 3158; x_wconf 93' lang='lat' dir='ltr'><strong>illo</strong></span> <span class='ocrx_word' id='word_1_413' title='bbox 2644 3116 2747 3158; x_wconf 86' lang='lat' dir='ltr'><strong>nos</strong></span> <span class='ocrx_word' id='word_1_414' title='bbox 2794 3100 2985 3157; x_wconf 90' lang='lat' dir='ltr'><strong>ordine</strong></span> <span class='ocrx_word' id='word_1_415' title='bbox 3031 3097 3284 3171; x_wconf 89' lang='lat' dir='ltr'><strong>decipere</strong></span> <span class='ocrx_word' id='word_1_416' title='bbox 3330 3098 3659 3165; x_wconf 89' lang='lat' dir='ltr'><strong>moliuntur,</strong></span> <span class='ocrx_word' id='word_1_417' title='bbox 3714 3114 3825 3172; x_wconf 87' lang='lat' dir='ltr'><strong>quo</strong></span> 
     </span>
    </p>
   </div>
   <div class='ocr_carea' id='block_1_64' title="bbox 515 3179 3825 3273">
    <p class='ocr_par' dir='ltr' id='par_1_64' title="bbox 515 3179 3825 3273">
     <span class='ocr_line' id='line_1_65' title="bbox 515 3179 3825 3273; baseline 0.003 -32"><span class='ocrx_word' id='word_1_418' title='bbox 515 3188 817 3247; x_wconf 86' lang='lat' dir='ltr'><strong>humilitate</strong></span> <span class='ocrx_word' id='word_1_419' title='bbox 841 3192 1075 3265; x_wconf 85' lang='lat' dir='ltr'><strong>fundati,</strong></span> <span class='ocrx_word' id='word_1_420' title='bbox 1103 3214 1269 3269; x_wconf 90' lang='lat' dir='ltr'><strong>quam</strong></span> <span class='ocrx_word' id='word_1_421' title='bbox 1294 3199 1656 3270; x_wconf 86' lang='lat' dir='ltr'><strong>laboriosum,</strong></span> <span class='ocrx_word' id='word_1_422' title='bbox 1678 3179 1952 3273; x_wconf 87' lang='lat' dir='ltr'><strong>quamque</strong></span> <span class='ocrx_word' id='word_1_423' title='bbox 1975 3202 2118 3259; x_wconf 89' lang='lat' dir='ltr'><strong>difﬁ-</strong></span> <span class='ocrx_word' id='word_1_424' title='bbox 2152 3179 2197 3239; x_wconf 69' lang='grc' dir='ltr'><strong>ί)</strong></span> <span class='ocrx_word' id='word_1_425' title='bbox 2225 3197 2420 3254; x_wconf 80' lang='lat' dir='ltr'><strong>Achab</strong></span> <span class='ocrx_word' id='word_1_426' title='bbox 2439 3211 2625 3270; x_wconf 83' lang='lat' dir='ltr'><strong>regem</strong></span> <span class='ocrx_word' id='word_1_427' title='bbox 2650 3195 2723 3251; x_wconf 92' lang='lat' dir='ltr'><strong>ab</strong></span> <span class='ocrx_word' id='word_1_428' title='bbox 2748 3194 2851 3252; x_wconf 91' lang='lat' dir='ltr'><strong>illis</strong></span> <span class='ocrx_word' id='word_1_429' title='bbox 2877 3193 3025 3267; x_wconf 83' lang='lat' dir='ltr'><strong>Syris</strong></span> <span class='ocrx_word' id='word_1_430' title='bbox 3054 3191 3352 3265; x_wconf 89' lang='lat' dir='ltr'><strong>deceptum</strong></span> <span class='ocrx_word' id='word_1_431' title='bbox 3371 3192 3645 3265; x_wconf 87' lang='lat' dir='ltr'><strong>Scriptura</strong></span> <span class='ocrx_word' id='word_1_432' title='bbox 3668 3210 3825 3250; x_wconf 83' lang='lat' dir='ltr'><strong>com-</strong></span> 
     </span>
    </p>
   </div>
   <div class='ocr_carea' id='block_1_65' title="bbox 518 3276 2114 3360">
    <p class='ocr_par' dir='ltr' id='par_1_65' title="bbox 518 3276 2114 3360">
     <span class='ocr_line' id='line_1_66' title="bbox 518 3276 2114 3360; baseline 0.013 -28"><span class='ocrx_word' id='word_1_433' title='bbox 518 3276 620 3335; x_wconf 93' lang='lat' dir='ltr'><strong>cile</strong></span> <span class='ocrx_word' id='word_1_434' title='bbox 658 3279 731 3335; x_wconf 89' lang='lat' dir='ltr'><strong>sit</strong></span> <span class='ocrx_word' id='word_1_435' title='bbox 771 3282 1075 3357; x_wconf 90' lang='lat' dir='ltr'><strong>unicuique</strong></span> <span class='ocrx_word' id='word_1_436' title='bbox 1115 3297 1367 3346; x_wconf 87' lang='lat' dir='ltr'><strong>nostrum</strong></span> <span class='ocrx_word' id='word_1_437' title='bbox 1412 3292 1620 3347; x_wconf 76' lang='lat' dir='ltr'><strong>salvere</strong></span> <span class='ocrx_word' id='word_1_438' title='bbox 1664 3292 1907 3351; x_wconf 86' lang='lat' dir='ltr'><strong>animam</strong></span> <span class='ocrx_word' id='word_1_439' title='bbox 1934 3310 2114 3360; x_wconf 89' lang='lat' dir='ltr'><strong>suam,</strong></span> 
     </span>
    </p>
   </div>
   <div class='ocr_carea' id='block_1_66' title="bbox 515 3371 2115 3452">
    <p class='ocr_par' dir='ltr' id='par_1_66' title="bbox 515 3371 2115 3452">
     <span class='ocr_line' id='line_1_67' title="bbox 515 3371 2115 3452; baseline 0.011 -25"><span class='ocrx_word' id='word_1_440' title='bbox 515 3371 715 3431; x_wconf 88' lang='lat' dir='ltr'><strong>mentis</strong></span> <span class='ocrx_word' id='word_1_441' title='bbox 749 3382 944 3434; x_wconf 67' lang='lat' dir='ltr'><strong>vestra:</strong></span> <span class='ocrx_word' id='word_1_442' title='bbox 980 3379 1301 3437; x_wconf 86' lang='lat' dir='ltr'><strong>contritione</strong></span> <span class='ocrx_word' id='word_1_443' title='bbox 1330 3381 1581 3452; x_wconf 88' lang='lat' dir='ltr'><strong>discatis;</strong></span> <span class='ocrx_word' id='word_1_444' title='bbox 1610 3392 1665 3440; x_wconf 89' lang='lat' dir='ltr'><strong>et</strong></span> <span class='ocrx_word' id='word_1_445' title='bbox 1703 3385 1903 3444; x_wconf 90' lang='lat' dir='ltr'><strong>intimo</strong></span> <span class='ocrx_word' id='word_1_446' title='bbox 1931 3387 2115 3445; x_wconf 88' lang='lat' dir='ltr'><strong>cordis</strong></span> 
     </span>
    </p>
   </div>
   <div class='ocr_carea' id='block_1_67' title="bbox 520 3464 2116 3554">
    <p class='ocr_par' dir='ltr' id='par_1_67' title="bbox 520 3464 2116 3554">
     <span class='ocr_line' id='line_1_68' title="bbox 520 3464 2116 3554; baseline 0.013 -34"><span class='ocrx_word' id='word_1_447' title='bbox 520 3464 747 3530; x_wconf 84' lang='lat' dir='ltr'><strong>affectu,</strong></span> <span class='ocrx_word' id='word_1_448' title='bbox 796 3485 909 3525; x_wconf 88' lang='lat' dir='ltr'><strong>non</strong></span> <span class='ocrx_word' id='word_1_449' title='bbox 938 3471 1104 3528; x_wconf 92' lang='lat' dir='ltr'><strong>modo</strong></span> <span class='ocrx_word' id='word_1_450' title='bbox 1139 3474 1303 3547; x_wconf 87' lang='lat' dir='ltr'><strong>longe</strong></span> <span class='ocrx_word' id='word_1_451' title='bbox 1344 3493 1441 3533; x_wconf 90' lang='lat' dir='ltr'><strong>vos</strong></span> <span class='ocrx_word' id='word_1_452' title='bbox 1470 3477 1539 3533; x_wconf 90' lang='lat' dir='ltr'><strong>ab</strong></span> <span class='ocrx_word' id='word_1_453' title='bbox 1583 3478 1668 3534; x_wconf 89' lang='lat' dir='ltr'><strong>illa</strong></span> <span class='ocrx_word' id='word_1_454' title='bbox 1698 3478 1932 3539; x_wconf 91' lang='lat' dir='ltr'><strong>docendi</strong></span> <span class='ocrx_word' id='word_1_455' title='bbox 1974 3497 2116 3554; x_wconf 60' lang='lat' dir='ltr'><strong>prae-</strong></span> 
     </span>
    </p>
   </div>
   <div class='ocr_carea' id='block_1_68' title="bbox 515 3560 2116 3646">
    <p class='ocr_par' dir='ltr' id='par_1_68' title="bbox 515 3560 2116 3646">
     <span class='ocr_line' id='line_1_69' title="bbox 515 3560 2116 3646; baseline 0.014 -35"><span class='ocrx_word' id='word_1_456' title='bbox 515 3560 829 3628; x_wconf 90' lang='lat' dir='ltr'><strong>sumptione</strong></span> <span class='ocrx_word' id='word_1_457' title='bbox 859 3562 1167 3633; x_wconf 90' lang='lat' dir='ltr'><strong>submotos,</strong></span> <span class='ocrx_word' id='word_1_458' title='bbox 1196 3582 1387 3623; x_wconf 89' lang='lat' dir='ltr'><strong>verum</strong></span> <span class='ocrx_word' id='word_1_459' title='bbox 1417 3570 1584 3625; x_wconf 88' lang='lat' dir='ltr'><strong>etiam</strong></span> <span class='ocrx_word' id='word_1_460' title='bbox 1611 3570 1792 3629; x_wconf 88' lang='lat' dir='ltr'><strong>adhuc</strong></span> <span class='ocrx_word' id='word_1_461' title='bbox 1829 3588 1989 3646; x_wconf 89' lang='lat' dir='ltr'><strong>egere</strong></span> <span class='ocrx_word' id='word_1_462' title='bbox 2016 3574 2116 3633; x_wconf 92' lang='lat' dir='ltr'><strong>do-</strong></span> 
     </span>
    </p>
   </div>
   <div class='ocr_carea' id='block_1_69' title="bbox 526 3651 1293 3727">
    <p class='ocr_par' dir='ltr' id='par_1_69' title="bbox 526 3651 1293 3727">
     <span class='ocr_line' id='line_1_70' title="bbox 526 3651 1293 3727; baseline 0.013 -21"><span class='ocrx_word' id='word_1_463' title='bbox 526 3651 698 3709; x_wconf 87' lang='lat' dir='ltr'><strong>ctoris</strong></span> <span class='ocrx_word' id='word_1_464' title='bbox 729 3655 1038 3727; x_wconf 83' lang='lat' dir='ltr'><strong>agnoscatis</strong></span> <span class='ocrx_word' id='word_1_465' title='bbox 1074 3659 1293 3716; x_wconf 79' lang='lat' dir='ltr'><strong>auxilio.</strong></span> 
     </span>
    </p>
   </div>
   <div class='ocr_carea' id='block_1_70' title="bbox 1082 3761 1547 3820">
    <p class='ocr_par' dir='ltr' id='par_1_70' title="bbox 1082 3761 1547 3820">
     <span class='ocr_line' id='line_1_71' title="bbox 1082 3761 1547 3820; baseline 0.006 -3"><span class='ocrx_word' id='word_1_466' title='bbox 1082 3761 1326 3820; x_wconf 85' lang='lat' dir='ltr'><strong>CAPUT</strong></span> <span class='ocrx_word' id='word_1_467' title='bbox 1362 3765 1547 3820; x_wconf 83' lang='lat' dir='ltr'><strong>XV&quot;.</strong></span> 
     </span>
    </p>
   </div>
   <div class='ocr_carea' id='block_1_71' title="bbox 519 3853 2115 3931">
    <p class='ocr_par' dir='ltr' id='par_1_71' title="bbox 519 3853 2115 3931">
     <span class='ocr_line' id='line_1_72' title="bbox 519 3853 2115 3931; baseline 0.009 -22"><span class='ocrx_word' id='word_1_468' title='bbox 519 3853 671 3920; x_wconf 82' lang='lat' dir='ltr'><strong>Quod</strong></span> <span class='ocrx_word' id='word_1_469' title='bbox 704 3856 975 3926; x_wconf 76' lang='lat' dir='ltr'><strong>inﬁrmior</strong></span> <span class='ocrx_word' id='word_1_470' title='bbox 1008 3876 1142 3931; x_wconf 85' lang='lat' dir='ltr'><strong>pars</strong></span> <span class='ocrx_word' id='word_1_471' title='bbox 1176 3866 1372 3917; x_wconf 67' lang='lat' dir='ltr'><strong>animae</strong></span> <span class='ocrx_word' id='word_1_472' title='bbox 1413 3864 1690 3920; x_wconf 84' lang='lat' dir='ltr'><strong>diabolicis</strong></span> <span class='ocrx_word' id='word_1_473' title='bbox 1734 3870 2115 3926; x_wconf 86' lang='lat' dir='ltr'><strong>tentationibus</strong></span> 
     </span>
    </p>
   </div>
   <div class='ocr_carea' id='block_1_72' title="bbox 1044 3935 1579 4001">
    <p class='ocr_par' dir='ltr' id='par_1_72' title="bbox 1044 3935 1579 4001">
     <span class='ocr_line' id='line_1_73' title="bbox 1044 3935 1579 4001; baseline 0.004 -15"><span class='ocrx_word' id='word_1_474' title='bbox 1044 3936 1228 4001; x_wconf 85' lang='lat' dir='ltr'><strong>prima</strong></span> <span class='ocrx_word' id='word_1_475' title='bbox 1254 3935 1579 3989; x_wconf 88' lang='lat' dir='ltr'><strong>succumbat.</strong></span> 
     </span>
    </p>
   </div>
   <div class='ocr_carea' id='block_1_73' title="bbox 591 4025 2119 4108">
    <p class='ocr_par' dir='ltr' id='par_1_73' title="bbox 591 4025 2119 4108">
     <span class='ocr_line' id='line_1_74' title="bbox 591 4025 2119 4108; baseline 0.01 -25"><span class='ocrx_word' id='word_1_476' title='bbox 591 4025 863 4087; x_wconf 78' lang='lat' dir='ltr'><strong>Adhibete</strong></span> <span class='ocrx_word' id='word_1_477' title='bbox 889 4046 1018 4104; x_wconf 91' lang='lat' dir='ltr'><strong>ergo</strong></span> <span class='ocrx_word' id='word_1_478' title='bbox 1045 4041 1069 4068; x_wconf 66' lang='grc' dir='ltr'>α</span> <span class='ocrx_word' id='word_1_479' title='bbox 1095 4033 1220 4090; x_wconf 91' lang='lat' dir='ltr'><strong>huic</strong></span> <span class='ocrx_word' id='word_1_480' title='bbox 1244 4034 1500 4092; x_wconf 82' lang='lat' dir='ltr'><strong>membro</strong></span> <span class='ocrx_word' id='word_1_481' title='bbox 1530 4037 1611 4092; x_wconf 92' lang='lat' dir='ltr'><strong>vel</strong></span> <span class='ocrx_word' id='word_1_482' title='bbox 1642 4037 1779 4108; x_wconf 86' lang='lat' dir='ltr'><strong>parti</strong></span> <span class='ocrx_word' id='word_1_483' title='bbox 1806 4039 2007 4096; x_wconf 65' lang='lat' dir='ltr'><strong>animm</strong></span> <span class='ocrx_word' id='word_1_484' title='bbox 2030 4055 2119 4098; x_wconf 90' lang='lat' dir='ltr'><strong>ve-</strong></span> 
     </span>
    </p>
   </div>
   <div class='ocr_carea' id='block_1_74' title="bbox 2223 3290 3829 3362">
    <p class='ocr_par' dir='ltr' id='par_1_74' title="bbox 2223 3290 3829 3362">
     <span class='ocr_line' id='line_1_75' title="bbox 2223 3290 3829 3362; baseline -0.002 -14"><span class='ocrx_word' id='word_1_485' title='bbox 2223 3300 2520 3357; x_wconf 87' lang='lat' dir='ltr'><strong>memorat,</strong></span> <span class='ocrx_word' id='word_1_486' title='bbox 2547 3292 2640 3362; x_wconf 92' lang='lat' dir='ltr'><strong>qui</strong></span> <span class='ocrx_word' id='word_1_487' title='bbox 2660 3290 2914 3347; x_wconf 89' lang='lat' dir='ltr'><strong>dixerunt</strong></span> <span class='ocrx_word' id='word_1_488' title='bbox 2943 3307 2957 3344; x_wconf 89' lang='lat'><strong>:</strong></span> <span class='ocrx_word' id='word_1_489' title='bbox 2979 3290 3189 3347; x_wconf 84' lang='lat' dir='ltr'><strong>Scimus</strong></span> <span class='ocrx_word' id='word_1_490' title='bbox 3211 3290 3467 3358; x_wconf 83' lang='lat' dir='ltr'><strong>quoniam</strong></span> <span class='ocrx_word' id='word_1_491' title='bbox 3488 3303 3629 3358; x_wconf 86' lang='lat' dir='ltr'><strong>reges</strong></span> <span class='ocrx_word' id='word_1_492' title='bbox 3654 3291 3829 3345; x_wconf 81' lang='lat' dir='ltr'><strong>Israel</strong></span> 
     </span>
    </p>
   </div>
   <div class='ocr_carea' id='block_1_75' title="bbox 2224 3384 3826 3456">
    <p class='ocr_par' dir='ltr' id='par_1_75' title="bbox 2224 3384 3826 3456">
     <span class='ocr_line' id='line_1_76' title="bbox 2224 3384 3826 3456; baseline -0.003 -13"><span class='ocrx_word' id='word_1_493' title='bbox 2224 3386 2590 3442; x_wconf 76' lang='lat' dir='ltr'><strong>misericordes</strong></span> <span class='ocrx_word' id='word_1_494' title='bbox 2623 3389 2780 3453; x_wconf 85' lang='lat' dir='ltr'><strong>sunt;</strong></span> <span class='ocrx_word' id='word_1_495' title='bbox 2811 3398 3083 3456; x_wconf 80' lang='lat' dir='ltr'><strong>ponamus</strong></span> <span class='ocrx_word' id='word_1_496' title='bbox 3113 3385 3297 3453; x_wconf 81' lang='lat' dir='ltr'><strong>itaque</strong></span> <span class='ocrx_word' id='word_1_497' title='bbox 3319 3397 3494 3443; x_wconf 85' lang='lat' dir='ltr'><strong>saccos</strong></span> <span class='ocrx_word' id='word_1_498' title='bbox 3530 3385 3587 3436; x_wconf 84' lang='lat' dir='ltr'><strong>in</strong></span> <span class='ocrx_word' id='word_1_499' title='bbox 3629 3384 3826 3438; x_wconf 83' lang='lat' dir='ltr'><strong>lumbis</strong></span> 
     </span>
    </p>
   </div>
   <div class='ocr_carea' id='block_1_76' title="bbox 2224 3479 3826 3552">
    <p class='ocr_par' dir='ltr' id='par_1_76' title="bbox 2224 3479 3826 3552">
     <span class='ocr_line' id='line_1_77' title="bbox 2224 3479 3826 3552; baseline -0.003 -13"><span class='ocrx_word' id='word_1_500' title='bbox 2224 3484 2421 3540; x_wconf 85' lang='lat' dir='ltr'><strong>nostris</strong></span> <span class='ocrx_word' id='word_1_501' title='bbox 2442 3487 2493 3537; x_wconf 88' lang='lat' dir='ltr'><strong>et</strong></span> <span class='ocrx_word' id='word_1_502' title='bbox 2510 3483 2785 3551; x_wconf 84' lang='lat' dir='ltr'><strong>funiculos</strong></span> <span class='ocrx_word' id='word_1_503' title='bbox 2809 3483 2867 3536; x_wconf 87' lang='lat' dir='ltr'><strong>in</strong></span> <span class='ocrx_word' id='word_1_504' title='bbox 2887 3479 3155 3552; x_wconf 73' lang='lat' dir='ltr'><strong>capitibus</strong></span> <span class='ocrx_word' id='word_1_505' title='bbox 3174 3481 3394 3543; x_wconf 81' lang='lat' dir='ltr'><strong>nostris,</strong></span> <span class='ocrx_word' id='word_1_506' title='bbox 3417 3483 3467 3535; x_wconf 86' lang='lat' dir='ltr'><strong>et</strong></span> <span class='ocrx_word' id='word_1_507' title='bbox 3484 3479 3826 3549; x_wconf 86' lang='lat' dir='ltr'><strong>egrediamur</strong></span> 
     </span>
    </p>
   </div>
   <div class='ocr_carea' id='block_1_77' title="bbox 2226 3574 3827 3649">
    <p class='ocr_par' dir='ltr' id='par_1_77' title="bbox 2226 3574 3827 3649">
     <span class='ocr_line' id='line_1_78' title="bbox 2226 3574 3827 3649; baseline -0.004 -14"><span class='ocrx_word' id='word_1_508' title='bbox 2226 3580 2301 3635; x_wconf 88' lang='lat' dir='ltr'><strong>ad</strong></span> <span class='ocrx_word' id='word_1_509' title='bbox 2327 3595 2504 3649; x_wconf 87' lang='lat' dir='ltr'><strong>regem</strong></span> <span class='ocrx_word' id='word_1_510' title='bbox 2538 3579 2722 3642; x_wconf 82' lang='lat' dir='ltr'><strong>Israel,</strong></span> <span class='ocrx_word' id='word_1_511' title='bbox 2764 3581 2815 3632; x_wconf 87' lang='lat' dir='ltr'><strong>et</strong></span> <span class='ocrx_word' id='word_1_512' title='bbox 2842 3576 3077 3631; x_wconf 82' lang='lat' dir='ltr'><strong>dicemus</strong></span> <span class='ocrx_word' id='word_1_513' title='bbox 3116 3594 3133 3630; x_wconf 90' lang='lat'><strong><em>:</em></strong></span> <span class='ocrx_word' id='word_1_514' title='bbox 3172 3576 3365 3633; x_wconf 81' lang='lat' dir='ltr'><strong>Seruus</strong></span> <span class='ocrx_word' id='word_1_515' title='bbox 3403 3579 3526 3630; x_wconf 88' lang='lat' dir='ltr'><strong>tuus</strong></span> <span class='ocrx_word' id='word_1_516' title='bbox 3570 3574 3827 3631; x_wconf 84' lang='lat' dir='ltr'><strong>Benadab</strong></span> 
     </span>
    </p>
   </div>
   <div class='ocr_carea' id='block_1_78' title="bbox 2226 3667 3825 3742">
    <p class='ocr_par' dir='ltr' id='par_1_78' title="bbox 2226 3667 3825 3742">
     <span class='ocr_line' id='line_1_79' title="bbox 2226 3667 3825 3742; baseline -0.005 -12"><span class='ocrx_word' id='word_1_517' title='bbox 2226 3675 2361 3730; x_wconf 85' lang='lat' dir='ltr'><strong>dicit</strong></span> <span class='ocrx_word' id='word_1_518' title='bbox 2398 3693 2414 3727; x_wconf 90' lang='lat'><strong><em>:</em></strong></span> <span class='ocrx_word' id='word_1_519' title='bbox 2449 3675 2765 3742; x_wconf 73' lang='lat' dir='ltr'><strong>Viviﬁcetur</strong></span> <span class='ocrx_word' id='word_1_520' title='bbox 2801 3672 2990 3727; x_wconf 85' lang='lat' dir='ltr'><strong>anima</strong></span> <span class='ocrx_word' id='word_1_521' title='bbox 3016 3686 3153 3726; x_wconf 85' lang='lat' dir='ltr'><strong>mea.</strong></span> <span class='ocrx_word' id='word_1_522' title='bbox 3187 3669 3401 3740; x_wconf 87' lang='lat' dir='ltr'><strong>Quibus</strong></span> <span class='ocrx_word' id='word_1_523' title='bbox 3434 3667 3527 3726; x_wconf 90' lang='lat' dir='ltr'><strong>ille</strong></span> <span class='ocrx_word' id='word_1_524' title='bbox 3554 3683 3671 3724; x_wconf 91' lang='lat' dir='ltr'><strong>non</strong></span> <span class='ocrx_word' id='word_1_525' title='bbox 3702 3682 3825 3723; x_wconf 87' lang='lat' dir='ltr'><strong>vera</strong></span> 
     </span>
    </p>
   </div>
   <div class='ocr_carea' id='block_1_79' title="bbox 2227 3759 3934 3836">
    <p class='ocr_par' dir='ltr' id='par_1_79' title="bbox 2227 3759 3934 3836">
     <span class='ocr_line' id='line_1_80' title="bbox 2227 3759 3934 3836; baseline -0.005 -13"><span class='ocrx_word' id='word_1_526' title='bbox 2227 3765 2446 3836; x_wconf 88' lang='lat' dir='ltr'><strong>pietate,</strong></span> <span class='ocrx_word' id='word_1_527' title='bbox 2482 3763 2581 3821; x_wconf 87' lang='lat' dir='ltr'><strong>sed</strong></span> <span class='ocrx_word' id='word_1_528' title='bbox 2622 3779 2759 3819; x_wconf 88' lang='lat' dir='ltr'><strong>vana</strong></span> <span class='ocrx_word' id='word_1_529' title='bbox 2806 3761 3190 3819; x_wconf 74' lang='lat' dir='ltr'><strong>misericordiae</strong></span> <span class='ocrx_word' id='word_1_530' title='bbox 3224 3759 3383 3815; x_wconf 86' lang='lat' dir='ltr'><strong>laude</strong></span> <span class='ocrx_word' id='word_1_531' title='bbox 3406 3768 3731 3830; x_wconf 85' lang='lat' dir='ltr'><strong>permotus,</strong></span> <span class='ocrx_word' id='word_1_532' title='bbox 3770 3761 3831 3818; x_wconf 87' lang='lat' dir='ltr'><strong>Si</strong></span> <span class='ocrx_word' id='word_1_533' title='bbox 3924 3820 3934 3829; x_wconf 56' lang='grc'>,</span> 
     </span>
    </p>
   </div>
   <div class='ocr_carea' id='block_1_80' title="bbox 2226 3852 3830 3927">
    <p class='ocr_par' dir='ltr' id='par_1_80' title="bbox 2226 3852 3830 3927">
     <span class='ocr_line' id='line_1_81' title="bbox 2226 3852 3830 3927; baseline -0.003 -15"><span class='ocrx_word' id='word_1_534' title='bbox 2226 3857 2423 3918; x_wconf 83' lang='lat' dir='ltr'><strong>adhuc,</strong></span> <span class='ocrx_word' id='word_1_535' title='bbox 2451 3854 2646 3927; x_wconf 91' lang='lat' dir='ltr'><strong>inquit,</strong></span> <span class='ocrx_word' id='word_1_536' title='bbox 2668 3856 2826 3919; x_wconf 78' lang='lat' dir='ltr'><strong>vivit,</strong></span> <span class='ocrx_word' id='word_1_537' title='bbox 2850 3857 3033 3923; x_wconf 85' lang='lat' dir='ltr'><strong>frater</strong></span> <span class='ocrx_word' id='word_1_538' title='bbox 3054 3868 3195 3909; x_wconf 83' lang='lat' dir='ltr'><strong>meus</strong></span> <span class='ocrx_word' id='word_1_539' title='bbox 3212 3855 3287 3907; x_wconf 83' lang='lat' dir='ltr'><strong>est</strong></span> <span class='ocrx_word' id='word_1_540' title='bbox 3305 3852 3409 3919; x_wconf 73' lang='grc' dir='ltr'>(ιιι</span> <span class='ocrx_word' id='word_1_541' title='bbox 3430 3854 3564 3921; x_wconf 78' lang='lat' dir='ltr'><strong>Reg.</strong></span> <span class='ocrx_word' id='word_1_542' title='bbox 3583 3852 3729 3923; x_wconf 65' lang='lat' dir='ltr'><strong>xx).</strong></span> <span class='ocrx_word' id='word_1_543' title='bbox 3753 3854 3830 3907; x_wconf 81' lang='lat' dir='ltr'><strong>Et</strong></span> 
     </span>
    </p>
   </div>
   <div class='ocr_carea' id='block_1_81' title="bbox 2227 3942 3829 4020">
    <p class='ocr_par' dir='ltr' id='par_1_81' title="bbox 2227 3942 3829 4020">
     <span class='ocr_line' id='line_1_82' title="bbox 2227 3942 3829 4020; baseline -0.003 -15"><span class='ocrx_word' id='word_1_544' title='bbox 2227 3948 2333 4006; x_wconf 92' lang='lat' dir='ltr'><strong>hoc</strong></span> <span class='ocrx_word' id='word_1_545' title='bbox 2362 3948 2633 4020; x_wconf 89' lang='lat' dir='ltr'><strong>exemplo,</strong></span> <span class='ocrx_word' id='word_1_546' title='bbox 2667 3948 2835 4004; x_wconf 82' lang='lat' dir='ltr'><strong>etiam</strong></span> <span class='ocrx_word' id='word_1_547' title='bbox 2861 3962 2967 4004; x_wconf 90' lang='lat' dir='ltr'><strong>nos</strong></span> <span class='ocrx_word' id='word_1_548' title='bbox 3003 3944 3343 4004; x_wconf 88' lang='lat' dir='ltr'><strong>rationabilis</strong></span> <span class='ocrx_word' id='word_1_549' title='bbox 3363 3942 3510 3999; x_wconf 78' lang='lat' dir='ltr'><strong>illius</strong></span> <span class='ocrx_word' id='word_1_550' title='bbox 3534 3945 3712 4016; x_wconf 90' lang='lat' dir='ltr'><strong>partis</strong></span> <span class='ocrx_word' id='word_1_551' title='bbox 3739 3958 3829 4000; x_wconf 59' lang='lat' dir='ltr'><strong>er»</strong></span> 
     </span>
    </p>
   </div>
   <div class='ocr_carea' id='block_1_82' title="bbox 2224 4034 3824 4114">
    <p class='ocr_par' dir='ltr' id='par_1_82' title="bbox 2224 4034 3824 4114">
     <span class='ocr_line' id='line_1_83' title="bbox 2224 4034 3824 4114; baseline -0.004 -16"><span class='ocrx_word' id='word_1_552' title='bbox 2224 4058 2353 4098; x_wconf 92' lang='lat' dir='ltr'><strong>rore</strong></span> <span class='ocrx_word' id='word_1_553' title='bbox 2388 4041 2671 4114; x_wconf 84' lang='lat' dir='ltr'><strong>deceptos,</strong></span> <span class='ocrx_word' id='word_1_554' title='bbox 2695 4040 2819 4097; x_wconf 91' lang='lat' dir='ltr'><strong>inde</strong></span> <span class='ocrx_word' id='word_1_555' title='bbox 2856 4040 3135 4096; x_wconf 89' lang='lat' dir='ltr'><strong>incurrere</strong></span> <span class='ocrx_word' id='word_1_556' title='bbox 3167 4035 3438 4094; x_wconf 89' lang='lat' dir='ltr'><strong>offensam</strong></span> <span class='ocrx_word' id='word_1_557' title='bbox 3461 4036 3565 4092; x_wconf 89' lang='lat' dir='ltr'><strong>Dei</strong></span> <span class='ocrx_word' id='word_1_558' title='bbox 3596 4034 3824 4101; x_wconf 85' lang='lat' dir='ltr'><strong>faciunt,</strong></span> 
     </span>
    </p>
   </div>
   <div class='ocr_carea' id='block_1_83' title="bbox 1612 4162 2723 4222">
    <p class='ocr_par' dir='ltr' id='par_1_83' title="bbox 1612 4162 2723 4222">
     <span class='ocr_line' id='line_1_84' title="bbox 1612 4162 2723 4222; baseline 0.003 -6"><span class='ocrx_word' id='word_1_559' title='bbox 1612 4162 1867 4218; x_wconf 81' lang='lat' dir='ltr'><strong>ALARDI</strong></span> <span class='ocrx_word' id='word_1_560' title='bbox 1905 4164 2131 4221; x_wconf 69' lang='lat' dir='ltr'><strong>GAZEI</strong></span> <span class='ocrx_word' id='word_1_561' title='bbox 2170 4164 2723 4222; x_wconf 84' lang='lat' dir='ltr'><strong>COMMENTARIUS.</strong></span> 
     </span>
    </p>
   </div>
   <div class='ocr_carea' id='block_1_84' title="bbox 524 4264 2116 4343">
    <p class='ocr_par' dir='ltr' id='par_1_84' title="bbox 524 4264 2116 4343">
     <span class='ocr_line' id='line_1_85' title="bbox 524 4264 2116 4343; baseline 0.004 -22"><span class='ocrx_word' id='word_1_562' title='bbox 524 4264 655 4321; x_wconf 84' lang='lat' dir='ltr'><strong>Cain</strong></span> <span class='ocrx_word' id='word_1_563' title='bbox 680 4281 889 4343; x_wconf 81' lang='lat' dir='ltr'><strong>quoque</strong></span> <span class='ocrx_word' id='word_1_564' title='bbox 901 4273 1131 4343; x_wconf 81' lang='lat' dir='ltr'><strong>pectore,</strong></span> <span class='ocrx_word' id='word_1_565' title='bbox 1148 4274 1438 4343; x_wconf 75' lang='lat' dir='ltr'><strong>postquam</strong></span> <span class='ocrx_word' id='word_1_566' title='bbox 1455 4270 1649 4340; x_wconf 81' lang='lat' dir='ltr'><strong>ejectus</strong></span> <span class='ocrx_word' id='word_1_567' title='bbox 1667 4276 1745 4326; x_wconf 90' lang='lat' dir='ltr'><strong>est</strong></span> <span class='ocrx_word' id='word_1_568' title='bbox 1762 4273 1829 4327; x_wconf 89' lang='lat' dir='ltr'><strong>de</strong></span> <span class='ocrx_word' id='word_1_569' title='bbox 1837 4275 2116 4343; x_wconf 84' lang='lat' dir='ltr'><strong>paradiso,</strong></span> 
     </span>
    </p>
   </div>
   <div class='ocr_carea' id='block_1_85' title="bbox 521 4340 2117 4414">
    <p class='ocr_par' dir='ltr' id='par_1_85' title="bbox 521 4340 2117 4414">
     <span class='ocr_line' id='line_1_86' title="bbox 521 4340 2117 4414; baseline 0.008 -25"><span class='ocrx_word' id='word_1_570' title='bbox 521 4350 627 4389; x_wconf 86' lang='lat' dir='ltr'><strong>non</strong></span> <span class='ocrx_word' id='word_1_571' title='bbox 655 4340 1040 4414; x_wconf 52' lang='lat' dir='ltr'><strong>egstinguitur,</strong></span> <span class='ocrx_word' id='word_1_572' title='bbox 1070 4343 1291 4414; x_wconf 75' lang='lat' dir='ltr'><strong>etc.__lta</strong></span> <span class='ocrx_word' id='word_1_573' title='bbox 1317 4342 1780 4414; x_wconf 9' lang='lat' dir='ltr'><strong>Hieronymusret</strong></span> <span class='ocrx_word' id='word_1_574' title='bbox 1816 4340 2117 4401; x_wconf 74' lang='lat' dir='ltr'><strong>Platonico-</strong></span> 
     </span>
    </p>
   </div>
   <div class='ocr_carea' id='block_1_86' title="bbox 522 4405 1830 4483">
    <p class='ocr_par' dir='ltr' id='par_1_86' title="bbox 522 4405 1830 4483">
     <span class='ocr_line' id='line_1_87' title="bbox 522 4405 1830 4483; baseline 0.008 -24"><span class='ocrx_word' id='word_1_575' title='bbox 522 4419 644 4483; x_wconf 78' lang='lat' dir='ltr'><strong>rum</strong></span> <span class='ocrx_word' id='word_1_576' title='bbox 655 4405 956 4483; x_wconf 50' lang='lat' dir='ltr'><strong>pecuina;</strong></span> <span class='ocrx_word' id='word_1_577' title='bbox 984 4409 1127 4466; x_wconf 92' lang='lat' dir='ltr'><strong>unde</strong></span> <span class='ocrx_word' id='word_1_578' title='bbox 1151 4410 1241 4467; x_wconf 92' lang='lat' dir='ltr'><strong>illa</strong></span> <span class='ocrx_word' id='word_1_579' title='bbox 1265 4405 1547 4468; x_wconf 66' lang='lat' dir='ltr'><strong>vocabula&#39;</strong></span> <span class='ocrx_word' id='word_1_580' title='bbox 1562 4412 1830 4483; x_wconf 90' lang='lat' dir='ltr'><strong>prodiere.</strong></span> 
     </span>
    </p>
   </div>
   <div class='ocr_carea' id='block_1_87' title="bbox 597 4477 2121 4562">
    <p class='ocr_par' dir='ltr' id='par_1_87' title="bbox 597 4477 2121 4562">
     <span class='ocr_line' id='line_1_88' title="bbox 597 4477 2121 4562; baseline 0.008 -32"><span class='ocrx_word' id='word_1_581' title='bbox 597 4477 794 4562; x_wconf 45' lang='lat' dir='ltr'><strong>&quot;Parii</strong></span> <span class='ocrx_word' id='word_1_582' title='bbox 825 4479 1086 4562; x_wconf 75' lang='lat' dir='ltr'><strong>nimirum</strong></span> <span class='ocrx_word' id='word_1_583' title='bbox 1107 4482 1474 4562; x_wconf 61' lang='lat' dir='ltr'><strong>superipri__et</strong></span> <span class='ocrx_word' id='word_1_584' title='bbox 1498 4477 1774 4562; x_wconf 66' lang='lat' dir='ltr'><strong>rationali,</strong></span> <span class='ocrx_word' id='word_1_585' title='bbox 1805 4484 1872 4562; x_wconf 86' lang='lat' dir='ltr'><strong>de</strong></span> <span class='ocrx_word' id='word_1_586' title='bbox 1898 4500 2004 4556; x_wconf 90' lang='lat' dir='ltr'><strong>qua</strong></span> <span class='ocrx_word' id='word_1_587' title='bbox 2034 4501 2121 4542; x_wconf 93' lang='lat' dir='ltr'><strong>su-</strong></span> 
     </span>
    </p>
   </div>
   <div class='ocr_carea' id='block_1_88' title="bbox 523 4545 2116 4621">
    <p class='ocr_par' dir='ltr' id='par_1_88' title="bbox 523 4545 2116 4621">
     <span class='ocr_line' id='line_1_89' title="bbox 523 4545 2116 4621; baseline 0.008 -21"><span class='ocrx_word' id='word_1_588' title='bbox 523 4545 704 4618; x_wconf 88' lang='lat' dir='ltr'><strong>perius</strong></span> <span class='ocrx_word' id='word_1_589' title='bbox 722 4550 799 4611; x_wconf 89' lang='lat' dir='ltr'><strong>(C.</strong></span> <span class='ocrx_word' id='word_1_590' title='bbox 817 4552 1076 4620; x_wconf 76' lang='lat' dir='ltr'><strong>prleced.)</strong></span> <span class='ocrx_word' id='word_1_591' title='bbox 1092 4545 1231 4607; x_wconf 83' lang='lat' dir='ltr'><strong>dixit</strong></span> <span class='ocrx_word' id='word_1_592' title='bbox 1251 4571 1264 4607; x_wconf 90' lang='lat'>:</span> <span class='ocrx_word' id='word_1_593' title='bbox 1284 4554 1680 4609; x_wconf 83' lang='lat' dir='ltr'><strong>Rationabilem</strong></span> <span class='ocrx_word' id='word_1_594' title='bbox 1697 4545 1888 4611; x_wconf 72' lang='lat' dir='ltr'><strong>mentis</strong></span> <span class='ocrx_word' id='word_1_595' title='bbox 1906 4545 2116 4621; x_wconf 63' lang='lat' dir='ltr'><strong>uestrae,</strong></span> 
     </span>
    </p>
   </div>
   <div class='ocr_carea' id='block_1_89' title="bbox 521 4622 2116 4696">
    <p class='ocr_par' dir='ltr' id='par_1_89' title="bbox 521 4622 2116 4696">
     <span class='ocr_line' id='line_1_90' title="bbox 521 4622 2116 4696; baseline 0.008 -24"><span class='ocrx_word' id='word_1_596' title='bbox 521 4622 682 4696; x_wconf 65' lang='lat' dir='ltr'><strong>atque</strong></span> <span class='ocrx_word' id='word_1_597' title='bbox 700 4624 895 4675; x_wconf 73' lang='lat' dir='ltr'><strong>anima:</strong></span> <span class='ocrx_word' id='word_1_598' title='bbox 908 4625 1210 4696; x_wconf 80' lang='lat' dir='ltr'><strong>portionem</strong></span> <span class='ocrx_word' id='word_1_599' title='bbox 1225 4626 1482 4696; x_wconf 76' lang='lat' dir='ltr'><strong>noveritis</strong></span> <span class='ocrx_word' id='word_1_600' title='bbox 1500 4639 1608 4696; x_wconf 86' lang='lat' dir='ltr'><strong>esse</strong></span> <span class='ocrx_word' id='word_1_601' title='bbox 1625 4632 1934 4696; x_wconf 79' lang='lat' dir='ltr'><strong>corruptam</strong></span> <span class='ocrx_word' id='word_1_602' title='bbox 1950 4647 1968 4694; x_wconf 87' lang='lat'><strong><em>;</em></strong></span> <span class='ocrx_word' id='word_1_603' title='bbox 1986 4630 2116 4685; x_wconf 89' lang='lat' dir='ltr'><strong>vitio</strong></span> 
     </span>
    </p>
   </div>
   <div class='ocr_carea' id='block_1_90' title="bbox 521 4684 2198 4769">
    <p class='ocr_par' dir='ltr' id='par_1_90' title="bbox 521 4684 2198 4769">
     <span class='ocr_line' id='line_1_91' title="bbox 521 4684 2198 4769; baseline 0.007 -24"><span class='ocrx_word' id='word_1_604' title='bbox 521 4684 1081 4769; x_wconf 42' lang='lat' dir='ltr'><strong>s‘cilicet_cenodoxi_m</strong></span> <span class='ocrx_word' id='word_1_605' title='bbox 1124 4704 1178 4751; x_wconf 89' lang='lat' dir='ltr'><strong>et</strong></span> <span class='ocrx_word' id='word_1_606' title='bbox 1206 4694 1377 4753; x_wconf 87' lang='lat' dir='ltr'><strong>inanis</strong></span> <span class='ocrx_word' id='word_1_607' title='bbox 1414 4695 1624 4768; x_wconf 62' lang='lat' dir='ltr'><strong>gloriae,</strong></span> <span class='ocrx_word' id='word_1_608' title='bbox 1656 4684 1867 4769; x_wconf 42' lang='lat' dir='ltr'><strong>quo-ad</strong></span> <span class='ocrx_word' id='word_1_609' title='bbox 1909 4684 2111 4755; x_wconf 51' lang='lat' dir='ltr'><strong>decen?</strong></span> <span class='ocrx_word' id='word_1_610' title='bbox 2150 4684 2198 4745; x_wconf 80' lang='lat' dir='ltr'><strong>D</strong></span> 
     </span>
    </p>
   </div>
   <div class='ocr_carea' id='block_1_91' title="bbox 524 4758 1175 4837">
    <p class='ocr_par' dir='ltr' id='par_1_91' title="bbox 524 4758 1175 4837">
     <span class='ocr_line' id='line_1_92' title="bbox 524 4758 1175 4837; baseline 0.011 -22"><span class='ocrx_word' id='word_1_611' title='bbox 524 4758 673 4837; x_wconf 59' lang='lat' dir='ltr'><strong>dum</strong></span> <span class='ocrx_word' id='word_1_612' title='bbox 688 4762 825 4837; x_wconf 81' lang='lat' dir='ltr'><strong>alios</strong></span> <span class='ocrx_word' id='word_1_613' title='bbox 850 4765 1175 4837; x_wconf 89' lang='lat' dir='ltr'><strong>aspirabant.</strong></span> 
     </span>
    </p>
   </div>
   <div class='ocr_carea' id='block_1_92' title="bbox 594 4824 2120 4913">
    <p class='ocr_par' dir='ltr' id='par_1_92' title="bbox 594 4824 2120 4913">
     <span class='ocr_line' id='line_1_93' title="bbox 594 4824 2120 4913; baseline 0.006 -26"><span class='ocrx_word' id='word_1_614' title='bbox 594 4824 857 4913; x_wconf 45' lang='lat' dir='ltr'><strong>l{galeam</strong></span> <span class='ocrx_word' id='word_1_615' title='bbox 877 4824 1136 4913; x_wconf 73' lang='lat' dir='ltr'><strong>propheta</strong></span> <span class='ocrx_word' id='word_1_616' title='bbox 1154 4837 1455 4913; x_wconf 78' lang='lat' dir='ltr'><strong>avarus,de</strong></span> <span class='ocrx_word' id='word_1_617' title='bbox 1465 4855 1576 4911; x_wconf 93' lang='lat' dir='ltr'><strong>quo</strong></span> <span class='ocrx_word' id='word_1_618' title='bbox 1598 4842 1665 4913; x_wconf 15' lang='lat' dir='ltr'><strong>Di.</strong></span> <span class='ocrx_word' id='word_1_619' title='bbox 1683 4840 2120 4913; x_wconf 79' lang='lat' dir='ltr'><strong>Hieronymusin</strong></span> 
     </span>
    </p>
   </div>
   <div class='ocr_carea' id='block_1_93' title="bbox 526 4900 2121 4977">
    <p class='ocr_par' dir='ltr' id='par_1_93' title="bbox 526 4900 2121 4977">
     <span class='ocr_line' id='line_1_94' title="bbox 526 4900 2121 4977; baseline 0.01 -25"><span class='ocrx_word' id='word_1_620' title='bbox 526 4900 590 4977; x_wconf 67' lang='grc' dir='ltr'><strong>ρ.</strong></span> <span class='ocrx_word' id='word_1_621' title='bbox 616 4904 783 4961; x_wconf 83' lang='lat' dir='ltr'><strong>Hebr.</strong></span> <span class='ocrx_word' id='word_1_622' title='bbox 799 4900 994 4977; x_wconf 73' lang='lat' dir='ltr'><strong>(super</strong></span> <span class='ocrx_word' id='word_1_623' title='bbox 1008 4911 1135 4967; x_wconf 86' lang='lat' dir='ltr'><strong>Gen.</strong></span> <span class='ocrx_word' id='word_1_624' title='bbox 1160 4927 1203 4965; x_wconf 92' lang='lat' dir='ltr'><strong>c.</strong></span> <span class='ocrx_word' id='word_1_625' title='bbox 1220 4915 1308 4975; x_wconf 80' lang='lat'><strong>22)</strong></span> <span class='ocrx_word' id='word_1_626' title='bbox 1331 4900 1578 4966; x_wconf 76' lang='lat' dir='ltr'><strong>:Baldam</strong></span> <span class='ocrx_word' id='word_1_627' title='bbox 1594 4912 1685 4965; x_wconf 88' lang='lat' dir='ltr'><strong>ille</strong></span> <span class='ocrx_word' id='word_1_628' title='bbox 1699 4900 1935 4976; x_wconf 73' lang='lat' dir='ltr'><strong>divinus,</strong></span> <span class='ocrx_word' id='word_1_629' title='bbox 1949 4917 2010 4967; x_wconf 90' lang='lat' dir='ltr'><strong>ut</strong></span> <span class='ocrx_word' id='word_1_630' title='bbox 2028 4915 2121 4968; x_wconf 86' lang='lat' dir='ltr'><strong>He-</strong></span> 
     </span>
    </p>
   </div>
   <div class='ocr_carea' id='block_1_94' title="bbox 527 4972 2122 5053">
    <p class='ocr_par' dir='ltr' id='par_1_94' title="bbox 527 4972 2122 5053">
     <span class='ocr_line' id='line_1_95' title="bbox 527 4972 2122 5053; baseline 0.009 -29"><span class='ocrx_word' id='word_1_631' title='bbox 527 4972 659 5025; x_wconf 56' lang='lat' dir='ltr'><strong>braei</strong></span> <span class='ocrx_word' id='word_1_632' title='bbox 667 4972 918 5053; x_wconf 67' lang='lat' dir='ltr'><strong>tradunt,</strong></span> <span class='ocrx_word' id='word_1_633' title='bbox 938 4984 1038 5053; x_wconf 81' lang='lat' dir='ltr'><strong>qui</strong></span> <span class='ocrx_word' id='word_1_634' title='bbox 1052 4984 1109 5034; x_wconf 85' lang='lat' dir='ltr'><strong>in</strong></span> <span class='ocrx_word' id='word_1_635' title='bbox 1131 4982 1264 5037; x_wconf 86' lang='lat' dir='ltr'><strong>libro</strong></span> <span class='ocrx_word' id='word_1_636' title='bbox 1277 4972 1373 5037; x_wconf 72' lang='lat' dir='ltr'><strong>Job</strong></span> <span class='ocrx_word' id='word_1_637' title='bbox 1394 4983 1593 5037; x_wconf 81' lang='lat' dir='ltr'><strong>dicitur</strong></span> <span class='ocrx_word' id='word_1_638' title='bbox 1610 4984 1757 5050; x_wconf 85' lang='lat' dir='ltr'><strong>Eliu,</strong></span> <span class='ocrx_word' id='word_1_639' title='bbox 1778 4972 2020 5053; x_wconf 81' lang='lat' dir='ltr'><strong>primum</strong></span> <span class='ocrx_word' id='word_1_640' title='bbox 2036 4986 2122 5038; x_wconf 83' lang='lat' dir='ltr'><strong>vir</strong></span> 
     </span>
    </p>
   </div>
   <div class='ocr_carea' id='block_1_95' title="bbox 524 5047 2123 5123">
    <p class='ocr_par' dir='ltr' id='par_1_95' title="bbox 524 5047 2123 5123">
     <span class='ocr_line' id='line_1_96' title="bbox 524 5047 2123 5123; baseline 0.008 -27"><span class='ocrx_word' id='word_1_641' title='bbox 524 5047 817 5123; x_wconf 71' lang='lat' dir='ltr'><strong>sanctuset</strong></span> <span class='ocrx_word' id='word_1_642' title='bbox 839 5047 1120 5118; x_wconf 80' lang='lat' dir='ltr'><strong>prophetes</strong></span> <span class='ocrx_word' id='word_1_643' title='bbox 1149 5055 1263 5115; x_wconf 87' lang='lat' dir='ltr'><strong>Dei,</strong></span> <span class='ocrx_word' id='word_1_644' title='bbox 1293 5058 1476 5122; x_wconf 88' lang='lat' dir='ltr'><strong>postea</strong></span> <span class='ocrx_word' id='word_1_645' title='bbox 1498 5070 1598 5123; x_wconf 90' lang='lat' dir='ltr'><strong>per</strong></span> <span class='ocrx_word' id='word_1_646' title='bbox 1624 5047 2043 5111; x_wconf 77' lang='lat' dir='ltr'><strong>inobedientiam</strong></span> <span class='ocrx_word' id='word_1_647' title='bbox 2072 5059 2123 5109; x_wconf 90' lang='lat' dir='ltr'><strong>et</strong></span> 
     </span>
    </p>
   </div>
   <div class='ocr_carea' id='block_1_96' title="bbox 524 5114 2117 5196">
    <p class='ocr_par' dir='ltr' id='par_1_96' title="bbox 524 5114 2117 5196">
     <span class='ocr_line' id='line_1_97' title="bbox 524 5114 2117 5196; baseline 0.006 -26"><span class='ocrx_word' id='word_1_648' title='bbox 524 5114 872 5196; x_wconf 46' lang='lat' dir='ltr'><strong>desiderium</strong></span> <span class='ocrx_word' id='word_1_649' title='bbox 893 5114 1193 5196; x_wconf 65' lang='lat' dir='ltr'><strong>munerum,</strong></span> <span class='ocrx_word' id='word_1_650' title='bbox 1238 5114 1367 5177; x_wconf 74' lang='lat' dir='ltr'><strong>dum</strong></span> <span class='ocrx_word' id='word_1_651' title='bbox 1396 5114 1567 5180; x_wconf 72' lang='lat' dir='ltr'><strong>Isrdel</strong></span> <span class='ocrx_word' id='word_1_652' title='bbox 1603 5127 1910 5182; x_wconf 80' lang='lat' dir='ltr'><strong>maledicere</strong></span> <span class='ocrx_word' id='word_1_653' title='bbox 1949 5128 2117 5196; x_wconf 88' lang='lat' dir='ltr'><strong>cupit,</strong></span> 
     </span>
    </p>
   </div>
   <div class='ocr_carea' id='block_1_97' title="bbox 525 5186 2122 5266">
    <p class='ocr_par' dir='ltr' id='par_1_97' title="bbox 525 5186 2122 5266">
     <span class='ocr_line' id='line_1_98' title="bbox 525 5186 2122 5266; baseline 0.006 -25"><span class='ocrx_word' id='word_1_654' title='bbox 525 5186 703 5266; x_wconf 77' lang='lat' dir='ltr'><strong>divini</strong></span> <span class='ocrx_word' id='word_1_655' title='bbox 721 5192 977 5266; x_wconf 82' lang='lat' dir='ltr'><strong>vocabulo</strong></span> <span class='ocrx_word' id='word_1_656' title='bbox 1002 5199 1365 5264; x_wconf 81' lang='lat' dir='ltr'><strong>nuncupatur.</strong></span> <span class='ocrx_word' id='word_1_657' title='bbox 1394 5197 1491 5251; x_wconf 83' lang='lat' dir='ltr'><strong>Hic</strong></span> <span class='ocrx_word' id='word_1_658' title='bbox 1517 5212 1701 5266; x_wconf 86' lang='lat' dir='ltr'><strong>nempe</strong></span> <span class='ocrx_word' id='word_1_659' title='bbox 1724 5199 1950 5254; x_wconf 86' lang='lat' dir='ltr'><strong>Balaam</strong></span> <span class='ocrx_word' id='word_1_660' title='bbox 1968 5186 2122 5253; x_wconf 50' lang='lat' dir='ltr'><strong>a&#39;Ba-</strong></span> 
     </span>
    </p>
   </div>
   <div class='ocr_carea' id='block_1_98' title="bbox 524 5258 2123 5331">
    <p class='ocr_par' dir='ltr' id='par_1_98' title="bbox 524 5258 2123 5331">
     <span class='ocr_line' id='line_1_99' title="bbox 524 5258 2123 5331; baseline 0.007 -19"><span class='ocrx_word' id='word_1_661' title='bbox 524 5258 644 5331; x_wconf 84' lang='lat' dir='ltr'><strong>laac</strong></span> <span class='ocrx_word' id='word_1_662' title='bbox 672 5276 790 5331; x_wconf 84' lang='lat' dir='ltr'><strong>rege</strong></span> <span class='ocrx_word' id='word_1_663' title='bbox 818 5265 978 5319; x_wconf 84' lang='lat' dir='ltr'><strong>Moab</strong></span> <span class='ocrx_word' id='word_1_664' title='bbox 1001 5258 1235 5321; x_wconf 75' lang='lat' dir='ltr'><strong>mercede</strong></span> <span class='ocrx_word' id='word_1_665' title='bbox 1270 5267 1557 5323; x_wconf 87' lang='lat' dir='ltr'><strong>conductus</strong></span> <span class='ocrx_word' id='word_1_666' title='bbox 1584 5258 1651 5322; x_wconf 69' lang='lat' dir='ltr'><strong>ut</strong></span> <span class='ocrx_word' id='word_1_667' title='bbox 1676 5270 1937 5324; x_wconf 85' lang='lat' dir='ltr'><strong>Israelitis</strong></span> <span class='ocrx_word' id='word_1_668' title='bbox 1964 5269 2123 5323; x_wconf 86' lang='lat' dir='ltr'><strong>male-</strong></span> 
     </span>
    </p>
   </div>
   <div class='ocr_carea' id='block_1_99' title="bbox 523 5330 2121 5409">
    <p class='ocr_par' dir='ltr' id='par_1_99' title="bbox 523 5330 2121 5409">
     <span class='ocr_line' id='line_1_100' title="bbox 523 5330 2121 5409; baseline 0.003 -20"><span class='ocrx_word' id='word_1_669' title='bbox 523 5330 743 5409; x_wconf 68' lang='lat' dir='ltr'><strong>diceret,</strong></span> <span class='ocrx_word' id='word_1_670' title='bbox 767 5350 889 5390; x_wconf 91' lang='lat' dir='ltr'><strong>cum</strong></span> <span class='ocrx_word' id='word_1_671' title='bbox 912 5342 1105 5393; x_wconf 83' lang='lat' dir='ltr'><strong>contra</strong></span> <span class='ocrx_word' id='word_1_672' title='bbox 1125 5338 1451 5393; x_wconf 68' lang='lat' dir='ltr'><strong>voluntatem</strong></span> <span class='ocrx_word' id='word_1_673' title='bbox 1477 5354 1652 5405; x_wconf 88' lang='lat' dir='ltr'><strong>suam,</strong></span> <span class='ocrx_word' id='word_1_674' title='bbox 1683 5341 1883 5409; x_wconf 83' lang='lat' dir='ltr'><strong>spiritu</strong></span> <span class='ocrx_word' id='word_1_675' title='bbox 1907 5343 2007 5395; x_wconf 90' lang='lat' dir='ltr'><strong>Dei</strong></span> <span class='ocrx_word' id='word_1_676' title='bbox 2032 5343 2121 5394; x_wconf 89' lang='lat' dir='ltr'><strong>im-</strong></span> 
     </span>
    </p>
   </div>
   <div class='ocr_carea' id='block_1_100' title="bbox 521 5403 2121 5477">
    <p class='ocr_par' dir='ltr' id='par_1_100' title="bbox 521 5403 2121 5477">
     <span class='ocr_line' id='line_1_101' title="bbox 521 5403 2121 5477; baseline 0.006 -22"><span class='ocrx_word' id='word_1_677' title='bbox 521 5403 766 5470; x_wconf 81' lang='lat' dir='ltr'><strong>pellente,</strong></span> <span class='ocrx_word' id='word_1_678' title='bbox 798 5410 874 5463; x_wconf 84' lang='lat' dir='ltr'><strong>eis</strong></span> <span class='ocrx_word' id='word_1_679' title='bbox 907 5408 1283 5477; x_wconf 70' lang='lat' dir='ltr'><strong>benedixisset,</strong></span> <span class='ocrx_word' id='word_1_680' title='bbox 1313 5412 1554 5465; x_wconf 80' lang='lat' dir='ltr'><strong>avaritia</strong></span> <span class='ocrx_word' id='word_1_681' title='bbox 1582 5403 1937 5465; x_wconf 64' lang='lat' dir='ltr'><strong>nihilominus</strong></span> <span class='ocrx_word' id='word_1_682' title='bbox 1973 5413 2121 5465; x_wconf 82' lang='lat' dir='ltr'><strong>insti-</strong></span> 
     </span>
    </p>
   </div>
   <div class='ocr_carea' id='block_1_101' title="bbox 521 5477 2119 5553">
    <p class='ocr_par' dir='ltr' id='par_1_101' title="bbox 521 5477 2119 5553">
     <span class='ocr_line' id='line_1_102' title="bbox 521 5477 2119 5553; baseline 0.008 -28"><span class='ocrx_word' id='word_1_683' title='bbox 521 5480 700 5553; x_wconf 56' lang='lat' dir='ltr'><strong>gante,</strong></span> <span class='ocrx_word' id='word_1_684' title='bbox 733 5477 826 5533; x_wconf 82' lang='lat' dir='ltr'><strong>hoc</strong></span> <span class='ocrx_word' id='word_1_685' title='bbox 854 5483 975 5549; x_wconf 88' lang='lat' dir='ltr'><strong>regi</strong></span> <span class='ocrx_word' id='word_1_686' title='bbox 995 5482 1195 5553; x_wconf 81' lang='lat' dir='ltr'><strong>Balaac</strong></span> <span class='ocrx_word' id='word_1_687' title='bbox 1221 5483 1501 5537; x_wconf 83' lang='lat' dir='ltr'><strong>consilium</strong></span> <span class='ocrx_word' id='word_1_688' title='bbox 1528 5481 1699 5545; x_wconf 86' lang='lat' dir='ltr'><strong>dedit,</strong></span> <span class='ocrx_word' id='word_1_689' title='bbox 1730 5486 1791 5537; x_wconf 87' lang='lat' dir='ltr'><strong>ut</strong></span> <span class='ocrx_word' id='word_1_690' title='bbox 1815 5483 2119 5553; x_wconf 83' lang='lat' dir='ltr'><strong>pulcherri-</strong></span> 
     </span>
    </p>
   </div>
   <div class='ocr_carea' id='block_1_102' title="bbox 523 5549 2118 5619">
    <p class='ocr_par' dir='ltr' id='par_1_102' title="bbox 523 5549 2118 5619">
     <span class='ocr_line' id='line_1_103' title="bbox 523 5549 2118 5619; baseline 0.007 -20"><span class='ocrx_word' id='word_1_691' title='bbox 523 5556 636 5595; x_wconf 84' lang='lat' dir='ltr'><strong>mas</strong></span> <span class='ocrx_word' id='word_1_692' title='bbox 657 5549 889 5611; x_wconf 86' lang='lat' dir='ltr'><strong>feminas</strong></span> <span class='ocrx_word' id='word_1_693' title='bbox 908 5552 1237 5609; x_wconf 83' lang='lat' dir='ltr'><strong>Moabitidas</strong></span> <span class='ocrx_word' id='word_1_694' title='bbox 1259 5555 1317 5607; x_wconf 90' lang='lat' dir='ltr'><strong>in</strong></span> <span class='ocrx_word' id='word_1_695' title='bbox 1338 5555 1548 5609; x_wconf 83' lang='lat' dir='ltr'><strong>Israelis</strong></span> <span class='ocrx_word' id='word_1_696' title='bbox 1570 5558 1751 5609; x_wconf 87' lang='lat' dir='ltr'><strong>castra</strong></span> <span class='ocrx_word' id='word_1_697' title='bbox 1775 5549 2118 5619; x_wconf 80' lang='lat' dir='ltr'><strong>immitteret;</strong></span> 
     </span>
    </p>
   </div>
   <div class='ocr_carea' id='block_1_103' title="bbox 524 5619 2122 5695">
    <p class='ocr_par' dir='ltr' id='par_1_103' title="bbox 524 5619 2122 5695">
     <span class='ocr_line' id='line_1_104' title="bbox 524 5619 2122 5695; baseline -0.001 -14"><span class='ocrx_word' id='word_1_698' title='bbox 524 5627 644 5681; x_wconf 65' lang='lat' dir='ltr'><strong>9W</strong></span> <span class='ocrx_word' id='word_1_699' title='bbox 664 5619 736 5695; x_wconf 60' lang='lat' dir='ltr'><strong>ad</strong></span> <span class='ocrx_word' id='word_1_700' title='bbox 759 5620 1041 5695; x_wconf 57' lang='lat' dir='ltr'><strong>lasciviam</strong></span> <span class='ocrx_word' id='word_1_701' title='bbox 1067 5629 1117 5695; x_wconf 82' lang='lat' dir='ltr'><strong>et</strong></span> <span class='ocrx_word' id='word_1_702' title='bbox 1143 5624 1511 5679; x_wconf 87' lang='lat' dir='ltr'><strong>idololatriam</strong></span> <span class='ocrx_word' id='word_1_703' title='bbox 1534 5624 1797 5695; x_wconf 85' lang='lat' dir='ltr'><strong>populum</strong></span> <span class='ocrx_word' id='word_1_704' title='bbox 1827 5629 1919 5680; x_wconf 88' lang='lat' dir='ltr'><strong>Dei</strong></span> <span class='ocrx_word' id='word_1_705' title='bbox 1940 5641 2122 5695; x_wconf 74' lang='lat' dir='ltr'><strong>provo-</strong></span> 
     </span>
    </p>
   </div>
   <div class='ocr_carea' id='block_1_104' title="bbox 522 5689 2119 5767">
    <p class='ocr_par' dir='ltr' id='par_1_104' title="bbox 522 5689 2119 5767">
     <span class='ocr_line' id='line_1_105' title="bbox 522 5689 2119 5767; baseline 0.009 -30"><span class='ocrx_word' id='word_1_706' title='bbox 522 5689 722 5767; x_wconf 74' lang='lat' dir='ltr'><strong>carent.</strong></span> <span class='ocrx_word' id='word_1_707' title='bbox 755 5690 866 5767; x_wconf 89' lang='lat' dir='ltr'><strong>Sic_</strong></span> <span class='ocrx_word' id='word_1_708' title='bbox 886 5695 1033 5767; x_wconf 72' lang='lat' dir='ltr'><strong>enim</strong></span> <span class='ocrx_word' id='word_1_709' title='bbox 1074 5694 1190 5767; x_wconf 82' lang='lat' dir='ltr'><strong>fore</strong></span> <span class='ocrx_word' id='word_1_710' title='bbox 1227 5695 1443 5752; x_wconf 87' lang='lat' dir='ltr'><strong>dicebat</strong></span> <span class='ocrx_word' id='word_1_711' title='bbox 1482 5689 1552 5751; x_wconf 30' lang='lat' dir='ltr'><strong>ut,</strong></span> <span class='ocrx_word' id='word_1_712' title='bbox 1581 5689 1752 5758; x_wconf 77' lang='lat' dir='ltr'><strong>Deus,</strong></span> <span class='ocrx_word' id='word_1_713' title='bbox 1781 5689 1984 5767; x_wconf 79' lang='lat' dir='ltr'><strong>populo</strong></span> <span class='ocrx_word' id='word_1_714' title='bbox 2016 5712 2119 5752; x_wconf 90' lang='lat' dir='ltr'><strong>suo</strong></span> 
     </span>
    </p>
   </div>
   <div class='ocr_carea' id='block_1_105' title="bbox 920 5764 2114 5837">
    <p class='ocr_par' dir='ltr' id='par_1_105' title="bbox 920 5764 2114 5837">
     <span class='ocr_line' id='line_1_106' title="bbox 920 5764 2114 5837; baseline 0.001 -20"><span class='ocrx_word' id='word_1_715' title='bbox 920 5764 1114 5837; x_wconf 77' lang='lat' dir='ltr'><strong>Balaac</strong></span> <span class='ocrx_word' id='word_1_716' title='bbox 1149 5765 1375 5836; x_wconf 85' lang='lat' dir='ltr'><strong>faveret,</strong></span> <span class='ocrx_word' id='word_1_717' title='bbox 1421 5774 1476 5837; x_wconf 91' lang='lat' dir='ltr'><strong>et</strong></span> <span class='ocrx_word' id='word_1_718' title='bbox 1521 5764 1801 5822; x_wconf 76' lang='lat' dir='ltr'><strong>Israelitas</strong></span> <span class='ocrx_word' id='word_1_719' title='bbox 1844 5764 2114 5837; x_wconf 79' lang='lat' dir='ltr'><strong>perderet.</strong></span> 
     </span>
    </p>
   </div>
   <div class='ocr_carea' id='block_1_106' title="bbox 519 5825 2113 5908">
    <p class='ocr_par' dir='ltr' id='par_1_106' title="bbox 519 5825 2113 5908">
     <span class='ocr_line' id='line_1_107' title="bbox 519 5825 2113 5908; baseline 0.009 -29"><span class='ocrx_word' id='word_1_720' title='bbox 519 5825 686 5881; x_wconf 88' lang='lat' dir='ltr'><strong>Unde</strong></span> <span class='ocrx_word' id='word_1_721' title='bbox 724 5825 938 5901; x_wconf 55' lang='lat' dir='ltr'><strong>Moyses</strong></span> <span class='ocrx_word' id='word_1_722' title='bbox 972 5834 1142 5887; x_wconf 87' lang='lat' dir='ltr'><strong>Num.</strong></span> <span class='ocrx_word' id='word_1_723' title='bbox 1177 5850 1332 5891; x_wconf 70' lang='lat' dir='ltr'><strong>xxxx</strong></span> <span class='ocrx_word' id='word_1_724' title='bbox 1358 5825 1709 5892; x_wconf 71' lang='lat' dir='ltr'><strong>vehementer</strong></span> <span class='ocrx_word' id='word_1_725' title='bbox 1741 5825 1935 5905; x_wconf 70' lang='lat' dir='ltr'><strong>iratus,</strong></span> <span class='ocrx_word' id='word_1_726' title='bbox 1963 5836 2113 5908; x_wconf 89' lang='lat' dir='ltr'><strong>quod</strong></span> 
     </span>
    </p>
   </div>
   <div class='ocr_carea' id='block_1_107' title="bbox 2228 4270 3827 4353">
    <p class='ocr_par' dir='ltr' id='par_1_107' title="bbox 2228 4270 3827 4353">
     <span class='ocr_line' id='line_1_108' title="bbox 2228 4270 3827 4353; baseline -0.005 -21"><span class='ocrx_word' id='word_1_727' title='bbox 2228 4275 2490 4353; x_wconf 65' lang='lat' dir='ltr'><strong>Israelita</strong></span> <span class='ocrx_word' id='word_1_728' title='bbox 2534 4273 2771 4353; x_wconf 69' lang='lat' dir='ltr'><strong>devictis</strong></span> <span class='ocrx_word' id='word_1_729' title='bbox 2798 4272 3113 4353; x_wconf 73' lang='lat' dir='ltr'><strong>Madianitis</strong></span> <span class='ocrx_word' id='word_1_730' title='bbox 3149 4270 3827 4353; x_wconf 55' lang='lat' dir='ltr'><strong>feminasservassentin-</strong></span> 
     </span>
    </p>
   </div>
   <div class='ocr_carea' id='block_1_108' title="bbox 2227 4343 3826 4423">
    <p class='ocr_par' dir='ltr' id='par_1_108' title="bbox 2227 4343 3826 4423">
     <span class='ocr_line' id='line_1_109' title="bbox 2227 4343 3826 4423; baseline -0.004 -21"><span class='ocrx_word' id='word_1_731' title='bbox 2227 4346 2474 4402; x_wconf 88' lang='lat' dir='ltr'><strong>columes</strong></span> <span class='ocrx_word' id='word_1_732' title='bbox 2506 4365 2520 4401; x_wconf 89' lang='lat'>:</span> <span class='ocrx_word' id='word_1_733' title='bbox 2560 4350 2687 4423; x_wconf 58' lang='lat' dir='ltr'><strong>cur,</strong></span> <span class='ocrx_word' id='word_1_734' title='bbox 2720 4345 2819 4413; x_wconf 90' lang='lat' dir='ltr'><strong>ait,</strong></span> <span class='ocrx_word' id='word_1_735' title='bbox 2850 4347 3082 4423; x_wconf 68' lang='lat' dir='ltr'><strong>femirws</strong></span> <span class='ocrx_word' id='word_1_736' title='bbox 3106 4345 3463 4423; x_wconf 22' lang='lat' dir='ltr'><strong>rese‘ipastis?</strong></span> <span class='ocrx_word' id='word_1_737' title='bbox 3487 4343 3672 4423; x_wconf 66' lang='lat' dir='ltr'><strong>Nonne</strong></span> <span class='ocrx_word' id='word_1_738' title='bbox 3705 4345 3826 4396; x_wconf 70' lang='lat' dir='ltr'><strong>ista</strong></span> 
     </span>
    </p>
   </div>
   <div class='ocr_carea' id='block_1_109' title="bbox 2226 4414 3827 4496">
    <p class='ocr_par' dir='ltr' id='par_1_109' title="bbox 2226 4414 3827 4496">
     <span class='ocr_line' id='line_1_110' title="bbox 2226 4414 3827 4496; baseline -0.004 -24"><span class='ocrx_word' id='word_1_739' title='bbox 2226 4423 2354 4496; x_wconf 63' lang='lat' dir='ltr'><strong>sunt</strong></span> <span class='ocrx_word' id='word_1_740' title='bbox 2393 4434 2513 4487; x_wconf 77' lang='lat' dir='ltr'><strong>qua:</strong></span> <span class='ocrx_word' id='word_1_741' title='bbox 2554 4418 2873 4496; x_wconf 78' lang='lat' dir='ltr'><strong>deceperunt</strong></span> <span class='ocrx_word' id='word_1_742' title='bbox 2916 4418 3054 4496; x_wconf 70' lang='lat' dir='ltr'><strong>ﬁlios</strong></span> <span class='ocrx_word' id='word_1_743' title='bbox 3086 4416 3271 4496; x_wconf 80' lang='lat' dir='ltr'><strong>_Israel</strong></span> <span class='ocrx_word' id='word_1_744' title='bbox 3427 4415 3827 4496; x_wconf 58' lang='lat' dir='ltr'><strong>suggestionem</strong></span> 
     </span>
    </p>
   </div>
   <div class='ocr_carea' id='block_1_110' title="bbox 2226 4488 3828 4559">
    <p class='ocr_par' dir='ltr' id='par_1_110' title="bbox 2226 4488 3828 4559">
     <span class='ocr_line' id='line_1_111' title="bbox 2226 4488 3828 4559; baseline -0.004 -16"><span class='ocrx_word' id='word_1_745' title='bbox 2226 4489 2452 4543; x_wconf 88' lang='lat' dir='ltr'><strong>Balaam</strong></span> <span class='ocrx_word' id='word_1_746' title='bbox 2479 4508 2494 4543; x_wconf 88' lang='lat'><strong><em>:</em></strong></span> <span class='ocrx_word' id='word_1_747' title='bbox 2521 4492 2572 4544; x_wconf 87' lang='lat' dir='ltr'><strong>et</strong></span> <span class='ocrx_word' id='word_1_748' title='bbox 2593 4490 2949 4559; x_wconf 58' lang='lat' dir='ltr'><strong>praevaricari</strong></span> <span class='ocrx_word' id='word_1_749' title='bbox 2965 4503 3047 4543; x_wconf 91' lang='lat' dir='ltr'><strong>eos</strong></span> <span class='ocrx_word' id='word_1_750' title='bbox 3070 4489 3317 4555; x_wconf 81' lang='lat' dir='ltr'><strong>fecerunt</strong></span> <span class='ocrx_word' id='word_1_751' title='bbox 3339 4488 3399 4559; x_wconf 80' lang='lat' dir='ltr'><strong>in</strong></span> <span class='ocrx_word' id='word_1_752' title='bbox 3419 4488 3642 4559; x_wconf 75' lang='lat' dir='ltr'><strong>Domt&#39;no</strong></span> <span class='ocrx_word' id='word_1_753' title='bbox 3664 4499 3828 4559; x_wconf 75' lang='lat' dir='ltr'><strong>super</strong></span> 
     </span>
    </p>
   </div>
   <div class='ocr_carea' id='block_1_111' title="bbox 2223 4553 3823 4638">
    <p class='ocr_par' dir='ltr' id='par_1_111' title="bbox 2223 4553 3823 4638">
     <span class='ocr_line' id='line_1_112' title="bbox 2223 4553 3823 4638; baseline -0.004 -23"><span class='ocrx_word' id='word_1_754' title='bbox 2223 4565 2438 4629; x_wconf 88' lang='lat' dir='ltr'><strong>peccato</strong></span> <span class='ocrx_word' id='word_1_755' title='bbox 2448 4553 2689 4638; x_wconf 38' lang='lat' dir='ltr'><strong>.Phog&#39;or,</strong></span> <span class='ocrx_word' id='word_1_756' title='bbox 2720 4565 2771 4615; x_wconf 89' lang='lat' dir='ltr'><strong>et</strong></span> <span class='ocrx_word' id='word_1_757' title='bbox 2792 4553 3092 4638; x_wconf 52' lang='lat' dir='ltr'><strong>percussus</strong></span> <span class='ocrx_word' id='word_1_758' title='bbox 3102 4562 3179 4613; x_wconf 88' lang='lat' dir='ltr'><strong>est</strong></span> <span class='ocrx_word' id='word_1_759' title='bbox 3206 4558 3476 4638; x_wconf 72' lang='lat' dir='ltr'><strong>pOpulus?</strong></span> <span class='ocrx_word' id='word_1_760' title='bbox 3501 4557 3571 4638; x_wconf 52' lang='lat' dir='ltr'><strong>Et</strong></span> <span class='ocrx_word' id='word_1_761' title='bbox 3598 4553 3823 4638; x_wconf 75' lang='lat' dir='ltr'><strong>Apocal.</strong></span> 
     </span>
    </p>
   </div>
   <div class='ocr_carea' id='block_1_112' title="bbox 2229 4626 3826 4707">
    <p class='ocr_par' dir='ltr' id='par_1_112' title="bbox 2229 4626 3826 4707">
     <span class='ocr_line' id='line_1_113' title="bbox 2229 4626 3826 4707; baseline -0.004 -22"><span class='ocrx_word' id='word_1_762' title='bbox 2229 4626 2277 4685; x_wconf 81' lang='lat' dir='ltr'><strong>it</strong></span> <span class='ocrx_word' id='word_1_763' title='bbox 2305 4631 2522 4707; x_wconf 79' lang='lat' dir='ltr'><strong>angelo,</strong></span> <span class='ocrx_word' id='word_1_764' title='bbox 2564 4626 2749 4707; x_wconf 66' lang='lat' dir='ltr'><strong>idest,</strong></span> <span class='ocrx_word' id='word_1_765' title='bbox 2774 4626 3030 4707; x_wconf 73' lang='lat' dir='ltr'><strong>episcopo</strong></span> <span class='ocrx_word' id='word_1_766' title='bbox 3058 4626 3328 4707; x_wconf 52' lang='lat' dir='ltr'><strong>Pergami</strong></span> <span class='ocrx_word' id='word_1_767' title='bbox 3336 4628 3479 4707; x_wconf 76' lang='lat' dir='ltr'><strong>inter</strong></span> <span class='ocrx_word' id='word_1_768' title='bbox 3499 4626 3599 4680; x_wconf 90' lang='lat' dir='ltr'><strong>alia</strong></span> <span class='ocrx_word' id='word_1_769' title='bbox 3622 4626 3826 4707; x_wconf 68' lang='lat' dir='ltr'><strong>objici-</strong></span> 
     </span>
    </p>
   </div>
   <div class='ocr_carea' id='block_1_113' title="bbox 2432 4695 3831 4777">
    <p class='ocr_par' dir='ltr' id='par_1_113' title="bbox 2432 4695 3831 4777">
     <span class='ocr_line' id='line_1_114' title="bbox 2432 4695 3831 4777; baseline -0.004 -23"><span class='ocrx_word' id='word_1_770' title='bbox 2432 4695 2553 4777; x_wconf 79' lang='lat' dir='ltr'><strong>abes</strong></span> <span class='ocrx_word' id='word_1_771' title='bbox 2576 4702 2689 4777; x_wconf 84' lang='lat' dir='ltr'><strong>illic</strong></span> <span class='ocrx_word' id='word_1_772' title='bbox 2712 4695 2943 4757; x_wconf 73' lang='lat' dir='ltr'><strong>tenentes</strong></span> <span class='ocrx_word' id='word_1_773' title='bbox 2964 4695 3265 4777; x_wconf 64' lang='lat' dir='ltr'><strong>doctrinam</strong></span> <span class='ocrx_word' id='word_1_774' title='bbox 3678 4695 3831 4777; x_wconf 71' lang='lat' dir='ltr'><strong>doce-</strong></span> 
     </span>
    </p>
   </div>
   <div class='ocr_carea' id='block_1_114' title="bbox 2230 4767 3826 4850">
    <p class='ocr_par' dir='ltr' id='par_1_114' title="bbox 2230 4767 3826 4850">
     <span class='ocr_line' id='line_1_115' title="bbox 2230 4767 3826 4850; baseline -0.004 -24"><span class='ocrx_word' id='word_1_775' title='bbox 2230 4772 2322 4850; x_wconf 77' lang='lat' dir='ltr'><strong>bat</strong></span> <span class='ocrx_word' id='word_1_776' title='bbox 2361 4774 2556 4850; x_wconf 74' lang='lat' dir='ltr'><strong>Balaac</strong></span> <span class='ocrx_word' id='word_1_777' title='bbox 2597 4776 2808 4850; x_wconf 81' lang='lat' dir='ltr'><strong>mittere</strong></span> <span class='ocrx_word' id='word_1_778' title='bbox 2831 4772 3167 4850; x_wconf 76' lang='lat' dir='ltr'><strong>_scandalu_m</strong></span> <span class='ocrx_word' id='word_1_779' title='bbox 3220 4786 3397 4850; x_wconf 72' lang='lat' dir='ltr'><strong>coram</strong></span> <span class='ocrx_word' id='word_1_780' title='bbox 3449 4767 3572 4837; x_wconf 65' lang='lat' dir='ltr'><strong>filiis</strong></span> <span class='ocrx_word' id='word_1_781' title='bbox 3630 4767 3826 4850; x_wconf 55' lang='lat' dir='ltr'><strong>Israel,</strong></span> 
     </span>
    </p>
   </div>
   <div class='ocr_carea' id='block_1_115' title="bbox 2228 4839 3831 4921">
    <p class='ocr_par' dir='ltr' id='par_1_115' title="bbox 2228 4839 3831 4921">
     <span class='ocr_line' id='line_1_116' title="bbox 2228 4839 3831 4921; baseline -0.005 -23"><span class='ocrx_word' id='word_1_782' title='bbox 2228 4844 2403 4921; x_wconf 80' lang='lat' dir='ltr'><strong>edere,</strong></span> <span class='ocrx_word' id='word_1_783' title='bbox 2434 4849 2485 4898; x_wconf 89' lang='lat' dir='ltr'><strong>et</strong></span> <span class='ocrx_word' id='word_1_784' title='bbox 2505 4846 2788 4921; x_wconf 62' lang='lat' dir='ltr'><strong>fornicari.</strong></span> <span class='ocrx_word' id='word_1_785' title='bbox 2820 4844 3079 4921; x_wconf 64' lang='lat' dir='ltr'><strong>Craterum</strong></span> <span class='ocrx_word' id='word_1_786' title='bbox 3105 4843 3199 4897; x_wconf 85' lang='lat' dir='ltr'><strong>hoc</strong></span> <span class='ocrx_word' id='word_1_787' title='bbox 3224 4842 3530 4921; x_wconf 32' lang='lat' dir='ltr'><strong>malignum.</strong></span> 
     </span>
    </p>
   </div>
   <div class='ocr_carea' id='block_1_116' title="bbox 2229 4910 3834 4985">
    <p class='ocr_par' dir='ltr' id='par_1_116' title="bbox 2229 4910 3834 4985">
     <span class='ocr_line' id='line_1_117' title="bbox 2229 4910 3834 4985; baseline -0.004 -17"><span class='ocrx_word' id='word_1_788' title='bbox 2229 4915 2308 4970; x_wconf 91' lang='lat' dir='ltr'><strong>ait</strong></span> <span class='ocrx_word' id='word_1_789' title='bbox 2337 4916 2676 4985; x_wconf 80' lang='lat' dir='ltr'><strong>Augustinus</strong></span> <span class='ocrx_word' id='word_1_790' title='bbox 2707 4916 2919 4985; x_wconf 68' lang='lat' dir='ltr'><strong>(Quaest.</strong></span> <span class='ocrx_word' id='word_1_791' title='bbox 2946 4917 3015 4968; x_wconf 82' lang='lat'><strong>63</strong></span> <span class='ocrx_word' id='word_1_792' title='bbox 3044 4928 3208 4985; x_wconf 87' lang='lat' dir='ltr'><strong>super</strong></span> <span class='ocrx_word' id='word_1_793' title='bbox 3232 4915 3441 4977; x_wconf 74' lang='lat' dir='ltr'><strong>Num),</strong></span> <span class='ocrx_word' id='word_1_794' title='bbox 3471 4914 3533 4963; x_wconf 85' lang='lat' dir='ltr'><strong>ut</strong></span> <span class='ocrx_word' id='word_1_795' title='bbox 3556 4910 3633 4985; x_wconf 72' lang='lat' dir='ltr'><strong>ad</strong></span> <span class='ocrx_word' id='word_1_796' title='bbox 3660 4911 3834 4964; x_wconf 84' lang='lat' dir='ltr'><strong>illece-</strong></span> 
     </span>
    </p>
   </div>
   <div class='ocr_carea' id='block_1_117' title="bbox 2231 4982 3833 5065">
    <p class='ocr_par' dir='ltr' id='par_1_117' title="bbox 2231 4982 3833 5065">
     <span class='ocr_line' id='line_1_118' title="bbox 2231 4982 3833 5065; baseline -0.001 1"><span class='ocrx_word' id='word_1_797' title='bbox 2231 4986 2384 5065; x_wconf 68' lang='lat' dir='ltr'><strong>bram.</strong></span> <span class='ocrx_word' id='word_1_798' title='bbox 2403 4982 2620 5065; x_wconf 65' lang='grc' dir='ltr'><strong>ΐὲτηίηαε</strong></span> <span class='ocrx_word' id='word_1_799' title='bbox 2643 4982 3083 5065; x_wconf 48' lang='lat' dir='ltr'><strong>summersae</strong></span> <span class='ocrx_word' id='word_1_800' title='bbox 3104 4982 3210 5065; x_wconf 65' lang='lat' dir='ltr'><strong>re:</strong></span> <span class='ocrx_word' id='word_1_801' title='bbox 3227 4998 3366 5065; x_wconf 69' lang='grc' dir='ltr'><strong>φιιεε</strong></span> <span class='ocrx_word' id='word_1_802' title='bbox 3394 4998 3509 5065; x_wconf 80' lang='grc' dir='ltr'><em>ηοη.</em></span> <span class='ocrx_word' id='word_1_803' title='bbox 3523 4982 3703 5065; x_wconf 65' lang='grc' dir='ltr'><strong>εριεηῖι</strong></span> <span class='ocrx_word' id='word_1_804' title='bbox 3728 4996 3833 5065; x_wconf 69' lang='grc' dir='ltr'><strong>εον·</strong></span> 
     </span>
    </p>
   </div>
   <div class='ocr_carea' id='block_1_118' title="bbox 2222 5052 3833 5134">
    <p class='ocr_par' dir='ltr' id='par_1_118' title="bbox 2222 5052 3833 5134">
     <span class='ocr_line' id='line_1_119' title="bbox 2222 5052 3833 5134; baseline -0.013 -22"><span class='ocrx_word' id='word_1_805' title='bbox 2222 5052 2507 5134; x_wconf 74' lang='lat' dir='ltr'><strong>paraliter,</strong></span> <span class='ocrx_word' id='word_1_806' title='bbox 2527 5059 2619 5112; x_wconf 88' lang='lat' dir='ltr'><strong>sed</strong></span> <span class='ocrx_word' id='word_1_807' title='bbox 2637 5052 2800 5134; x_wconf 71' lang='lat' dir='ltr'><strong>etiam</strong></span> <span class='ocrx_word' id='word_1_808' title='bbox 2818 5052 3164 5134; x_wconf 57' lang='lat' dir='ltr'><strong>apii-italite&#39;r,</strong></span> <span class='ocrx_word' id='word_1_809' title='bbox 3187 5058 3247 5134; x_wconf 78' lang='lat' dir='ltr'><strong>in</strong></span> <span class='ocrx_word' id='word_1_810' title='bbox 3558 5053 3702 5134; x_wconf 60' lang='lat' dir='ltr'><strong>Wo</strong></span> <span class='ocrx_word' id='word_1_811' title='bbox 3712 5053 3833 5116; x_wconf 64' lang='grc' dir='ltr'><strong>[ον.</strong></span> 
     </span>
    </p>
   </div>
   <div class='ocr_carea' id='block_1_119' title="bbox 2227 5125 3832 5203">
    <p class='ocr_par' dir='ltr' id='par_1_119' title="bbox 2227 5125 3832 5203">
     <span class='ocr_line' id='line_1_120' title="bbox 2227 5125 3832 5203; baseline -0.004 -23"><span class='ocrx_word' id='word_1_812' title='bbox 2227 5125 2563 5203; x_wconf 69' lang='lat' dir='ltr'><strong>nicarentur,</strong></span> <span class='ocrx_word' id='word_1_813' title='bbox 2604 5129 2822 5198; x_wconf 87' lang='lat' dir='ltr'><strong>quando</strong></span> <span class='ocrx_word' id='word_1_814' title='bbox 2841 5125 3069 5203; x_wconf 73' lang='lat' dir='ltr'><strong>dederit</strong></span> <span class='ocrx_word' id='word_1_815' title='bbox 3109 5127 3355 5189; x_wconf 87' lang='lat' dir='ltr'><strong>Balaam,</strong></span> <span class='ocrx_word' id='word_1_816' title='bbox 3394 5125 3680 5203; x_wconf 63' lang='lat' dir='ltr'><strong>Scriptura</strong></span> <span class='ocrx_word' id='word_1_817' title='bbox 3717 5137 3832 5175; x_wconf 76' lang='lat' dir='ltr'><strong>non</strong></span> 
     </span>
    </p>
   </div>
   <div class='ocr_carea' id='block_1_120' title="bbox 2226 5195 3835 5274">
    <p class='ocr_par' dir='ltr' id='par_1_120' title="bbox 2226 5195 3835 5274">
     <span class='ocr_line' id='line_1_121' title="bbox 2226 5195 3835 5274; baseline -0.004 -20"><span class='ocrx_word' id='word_1_818' title='bbox 2226 5200 2373 5254; x_wconf 67' lang='lat' dir='ltr'><strong>(limit</strong></span> <span class='ocrx_word' id='word_1_819' title='bbox 2403 5218 2419 5254; x_wconf 90' lang='lat'><strong><em>:</em></strong></span> <span class='ocrx_word' id='word_1_820' title='bbox 2446 5205 2497 5255; x_wconf 88' lang='lat' dir='ltr'><strong>et</strong></span> <span class='ocrx_word' id='word_1_821' title='bbox 2524 5195 2705 5274; x_wconf 78' lang='lat' dir='ltr'><strong>tamen</strong></span> <span class='ocrx_word' id='word_1_822' title='bbox 2722 5203 2950 5274; x_wconf 82' lang='lat' dir='ltr'><strong>apparet</strong></span> <span class='ocrx_word' id='word_1_823' title='bbox 2972 5201 3181 5267; x_wconf 80' lang='lat' dir='ltr'><strong>factum</strong></span> <span class='ocrx_word' id='word_1_824' title='bbox 3205 5213 3335 5261; x_wconf 88' lang='lat' dir='ltr'><strong>esse,</strong></span> <span class='ocrx_word' id='word_1_825' title='bbox 3357 5210 3469 5274; x_wconf 74' lang='lat' dir='ltr'><strong>cum</strong></span> <span class='ocrx_word' id='word_1_826' title='bbox 3486 5195 3574 5274; x_wconf 54' lang='lat' dir='ltr'><strong>(iis</strong></span> <span class='ocrx_word' id='word_1_827' title='bbox 3603 5208 3835 5274; x_wconf 67' lang='lat' dir='ltr'><strong>comme-</strong></span> 
     </span>
    </p>
   </div>
   <div class='ocr_carea' id='block_1_121' title="bbox 2226 5264 3834 5350">
    <p class='ocr_par' dir='ltr' id='par_1_121' title="bbox 2226 5264 3834 5350">
     <span class='ocr_line' id='line_1_122' title="bbox 2226 5264 3834 5350; baseline -0.004 -26"><span class='ocrx_word' id='word_1_828' title='bbox 2226 5274 2496 5350; x_wconf 50' lang='lat' dir='ltr'><strong>moratur:</strong></span> <span class='ocrx_word' id='word_1_829' title='bbox 2523 5272 2600 5326; x_wconf 90' lang='lat' dir='ltr'><strong>Ita</strong></span> <span class='ocrx_word' id='word_1_830' title='bbox 2627 5264 3663 5350; x_wconf 27' lang='lat' dir='ltr'><strong>Augustinus‘perquatnprobabiliter.</strong></span> <span class='ocrx_word' id='word_1_831' title='bbox 3692 5266 3834 5320; x_wconf 88' lang='lat' dir='ltr'><strong>Cum</strong></span> 
     </span>
    </p>
   </div>
   <div class='ocr_carea' id='block_1_122' title="bbox 2226 5336 3833 5416">
    <p class='ocr_par' dir='ltr' id='par_1_122' title="bbox 2226 5336 3833 5416">
     <span class='ocr_line' id='line_1_123' title="bbox 2226 5336 3833 5416; baseline -0.002 -22"><span class='ocrx_word' id='word_1_832' title='bbox 2226 5341 2376 5395; x_wconf 90' lang='lat' dir='ltr'><strong>enim</strong></span> <span class='ocrx_word' id='word_1_833' title='bbox 2409 5341 2614 5397; x_wconf 87' lang='lat' dir='ltr'><strong>videret</strong></span> <span class='ocrx_word' id='word_1_834' title='bbox 2631 5336 2860 5416; x_wconf 71' lang='lat' dir='ltr'><strong>Balaam</strong></span> <span class='ocrx_word' id='word_1_835' title='bbox 2886 5336 3040 5413; x_wconf 69' lang='lat' dir='ltr'><strong>quod</strong></span> <span class='ocrx_word' id='word_1_836' title='bbox 3068 5336 3334 5416; x_wconf 53' lang='lat' dir='ltr'><strong>leraelitis</strong></span> <span class='ocrx_word' id='word_1_837' title='bbox 3352 5336 3693 5416; x_wconf 36' lang='lat' dir='ltr'><strong>.m_aledicere</strong></span> <span class='ocrx_word' id='word_1_838' title='bbox 3721 5350 3833 5416; x_wconf 55' lang='lat' dir='ltr'><strong>non</strong></span> 
     </span>
    </p>
   </div>
   <div class='ocr_carea' id='block_1_123' title="bbox 2227 5405 3835 5484">
    <p class='ocr_par' dir='ltr' id='par_1_123' title="bbox 2227 5405 3835 5484">
     <span class='ocr_line' id='line_1_124' title="bbox 2227 5405 3835 5484; baseline -0.004 -17"><span class='ocrx_word' id='word_1_839' title='bbox 2227 5420 2433 5481; x_wconf 90' lang='lat' dir='ltr'><strong>posset,</strong></span> <span class='ocrx_word' id='word_1_840' title='bbox 2463 5420 2541 5484; x_wconf 76' lang='lat' dir='ltr'><strong>ut</strong></span> <span class='ocrx_word' id='word_1_841' title='bbox 2566 5413 2763 5484; x_wconf 83' lang='lat' dir='ltr'><strong>saltem</strong></span> <span class='ocrx_word' id='word_1_842' title='bbox 2788 5405 2965 5484; x_wconf 75' lang='lat' dir='ltr'><strong>aliqua</strong></span> <span class='ocrx_word' id='word_1_843' title='bbox 3001 5412 3216 5468; x_wconf 85' lang='lat' dir='ltr'><strong>ratione</strong></span> <span class='ocrx_word' id='word_1_844' title='bbox 3249 5409 3365 5482; x_wconf 91' lang='lat' dir='ltr'><strong>regi</strong></span> <span class='ocrx_word' id='word_1_845' title='bbox 3397 5408 3599 5464; x_wconf 89' lang='lat' dir='ltr'><strong>Balaac</strong></span> <span class='ocrx_word' id='word_1_846' title='bbox 3633 5405 3835 5484; x_wconf 48' lang='lat' dir='ltr'><strong>gratiﬁ:</strong></span> 
     </span>
    </p>
   </div>
   <div class='ocr_carea' id='block_1_124' title="bbox 2227 5477 3837 5550">
    <p class='ocr_par' dir='ltr' id='par_1_124' title="bbox 2227 5477 3837 5550">
     <span class='ocr_line' id='line_1_125' title="bbox 2227 5477 3837 5550; baseline -0.003 -12"><span class='ocrx_word' id='word_1_847' title='bbox 2227 5477 2466 5549; x_wconf 74' lang='lat' dir='ltr'><strong>curetur,</strong></span> <span class='ocrx_word' id='word_1_848' title='bbox 2496 5482 2544 5537; x_wconf 91' lang='lat' dir='ltr'><strong>ei</strong></span> <span class='ocrx_word' id='word_1_849' title='bbox 2576 5477 2893 5540; x_wconf 54' lang='lat' dir='ltr'><strong>valedicens&#39;</strong></span> <span class='ocrx_word' id='word_1_850' title='bbox 2916 5483 2993 5538; x_wconf 86' lang='lat' dir='ltr'><strong>ait</strong></span> <span class='ocrx_word' id='word_1_851' title='bbox 3027 5502 3039 5533; x_wconf 91' lang='lat'><strong>:</strong></span> <span class='ocrx_word' id='word_1_852' title='bbox 3084 5477 3468 5537; x_wconf 60' lang='lat' dir='ltr'><strong>Verumtt&#39;tmen</strong></span> <span class='ocrx_word' id='word_1_853' title='bbox 3502 5477 3731 5550; x_wconf 62' lang='grc' dir='ltr'><strong>ρετ-ρεαδ</strong></span> <span class='ocrx_word' id='word_1_854' title='bbox 3762 5477 3837 5533; x_wconf 83' lang='lat' dir='ltr'><strong>ad</strong></span> 
     </span>
    </p>
   </div>
   <div class='ocr_carea' id='block_1_125' title="bbox 2220 5553 3838 5625">
    <p class='ocr_par' dir='ltr' id='par_1_125' title="bbox 2220 5553 3838 5625">
     <span class='ocr_line' id='line_1_126' title="bbox 2220 5553 3838 5625; baseline -0.004 -15"><span class='ocrx_word' id='word_1_855' title='bbox 2220 5555 2486 5625; x_wconf 86' lang='lat' dir='ltr'><strong>populum</strong></span> <span class='ocrx_word' id='word_1_856' title='bbox 2526 5571 2718 5618; x_wconf 88' lang='lat' dir='ltr'><strong>meum,</strong></span> <span class='ocrx_word' id='word_1_857' title='bbox 2752 5556 2892 5609; x_wconf 87' lang='lat' dir='ltr'><strong>dabo</strong></span> <span class='ocrx_word' id='word_1_858' title='bbox 2917 5554 3218 5623; x_wconf 81' lang='lat' dir='ltr'><strong>consilium,</strong></span> <span class='ocrx_word' id='word_1_859' title='bbox 3260 5553 3407 5622; x_wconf 82' lang='lat' dir='ltr'><strong>quod</strong></span> <span class='ocrx_word' id='word_1_860' title='bbox 3432 5553 3685 5625; x_wconf 75' lang='lat' dir='ltr'><strong>populus</strong></span> <span class='ocrx_word' id='word_1_861' title='bbox 3714 5555 3838 5604; x_wconf 83' lang='lat' dir='ltr'><strong>tuus</strong></span> 
     </span>
    </p>
   </div>
   <div class='ocr_carea' id='block_1_126' title="bbox 2223 5621 3840 5704">
    <p class='ocr_par' dir='ltr' id='par_1_126' title="bbox 2223 5621 3840 5704">
     <span class='ocr_line' id='line_1_127' title="bbox 2223 5621 3840 5704; baseline -0.004 -22"><span class='ocrx_word' id='word_1_862' title='bbox 2223 5621 2422 5704; x_wconf 60' lang='lat' dir='ltr'><strong>popan</strong></span> <span class='ocrx_word' id='word_1_863' title='bbox 2451 5627 2575 5680; x_wconf 89' lang='lat' dir='ltr'><strong>huic</strong></span> <span class='ocrx_word' id='word_1_864' title='bbox 2593 5628 2765 5704; x_wconf 65' lang='lat' dir='ltr'><strong>faciat</strong></span> <span class='ocrx_word' id='word_1_865' title='bbox 2788 5630 3026 5704; x_wconf 25' lang='lat' dir='ltr'><strong>eut‘remo</strong></span> <span class='ocrx_word' id='word_1_866' title='bbox 3049 5621 3286 5704; x_wconf 74' lang='lat' dir='ltr'><strong>tempore</strong></span> <span class='ocrx_word' id='word_1_867' title='bbox 3296 5625 3482 5704; x_wconf 66' lang='lat' dir='ltr'><strong>(Num.</strong></span> <span class='ocrx_word' id='word_1_868' title='bbox 3501 5621 3716 5704; x_wconf 53' lang='lat' dir='ltr'><strong>XXIV).</strong></span> <span class='ocrx_word' id='word_1_869' title='bbox 3751 5626 3840 5676; x_wconf 76' lang='lat' dir='ltr'><strong>At-</strong></span> 
     </span>
    </p>
   </div>
   <div class='ocr_carea' id='block_1_127' title="bbox 2227 5692 3841 5775">
    <p class='ocr_par' dir='ltr' id='par_1_127' title="bbox 2227 5692 3841 5775">
     <span class='ocr_line' id='line_1_128' title="bbox 2227 5692 3841 5775; baseline 0 -25"><span class='ocrx_word' id='word_1_870' title='bbox 2227 5692 2322 5768; x_wconf 74' lang='lat' dir='ltr'><strong>qui</strong></span> <span class='ocrx_word' id='word_1_871' title='bbox 2353 5697 2457 5754; x_wconf 90' lang='lat' dir='ltr'><strong>hoc</strong></span> <span class='ocrx_word' id='word_1_872' title='bbox 2496 5692 2783 5775; x_wconf 75' lang='lat' dir='ltr'><strong>consilium</strong></span> <span class='ocrx_word' id='word_1_873' title='bbox 2824 5698 3047 5775; x_wconf 55' lang='lat' dir='ltr'><strong>Moyses</strong></span> <span class='ocrx_word' id='word_1_874' title='bbox 3076 5692 3277 5775; x_wconf 80' lang='lat' dir='ltr'><strong>ibidem</strong></span> <span class='ocrx_word' id='word_1_875' title='bbox 3300 5693 3499 5775; x_wconf 72' lang='lat' dir='ltr'><strong>tacuit,</strong></span> <span class='ocrx_word' id='word_1_876' title='bbox 3543 5692 3705 5775; x_wconf 80' lang='lat' dir='ltr'><strong>quod</strong></span> <span class='ocrx_word' id='word_1_877' title='bbox 3746 5708 3841 5764; x_wconf 79' lang='lat' dir='ltr'><strong>po-</strong></span> 
     </span>
    </p>
   </div>
   <div class='ocr_carea' id='block_1_128' title="bbox 2226 5766 3845 5841">
    <p class='ocr_par' dir='ltr' id='par_1_128' title="bbox 2226 5766 3845 5841">
     <span class='ocr_line' id='line_1_129' title="bbox 2226 5766 3845 5841; baseline -0.001 -20"><span class='ocrx_word' id='word_1_878' title='bbox 2226 5766 2344 5823; x_wconf 68' lang='lat' dir='ltr'><strong>s&#39;tea</strong></span> <span class='ocrx_word' id='word_1_879' title='bbox 2391 5766 2670 5841; x_wconf 84' lang='lat' dir='ltr'><strong>expressit,</strong></span> <span class='ocrx_word' id='word_1_880' title='bbox 2711 5766 2889 5823; x_wconf 88' lang='lat' dir='ltr'><strong>simile</strong></span> <span class='ocrx_word' id='word_1_881' title='bbox 2926 5766 3214 5824; x_wconf 83' lang='lat' dir='ltr'><strong>occasione</strong></span> <span class='ocrx_word' id='word_1_882' title='bbox 3260 5772 3319 5822; x_wconf 90' lang='lat' dir='ltr'><strong>et</strong></span> <span class='ocrx_word' id='word_1_883' title='bbox 3351 5766 3605 5837; x_wconf 90' lang='lat' dir='ltr'><strong>periculo</strong></span> <span class='ocrx_word' id='word_1_884' title='bbox 3648 5778 3845 5820; x_wconf 84' lang='lat' dir='ltr'><strong>oecur-</strong></span> 
     </span>
    </p>
   </div>
   <div class='ocr_carea' id='block_1_129' title="bbox 2227 5847 2399 5895">
    <p class='ocr_par' dir='ltr' id='par_1_129' title="bbox 2227 5847 2399 5895">
     <span class='ocr_line' id='line_1_130' title="bbox 2227 5847 2399 5895; baseline 0 -2"><span class='ocrx_word' id='word_1_885' title='bbox 2227 5847 2399 5895; x_wconf 89' lang='lat' dir='ltr'><strong>rente.</strong></span> 
     </span>
    </p>
   </div>
   <div class='ocr_carea' id='block_1_130' title="bbox 2227 4708 2359 4756">
    <p class='ocr_par' dir='ltr' id='par_1_130' title="bbox 2227 4708 2359 4756">
     <span class='ocr_line' id='line_1_131' title="bbox 2227 4708 2359 4756; baseline 0.008 -1"><span class='ocrx_word' id='word_1_886' title='bbox 2227 4708 2317 4756; x_wconf 89' lang='lat' dir='ltr'><strong>tur</strong></span> <span class='ocrx_word' id='word_1_887' title='bbox 2346 4719 2359 4756; x_wconf 90' lang='lat'><strong>:</strong></span> 
     </span>
    </p>
   </div>
  </div>
