4040 6194
341 284 478 339 i309

1280 271 1618 331 COLLATIO
1657 270 1845 327 XXIV.
1884 299 1957 312 -—
1994 271 2084 325 DE
2121 264 2731 325 MORTIFICATIONE.

3525 271 3663 325 1310

337 405 488 463 unde
514 408 908 461 consecuturos
933 395 1251 456 mercedem
1275 413 1340 454 ac
1363 404 1679 470 recepturos
1705 411 1807 453 nos
1838 394 1949 468 pie-
1974 397 2029 462 Α
2056 396 2161 452 Per
2187 391 2336 466 quod
2362 406 2584 450 necesse
2611 399 2699 449 est
2716 405 2944 448 cursum
2975 399 3137 465 atque
3168 406 3493 449 mensuram
3523 408 3661 466 quo-

339 499 469 556 tatis
498 497 729 572 praemia
761 493 1142 561 credebamus,
1169 491 1447 564 similique
1464 489 1626 547 nobis
1653 489 1825 546 etiam
1855 489 1944 545 iu-

338 594 654 668 crepatione
694 591 910 650 dicatur
948 611 962 647 :
1012 591 1155 657 Quia
1197 588 1462 644 dimisisti
1499 588 1678 642 virum
1716 586 1948 655 dignum

342 695 512 745 morte
536 688 603 743 de
623 702 791 743 manu
808 690 928 755 tua,
947 686 1051 739 erit
1074 685 1261 739 anima
1283 686 1381 738 tua
1400 696 1507 753 pro
1535 683 1722 736 anima
1738 679 1873 750 ejus,
1896 684 1949 735 et

337 781 573 853 populus
609 783 735 835 tuus
762 792 865 849 pro
894 776 1095 848 populo
1127 775 1244 846 ejus
1275 773 1483 847 (Ibid).
1516 772 1640 830 Sive
1676 787 1803 828 cum
1831 771 1946 827 im-

341 873 586 933 mundus
610 873 831 947 spiritus
857 870 1013 940 dicit,
1042 871 1329 941 Egrediar,
1356 874 1407 926 et
1429 884 1519 925 ero
1545 868 1777 939 spiritus
1802 882 1948 923 men-

337 971 458 1026 dam
477 972 537 1024 in
555 984 644 1025 ore
666 968 907 1028 omnium
918 967 1308 1038 prophetarum
1327 964 1443 1035 ejus
1483 964 1583 1031 (Ill
1596 966 1728 1035 Reg.
1752 964 1945 1030 xm);

344 1078 441 1135 per
473 1061 856 1119 rationabilem
887 1061 1078 1134 procul
1125 1059 1297 1117 dubio
1337 1056 1622 1125 affectum,
1653 1070 1819 1129 quem
1866 1055 1949 1110 le-

341 1156 580 1214 thalibus
606 1164 863 1228 apertum
889 1162 1053 1212 norat
1087 1152 1305 1210 insidiis
1324 1192 1340 1221 ,
1380 1152 1641 1223 laqueum
1667 1147 1948 1221 deceptio-

344 1251 436 1307 nis
461 1265 524 1306 ac
549 1250 750 1307 mortis
778 1248 1035 1306 intendit.
1065 1247 1156 1305 Sic
1179 1246 1348 1303 etiam
1380 1242 1659 1302 Herodem
1698 1257 1796 1314 per
1833 1241 1945 1297 ira-

340 1342 596 1400 scibilem
659 1342 859 1399 animae
927 1340 1269 1414 portionem,
1325 1336 1394 1394 ad
1446 1337 1599 1393 illam
1664 1343 1946 1392 tantorum

346 1435 642 1493 infantium
676 1451 876 1494 necem
920 1433 1305 1492 callidissimus
1351 1431 1528 1489 hostis
1578 1430 1826 1504 impegit,
1880 1444 1948 1486 eo

341 1528 495 1601 quod
546 1529 710 1586 istam
750 1528 1078 1602 propensius
1117 1527 1177 1584 in
1219 1541 1287 1584 eo
1335 1534 1503 1583 norat
1546 1539 1666 1582 esse
1705 1523 1948 1580 vitiatam

346 1623 563 1689 (Matth.
591 1623 686 1693 ιι).
715 1622 879 1691 Quod
896 1621 1061 1680 etiam
1084 1620 1156 1678 de
1182 1620 1426 1678 Domino
1451 1626 1645 1676 nostro
1669 1617 1817 1674 idem
1842 1615 1953 1689 spi-

345 1712 489 1770 ritus
512 1713 787 1785 opinatus,
814 1722 842 1749 ι
864 1728 997 1769 cum
1027 1714 1084 1769 in
1112 1713 1197 1769 his
1220 1728 1348 1769 eum
1378 1713 1553 1768 tribus
1585 1712 1786 1767 animae
1814 1708 1950 1767 affe-

2053 486 2276 546 tidiana:
2303 485 2677 553 continentia},
2711 499 2879 558 quam
2907 499 3007 557 pro
3034 484 3393 559 castigatione
3421 487 3665 559 corporis

2054 581 2395 655 iudiruptam
2436 588 2699 653 perpetuo
2741 579 2993 652 cupimus
3045 586 3339 645 retentare,
3384 580 3666 637 nonnullis

2054 674 2319 732 fratribus
2346 671 2871 746 supervenientibus,
2916 672 3182 729 intercidi.
3216 672 3380 746 Quod
3418 674 3539 729 sine
3567 674 3667 731 du-

2056 770 2147 828 bio
2171 768 2487 827 nullatenus
2511 769 2571 824 in
2598 775 2795 824 nostra
2825 766 3111 839 provincia
3140 765 3420 824 credimus
3446 776 3670 824 eventu-

2055 879 2205 933 rum,
2234 863 2289 919 in
2328 878 2433 935 qua
2461 870 2556 919 aut
2580 860 2818 930 nullum,
2846 868 2942 917 aut
2967 868 3120 917 certe
3166 859 3514 917 rarissimum
3545 875 3665 933 pro-

2054 956 2311 1015 feionis
2331 956 2498 1031 hujus
2523 957 2702 1015 virum
2730 954 2958 1013 inveniri
2986 955 3248 1028 possibile
3273 963 3375 1013 est.

2644 1069 2889 1126 CAPUT
2911 1070 3075 1125 XIX.

2054 1174 2361 1242 Responsio,
2400 1172 2541 1240 quod
2564 1173 2825 1241 perfectos
2854 1175 2995 1227 viros
3022 1173 3186 1227 etiam
3214 1175 3271 1227 in
3297 1172 3663 1228 remotissimis

2125 1243 2508 1299 solitudinibus
2537 1243 2760 1297 latentes
2800 1243 2869 1295 ab
2901 1244 3208 1297 hominibus
3235 1247 3375 1298 Deus
3396 1243 3517 1297 velit
3544 1244 3662 1310 fre-

2127 1315 2400 1383 quentari.

2128 1423 2406 1480 Abraham
2443 1440 2459 1477 :
2504 1421 2898 1480 lrrationabilis
2925 1431 3089 1494 atque
3116 1422 3530 1479 inconsideratae.
3574 1422 3667 1480 di-

2055 1519 2374 1587 strictionis,
2399 1518 2576 1574 immo
2608 1518 2787 1590 potius
2814 1516 3020 1574 summi
3044 1516 3249 1588 teporis
3272 1516 3533 1574 indicium
3562 1524 3665 1587 est,

2056 1627 2401 1686 nequaquam
2441 1612 2509 1668 ab
2541 1610 2864 1668 hominibus
2890 1604 2917 1643 δ
2944 1611 3081 1666 velle
3112 1609 3471 1682 frequentari.
3512 1619 3533 1646 υ
3559 1611 3668 1683 Qui

2060 1709 2209 1765 enim
2241 1708 2299 1764 in
2327 1707 2431 1764 hac
2470 1721 2639 1780 quam
2682 1705 2909 1779 arripuit
2936 1705 3024 1762 via
3050 1703 3284 1761 nimium
3314 1703 3482 1760 tardis
3506 1703 3674 1775 passi-

345 1808 527 1866 ctibus
570 1816 857 1876 tentasset,
898 1810 956 1865 in
998 1807 1200 1881 quibus
1246 1821 1414 1863 omne
1452 1805 1747 1863 hominum
1783 1819 1952 1879 genus
1978 1799 2025 1860 B
2057 1800 2162 1859 bus
2210 1801 2479 1875 graditur,
2529 1816 2593 1857 ac
2641 1799 2944 1857 secundum
3003 1799 3337 1855 anteriorem
3383 1796 3669 1853 hominem

348 1908 578 1958 noverat
601 1900 888 1972 captivari,
916 1899 1050 1955 nihil
1073 1907 1282 1956 tamam
1308 1899 1542 1956 versutis
1563 1897 1794 1970 profecit
1819 1896 1960 1953 insi-

346 1992 471 2050 diis.
498 1996 641 2049 Nam
666 1990 1149 2064 concupiscibilem
1176 1992 1384 2049 mentis
1411 1990 1528 2064 ejus
1558 2005 1847 2064 aggressus
1876 1998 1961 2047 est

352 2093 582 2157 partem,
630 2083 822 2142 dicens
876 2105 889 2142 :
930 2087 1031 2142 Dic
1080 2088 1144 2140 ut
1188 2085 1396 2156 lapides
1448 2085 1544 2139 isti
1595 2099 1767 2154 panes
1820 2086 1960 2154 ﬁant

356 2177 569 2249 (Matth.
618 2178 730 2252 ιν).
764 2179 1115 2249 Irascibilem,
1153 2194 1282 2236 cum
1309 2192 1438 2235 eum
1478 2177 1548 2235 ad
1591 2176 1958 2250 expetendam

354 2272 640 2343 praesentis
667 2271 851 2329 saaculi
892 2279 1243 2345 potestatem,
1272 2280 1328 2329 et
1366 2285 1534 2342 regna
1572 2270 1767 2328 mundi
1795 2269 1960 2343 hujus

356 2364 612 2439 instigare
657 2374 886 2423 conatus
919 2374 1019 2423 est.
1058 2365 1491 2434 Rationabilem,
1543 2380 1670 2422 cum
1712 2365 1788 2421 ait
1838 2384 1852 2422 :
1903 2367 1964 2424 Si

355 2461 528 2517 Filius
561 2462 660 2518 Dei
678 2477 752 2526 es,
782 2463 935 2517 mitte
954 2466 1004 2517 te
1026 2462 1274 2517 deorsum
1304 2460 1516 2533 (Ibid).
1547 2462 1613 2515 In
1640 2459 1842 2532 quibus
1870 2459 1961 2516 id-

356 2553 500 2610 circo
525 2554 662 2612 nihil
690 2555 810 2629 ejus
843 2553 1075 2628 profecit
1100 2555 1279 2612 illusio
1295 2597 1311 2621 ,
1337 2555 1466 2628 quia
1490 2554 1631 2611 nihil
1655 2554 1960 2611 secundum

354 2646 730 2721 conjecturam
758 2664 938 2718 suam,
969 2665 1136 2723 quam
1160 2649 1295 2706 falsa
1331 2649 1652 2721 Opinatione
1684 2662 1963 2721 concepe-

355 2747 471 2810 rat,
501 2742 697 2815 reperit
731 2743 787 2800 in
826 2758 892 2800 eo
934 2759 1053 2801 ee
1089 2744 1363 2801 vitiatum.
1403 2742 1567 2801 Unde
1611 2741 1778 2799 etiam
1814 2740 1958 2797 nulla

355 2849 479 2903 pars
505 2836 705 2892 animae
731 2835 867 2908 ejus,
896 2836 1105 2891 inimici
1134 2836 1341 2892 insidiis
1367 2844 1637 2892 attentata
1665 2835 1959 2892 consensit.

358 2926 488 2980 Ecce
512 2929 668 2989 enim,
694 2926 894 2997 inquit,
918 2932 1063 2982 venit
1089 2932 1336 2999 princeps
1364 2929 1559 2985 mundi
1595 2929 1777 2998 hujus,
1811 2933 1864 2985 et
1903 2933 1963 2984 in

358 3034 444 3074 me
468 3020 700 3075 inveniet
725 3021 865 3074 nihil
893 3020 1062 3091 (Joan.
1098 3022 1242 3087 11v).

921 3129 1160 3186 CAPUT
1193 3129 1405 3184 XVIII.

360 3230 734 3299 Interrogatio,
772 3246 846 3284 an
883 3231 1009 3286 utili
1038 3230 1300 3286 desiderio
1331 3228 1625 3299 secretioris
1653 3228 1964 3285 solitudinis

430 3301 545 3368 [AL
576 3298 871 3358 desiderio
912 3301 1136 3373 majoris
1176 3299 1398 3366 silentii]
1445 3298 1845 3355 retraheremur
1890 3301 1965 3355 ad

426 3373 705 3442 patriam?

433 3482 744 3539 Germanus
778 3499 792 3536 :
823 3477 977 3539 Inter
1016 3490 1213 3539 caetera
1251 3481 1567 3538 illusionum
1605 3495 1966 3553 errorumque

360 3582 678 3631 nostrorum
723 3589 942 3647 genera,
981 3589 1105 3649 qua
1147 3590 1252 3632 nos
1296 3574 1365 3630 ad
1401 3573 1739 3631 desiderium
1776 3575 1967 3647 patriae

361 3677 585 3738 nostrae,
616 3668 760 3725 sicut
799 3668 1081 3727 beatitudo
1123 3677 1216 3726 tua
1256 3668 1443 3726 solerti
1484 3670 1688 3727 mentis
1712 3668 1970 3742 perspicit

363 3764 582 3833 intuitu,
611 3778 748 3820 vana
772 3763 1100 3837 spiritalium
1126 3764 1556 3821 commodorum
1582 3763 1969 3835 pollicitatione

362 3856 798 3923 flammaverant,
829 3856 1000 3910 etiam
1027 3856 1147 3911 haec
1174 3857 1255 3910 vel
1281 3858 1527 3912 maxima
1552 3858 1759 3914 exstitit
1780 3872 1966 3929 causa,

362 3946 507 4021 quod
537 3950 705 4018 [Lips
746 3950 806 4002 in
833 3963 1011 4017 marg.
1061 3949 1141 4015 ut]
1172 3947 1447 4003 interdum
1478 3962 1509 4002 a
1548 3945 1811 4005 fratribus
1854 3949 1967 4007 fre-

363 4040 628 4114 quentati,
648 4040 766 4113 jugi
788 4048 1019 4111 secreto,
1043 4055 1107 4096 ac
1126 4038 1383 4098 diuturno
1403 4040 1640 4110 silentio,
1666 4041 1967 4100 secundum

361 4134 695 4192 desiderium
716 4143 968 4192 nostrum
1001 4150 1343 4209 nequaquam
1373 4135 1648 4208 possimus
1676 4136 1960 4194 inhaerere.

2065 1902 2442 1964 conversatur,
2468 1909 2689 1967 aequum
2713 1903 2800 1952 est
2826 1901 2888 1951 ut
2920 1893 2988 1951 ad
3018 1908 3170 1962 eum,
3200 1908 3313 1949 non
3339 1891 3517 1949 dicam
3542 1905 3673 1947 san-

2064 1998 2306 2058 ctorum,
2350 1989 2447 2047 sed
2485 2004 2557 2046 ne
2602 1987 2890 2046 hominum
2932 1986 3157 2061 quidem
3202 1985 3345 2043 ullus
3393 1984 3672 2042 adveniat.

2066 2085 2180 2140 Vos
2216 2088 2402 2139 autem
2447 2082 2494 2138 si
2522 2096 2649 2140 vera
2677 2089 2840 2154 atque
2863 2080 3101 2154 perfecta
3129 2078 3356 2138 Domini
3384 2077 3558 2135 nostri
3583 2076 3674 2135 di-

2066 2174 2303 2232 lectione
2332 2175 2592 2249 llagratis,
2639 2183 2697 2233 et
2733 2179 2915 2232 Deum
2955 2175 3047 2247 qui
3088 2174 3272 2247 utique
3312 2171 3548 2229 cbaritas
3591 2177 3677 2226 est

2068 2271 2114 2337 (I
2151 2273 2303 2326 Joan.
2351 2269 2465 2342 Iv),
2508 2268 2668 2341 pleno
2719 2267 2947 2340 spiritus
2991 2267 3202 2324 fervore
3237 2264 3543 2332 sectamini,
3605 2263 3674 2320 ad

2069 2363 2326 2435 quaelibet
2363 2363 2483 2419 loca
2510 2361 2897 2419 inaccessibilia
2925 2360 3193 2433 fugeritis,
3237 2372 3459 2415 necesse
3495 2366 3580 2415 est
3612 2372 3677 2414 ea

2067 2455 2139 2512 ab
2177 2454 2494 2511 hominibus
2519 2452 2857 2525 frequentari
2888 2472 2900 2506 :
2928 2458 3243 2522 quantoque
3270 2465 3368 2506 vos
3394 2450 3679 2522 propiores

2070 2552 2187 2605 Deo
2219 2549 2427 2604 amoris
2461 2547 2630 2604 divini
2655 2544 2819 2603 ardor
2842 2543 3109 2610 effecerit,
3142 2550 3298 2598 tanto
3327 2541 3398 2599 ad
3426 2558 3523 2599 vos
3555 2558 3678 2599 ma-

2063 2642 2156 2716 jor
2176 2651 2490 2699 sanctorum
2513 2640 2747 2700 fratrum
2770 2639 3009 2696 conﬂuet
3033 2636 3350 2694 multitudo.
3376 2638 3504 2693 Non
3530 2636 3679 2692 enim

2072 2744 2269 2810 potest,
2312 2734 2619 2792 secundum
2665 2733 2992 2791 sententiam
3034 2731 3283 2799 Domini,
3327 2729 3511 2785 civitas
3548 2727 3679 2785 abs-

2069 2830 2229 2888 condi
2264 2845 2428 2904 supra
2457 2836 2710 2886 montem
2739 2829 2915 2900 posita
2956 2848 2969 2883 :
3009 2827 3035 2863 ιι
3069 2827 3209 2897 Quia
3233 2824 3525 2897 diligentes
3551 2838 3676 2889 me,

2071 2924 2248 2996 inquit
2276 2924 2574 2993 Dominus,
2599 2921 2921 2995 gloriﬁcabo
2938 2964 2952 2990 ,
2983 2920 3077 2993 qui
3102 2928 3285 2976 autem
3310 2934 3402 2976 me
3432 2926 3678 2975 contem-

2071 3024 2228 3087 nunt,
2260 3025 2419 3075 erunt
2443 3017 2712 3093 ignobiles
2749 3021 2791 3085 (Ι
2815 3020 2946 3087 Reg.
2978 3031 3057 3084 11;
3082 3014 3281 3073 Matth.
3312 3016 3392 3085 v).
3436 3017 3680 3070 Verum-

2070 3117 2257 3167 tamen
2280 3110 2458 3169 ‘nosse
2498 3111 2711 3169 debetis
2756 3111 2896 3168 hanc
2933 3126 3051 3168 esse
3099 3109 3507 3168 subtilissimam
3559 3107 3677 3165 dia-

1993 3195 2038 3259 C
2068 3203 2177 3260 boli
2224 3204 2607 3276 'calliditatem,
2658 3205 2802 3262 hanc
2848 3204 3278 3263 occultissimam
3333 3202 3576 3268 foveam,
3624 3200 3683 3256 in

2074 3313 2237 3370 quam
2286 3299 2623 3353 miserabiles
2666 3309 2724 3353 et
2772 3302 3019 3353 incautos
3063 3313 3312 3368 quosque
3356 3297 3679 3367 praecipitat,

2074 3399 2137 3447 ut
2179 3389 2315 3447 dum
2344 3391 2426 3446 eis
2459 3389 2666 3462 majora
2708 3388 3003 3461 promittit,
3035 3388 3338 3443 necessaria
3379 3387 3683 3459 quotidiani

2074 3482 2286 3540 fructus
2330 3483 2701 3540 emolumenta
2744 3481 3029 3555 subripiat,
3075 3481 3434 3539 abstrusiores
3483 3481 3685 3538 scilicet

2074 3584 2134 3634 et
2170 3578 2434 3635 vastiores
2476 3576 2797 3635 solitudines
2842 3576 3015 3649 expeti
3055 3575 3258 3634 debere
3303 3576 3677 3651 persuadens,

2075 3684 2275 3743 easque
2316 3672 2464 3728 velut
2490 3670 2646 3727 miris
2684 3670 3094 3728 ammnitatibus
3138 3669 3379 3726 consitas
3406 3669 3462 3725 in
3490 3684 3680 3727 eorum

2075 3763 2242 3820 corde
2264 3762 2590 3838 depingens;
2622 3764 2807 3837 ignota
2836 3762 3004 3820 etiam
3034 3762 3309 3835 quaedam,
3342 3769 3398 3819 et
3426 3777 3551 3834 qua:
3580 3777 3681 3834 pe-

2076 3859 2225 3916 nitus
2265 3874 2538 3930 nusquam
2574 3864 2701 3914 sunt
2740 3857 2879 3926 loca,
2914 3856 3068 3913 velut
3111 3856 3330 3930 cognita
3368 3871 3433 3911 ac
3464 3870 3682 3929 praepa-

2075 3962 2214 4022 rata,
2242 3962 2553 4025 nostraeque
2595 3951 2844 4023 potestati
2864 3951 2984 4024 jam
3005 3949 3210 4018 debita,
3247 3958 3305 4007 et
3338 3948 3542 4021 absque
3576 3948 3680 4005 ulla

2076 4043 2395 4102 difficultate
2439 4042 2768 4115 possidenda
2814 4043 3094 4115 confingit.
3147 4043 3416 4099 Homines
3466 4055 3681 4114 quoque

2077 4136 2318 4211 regionis
2359 4136 2504 4192 illius
2532 4135 2841 4192 tractabiles
2880 4143 2935 4191 et
2975 4134 3046 4191 ad
3083 4136 3229 4191 viam
3260 4135 3453 4191 salutis
3488 4149 3679 4207 sequa-

1464 4280 1721 4337 ALARDI
1759 4282 1985 4338 GAZEI
2024 4280 2581 4338 COMMENTARIUS.

436 4408 460 4438 ³
494 4409 575 4461 De
602 4405 689 4461 his
712 4405 891 4461 collat.
917 4411 950 4461 5
975 4420 1092 4477 cap.
1116 4409 1150 4461 4
1174 4414 1230 4462 et
1252 4412 1308 4471 6,
1343 4415 1400 4463 et
1433 4423 1630 4465 rursus
1668 4409 1855 4466 collat.
1895 4415 1967 4466 22

367 4491 485 4549 cap.
525 4481 610 4531 lo.
650 4477 781 4549 Agit
822 4478 891 4549 de
930 4477 1133 4533 eisdem
1178 4481 1245 4533 D.
1279 4479 1590 4535 Bernardus
1633 4496 1799 4537 serm.
1835 4486 1869 4536 6
1914 4481 1968 4537 in

366 4547 643 4621 psalmum
674 4547 780 4617 Qui
804 4548 1033 4621 habitat.

435 4619 463 4654 δ
494 4621 639 4696 V_elle
664 4618 895 4696 omnino
920 4617 1296 4696 reponendum
1333 4621 1593 4696 duximus
1603 4636 1689 4696 ex
1720 4621 1966 4696 Dionysii

365 4690 688 4764 paraphrasi
718 4710 730 4746 :
760 4705 887 4764 quo,
909 4689 1100 4764 sensus
1142 4689 1353 4764 facilior
1380 4703 1434 4748 et
1466 4693 1741 4764 intellectu
1773 4689 1966 4764 pro'm-

365 4760 510 4830 ptior
541 4760 803 4818 reddituri
838 4763 972 4818 Eme
999 4760 1149 4817 enim
1193 4771 1280 4818 est
1319 4762 1704 4820 irrationabilis
1731 4760 1789 4819 et
1816 4764 1968 4820 indi-

2074 4410 2363 4465 seeundum
2400 4410 2700 4480 pristinum
2729 4423 2822 4464 seu
2861 4412 3087 4480 ueterem
3140 4408 3424 4464 hominem.
3482 4409 3682 4465 Sensus

2077 4487 2258 4552 autem
2284 4488 2365 4536 est
2385 4478 2533 4549 {Qui
2552 4479 2617 4552 in
2643 4479 2744 4552 hac
2767 4480 2879 4552 vita
2907 4478 3250 4552 religiosaet
3271 4488 3490 4552 austera
3516 4495 3678 4552 quam

2079 4551 2244 4624 elegit
2271 4551 2608 4624 etgsuscepit,
2642 4550 2808 4624 nimis
2834 4549 3006 4606 tardis
3020 4549 3290 4624 passibus
3327 4549 3681 4624 graditur,_id

2075 4620 2542 4694 estinegligente—r
2572 4622 2838 4694 ettepide
2876 4620 3151 4694 se_gerit,_
3172 4620 3366 4694 parum
3410 4628 3503 4674 aut
3545 4620 3681 4677 nihil

2074 4690 2419 4765 prolicitiﬁat
2454 4690 2753 4765 secundum
2781 4690 3109 4747 anteriorem
3138 4690 3425 4765 hominem
3451 4705 3680 4747 conver-

2076 4761 2248 4831 satur,
2296 4762 2351 4820 id
2397 4770 2501 4829 est,
2531 4761 2836 4833 secundum
2879 4777 3094 4818 morem
3122 4761 3389 4833 pristina:
3434 4769 3487 4816 et
3519 4777 3683 4833 mun-

369 4824 550 4906 screta
595 4831 885 4906 districtio,
928 4840 985 4906 et
1028 4832 1482 4906 magni_teporis,
1531 4835 1641 4906 sive
1663 4834 1967 4906 tepiditatis
1997 4824 2047 4886 D
2079 4824 2246 4891 danae
2270 4824 2691 4906 conversationis
2719 4832 2871 4901 vivit,
2900 4840 2975 4906 ut,
3003 4833 3075 4887 illi
3104 4824 3172 4889 de
3200 4833 3398 4904 quibus
3426 4834 3495 4887 D.
3544 4832 3681 4889 Hie-

366 4899 548 4975 potius
574 4917 744 4973 quam
783 4902 1010 4975 fervoris
1037 4913 1092 4959 et
1117 4899 1480 4975 perfectionis
1508 4899 1797 4972 indicium,
1837 4922 1965 4962 cum

366 4971 490 5044 quis
507 4971 578 5044 ita
592 4971 720 5044 :suae
739 4973 906 5044 quieti
928 4982 985 5029 et
1008 4971 1285 5031 solitudini
1307 4985 1388 5031 est
1414 4976 1684 5043 addictus,
1712 4971 1969 5033 ut’nemi-

363 5042 725 5115 nemvidere,
755 5042 786 5099 a
812 5046 1034 5100 nemine
1060 5044 1231 5100 videri
1256 5046 1382 5102 velit
1410 5056 1505 5103 aut
1528 5046 1767 5115 visitari,
1792 5047 1968 5104 chari-

364 5120 476 5170 tate
499 5112 635 5189 licet
657 5114 965 5187 postulante
991 5123 1099 5189 aut
1110 5115 1391 5189 suadente,
1417 5126 1472 5174 et
1499 5134 1570 5175 ne
1591 5112 1810 5189 quidem
1833 5135 1962 5175 san-

363 5184 845 5257 ctorumfratrum
880 5195 976 5242 aut
1004 5184 1387 5257 religiosorum
1417 5184 1659 5245 virorum
1687 5204 1964 5245 accessum

368 5263 462 5337 aut
502 5256 839 5337 colloquium
873 5256 1155 5337 admittat,
1200 5265 1259 5312 ut
1297 5269 1427 5316 sunt
1474 5260 1721 5316 nonnulli
1759 5260 1966 5316 morosi

369 5333 467 5381 aut
490 5328 722 5400 nimium
751 5330 1073 5400 scrupulosi.

402 5466 415 5478 ο
439 5405 460 5431 ο
493 5397 676 5478 I_.ocus
698 5415 797 5478 per
823 5397 1300 5478 sogsubobs‘curus.
1331 5400 1557 5478 et_varia
1584 5402 1818 5478 lectione
1846 5418 1968 5478 ma-

365 5466 446 5540 gis
472 5466 811 5540 obscuratus.
846 5473 983 5527 Nam
1017 5472 1110 5528 alii
1154 5490 1167 5526 :
1207 5473 1497 5529 secundum
1530 5476 1836 5529 interiorem
1871 5476 1970 5529 ho-

365 5538 582 5618 minem,
603 5538 813 5618 legunt,
844 5541 1145 5618 ubi_nullo_s
1173 5553 1257 5600 est
1283 5560 1473 5618 sensus
1513 5544 1616 5618 (Ita
1646 5545 1965 5618 Ciaconius).

365 5609 835 5737 gnomodoenim
864 5612 959 5692 qui
981 5615 1147 5671 tardis
1173 5616 1422 5688 passibus
1452 5609 1620 5671 in‘via
1643 5615 1833 5671 salutis
1856 5609 1970 5687 gra-

402 5688 537 5737 itur.
578 5682 876 5737 secundum
919 5685 1227 5737 mteriorem
1258 5686 1533 5737 hominem
1577 5690 1962 5737 conversatur?

402 5682 537 5762 itur,
578 5682 889 5762 secundum
919 5682 1227 5762 interiorem
1258 5686 1533 5762 hominem
1577 5682 1962 5762 conversatur?

364 5752 562 5830 Melius
607 5752 789 5830 itaque
818 5752 1089 5830 Guychius
1131 5772 1195 5811 ex
1224 5774 1359 5814 mss.
1405 5756 1961 5830 legendumcensuit,

364 5823 655 5879 secundum
691 5823 1005 5881 anteriorem
1048 5827 1327 5897 hominem,
1362 5823 1485 5902 pro'
1503 5844 1611 5901 quo
1650 5823 1967 5902 Dionysius,

2074 4920 2340 4978 ronymus
2361 4905 2440 4960 ait
2463 4907 2663 4975 (Epist.
2707 4907 2793 4972 14)
2821 4922 2842 4978 :_
2868 4905 3000 4961 Vidi
3020 4920 3112 4974 ego
3134 4906 3394 4978 quosdam
3418 4907 3515 4974 qui
3531 4910 3680 4975 post-

2073 4975 2239 5047 quam
2280 4979 2657 5047 renuntiauere
2683 4975 2894 5040 saeculo,
2924 4977 3250 5031 vestimentis
3287 4976 3602 5042 dumtaxat,
3630 4979 3681 5030 et

2071 5045 2213 5103 uocis
2236 5045 2582 5117 professione,
2611 5062 2718 5101 non
2742 5048 2918 5118 rebus,
2946 5048 3088 5103 nihil
3114 5048 3180 5102 de
3212 5050 3449 5118 pristina
3475 5062 3681 5102 conver-

2072 5120 2284 5174 satione
2314 5122 2617 5173 mutarunt.
2663 5117 2830 5189 Talis,
2863 5118 3110 5189 inquam,
3150 5117 3261 5189 non
3301 5125 3543 5173 meretur
3568 5131 3681 5173 non

2072 5189 2251 5245 solum
2275 5204 2305 5244 a
2331 5189 2562 5260 sanctis,
2583 5187 2680 5260 sed
2704 5203 2806 5243 nec
2827 5187 2896 5243 ab
2932 5187 3048 5260 aliis
3082 5188 3400 5244 hominibus
3428 5189 3679 5260 frequen.

2075 5260 2202 5327 tari,
2248 5259 2375 5332 quia
2420 5259 2629 5332 nemini
2678 5274 2778 5315 suo
2829 5259 3176 5332 exemplo‘et
3219 5259 3492 5332 colloquio
3528 5258 3682 5315 utilis

2074 5347 2196 5404 esse
2219 5329 2417 5404 potest.
2455 5331 2559 5404 Qui
2585 5338 2767 5404 autem
2808 5345 2939 5385 vera
2956 5329 3225 5404 charitate
3259 5329 3452 5404 fervet,
3478 5330 3525 5385 is
3553 5345 3680 5386 om-

2074 5401 2238 5458 nibus
2269 5401 2547 5472 prodesse,
2597 5403 2846 5474 omnium
2893 5401 3066 5474 saluti,
3101 5401 3405 5474 consulere,
3446 5416 3680 5474 eamque
3754 5428 3767 5435 ι

2075 5470 2418 5546 promovere,
2457 5470 2723 5546 quantum
2747 5472 2801 5526 in
2828 5487 2886 5528 se
2908 5479 3013 5541 est,
3035 5470 3324 5546 desiderat,
3345 5479 3403 5546 et
3432 5470 3681 5546 ubicum-

2077 5542 2345 5616 quedata
2385 5542 2669 5616 occasione
2700 5552 2954 5614 procurat
2998 5564 3009 5598 :
3052 5543 3283 5614 ideoque
3312 5542 3381 5599 ab
3422 5544 3680 5600 omnibus

2076 5613 2211 5687 adiri
2238 5623 2291 5670 et
2312 5613 2646 5687 frequentari
2685 5613 2945 5669 meretur.

2143 5674 2171 5718 ά
2217 5674 2481 5757 Vulgatus
2536 5694 2719 5743 textus
2771 5704 2783 5740 :
2826 5688 3154 5756 Quicumque
3205 5687 3525 5755 gloriﬁcabit
3575 5701 3675 5749 me,

2075 5758 2381 5884 glorigioabo
2422 5775 2558 5815 eum.
2619 5759 2722 5826 Qui
2770 5764 2946 5813 autem
2994 5763 3334 5813 contemnunt
3389 5773 3489 5821 me,
3523 5762 3680 5812 enmt

2075 5846 2204 5884 iano
2244 5847 2262 5884 ι
2284 5845 2357 5884 es.

2075 5845 2357 5899 ignooues.
