4040 6194
331 223 466 281 1313

1255 212 1587 271 COLLATIO
1624 212 1811 269 XXIV.
1856 242 1920 252 —
1961 212 2050 267 DE
2087 210 2696 268 MORTIFlCATlONE.

3502 219 3638 274 1314

325 347 501 405 dicem
526 345 780 402 manibus
806 342 1046 400 molliter
1069 340 1424 409 demulceret,
1454 338 1749 413 quemdam
1772 338 1840 395 ad
1868 354 1929 396 se
1956 343 2009 406 Α
2036 320 2160 396 non
2177 355 2308 396 eum
2328 347 2546 397 tensum
2572 341 2780 413 ubique
2802 355 3025 414 semper
3042 341 3399 400 circumfers?
3430 343 3529 401 Cui
3546 343 3638 399 ille

335 440 529 498 habitu
560 436 842 494 venatorio
862 435 1174 494 venientem
1200 434 1383 491 subito
1420 432 1789 506 conspexisse.
1822 433 1929 503 Qui

331 534 561 590 miratus
600 529 752 604 quod
786 529 871 586 vir
905 536 1071 586 tanta:
1117 527 1384 600 opinionis
1412 542 1477 584 ac
1513 525 1677 584 famae
1705 525 1776 584 ad
1809 535 1930 584 tam

333 641 498 699 parva
528 631 584 682 et
609 622 838 680 humilia
867 636 925 679 se
951 622 1350 678 oblectamenta
1386 619 1729 677 submitteret
1761 640 1773 675 :
1813 623 1930 677 Tu-

331 737 403 779 ne
429 736 510 790 es,
531 719 726 792 inquit,
750 718 839 774 ille
865 719 1126 786 Joannes,
1156 721 1312 790 cujus
1335 713 1481 772 fama
1508 714 1737 789 insignis
1762 723 1929 788 atque

333 815 706 885 celeberrima,
733 829 826 870 me
851 826 1070 887 quoque
1092 827 1317 869 summo
1334 810 1602 868 desiderio
1638 818 1749 867 tum
1772 808 1931 882 agni-

329 909 495 966 tionis
541 907 741 964 illexit?
779 907 891 963 Cur
932 921 1064 979 ergo
1107 904 1527 963 oblectamentis
1568 911 1686 961 tam
1725 901 1927 960 vilibus

335 1002 653 1075 occuparis?
680 1001 781 1059 Cui
804 1002 1000 1058 beatus
1027 1001 1307 1057 Joannes:
1336 999 1482 1070 Quid
1513 1004 1599 1055 est
1622 997 1771 1071 quod
1804 1012 1928 1054 ma-

331 1113 436 1155 nus
467 1105 562 1154 tua
600 1098 816 1170 gestat?
846 1100 920 1153 At
945 1096 1035 1152 ille
1067 1114 1080 1152 :
1111 1098 1322 1168 Arcus,
1353 1092 1547 1166 inquit.
1575 1094 1645 1149 Et
1682 1106 1801 1159 cur,
1827 1092 1925 1161 ait,

2035 431 2324 503 respondit
2356 436 2414 488 ε’
2446 435 2572 489 Non
2600 441 2841 505 oportet,
2871 449 2945 489 ne
2963 434 3080 508 jugi
3101 436 3419 492 curvamine
3438 436 3638 509 rigoris

2038 524 2304 583 fortitudo
2350 526 2533 584 laxata
2576 527 2869 584 mollescat
2905 532 3065 599 atque
3105 528 3389 600 depereat;
3419 540 3474 586 et
3508 544 3638 588 cum

2036 621 2346 691 oportuerit
2363 629 2426 677 ut
2455 619 2684 677 fortiora
2713 621 2775 677 in
2802 619 3042 693 aliquam
3062 619 3239 677 feram
3268 622 3476 694 spicula
3503 622 3637 681 diri-

2038 720 2261 786 gantur,
2308 713 2491 787 rigore
2530 727 2632 787 per
2666 712 3013 770 nimietatem
3048 712 3328 771 continuae
3372 715 3639 774 tensionis

2036 808 2263 880 amisso,
2301 809 2590 867 violentior
2627 809 2770 867 ictus
2799 826 2911 867 non
2949 810 3120 883 possit
3156 811 3355 867 emitti.
3386 814 3500 869 Nec
3527 828 3637 870 no-

2034 905 2154 973 stri,
2183 904 2368 977 inquit
2403 904 2597 961 beatus
2620 906 2888 974 Joannes,
2914 903 3085 961 animi
3113 910 3168 960 te
3208 902 3475 972 offendat,
3501 922 3534 962 o
3550 907 3642 980 ju-

2037 998 2210 1071 venis,
2247 1006 2365 1054 tam
2407 1014 2571 1070 parva
2616 997 2739 1055 haec
2768 997 3062 1070 brevisque
3090 998 3322 1066 laxatio;
3363 1015 3487 1072 quae
3531 1000 3638 1059 nisi

2034 1092 2364 1148 remissione
2386 1091 2622 1164 quadam
2634 1092 2875 1163 rigorem
2888 1092 3209 1149 intentionis
3228 1108 3342 1150 suae
3356 1093 3637 1152 interdum

1424 1245 1683 1300 ALARDI
1723 1241 1948 1298 ϐΑΖίΕῐ
1986 1240 2541 1298 COMMENTARIUS.

521 1383 808 1448 Compesce,
840 1381 925 1447 ﬁli,
948 1381 1097 1448 verba
1117 1380 1364 1443 (Joannes
1391 1377 1504 1439 ait).
1540 1439 1550 1448 _

456 1445 564 1505 Dic,
596 1442 701 1510 age,
724 1442 938 1510 solutum
957 1442 1237 1510 dextracur
1260 1455 1440 1510 arcum
1453 1442 1605 1503 gerit?

465 1504 601 1558 Cur?
623 1504 777 1571 inquit
804 1508 885 1558 ille
911 1511 1077 1559 :Luna
1090 1506 1142 1571 si
1170 1507 1297 1571 jugis
1323 1504 1445 1554 foret

459 1571 667 1634 Minacis
687 1569 846 1625 arcus.
881 1569 1101 1634 perbrevi
1120 1569 1303 1634 nervus
1330 1577 1420 1617 suo

453 1633 617 1705 Illervo
640 1637 844 1705 careret,
879 1632 926 1681 Et
946 1632 1122 1705 vigoris
1140 1633 1321 1705 impetu

458 1695 649 1756 Egerius
666 1693 760 1756 iret
771 1712 791 1756 ;_
804 1705 895 1756 nec
914 1695 1135 1756 sagittam
1156 1693 1366 1756 mittere,

454 1752 573 1810 Nec,
599 1766 696 1815 quo
711 1752 861 1815 libido
881 1752 989 1812 est,
999 1753 1241 1815 destinare
1257 1753 1331 1802 l‘as
1354 1753 1497 1815 foret.

522 1813 779 1877 Hicidivus
803 1814 937 1866 illum
960 1814 1183 1877 cassibus
1202 1813 1391 1877 stringit
1410 1813 1529 1863 suis.

463 1879 519 1947 ξι
543 1876 669 1947 unde
702 1879 831 1947 tanta
850 1876 1079 1947 nuncubi
1100 1875 1288 1925 miratio
1308 1875 1403 1947 est,

460 1939 602 2006 Quod
631 1938 887 2006 feriantem
914 1935 1304 2006 videris_senem,
1323 1935 1402 1985 cui
1432 1996 1443 2006 _
1533 1996 1544 2006 .

458 1996 577 2064 Post
600 2002 696 2050 alta
717 2013 898 2064 rerum,
915 2002 962 2050 et
982 1998 1149 2064 gravia
1168 2012 1392 2049 curarum
1415 1996 1547 2045 domi

460 2062 693 2124 Forisque
713 2064 866 2124 gesta,
883 2061 1027 2111 'men's
1049 2061 1195 2111 habet
1216 2066 1511 2124 torpescere,

459 2124 564 2174 Nisi
589 2124 816 2187 requietis
833 2125 882 2173 in
906 2124 1013 2173 sinu
1034 2125 1171 2187 vires
1190 2136 1343 2187 novas

461 2185 671 2249 Haurire
688 2186 851 2249 liceat,
877 2190 1025 2249 utque
1045 2186 1220 2249 cernis,
1243 2185 1430 2235 haurio.

462 2222 586 2300 ξίἼέ
598 2222 809 2299 ῖῶἑὶῖὶἵ
816 2222 1234 2310 Ηεῖιῖῗὶἷίεῖἷιὶῖἓό
1243 2222 1432 2310 Elidit};

464 2312 711 2374 Quiesque
739 2310 877 2374 fessis
897 2308 1128 2374 arcubus,
1150 2310 1316 2373 quidni
1343 2308 1496 2360 otium

464 2372 708 2436 Quiesque
730 2372 871 2424 fessis
894 2373 1098 2436 artubus
1129 2372 1270 2436 detur
1289 2376 1409 2423 sua?

529 2434 648 2486 Haec
675 2436 868 2486 senior:
893 2448 1008 2485 arcu
1041 2435 1131 2485 rite
1153 2434 1324 2484 doctus
1339 2448 1367 2484 e
1392 2446 1483 2483 suo

466 2500 677 2549 Venator
697 2497 829 2547 abiit.
861 2500 994 2547 Usus
1014 2500 1063 2547 et
1085 2511 1164 2547 res
1178 2497 1225 2545 id
1256 2499 1446 2557 volunt,

462 2561 625 2611 Nervo
652 2559 825 2623 rigoris
844 2558 1079 2623 irremissi
1099 2559 1320 2622 torpidus

466 2621 719 2673 Lentescit
731 2623 948 2685 animus;
976 2622 1087 2672 hinc
1110 2621 1196 2685 per
1212 2635 1357 2672 auras
1382 2621 1545 2671 ludere

465 2687 526 2758 Et
549 2687 751 2758 apertus
770 2684 843 2734 ire
857 2685 1015 2758 gestit,
1024 2687 1094 2758 _ut
1111 2684 1254 2758 catuii
1275 2685 1450 2746 solent,

466 2746 825 2809 Vertiginosum
855 2746 937 2809 qui
960 2747 1238 2797 volutarunt
1259 2759 1375 2809 veru

464 2810 557 2858 Seu
588 2807 746 2857 carnis
767 2807 912 2869 assae,
943 2822 1029 2857 seu
1055 2809 1321 2869 volucrium
1345 2807 1498 2867 ferax,

467 2871 560 2917 Diu
583 2871 814 2928 rotantes,
833 2868 1058 2918 et'rotati
1082 2887 1094 2918 :
1116 2868 1292 2917 liberas

467 2930 575 2999 iam
600 2929 962 2999 nacti_habenas
979 2933 1035 2999 e_t_
1045 2932 1218 2999 paiens
1237 2929 1531 2999 pomarium,

467 2991 602 3037 Laeta
626 3002 710 3051 per
731 2989 930 3037 herbam
950 2989 1319 3051 saltitatiuncula

467 3050 639 3102 Novos’
654 3051 904 3112 resorbent
924 3050 1139 3112 spiritus,
1161 3053 1372 3099 mentem
1406 3063 1603 3102 novam.

530 3111 669 3171 Quod
695 3125 884 3174 semper
911 3111 1062 3162 audes
1079 3124 1237 3174 agere,
1262 3124 1451 3175 semper
1468 3126 1564 3162 non
1586 3125 1716 3176 ages.

348 3299 650 3368 Hucusqu‘e
679 3293 851 3368 frater
883 3306 1071 3368 m_eus,
1100 3291 1218 3368 suis
1245 3290 1462 3368 iambis
1489 3290 1813 3368 cassianum
1843 3308 1936 3368 ap-

349 3309 650 3368 uucusque
679 3309 851 3351 irater
883 3309 1071 3361 meus,
1100 3309 1218 3348 SlllS
1262 3309 1462 3347 laleS
1489 3309 1813 3356 uassranum
1843 3309 1910 3420 ap

346 3367 560 3424 tissime
606 3365 878 3436 imitatus.
925 3364 1098 3436 Porro
1141 3365 1198 3420 S.
1244 3362 1481 3419 Thomas
1528 3361 1635 3418 hoc
1685 3378 1910 3436 exempl

344 3453 502 3497 suam
522 3434 935 3493 conclusionem
957 3432 1249 3506 confirmat
1264 3438 1386 3506 (2-2
1407 3450 1460 3504 q.
1489 3440 1590 3506 168
1606 3438 1713 3489 art.
1738 3436 1814 3505 2),
1833 3432 1938 3506 qua

344 3509 506 3580 docet
544 3509 725 3580 etiam,
749 3506 880 3563 viris
920 3505 1180 3580 gravibus
1211 3505 1455 3580 actiones
1484 3505 1939 3580 ludicras_inter-

346 3579 483 3637 dum
502 3579 813 3636 convenire.
837 3575 1096 3648 Est'enim
1118 3576 1327 3648 species
1349 3575 1603 3648 quaedam
1624 3575 1938 3648 modestiae,

385 3667 517 3707 uam
562 3648 936 3720 Philosophus
969 3647 1289 3719 εὖτραπελίαν
1320 3647 1476 3720 vdeat
1504 3647 1715 3720 (latine
1736 3648 1940 3720 jucun-

385 3667 517 3707 uam
562 3667 936 3720 rnuosopnus
969 3667 1289 3719 ευτραπελιαν
1320 3667 1476 3704 vocat
1504 3667 1715 3717 (Latine
1736 3667 1939 3720 Jucun-

345 3667 791 3803 aitatemdicere
820 3720 1171 3803 possumus),
1201 3718 1583 3803 quarludiset
1598 3719 1741 3803 iocis
1769 3720 1939 3776 ratio-

344 3793 436 3850 nis
472 3795 705 3849 modum
734 3789 1011 3861 imiionit:
1035 3790 1165 3861 sive
1183 3789 1306 3861 quae
1338 3789 1397 3845 in
1423 3789 1650 3861 ludicris
1678 3790 1938 3861 decorum

345 3871 555 3918 servat.
583 3861 752 3918 Unde
797 3860 1091 3929 εὒτράπελος
1138 3860 1338 3915 dicitur
1377 3860 1471 3929 qui
1512 3861 1658 3917 dicta
1697 3870 1756 3918 et
1793 3860 1940 3920 facta

345 3931 600 4015 quaedam
628 3937 942 4012 opportuno
964 3937 1216 4015 tempore
1240 3934 1297 3984 et
1321 3929 1655 4015 cumdebita
1683 3932 1943 4015 modera-

349 4000 500 4060 tione
536 4001 607 4058 ad
635 4000 806 4058 animi
827 4001 1231 4056 recreationem
1256 4007 1580 4056 convertere
1606 4000 1758 4056 novit
1788 4004 1940 4070 (Leo-

340 4091 465 4131 nar.
495 4077 636 4131 Less.
678 4073 751 4127 de‘
777 4074 915 4128 Just.
949 4072 1044 4128 lib.
1087 4084 1146 4126 ιν
1174 4086 1295 4142 cap.
1329 4076 1393 4137 4;
1431 4071 1608 4142 Arist.
1652 4086 1717 4128 Iv
1759 4074 1937 4129 Ethic.

341 4162 459 4217 cap.
491 4147 564 4213 8).
594 4142 971 4217 Quodautem
1000 4142 1170 4217 etiam
1200 4140 1330 4217 viris
1351 4140 1689 4217 gravibuset
1712 4142 1940 4217 religio-

344 4211 421 4274 sis
451 4211 771 4288 hujusinodi
801 4214 1049 4288 actiones
1083 4211 1557 4288 interdum—licitas
1579 4213 1715 4283 sint,
1742 4211 1941 4288 probat

340 4289 396 4346 S.
453 4284 730 4354 Thomas,
795 4285 922 4357 quia
987 4287 1149 4357 sicut
1182 4284 1333 4338 homo
1403 4284 1610 4352 indiget
1674 4284 1943 4354 corporali

340 4362 517 4431 quiete
551 4353 900 4431 ad
936 4353 1412 4425 refocillationem,
1432 4358 1591 4431 _q_uic_t
1625 4370 1732 4411 non
1752 4353 1939 4431 (potest

340 4426 589 4486 continue
641 4426 887 4483 laborare
906 4469 920 4497 ,
968 4432 1257 4499 propterea
1303 4426 1448 4499 quod
1485 4426 1680 4482 habeat
1727 4429 1938 4497 finitam

341 4504 616 4564 virtutem,
664 4514 785 4569 qua:
826 4499 1196 4554 determinatis
1245 4498 1517 4553 laboribus
1556 4501 1940 4569 proportione-

2039 1378 2235 1429 cantur
2257 1374 2485 1441 ludicra,
2510 1369 2595 1429 vel
2611 1371 2813 1441 jocosa.
2842 1375 2916 1429 Et
2953 1373 3071 1428 ideo
3098 1388 3300 1430 necesse
3338 1380 3415 1431 est
3444 1378 3640 1432 talibus

2041 1445 2313 1500 interdum
2341 1447 2444 1513 uti,
2475 1446 2637 1514 quasi
2658 1443 2733 1516 ad
2752 1443 3047 1516 quamdum
3071 1447 3266 1500 anima:
3300 1449 3547 1516 quietem.
3570 1453 3643 1505 Et

2042 1516 2137 1571 hoc
2172 1521 2253 1588 est
2282 1516 2428 1588 quod
2462 1515 2811 1585 Philosophus
2838 1515 2973 1570 dicit
3006 1517 3064 1569 in
3087 1520 3281 1588 quarto
3304 1518 3638 1588 Ethicorum,

2147 1587 2186 1641 d
2204 1589 2266 1642 in
2284 1586 2446 1657 huius
2469 1589 2594 1642 vita:
2617 1588 3015 1657 conversatione
3028 1586 3273 1656 quaedam
3297 1591 3506 1656 requies
3523 1586 3642 1646 eum

2064 1655 2172 1713 udo
2213 1655 2456 1713 habetur.
2506 1658 2597 1714 Sic
2627 1657 2682 1712 S.
2714 1655 2941 1713 Thomze
2976 1655 3126 1712 hunc
3167 1655 3417 1713 Cassiani
3455 1665 3637 1717 locum

2044 1727 2283 1784 miriﬁce
2314 1729 2616 1797 illustrans,
2650 1727 2776 1799 licet
2814 1727 2977 1799 paulo
3017 1727 3175 1783 aliter
3201 1727 3332 1784 illud
3364 1731 3427 1784 B.
3468 1734 3641 1788 Joan-

1970 1789 2019 1852 B
2044 1800 2133 1855 nis
2160 1799 2555 1856 documentum
2576 1789 2938 1864 referat;'sed
2967 1814 3053 1854 res
3080 1807 3162 1854 est
3187 1799 3400 1855 eadem.
3446 1802 3643 1859 Subdit

2043 1877 2232 1927 tamen
2254 1879 2366 1942 tres
2400 1869 2747 1942 conditiones
2787 1869 2846 1924 in
2880 1868 3193 1942 hujusmodi
3215 1870 3359 1942 jocis
3397 1881 3453 1927 et
3497 1872 3641 1930 ludis

2042 1941 2427 2014 observandas,
2459 1956 2583 2014 qua:
2611 1940 2784 1998 etiam
2828 1940 2898 1996 ad
2938 1940 3099 2014 hunc
3121 1940 3306 1997 locum
3356 1943 3641 2001 elucidan-

2041 2011 2173 2069 dum
2198 2011 2495 2082 pertinent:
2534 2015 2720 2069 Prima
2747 2016 2825 2067 est
2854 2017 2917 2066 ut
2941 2012 3209 2082 praedicta
3231 2014 3511 2069 delectat-io
3536 2031 3643 2072 non

2040 2089 2321 2153 quceratur
2329 2087 2387 2138 in
2398 2085 2670 2154 aliquibus
2686 2084 2832 2138 actib
2838 2098 2903 2138 us
2914 2088 3010 2138 aut
3020 2084 3193 2139 verbis
3209 2087 3459 2155 turpibus
3467 2088 3550 2141 vel
3556 2103 3643 2143 no-

2043 2157 2195 2210 c-ivis.
2232 2156 2380 2211 Unde
2408 2156 2581 2214 Cicero
2614 2156 2651 2209 ι.
2688 2169 2711 2209 ι
2738 2156 3053 2224 Ofﬁciorum
3082 2173 3098 2209 :
3130 2158 3199 2212 Ut
3212 2159 3418 2225 pueris,
3446 2157 3639 2224 inquit,

2044 2241 2153 2298 non
2179 2241 2386 2281 omnem
2415 2227 2683 2281 licentiam
2708 2226 2932 2298 ludendi
2945 2226 3157 2293 damus,
3185 2227 3279 2282 sed
3302 2243 3417 2282 eam
3432 2244 3553 2298 qua:
3574 2229 3643 2284 ab

2045 2296 2596 2365 honestisactionibus
2616 2312 2724 2367 non
2751 2299 2823 2352 sit
2845 2296 3050 2363 aliena;
3080 2298 3156 2351 sic
3173 2300 3233 2367 in
3247 2299 3366 2367 ipso
3389 2296 3509 2367 joco
3534 2301 3644 2355 ali-

2043 2368 2187 2450 quod
2211 2369 2372 2450 probi
2403 2369 2611 2450 ingenii
2651 2366 2831 2450 lumen
2862 2367 3082 2450 eluceat.
3124 2366 3336 2450 Deinde
3368 2366 3644 2450 explicans

2045 2435 2233 2510 quales
2243 2438 2356 2510 joci
2388 2435 2618 2510 vitandi,
2633 2435 2789 2510 addit
2812 2456 2824 2490 :
2857 2437 3070 2510 Duplex
3089 2440 3304 2510 omnino
3328 2443 3406 2492 est
3421 2435 3647 2508 iocandi

2043 2507 2226 2577 genus,
2244 2507 2485 2561 alterum
2511 2507 2793 2569 illiberale,
2812 2507 3085 2575 petulans,
3109 2508 3455 2575 ﬂagitiosum,
3473 2511 3648 2566 obsce-

2046 2595 2207 2645 num;
2223 2579 2457 2633 alterum
2470 2579 2700 2646 elegans,
2717 2577 3007 2643 urbanum,
3019 2578 3373 2646 ingeniosum,
3386 2581 3642 2645 facetum.

2045 2649 2291 2706 Secunda
2305 2649 2535 2720 conditio
2556 2666 2576 2720 ,ξ
2594 2664 2661 2703 ne
2672 2649 2902 2702 nimium
2912 2649 2971 2703 in
2988 2646 3204 2703 ludicra
3220 2650 3388 2704 simus
3404 2654 3641 2720 profusi,

2048 2736 2114 2776 ne
2136 2721 2394 2784 totaliter,
2426 2718 2627 2791 inquit,
2656 2721 2904 2788 gravitas
2927 2721 3124 2774 anima:
3148 2718 3460 2776 resolvatur.
3495 2725 3646 2780 Unde

2048 2791 2362 2847 Ambrosius
2387 2792 2481 2846 lib.
2510 2806 2534 2847 ι
2564 2791 2720 2860 Ofﬁc.
2743 2805 2860 2861 cap.
2887 2794 2956 2845 20
2985 2809 2998 2846 :
3023 2791 3312 2847 Caveamus
3324 2809 3388 2848 ne
3414 2794 3543 2849 dum
3564 2811 3648 2851 re-

2049 2863 2234 2918 laxare
2251 2865 2495 2917 animum
2514 2863 2775 2924 volumus,
2797 2863 3062 2917 solvamus
3089 2877 3295 2918 omnem
3310 2865 3648 2922 harmoniam

2049 2937 2100 2987 et
2117 2950 2327 2989 omnem
2351 2938 2655 3008 concentum
2680 2934 2935 3008 bonorum
2971 2948 3209 3008 operum.
3226 2937 3297 2989 Et
3317 2935 3526 3008 Cicero:
3553 2940 3646 3008 Ip-

2047 3018 2167 3058 sum
2183 3020 2347 3074 genus
2364 3006 2593 3075 jocandi
2608 3020 2714 3059 non
2730 3007 3019 3075 profusum
3034 3021 3126 3059 nec
3144 3006 3536 3075 immodestum,
3556 3006 3649 3064 sed

2048 3076 2339 3143 ingenuum
2375 3080 2427 3131 et
2454 3077 2689 3143 facetum
2718 3090 2826 3131 esse
2853 3076 3024 3131 debet.
3060 3078 3130 3131 Et
3156 3091 3346 3132 rursus
3374 3097 3386 3131 :
3426 3079 3574 3134 Ludo
3598 3083 3648 3135 et

1973 3177 2018 3242 C
2042 3145 2166 3242 i393.
2185 3147 3648 3242 Eiigﬁif‘ﬂ’flff‘iﬁ-i‘i‘fiif‘ffffﬂ‘ﬁ‘iffﬂ'i‘ff‘fz-“f’l‘

2051 3230 2170 3270 cum
2191 3218 2445 3285 gravibus
2460 3219 2717 3288 seriisque
2725 3218 2879 3273 rebus
2892 3220 3332 3287 satisfecerimus.
3352 3223 3549 3285 Tertia,
3564 3225 3645 3286 ut,

2050 3288 2190 3339 sicut
2214 3289 2271 3339 in
2290 3289 2528 3340 omnibus
2553 3289 2762 3340 actibus
2791 3290 3059 3353 humanis,
3090 3290 3352 3343 habeatur
3369 3294 3508 3344 ratio
3537 3294 3650 3346 cir—

2049 3358 2514 3429 cumstantiarum,
2544 3359 2605 3429 ut
2634 3355 2794 3429 ludus
2820 3361 3078 3429 congruat
3103 3372 3363 3429 persona;
3400 3362 3644 3429 tempori,

2050 3431 2102 3481 et
2130 3428 2257 3490 loco,
2285 3430 2337 3480 et
2375 3425 2664 3480 secundum
2686 3425 2824 3479 alias
2861 3427 3290 3481 circumstantias
3309 3428 3484 3483 debite
3500 3425 3651 3485 ordi-

2048 3502 2228 3560 natur,
2249 3501 2312 3552 ut
2333 3497 2532 3553 scilicet
2548 3498 2620 3551 sit
2643 3500 2875 3565 tempore
2893 3502 2944 3552 et
2961 3496 3173 3551 homine
3191 3498 3408 3567 dignus,
3440 3505 3501 3555 ut
3528 3503 3650 3557 Tul-

2051 3569 2158 3624 lius
2199 3567 2333 3624 dicit
2373 3568 2597 3623 ibidem.
2651 3568 2932 3623 Hactenus
2978 3583 3044 3623 ex
3090 3569 3146 3624 S.
3186 3569 3424 3625 Thoma.
3477 3573 3650 3629 Porro

2051 3638 2308 3721 ejusdem.
2326 3636 2806 3721 apophthegmaiis
2827 3641 2892 3721 Ba.
2912 3638 3516 3721 mannis-evangelista;
3536 3659 3651 3701 me-

2050 3709 2213 3783 minit
2240 3709 2580 3766 Hincmarus
2608 3709 2684 3783 in“
2703 3709 2827 3783 Vita
2853 3710 2911 3765 S.
2938 3709 3184 3783 itemigii
3219 3709 3362 3783 apud
3390 3712 3646 3783 Surium;

2053 3780 2362 3863 eodemque
2380 3796 2524 3863 psus
2543 3778 3022 3863 est‘S."Antoni_us
3049 3779 3103 3834 in
3115 3778 3300 3863 ;simili
3338 3778 3646 3863 occasione,

2053 3861 2115 3909 ut
2136 3852 2191 3908 in
2221 3848 2361 3909 Vitis
2380 3853 2604 3908 Patrum
2631 3852 2771 3918 (Lib.
2797 3851 2895 3906 vl.
2934 3853 3021 3919 l0)
3051 3848 3321 3907 refertur:
3353 3855 3481 3910 Cum
3504 3848 3647 3912 enim

2052 3927 2318 3980 venissent
2339 3924 2414 3980 ad
2430 3939 2550 3979 eum
2571 3924 2779 3990 fratres
2802 3921 3043 3992 quidam,
3064 3926 3128 3977 ut
3144 3923 3333 3977 desuis
3344 3925 3650 3994 phantasiis

2053 4000 2104 4049 et
2116 3997 2412 4049 visionibus
2432 3995 2782 4059 consulerent,
2797 3997 3104 4062 supervenit
3120 3994 3344 4063 quidam
3352 4002 3650 4061 venator,et

2051 4065 2189 4136 vidit
2198 4064 2446 4118 abbatem
2457 4064 2779 4132 gaudentem
2793 4077 2913 4136 cum
2925 4065 3214 4131 fratribus,
3228 4069 3278 4119 et
3286 4065 3564 4136 displicuit
3576 4071 3645 4125 ei.

2060 4135 2251 4191 Volens
2262 4138 2441 4189 autem
2455 4149 2622 4189 senem
2633 4136 2683 4206 ei
2700 4132 2977 4206 ostendere
2999 4136 3129 4203 quia
3145 4140 3346 4204 oportet
3356 4132 3648 4206 dliquando

2045 4206 2454 4261 condescendere
2462 4205 2751 4272 fratribus,
2766 4204 2898 4258 dicit
2917 4206 2969 4257 ei
2987 4222 3003 4257 :
3017 4206 3160 4259 Pone
3176 4204 3505 4274 sagittamin
3518 4223 3650 4266 arcu

2048 4281 2156 4340 tuo,
2186 4281 2236 4332 et
2265 4277 2437 4331 trahe.
2464 4278 2534 4332 Et
2561 4277 2692 4343 fecit
2714 4276 2803 4329 sic.
2830 4276 2899 4330 Et
2925 4275 3085 4347 dixit
3109 4294 3125 4330 :
3154 4278 3355 4331 Iterum
3392 4280 3566 4347 trahe,
3599 4286 3651 4336 et

2048 4350 2239 4402 traxit.
2269 4351 2332 4403 Et
2350 4362 2542 4406 rursus
2557 4346 2707 4401 dixit
2724 4348 2802 4401 ei:
2830 4347 3001 4401 Trahe
3017 4346 3214 4415 adhuc,
3233 4352 3285 4402 et
3297 4352 3492 4404 tramit.
3510 4346 3652 4408 Dicit

2045 4420 2097 4473 ei
2122 4423 2341 4474 venator
2366 4437 2382 4473 :
2403 4420 2465 4476 Si
2479 4434 2646 4488 supra
2667 4433 2969 4473 mensuram
2988 4422 3225 4486 tramero,
3239 4420 3528 4490 frangetur
3553 4438 3649 4478 ar-

2045 4505 2156 4545 cus.
2172 4492 2315 4546 Dicit
2334 4493 2386 4545 ei
2406 4490 2573 4545 abbas
2594 4491 2894 4545 Antonius:
2916 4491 3003 4545 Ita
3024 4494 3102 4545 est
3124 4494 3175 4544 et
3192 4492 3249 4545 in
3269 4507 3424 4562 opere
3441 4495 3557 4557 Dei,
3588 4509 3652 4550 ac

344 4577 470 4639 tur;
513 4562 607 4628 ita»
637 4562 797 4626 etiam
839 4574 918 4626 est
945 4586 1016 4625 ea:
1045 4573 1204 4641 parte
1242 4571 1458 4637 animae,
1488 4562 1639 4638 cuius
1651 4562 1832 4625 “etiam
1866 4576 1942 4625 est
1969 4569 2021 4633 D
2043 4562 2171 4641 1313‘s
2199 4578 2235 4617 α
2253 4577 2503 4641 mensum
2521 4562 2807 4641 ΐϐηάίπξῑιει
2834 4563 3036 4641 fratres
3053 4562 3651 4641 CitodeﬁciungEmpe-

340 4646 513 4699 virtus
561 4644 738 4713 ﬁnita,
781 4642 855 4696 ad
905 4642 1288 4697 determinatus
1337 4643 1667 4710 operationes
1717 4657 1944 4712 propor-

346 4717 573 4770 tionata.
614 4715 765 4771 Sicut
800 4717 979 4768 autem
1025 4713 1284 4780 fatigatio
1320 4714 1558 4783 corporis
1584 4713 1816 4767 solvitur
1840 4728 1943 4783 per

341 4788 576 4909 corporis
593 4786 842 4853 quietem,
868 4787 948 4839 ita
966 4786 1131 4868 ett'am
1148 4786 1355 4866 oportet
1373 4782 1521 4865 quod
1542 4784 1802 4852 fatigatio
1828 4786 1945 4867 ani-

341 4870 431 4909 ma
454 4872 501 4909 is
528 4857 766 4909 solvatur
776 4871 877 4909 per
887 4871 1081 4909 ammte
1095 4858 1348 4909 quietem.
1368 4856 1523 4909 Ouws
1546 4858 1727 4909 autem
1749 4870 1944 4909 ammte

340 4856 501 4910 malis
528 4857 766 4910 solvatur
773 4871 877 4925 per
887 4858 1081 4911 animle
1095 4857 1348 4925 quietem.
1368 4856 1523 4922 Quies
1546 4858 1727 4909 autem
1749 4856 1944 4910 animce

343 4930 422 4982 est
450 4926 726 4981 delectatio
755 4942 775 4978 :
800 4929 850 4980 et
872 4927 988 4981 ideo
1014 4926 1309 4981 remedium
1345 4929 1532 4980 contra
1566 4926 1943 4994 fatigationem

345 4997 634 5053 animalem
653 4995 942 5051 adhibetur
962 5012 1064 5067 per
1081 4998 1325 5066 aliquam
1351 4997 1750 5052 delectationem
1768 4999 1941 5052 inter-

340 5071 511 5125 missa
537 5069 829 5123 intentione
845 5068 918 5122 ad
944 5069 1301 5123 insistendum
1321 5069 1500 5124 studio
1518 5070 1767 5124 rationis.
1796 5069 1948 5126 Sicut

346 5143 405 5197 in
415 5139 793 5196 collationibus
810 5141 1035 5195 Patrum
1054 5140 1269 5208 legitur,
1288 5140 1432 5210 quod
1452 5142 1508 5196 Β.
1533 5142 1760 5196 Joannes
1787 5155 1947 5195 evan-

341 5213 563 5280 gelista,
586 5226 705 5266 cum
732 5211 957 5280 quidam
987 5211 1490 5267 scandalizarentur
1512 5211 1655 5281 quod
1682 5227 1802 5266 eum
1825 5227 1945 5267 cum

343 5281 622 5351 discipulis
650 5282 765 5337 suis
789 5282 1057 5337 ludentem
1078 5284 1408 5346 invenerant,
1432 5284 1636 5337 dicitur
1660 5282 1946 5339 mandasse

342 5353 444 5407 uni
456 5367 637 5406 eorum
649 5355 745 5421 qui
760 5368 948 5409 arcum
957 5354 1170 5424 gerebat
1183 5358 1243 5408 ut
1259 5356 1514 5422 sagittam
1525 5355 1779 5409 traheret.
1791 5354 1945 5420 Quod

348 5438 466 5479 cum
484 5424 689 5497 pluries
698 5424 926 5489 fecisset,
943 5427 1142 5497 quaestu
1149 5428 1381 5480 itutrum
1404 5425 1498 5479 hoc
1511 5427 1754 5480 continue
1765 5427 1946 5493 facere

342 5497 560 5565 posset?
580 5495 678 5564 qui
701 5495 978 5563 respondit
1003 5497 1147 5567 quod
1168 5500 1218 5552 si
1238 5497 1332 5552 hoc
1358 5499 1599 5552 continue
1616 5498 1838 5565 faceret,
1855 5513 1943 5551 ar-

346 5581 449 5638 cus
466 5567 836 5638 frangeretur.
867 5568 1015 5622 Unde
1039 5572 1101 5625 B.
1136 5571 1361 5624 Joannes
1385 5568 1671 5622 subintulit
1695 5569 1841 5638 quod
1861 5569 1943 5623 si-

347 5636 450 5711 mil
453 5639 554 5692 iter
568 5638 781 5711 animus
797 5636 1025 5692 hominis
1038 5642 1401 5711 frangeretur,
1423 5641 1474 5693 si
1480 5636 1779 5709 numqudm
1798 5655 1833 5693 a
1845 5654 1945 5695 sua

340 5709 640 5765 intentione
658 5708 1018 5781 relamaretur.
1039 5708 1361 5781 Hujusmodi
1377 5715 1557 5766 autem
1575 5708 1742 5775 dicta,
1764 5711 1847 5767 vel
1863 5713 1946 5779 fa-

346 5783 452 5845 cta,
479 5782 537 5835 in
560 5780 760 5851 quibus
778 5794 884 5836 non
912 5783 1178 5852 quan-itur
1203 5786 1313 5840 nisi
1332 5783 1611 5840 delectat-io
1622 5783 1837 5852 animle,
1863 5797 1945 5838 vo-

2050 4633 2132 4687 dit
2155 4648 2278 4703 ergo
2296 4650 2409 4688 una
2434 4637 2485 4689 et
2507 4649 2617 4688 una
2641 4634 2886 4689 relaa'are
2909 4635 3144 4700 rigorem
3170 4648 3369 4687 eorum.
3400 4635 3525 4688 Haec
3546 4633 3652 4690 au-

2050 4704 2201 4759 diens
2226 4710 2447 4760 venator
2468 4708 2808 4774 compunctus
2829 4707 2926 4769 est,
2956 4707 3010 4756 et
3035 4703 3265 4757 multum
3287 4706 3571 4773 proﬁciens
3596 4708 3653 4760 in

2050 4789 2289 4830 sermone
2304 4778 2443 4830 senis
2454 4775 2718 4836 discessit,
2737 4778 2787 4829 et
2796 4775 2997 4841 fratres
3010 4776 3312 4842 conﬁrmati
3316 4778 3518 4830 reversi
3524 4781 3654 4831 sunt

2051 4849 2111 4901 in
2133 4847 2302 4902 locum
2328 4862 2505 4902 suum.
2533 4848 2665 4901 Hac
2694 4843 2788 4899 ibi.
2807 4845 2933 4899 Huc
2949 4844 3181 4914 pertinet
3203 4845 3349 4913 quod
3367 4845 3435 4901 de
3460 4847 3646 4903 Maca-

2050 4916 2131 4975 rio
2161 4916 2561 4987 Alexandrino,
2588 4914 2778 4972 scribit
2815 4914 3155 4987 Nicephorus
3198 4916 3334 4987 (Lib.
3371 4932 3438 4973 ιχ
3480 4933 3524 4973 c.
3564 4919 3649 4987 14)

2055 4993 2179 5058 post
2205 4988 2341 5044 alios
2369 4986 2662 5043 historicos
2683 4985 2901 5056 (Suidas
2920 4985 2978 5039 in
2996 4986 3279 5058 Macario),
3307 4986 3395 5045 his
3421 4987 3604 5045 verbis
3630 4985 3643 5044 ὲ

2054 5062 2327 5118 Macarius
2346 5058 2781 5129 Alexandrinus,
2798 5073 2916 5113 cum
2926 5059 2985 5112 in
2993 5059 3118 5113 aliis
3128 5059 3371 5115 omnibus
3378 5076 3486 5129 par
3498 5062 3651 5129 digg-

2046 5134 2166 5203 ptio
2189 5132 2537 5203 esset,_inhoc
2555 5134 2767 5203 tantum
2794 5130 2864 5203 ab
2889 5130 2981 5184 illo
2998 5132 3257 5203 variavit,
3287 5132 3432 5203 quod
3459 5132 3519 5183 in
3548 5130 3651 5185 col-

2055 5201 2251 5273 loquiis
2281 5201 2467 5258 hilaris
2508 5206 2559 5256 et
2596 5201 2893 5271 jucundus,
2920 5202 3178 5264 urbanus,
3215 5202 3424 5256 salibus
3472 5205 3645 5273 utens,

2050 5272 2264 5344 juvenes
2287 5275 2362 5331 ad
2386 5273 2629 5330 studium
2668 5276 2721 5327 et
2741 5273 3172 5328 exercitationem
3204 5274 3427 5342 pietatis
3465 5272 3648 5328 addu-

2055 5350 2211 5402 ceret.

2124 5426 2149 5452 α
2177 5416 2318 5472 Hinc
2338 5413 2469 5472 illud
2493 5412 2713 5470 Horatii
2738 5414 2951 5484 (Carm.
2986 5414 3023 5468 l.
3050 5418 3115 5479 ιι)
3149 5434 3161 5468 :

2400 5559 2411 5569 .
2450 5556 2463 5570 .
2503 5558 2513 5569 .
2553 5558 2567 5571 .
2607 5557 2619 5569 .
2653 5523 2821 5582 Neque
2852 5532 3044 5582 semper
3069 5532 3234 5570 arcum

2583 5582 2756 5632 Tendit
2788 5583 2978 5645 Apollo.

2058 5706 2191 5764 Vide
2226 5707 2477 5778 superius
2512 5706 2835 5763 sententiam
2869 5708 2936 5763 D.
2966 5706 3216 5779 Gregorii
3253 5705 3361 5764 huc
3399 5705 3645 5763 maxime

2055 5784 2393 5851 spectantem
2423 5781 2503 5849 (In
2528 5783 2695 5836 notat.
2719 5779 2794 5835 ad
2818 5794 2934 5849 cap.
2968 5785 3077 5849 20).
