4040 6194
411 228 548 283 1315

1490 215 1771 274 JOANNIS
1805 212 2112 272 CASSIANI
2151 210 2641 269 COLLATIONES.

3597 212 3746 268 i316

405 352 610 410 relevet
636 365 701 407 ac
722 347 952 417 relaxet,
991 345 1278 403 irremisso
1303 343 1493 417 vigore
1530 342 1837 399 lentescens
1855 381 1872 410 ,
1896 337 2007 395 vir—
2034 341 2089 405 Α
2120 336 2322 396 durum
2360 335 2410 393 ei
2446 334 2539 408 qui
2569 334 2769 408 jugum
2794 330 3001 391 Christi
3027 338 3144 388 tota
3168 338 3360 388 mente
3386 336 3695 406 susceperit
3717 357 3741 403 ;

406 446 509 506 tuti
536 444 778 518 spiritus,
808 459 941 500 cum
958 439 1259 499 necessitas
1283 437 1476 511 poscit,
1493 435 1874 495 obsecundare
1900 449 2015 491 non

410 540 629 615 poterit.

979 628 1220 685 CAPUT
1257 627 1448 682 XXII.

409 737 762 806 biterragatia
800 734 1036 805 qualiter
1061 730 1466 800 intelligendum
1492 727 1733 806 sitquod
1761 728 1820 781 in
1839 728 2016 806 Evan-

478 798 856 876 gelia'dicitur,
876 807 1074 875 Jugum
1099 798 1275 859 meum
1287 817 1464 865 mve,
1482 805 1536 856 et
1565 814 1695 854 onus
1716 814 1893 854 meum
1908 798 2015 852 leve

480 882 576 934 est.

481 980 830 1038 Germanus:
864 977 1140 1049 Quoniam
1166 976 1325 1034 nobis
1353 974 1668 1033 illusionum
1689 975 2015 1029 cunctarum

410 1071 655 1130 remedia
684 1072 991 1140 contulisti,
1018 1080 1075 1127 et
1104 1069 1390 1127 diabolicae
1411 1068 1609 1141 quibus
1632 1062 2017 1138 quatiebamur

409 1165 626 1223 insidiae
648 1181 747 1239 per
777 1165 1089 1222 doctrinam
1110 1174 1285 1232 tuam,
1308 1160 1552 1219 Domina
1571 1159 1837 1224 donante,
1862 1156 2014 1221 dete-

411 1266 517 1316 cta:
563 1268 716 1327 sunt,
740 1269 765 1295 ι
820 1259 924 1313 hoc
975 1272 1195 1329 quoque
1237 1255 1399 1311 nobis
1439 1253 1686 1310 similiter
1728 1265 2019 1325 precamur

410 1350 634 1410 edisseri
684 1348 832 1422 quod
872 1349 929 1404 in
969 1347 1265 1419 Evangelia
1316 1345 1539 1409 dicitur,
1604 1349 1799 1414 Iugum
1841 1360 2017 1399 meum

410 1460 594 1508 suave,
626 1447 677 1498 et
704 1458 835 1498 onus
858 1456 1033 1496 meum
1059 1441 1166 1495 leve
1194 1444 1271 1495 est
1301 1438 1517 1510 (Matth.
1553 1438 1669 1511 ιιι).
1700 1436 1844 1493 Satis
1864 1436 2016 1492 enim

409 1537 742 1612 propheticis
771 1536 846 1592 illi
869 1534 1155 1592 sententiae
1182 1533 1398 1590 videtur
1424 1532 1720 1589 adversum
1740 1547 1847 1604 qua
1883 1530 2014 1587 dici-

408 1636 529 1685 tur:
560 1631 782 1699 Propter
801 1628 960 1683 verba
982 1625 1253 1682 labiorum
1272 1631 1479 1682 tuarum
1499 1641 1589 1695 ego
1616 1624 1882 1680 custodivi
1901 1625 2017 1679 vias

2119 431 2213 506 qui
2241 445 2372 487 vera
2397 428 2706 485 humilitate
2735 425 3028 494 fundatus,
3058 437 3277 496 semper
3312 423 3385 482 ad
3418 426 3738 486 Dominum

2119 524 2434 599 respiciens,
2455 524 2514 580 in
2532 522 2790 581 omnibus
2813 536 2937 595 quae
2963 519 3069 578 sibi
3095 517 3308 577 fuerint
3336 519 3603 593 irrogata
3634 524 3745 581 Ie-

2120 627 2272 676 tatur
2297 616 2531 691 injuriis,
2559 616 2746 674 dicens
2776 636 2788 672 :
2821 617 3056 685 Propter
3088 612 3233 683 quod
3272 615 3572 685 complaceo
3596 618 3749 673 mihi

2121 717 2181 771 in
2190 712 2622 784 inﬁrmitatibus,
2646 709 3081 782 inpassionibus,
3102 709 3162 762 in
3174 710 3447 777 angimur:
3459 724 3565 780 pro
3583 711 3746 769 οιιτί.

2124 812 2237 875 sta;
2266 823 2387 863 cum
2404 807 2544 862 enim
2571 807 2835 875 inﬁrmor,
2864 810 2988 858 tunc
3000 806 3194 873 potens
3215 816 3338 857 sum
3356 803 3429 873 (ll
3448 803 3573 861 Car.
3592 806 3745 877 nr)?

2124 900 2273 969 Quo,
2301 898 2549 970 inquam,
2578 895 2857 953 familiaris
2890 893 2968 952 rei
2998 891 3332 951 cruciabitur
3358 893 3595 966 damna,
3619 898 3741 971 qui,

2125 992 2366 1066 perfecta
2415 990 2665 1049 nuditate
2704 988 3000 1062 gloriosus,
3026 988 3334 1045 voluntarie
3373 1005 3474 1061 pro
3518 990 3746 1049 Christo

2125 1088 2408 1145 universas
2433 1085 2602 1159 hujus
2629 1081 2822 1141 mundi
2851 1082 3061 1155 respuit
3088 1080 3405 1154 facultates,
3434 1099 3741 1159 amasque

2125 1181 2245 1255 ejus
2290 1177 2764 1253 concupiscentiae
2816 1175 3138 1250 generaliter
3171 1176 3476 1234 arbitratur
3513 1187 3577 1236 ut
3610 1186 3749 1236 ster-

2125 1291 2274 1345 cora,
2296 1284 2357 1332 ut
2383 1273 2667 1331 Christum
2696 1268 3000 1327 lucrifaciat
3029 1270 3263 1341 (Philip.
3287 1275 3410 1339 m),
3439 1271 3743 1345 evangelici

2126 1370 2272 1426 illius
2301 1368 2562 1442 praecepti
2590 1364 2946 1424 meditatione
2972 1373 3302 1421 cunctorum
3322 1364 3738 1438 dispendiorum

2122 1472 2291 1521 aestus
2333 1462 2639 1535 despiciens
2690 1467 2747 1517 et
2791 1456 3083 1516 excludens
3113 1474 3128 1513 :
3161 1459 3304 1528 Quid
3339 1461 3482 1514 enim
3508 1459 3742 1529 prodest

2124 1558 2332 1613 homini
2363 1557 2413 1612 si
2440 1557 2753 1610 universum
2790 1551 3056 1608 mundum
3094 1552 3352 1616 lucretur,
3382 1554 3587 1609 animle
3614 1568 3743 1608 vero

2124 1665 2235 1706 sua:
2270 1651 2651 1705 detrimentum
2674 1648 2976 1718 patiatur?
3021 1644 3136 1700 Aut
3168 1661 3327 1715 quam
3367 1645 3529 1700 dabit
3570 1646 3732 1701 homo

407 1722 571 1778 duras
583 1722 748 1792 (Psal.
774 1735 884 1777 xvr
900 1725 939 1789 ).
959 1719 1176 1791 Quippe
1196 1733 1326 1775 cum
1345 1717 1508 1775 etiam
1528 1716 1824 1789 Apostolus
1842 1715 2009 1786 dicat,
2043 1731 2091 1794 Β
2121 1746 2587 1799 commutationem
2622 1715 2726 1811 Ρνῖο
2753 1742 2944 1795 anima
2970 1752 3075 1793 sua
3114 1738 3320 1808 (Matth.
3342 1740 3507 1804 xvi)?
3539 1739 3723 1810 Super

408 1816 599 1873 Omnes
620 1817 720 1885 qui
739 1815 922 1869 volunt
936 1815 1031 1885 pie
1066 1815 1241 1868 vivere
1262 1815 1321 1868 in
1345 1814 1573 1876 Christo,
1596 1812 2012 1882 persecutionem

398 1911 680 1981 patientur
719 1909 793 1974 (ll
836 1909 977 1964 Tim.
1010 1906 1120 1978 nr).
1157 1905 1435 1979 Quidquid
1480 1914 1667 1962 autem
1714 1903 1914 1961 durum
1957 1911 2014 1959 et

407 2004 882 2078 persecutionibus
928 2011 1011 2062 est
1054 2002 1343 2073 refertum,
1385 2019 1485 2061 nec
1522 2003 1641 2060 leve
1669 2008 1851 2075 potest
1893 2017 2013 2058 esse

409 2114 515 2156 nec
543 2116 725 2156 suave.

963 2191 1450 2249 CAPUT’XXlII.

660 2296 946 2363 Responsio
973 2309 1093 2348 cum
1115 2295 1444 2361 eapositione
1469 2292 1763 2348 sententiis.

481 2398 764 2457 Abraham
790 2418 802 2455 :
833 2398 1195 2455 Verissimam
1212 2397 1434 2455 Domini
1459 2414 1520 2455 ac
1541 2398 1831 2457 Salvatoris
1844 2401 2019 2456 nostri

410 2509 530 2551 esse
577 2491 910 2549 sententiam
956 2490 1304 2563 experientiae
1352 2490 1524 2563 ipsius
1572 2489 1715 2547 facili
1760 2490 2014 2564 probabi-

410 2604 542 2645 mus
569 2586 924 2656 documento,
955 2586 997 2642 si
1020 2584 1371 2658 perfectionis
1392 2586 1538 2642 viam
1566 2585 1808 2658 legitime
1845 2594 1899 2643 et
1925 2600 2018 2642 sc-

409 2682 653 2740 cundum
701 2681 1043 2739 voluntatem
1090 2681 1288 2739 Christi
1337 2680 1606 2738 fuerimus
1646 2680 1911 2754 aggressi,
1961 2688 2019 2737 et

410 2777 807 2834 mortificantes
856 2774 1044 2833 omnia
1084 2773 1351 2832 desideria
1383 2783 1571 2832 nostra
1608 2789 1673 2831 ac
1711 2773 2019 2831 voluntates

411 2873 577 2928 noxia
613 2871 1018 2941 abscindentes,
1050 2884 1165 2926 non
1193 2868 1377 2926 solum
1414 2867 1547 2925 nihil
1582 2867 1823 2925 residere
1857 2867 2020 2925 nobis

414 2963 482 3020 de
509 2963 702 3022 mundi
731 2964 893 3037 hujus
920 2963 1221 3021 substantia
1251 2962 1540 3019 siverimus
1566 2965 1734 3032 [Lips.
1752 2964 1811 3015 in
1830 2976 2013 3030 marg.

406 3056 771 3124 noverimus],
799 3071 894 3128 per
918 3070 1083 3129 quam
1114 3055 1300 3125 utique
1330 3069 1460 3109 cum
1489 3053 1708 3108 libitum
1733 3050 1893 3108 fuerit
1920 3067 2015 3108 va-

2119 1838 2274 1909 cujus
2310 1834 2390 1891 rei
2430 1832 2731 1905 privatione
2763 1829 3096 1898 tristabitur,
3124 1829 3216 1901 qui
3251 1830 3437 1885 omnia
3484 1846 3612 1902 quae
3664 1830 3736 1887 ab

2119 1928 2236 1985 aliis
2276 1923 2478 1983 auferri
2518 1930 2766 1997 possunt,
2795 1937 2897 1980 sua
2943 1937 3055 1979 non
3102 1936 3221 1978 esse
3260 1924 3561 1994 cognoscit,
3597 1920 3737 1979 illud

2120 2021 2315 2077 invicta
2351 2019 2555 2076 virtute
2583 2016 2931 2091 proclamans
2959 2033 2973 2070 :
3015 2015 3170 2075 Nihil
3196 2017 3480 2073 intulimus
3504 2018 3569 2071 in
3596 2018 3734 2072 hunc

2120 2118 2402 2185 mundum,
2434 2116 2584 2173 haud
2615 2115 2841 2171 dubium
2865 2116 2997 2185 quia
3025 2129 3120 2170 nec
3152 2114 3369 2181 auferre
3398 2112 3534 2182 quid
3544 2127 3735 2183 possu-

2123 2229 2243 2270 mus
2259 2215 2304 2281 (ῐ
2328 2214 2462 2268 Tim.
2491 2211 2612 2277 vn)?
2642 2208 2811 2281 Cujus
2829 2216 3019 2264 autem
3044 2206 3247 2278 inopiae
3274 2204 3603 2263 necessitate
3618 2205 3737 2277 ejus

2125 2305 2476 2380 superabitur
2505 2303 2793 2372 fortitudo,
2825 2301 2918 2374 qui
2948 2316 3141 2375 peram
3165 2300 3224 2357 in
3246 2300 3333 2357 via
3348 2341 3365 2368 ,
3389 2316 3468 2359 tes
3489 2301 3550 2357 in
3571 2315 3733 2369 zona,

2126 2410 2344 2458 vestem
2363 2399 2421 2455 in
2447 2407 2701 2471 tempora
2730 2395 2931 2453 habere
2950 2410 3067 2453 non
3089 2396 3246 2452 novit
3274 2396 3493 2467 (Matth.
3532 2396 3606 2463 x),
3628 2393 3729 2452 sed

2123 2510 2252 2552 cum
2287 2493 2552 2566 Apostolo
2578 2492 2843 2566 gloriatur
2859 2495 2918 2547 in
2932 2491 3163 2561 jejuniis
3186 2492 3374 2546 multis
3412 2493 3471 2545 in
3492 2491 3634 2558 fame
3673 2493 3727 2544 et

2121 2592 2239 2660 siti,
2259 2592 2318 2644 in
2345 2591 2553 2659 frigore
2576 2592 2627 2643 et
2656 2587 2907 2642 nuditate
2945 2587 3019 2653 (ll
3048 2587 3168 2644 Cor.
3190 2586 3333 2656 xu)?
3375 2583 3516 2654 Quis
3554 2583 3732 2652 labor,

2124 2682 2337 2756 quodve
2363 2691 2479 2738 tam
2508 2683 2748 2737 arduum
2769 2678 3007 2737 senioris
3029 2686 3384 2751 praeceptum,
3414 2676 3734 2750 tranquilli-

2123 2785 2297 2834 tatem
2334 2774 2570 2849 pectoris
2606 2774 2726 2848 ejus
2769 2773 2968 2846 paterit
3011 2772 3351 2845 perturbare,
3384 2771 3479 2843 qui
3512 2770 3731 2826 nullam

2125 2870 2334 2926 habens
2374 2866 2656 2941 propriam
2707 2866 3036 2923 voluntatem
3051 2902 3069 2931 ,
3106 2862 3370 2919 omnibus
3430 2876 3562 2932 qua:
3615 2861 3731 2917 sibi

2125 2962 2333 3020 fuerint
2377 2962 2639 3034 imperata
2662 3000 2680 3029 ,
2725 2975 2841 3017 non
2873 2958 3051 3015 solum
3088 2957 3391 3030 patienter,
3420 2954 3522 3012 sed
3557 2956 3731 3013 etiam

2124 3065 2401 3129 gratanter
2458 3054 2727 3124 occurrit,
2779 3053 3069 3125 nostrique
3128 3050 3429 3109 Salvatoris
3480 3050 3729 3123 exemplo

409 3148 587 3204 standi
613 3164 716 3203 nos
740 3165 805 3203 ac
830 3147 1159 3205 dilacerandi
1199 3151 1525 3219 potestatem
1563 3145 1817 3202 inimicus
1854 3147 2010 3202 inve-
2043 3145 2089 3210 C
2120 3165 2234 3207 non
2260 3149 2462 3222 quaerit
2490 3164 2673 3218 suam,
2702 3146 2800 3205 sed
2830 3147 3011 3204 Patris
3038 3143 3222 3201 facere
3253 3143 3614 3211 voluntatem,
3643 3143 3731 3200 di-

410 3240 545 3308 niet,
578 3240 676 3295 sed
714 3240 880 3296 etiam
906 3242 1078 3297 nostri
1122 3242 1287 3312 ipsius
1315 3257 1429 3296 non
1476 3256 1592 3297 esse
1629 3255 1734 3297 nos
1759 3238 2019 3297 dominos

409 3333 767 3401 senserimus,
800 3331 938 3390 illud
972 3333 1355 3403 Apostolicum
1393 3331 1444 3388 in
1475 3332 1697 3390 veritate
1738 3333 2017 3406 complen-

410 3435 493 3483 tes
524 3444 537 3481 :
576 3429 708 3483 Vivo
729 3430 909 3482 autem
927 3424 1050 3495 jam
1076 3441 1182 3480 non
1210 3441 1323 3495 ego,
1347 3426 1485 3481 vivit
1509 3442 1631 3482 vero
1658 3428 1719 3482 in
1748 3443 1831 3485 me
1854 3428 2015 3486 Chri-

408 3523 523 3574 stus
550 3519 756 3587 (Galat.
790 3517 879 3586 ιι).
908 3515 1048 3587 Quid
1095 3518 1245 3572 enim
1283 3532 1447 3588 grave
1474 3518 1677 3590 poterit
1718 3533 1856 3589 esse,
1886 3520 2017 3592 quid

2122 3260 2252 3302 cens
2277 3253 2332 3301 et
2359 3244 2475 3316 ipse
2498 3244 2569 3301 ad
2592 3246 2810 3300 Patrem
2837 3257 3003 3300 suum
3027 3260 3040 3294 :
3062 3242 3445 3298 Verumtamen
3466 3255 3567 3294 non
3585 3242 3727 3295 siem

2129 3353 2220 3407 ego
2247 3338 2383 3403 volo,
2412 3337 2506 3393 sed
2533 3340 2674 3393 sicut
2708 3341 2768 3393 tu
2802 3337 3018 3406 (Matth.
3052 3337 3270 3403 xxvr)?
3310 3333 3520 3407 Quibus
3558 3333 3728 3390 etiam

2125 3430 2356 3503 injuriis,
2383 3446 2491 3503 qua
2527 3431 2907 3503 persecutione
2945 3429 3270 3497 terrebitur,
3300 3428 3475 3487 immo
3497 3427 3646 3502 quod
3672 3428 3727 3485 ei

2125 3537 2239 3578 non
2269 3523 2441 3579 etiam
2459 3522 2771 3595 jucundum
2800 3530 2984 3596 potest
3009 3537 3131 3580 esse
3158 3522 3508 3595 supplicium,
3544 3521 3640 3593 qui
3668 3521 3730 3578 in

1513 3670 1769 3727 ALARDI
1808 3671 2033 3730 GAZIEI
2071 3673 2628 3733 COMMENTARIUS.

480 3802 507 3831 ⁸
534 3793 817 3867 Eamdem
841 3795 1200 3867 quaestionem
1243 3801 1299 3851 et
1341 3793 1723 3867 difﬁcultatem
1765 3806 2013 3865 movent,

411 3873 506 3922 aut
545 3873 692 3922 certe
720 3865 1020 3938 insinuant,
1050 3881 1282 3938 eamque
1310 3866 1457 3938 varie
1495 3867 1719 3938 solvunt
1756 3876 1813 3923 et
1839 3868 2012 3938 expli-

409 3945 538 3993 cant
566 3940 774 3993 Patres.
798 3940 870 3992 D.
892 3935 1265 4008 Hieronymus
1285 3935 1354 3990 ad
1374 3937 1528 3992 illum
1557 3937 1741 3992 locum
1768 3935 2013 3995 Matthaii

406 4022 478 4064 XI
513 4009 1104 4092 :Ju‘gume'ntmme‘um
1128 4011 1410 4092 suaveest,
1439 4014 1544 4063 etc.
1675 4008 2014 4092 Augustinus

407 4093 574 4134 serm.
607 4084 642 4135 9
664 4078 733 4135 de
755 4077 951 4135 Verbis
982 4077 1209 4133 Domini
1241 4097 1253 4135 :
1293 4079 1514 4141 Mirum,
1562 4077 1661 4145 ait,
1690 4077 2013 4149 quibusdam

405 4150 639 4218 videtur,
668 4151 873 4217 fratres
892 4149 1218 4212 charissimi,
1236 4164 1355 4204 cum
1376 4150 1613 4205 audiunt
1627 4153 1912 4206 Dominum
1928 4152 2014 4205 di-

407 4225 609 4276 centem
640 4240 651 4276 :
690 4222 882 4277 Venite
910 4221 985 4276 ad
1007 4236 1108 4289 me,
1127 4235 1304 4276 omnes
1328 4223 1425 4290 qui
1451 4222 1710 4277 laboratis
1733 4227 1785 4276 et
1805 4225 2016 4278 onerati

405 4294 549 4357 estis,
592 4297 643 4348 et
675 4308 766 4362 ego
800 4294 1039 4362 reﬁciam
1074 4306 1168 4347 vos
1201 4291 1418 4358 (Matth.
1455 4297 1577 4360 xr);
1608 4293 1796 4348 Tollite
1814 4294 2012 4363 jugum

402 4378 578 4417 meum
617 4379 777 4433 super
800 4377 917 4428 vos,
956 4370 1085 4431 etc.;
1118 4367 1168 4418 et
1199 4363 1539 4419 considerant
1576 4378 1661 4419 eos
1689 4366 1788 4434 qui
1812 4363 2011 4434 jugum

404 4435 583 4503 ipsum
612 4434 887 4504 intrepida
916 4437 1115 4490 cervice
1142 4434 1443 4498 subierunt,
1470 4439 1521 4489 et
1560 4435 1715 4489 illam
1740 4438 2012 4491 sarcinam

404 4506 857 4576 mansuetissimis
895 4505 1128 4560 humeris
1155 4509 1499 4576 acceperunt,
1534 4508 1703 4562 tantis
1730 4508 1937 4575 agitari
1961 4510 2014 4561 et

404 4578 644 4631 exerceri
654 4574 1077 4645 difficultatibus
1088 4576 1251 4646 hujus
1268 4574 1470 4642 saeculi,
1487 4581 1668 4631 utnon
1692 4593 1727 4630 a
1740 4574 2012 4633 laboribus

404 4646 479 4701 ad
502 4649 752 4718 quietem,
776 4648 867 4703 sed
895 4663 930 4702 a
945 4648 1125 4775 quiete
1152 4647 1226 4703 ad
1255 4646 1487 4731 laborem.
1503 4650 1677 4702 vocati
1691 4648 2007 4732 videantur;

404 4732 523 4773 cum
548 4723 598 4774 et
625 4720 919 4775 Apostolus
985 4724 1093 4775 icat
1126 4738 1142 4773 :
1173 4720 1362 4775 Omnes
1376 4734 1481 4775 ,ραι
1505 4720 1696 4774 volunt
1716 4735 1773 4774 in
1801 4721 2007 4775 Christo

404 4732 523 4773 cum
548 4723 598 4774 et
625 4720 919 4789 Apostolus
945 4720 1093 4775 dicat
1126 4738 1142 4773 :
1173 4720 1362 4776 Omnes
1369 4721 1487 4789 ραι·
1505 4720 1696 4774 volunt
1716 4721 1773 4774 in
1801 4721 2010 4777 Christo

394 4792 487 4858 pie
508 4793 704 4853 vivere,
728 4792 1141 4861 persecutionem
1162 4790 1449 4862 patientur
1477 4790 1553 4862 (II
1582 4793 1717 4846 Tim.
1754 4791 1876 4862 ιιι).
1908 4793 2009 4848 Ait

401 4875 525 4931 ergo
543 4863 747 4932 aliquis
770 4881 786 4917 :
809 4863 1078 4931 Quomodo
1092 4862 1287 4932 jugum
1307 4862 1414 4917 leve
1435 4866 1533 4931 est,
1557 4866 1607 4917 et
1623 4865 1835 4918 sarcina
1859 4864 2004 4927 levis,

398 4934 835 5019 quandoquidem
858 4935 1000 5018 illud
1008 4934 1209 5019 jugum
1237 4938 1288 5017 et
1311 4935 1585 4989 sarcinam
1604 4934 1751 5002 ferre
1766 4935 1907 5019 nihil
1930 4939 2008 4991 est

400 5002 557 5075 aliud
569 5018 732 5075 quam
746 5020 841 5073 pie
861 5020 1034 5059 vivere
1050 5022 1109 5060 in
1130 5006 1377 5062 Christo?
1399 5008 1471 5061 Et
1489 5006 1748 5075 quomoda
1768 5006 2005 5061 dieitur:

406 5074 594 5131 Venite
619 5074 697 5129 ad
721 5090 826 5139 me,
857 5078 955 5145 qui
972 5076 1227 5147 laboratis
1246 5082 1298 5131 et
1315 5074 1528 5132 onerati
1547 5080 1692 5141 estis,
1724 5083 1775 5133 et
1804 5094 1898 5147 ego
1926 5093 2009 5134 re-

396 5148 577 5215 ﬁciam
595 5162 687 5203 vas
702 5149 731 5202 ?
755 5148 837 5203 Ac
860 5162 965 5202 non
974 5148 1156 5218 potius
1173 5146 1407 5203 dicitur:
1436 5150 1641 5218 Venite,
1664 5152 1764 5219 qui
1775 5146 2003 5213 vocatis,

396 5222 458 5273 ut
484 5219 771 5275 laboretis?
793 5221 934 5278 Nam
971 5223 1022 5274 et
1047 5224 1296 5276 vacantes
1336 5221 1561 5284 invenit,
1590 5237 1719 5291 quos
1748 5222 2008 5277 conth

398 5291 458 5363 in
484 5293 715 5363 vineam,
736 5295 800 5346 ut
820 5294 1027 5359 ferrent
1043 5298 1233 5347 astam
1259 5292 1389 5346 diei.
1407 5293 1477 5346 Et
1501 5291 1644 5347 infra
1664 5292 1960 5363 respondet
1990 5313 2001 5346 :

397 5361 501 5433 Sed
522 5365 764 5433 profecto
788 5363 943 5418 adest
976 5364 1213 5433 Spiritus
1240 5366 1478 5428 sanctus,
1509 5366 1609 5433 qui
1634 5365 1694 5418 in
1721 5361 2007 5419 citerioris

400 5429 634 5489 hominis
658 5429 1244 5505 corruptione—renovat
1267 5434 1333 5488 de
1346 5434 1436 5489 die
1449 5435 1508 5488 in
1517 5429 1696 5497 'diem,
1716 5439 1766 5489 et
1787 5440 2005 5503 gustata

399 5506 583 5577 requie
617 5506 901 5577 spirituali
935 5507 995 5559 in
1017 5508 1305 5573 afﬂuentia
1342 5506 1655 5561 deliciarum
1680 5508 1797 5569 Dei,
1828 5508 1887 5560 in
1913 5522 2006 5577 spe

396 5573 603 5647 futurae
620 5574 988 5647 beatitudinis,
1001 5578 1186 5631 omnia
1197 5579 1491 5646 prcesentia
1506 5577 1718 5640 delinit,
1739 5573 2006 5647 aspera—et

397 5644 577 5717 omnia
587 5646 778 5710 gravia
788 5646 1009 5700 relevat.
1020 5644 1267 5702 Secariet
1276 5649 1371 5700 uri
1382 5662 1434 5702 se
1444 5648 1677 5702 homines
1693 5644 2002 5717 patiuntur,

398 5718 459 5767 ut
468 5714 676 5767 dolores
684 5726 790 5785 non
805 5718 1112 5777 wterni,sed
1124 5717 1423 5785 aliquando
1433 5714 1796 5773 diuturnidres
1812 5720 2005 5775 ulceris

399 5786 670 5839 aeriarum
699 5781 942 5838 dolorum
966 5788 1139 5850 pretio
1175 5781 1533 5843 rédimantur.
1565 5789 1766 5855 Quibus
1803 5794 2001 5859 tempe-

2122 3800 2358 3855 statibus
2374 3800 2457 3854 vel
2472 3802 2642 3868 pamis
2668 3802 2972 3869 importuni
2988 3802 3111 3856 sunt
3131 3802 3460 3864 mercatores,
3484 3805 3548 3852 ut
3573 3798 3723 3869 divi-

2123 3872 2232 3925 tias
2245 3874 2501 3925 venturas
2510 3868 2798 3940 acquirant
2812 3873 2840 3925 ?
2858 3871 2965 3928 Sed
2978 3873 3073 3940 qui
3082 3871 3175 3925 has
3193 3885 3297 3925 non
3319 3868 3729 3932 amant,de

2122 3942 2317 4009 gravia
2329 3943 2651 4010 patiuntur;
2671 3944 2771 4011 qui
2791 3957 2915 3997 vero
2934 3946 3143 4009 amant,
3168 3940 3348 3997 eadem
3374 3940 3618 4011 quidem,
3631 3942 3734 3997 sed

2120 4027 2229 4066 non
2268 4014 2464 4081 gravia
2479 4015 2799 4081 patiuntur.
2841 4014 3033 4069 Omnia
3055 4015 3196 4067 enim
3217 4027 3358 4067 sava
3388 4016 3440 4068 et
3462 4014 3729 4067 immutata

2114 4097 2338 4154 prorsus
2355 4083 2546 4149 facilia
2568 4087 2620 4138 et
2638 4098 2803 4154 prope
2824 4084 2980 4139 nulla
2998 4085 3169 4153 efﬁcit
3182 4098 3350 4138 amor.
3371 4083 3581 4150 Quanto
3604 4099 3730 4152 ergo

2119 4153 2341 4219 facilius
2364 4154 2438 4208 ad
2454 4153 3049 4211 veram’beatitudinem
3069 4155 3307 4210 Charitas
3323 4155 3477 4221 facit,
3499 4154 3731 4224 quadad

2120 4367 2353 4439 tingitur
2379 4367 2453 4421 ad
2489 4366 2677 4431 Deum,
2703 4372 2755 4423 et
2775 4384 2875 4439 per
2911 4366 3252 4438 semetipsum
3295 4370 3507 4425 Veritas
3541 4366 3678 4421 dicit
3701 4386 3722 4421 :

2118 4438 2325 4510 Intrate
2348 4454 2449 4508 per
2469 4443 2756 4507 angustam
2778 4438 3004 4510 portam
3027 4438 3248 4504 (Matth.
3284 4444 3395 4506 vl);
3415 4443 3467 4494 et
3504 4453 3725 4494 riu-sum

2118 4508 2463 4564 Psalmistam
2486 4510 2650 4566 audio
2671 4508 2936 4566 dicentem
2966 4512 3233 4579 :Propter
3259 4510 3423 4565 verba
3452 4510 3725 4565 labiorunt

2040 4607 2091 4671 D
2122 4581 2878 4671 Ἢῖηιῗέῖίίἒὲἱῖίῗὲίῗῖἓῗὲίε
2896 4580 3070 4671 ΞΨᾳὲ
3098 4580 3430 4671 ἕῗέῗττὲἳὲ)
3448 4584 3723 4671 ἱἪἾἾΪΡ

2118 4651 2403 4719 Evangelia
2425 4653 2676 4707 Dominus
2688 4653 2826 4708 dicit
2847 4672 2863 4708 :
2885 4656 2986 4721 Iug

2118 4726 2170 4777 et
2188 4736 2320 4777 onus
2342 4737 2519 4777 meum
2536 4723 2644 4778 leve
2665 4723 2875 4793 (Matth.
2900 4739 2964 4779 χι
2986 4724 3001 4793 )
3021 4742 3037 4790 ;
3065 4724 3331 4793 quomoda
3352 4739 3472 4791 ergo
3484 4727 3581 4776 aut
3598 4722 3719 4776 lata

2117 4793 2377 4860 charitas,
2398 4796 2451 4849 si
2464 4798 2701 4864 angusta
2731 4798 2931 4866 porta?
2957 4798 3053 4849 aut
3072 4793 3337 4865 quomodo
3350 4797 3539 4863 iugum
3556 4807 3723 4849 suave

2116 4867 2197 4920 est
2224 4868 2274 4919 et
2311 4879 2447 4937 onus
2468 4866 2597 4934 leve,
2642 4869 2693 4921 si
2721 4868 2779 4920 in
2803 4868 3085 4937 praeceptis
3123 4869 3223 4923 Dei
3251 4867 3357 4920 vita
3382 4866 3531 4920 dura:
3568 4868 3721 4933 sunt,

2114 4951 2234 5005 qua:
2267 4936 2687 4992 custodiuntur?
2711 4936 2817 4993 Sed
2844 4936 2981 4992 hanc
3009 4937 3164 4992 nobis
3191 4939 3535 5006 quaestionem
3562 4938 3727 4992 citius

2112 5009 2232 5077 ipsa
2252 5007 2465 5064 Veritas
2484 5009 2660 5072 solvit,
2677 5009 2913 5077 quiavia
2927 5010 3025 5064 Dei
3032 5013 3083 5063 et
3096 5008 3723 5076 inchoantibusangusta

2114 5082 2212 5142 est,
2251 5083 2305 5133 et
2310 5080 2548 5149 perfecte
2557 5080 2677 5149 jam
2700 5080 3001 5135 viventibus
3026 5080 3162 5135 lata.
3192 5081 3265 5135 Et
3293 5079 3433 5135 dura
3449 5083 3578 5133 sunt
3592 5093 3722 5146 quae

2112 5154 2297 5206 contra
2322 5165 2478 5206 usum
2501 5151 2825 5221 spiritaliter
2847 5154 3028 5207 animo
3054 5152 3432 5222 proponimus;
3453 5155 3503 5204 et
3524 5154 3718 5203 tamen

2113 5236 2245 5277 onus
2266 5223 2363 5277 Dei
2377 5222 2485 5278 leve
2500 5225 2595 5286 est,
2614 5226 2906 5293 postquam
2922 5223 3017 5278 hoc
3037 5225 3185 5290 ferre
3203 5223 3532 5294 capas-unus,
3549 5222 3637 5294 ita
3655 5224 3723 5275 ut

2990 4668 3079 4708 um
3092 4653 3233 4707 enim
3256 4668 3434 4707 meum
3448 4656 3715 4714 suaveest,

2110 5307 2212 5363 pro
2263 5308 2443 5365 amore
2458 5294 2573 5364 ejus
2592 5296 2754 5349 etiam
2772 5296 3068 5365 persecutia
3089 5293 3327 5364 placeat,
3355 5295 3401 5347 et
3423 5293 3597 5348 omnis
3612 5307 3722 5365 pro

2115 5380 2172 5419 ea
2208 5364 2417 5433 affectio
2445 5365 2553 5432 [AL
2585 5367 2845 5435 afﬂictio]
2874 5368 2933 5421 in
2956 5368 3148 5421 mentis
3172 5365 3458 5421 dulcedine
3493 5364 3680 5419 veniat
3706 5381 3723 5416 :

2112 5438 2250 5491 sicut
2273 5437 2447 5490 sancti
2469 5452 2675 5506 quoque
2712 5438 2943 5506 apostoli
2976 5436 3305 5506 gaudebant,
3333 5452 3455 5491 cum
3474 5450 3579 5505 pro
3612 5438 3725 5490 Do-

2112 5509 2259 5562 mina
2314 5507 2527 5576 ﬂagella
2578 5507 2890 5565 tolerabant.
2934 5510 3060 5577 Ipsa
3106 5524 3227 5577 ergo
3269 5511 3510 5576 angusta
3552 5511 3725 5575 porta

2112 5579 2420 5634 amantibus
2441 5579 2558 5635 lata
2584 5582 2644 5649 ﬁt
2667 5599 2683 5648 ;
2706 5583 2839 5650 ipsa:
2856 5581 2957 5633 via:
2971 5579 3126 5635 dura:
3151 5579 3482 5649 spiritaliter
3499 5591 3725 5632 curram

2114 5650 2256 5705 tibus
2295 5651 2477 5706 molles
2504 5656 2555 5706 et
2576 5652 2761 5721 planae
2785 5653 2943 5720 ﬁunt,
2974 5651 3115 5707 dum
3146 5653 3246 5707 scit
3279 5651 3496 5705 animus
3525 5663 3585 5703 se
3614 5662 3727 5721 pro

2114 5723 2494 5791 temporalibus
2517 5719 2792 5778 doloribus
2813 5722 3020 5791 gaudia
3038 5727 3237 5779 eterna
3258 5723 3524 5791 recipere:
3553 5724 3607 5775 et
3630 5719 3732 5775 hac

2114 5794 2319 5863 incipit,
2349 5795 2492 5864 quod
2515 5795 2811 5863 affligitur,
2841 5809 3044 5851 amare.
