4040 6194
243 219 382 311 ’4317

1185 244 1522 304 COLLATIO
1562 245 1746 302 XXIV.
1785 273 1860 288 --
1895 245 1986 300 DE
2020 243 2628 304 MORTIFICATIONE.

3421 262 3557 318 1318

244 375 506 433 omnibus
548 373 718 447 plagis
775 389 905 431 cum
953 369 1216 446 apostolis
1259 385 1479 444 semper
1532 371 1840 440 exsultans,
1870 375 1926 440 Α
1950 370 2088 428 sima
2116 371 2448 431 contumelia
2471 373 2772 432 mortiferis
2803 374 3158 449 impatientia)
3201 376 3399 440 ictibus
3435 385 3556 440 vul~

243 477 399 542 optat
424 477 488 524 ut
513 466 721 541 dignus
744 465 1012 524 habeatur
1030 480 1131 540 pro
1161 465 1390 523 nomine
1412 463 1619 522 Christi
1647 472 1847 522 contu-

243 561 467 621 meliam
491 561 603 635 pati
629 562 830 634 (Actor.
851 559 908 634 v)
935 563 960 616 Ρ

793 655 1034 712 CAPUT
1093 655 1307 712 XXIV.

245 749 352 807 Cur
378 763 628 805 amarum
639 748 842 819 jugum
871 751 921 802 et
941 763 1107 819 grave
1130 763 1264 803 onus
1288 748 1509 805 Domini
1533 747 1800 803 sentiatur
1817 749 1847 802 ?

315 845 400 902 Ut
416 851 599 900 autem
631 843 796 901 nobis
815 842 1123 900 econtrario
1157 843 1356 918 jugum
1379 841 1575 900 Christi
1594 855 1706 898 non
1729 839 1847 897 leve

243 948 350 994 nec
391 951 557 994 suave
591 935 858 1015 videatur,
895 937 1258 995 contumaciae
1302 944 1508 992 nostrae
1531 943 1614 992 est
1647 933 1848 1007 justius

243 1029 650 1100 ascribendum,
676 1030 768 1104 qui
791 1029 1096 1089 difﬁdentia
1141 1040 1307 1104 atque
1346 1029 1726 1088 incredulitate
1749 1028 1846 1086 de-

237 1122 370 1194 jecti
395 1133 588 1182 contra
629 1124 775 1182 illius
813 1126 1128 1200 imperium,
1175 1126 1351 1182 immo
1377 1125 1690 1192 consilium,
1751 1124 1843 1196 qui

245 1219 363 1278 ait:
395 1223 556 1278 Sivis
587 1223 860 1293 perfectus
893 1239 1020 1288 esse,
1049 1223 1206 1287 vade,
1247 1223 1436 1287 vende,
1461 1221 1574 1278 sive
1607 1219 1844 1288 dimitte,

243 1317 425 1370 omnia
441 1319 558 1384 tua,
569 1317 770 1380 etveni,
787 1331 1006 1386 sequere
1015 1331 1098 1372 me
1112 1315 1330 1387 (Matth.
1346 1315 1480 1388 χιχ)
1491 1362 1504 1382 ,
1528 1315 1710 1387 inepta
1731 1329 1848 1386 per-

239 1407 498 1466 versitate
537 1423 869 1482 pugnamus,
909 1416 1260 1466 terrenarum
1283 1408 1489 1466 scilicet
1518 1405 1846 1464 facultatum

241 1501 512 1558 materias
524 1509 895 1574 retentantes;
920 1518 1154 1577 quarum
1185 1519 1314 1560 cum
1339 1501 1574 1558 nexibus
1599 1501 1847 1558 animum

238 1600 494 1652 nostrum
540 1593 793 1654 diabolus
831 1604 1015 1655 teneat
1066 1596 1356 1668 illigatum,
1410 1593 1546 1668 quid
1601 1601 1848 1666 superest

235 1685 344 1743 nisi
371 1693 432 1742 ut
457 1702 588 1744 cum
617 1689 850 1745 voluerit
879 1707 984 1746 nos
1015 1707 1047 1746 a
1069 1689 1411 1762 spiritalibus
1437 1689 1658 1762 gaudiis
1685 1703 1847 1760 sepa-

236 1793 386 1850 rare,
426 1779 746 1836 earumdem
779 1779 1168 1838 imminutione
1193 1797 1256 1838 ac
1294 1781 1603 1854 privatione
1630 1782 1846 1839 moesti-
1873 1749 1924 1812 Β

240 1873 404 1930 licet?
431 1873 494 1931 1d
543 1875 776 1933 versutis
807 1874 1093 1933 fraudibus
1115 1876 1426 1944 elaborans,
1469 1883 1532 1933 ut
1557 1892 1685 1933 cum
1727 1877 1848 1950 jugi

239 1965 384 2023 illius
423 1967 664 2024 suavitas
699 1975 754 2024 et
778 1968 962 2025 oneris
989 1965 1182 2025 levitas
1204 1969 1422 2026 vitiosae
1456 1969 1850 2043 concupiscen-

243 2060 342 2118 tia:
361 2061 626 2134 pravitate
652 2061 812 2120 nobis
831 2061 996 2120 fuerit
1027 2070 1341 2136 aggravata,
1367 2063 1539 2138 ipsius
1580 2064 1848 2124 facultatis

238 2161 406 2226 atque
433 2154 775 2224 substantiae,
803 2170 975 2228 quam
1017 2154 1180 2213 nobis
1206 2171 1307 2237 pro
1336 2155 1526 2230 requie
1554 2172 1620 2214 ac
1652 2157 1848 2216 solatio

239 2263 606 2319 reservamus,
647 2249 882 2308 vinculis
915 2249 1174 2320 irretitos,
1211 2249 1564 2308 saecularium
1589 2266 1849 2309 curarum

243 2340 434 2415 ﬂagris
461 2357 680 2416 semper
702 2343 998 2415 excruciet,
1028 2359 1096 2401 ex
1119 2343 1534 2416 nobismetipsis
1560 2360 1669 2418 quo
1707 2344 1846 2402 dila-

244 2450 499 2494 ceremur
547 2437 885 2511 exsculpens.
932 2448 961 2476 ι
1018 2438 1302 2496 Funiculis
1357 2453 1600 2511 namque
1666 2455 1851 2511 pecca-

247 2533 426 2586 torum
437 2545 663 2586 suorum
675 2533 1041 2603 unusquisque
1054 2533 1446 2603 constringitur
1468 2533 1740 2599 (Proverb.
1763 2531 1825 2602 γ)
1834 2574 1850 2602 ,

247 2623 478 2680 audiens
515 2639 613 2696 per
634 2624 978 2698 prophetam,
1021 2627 1156 2682 Ecce
1186 2641 1362 2682 omnes
1385 2641 1477 2682 vos
1513 2626 1852 2682 ascendentes

245 2715 442 2784 ignem,
464 2717 692 2772 accincti
707 2719 959 2788 flaminis,
987 2718 1261 2776 ambulate
1289 2721 1349 2773 in
1370 2719 1574 2774 lumine
1599 2720 1742 2788 ignis
1759 2733 1852 2774 ve-

145 2797 163 2804 ’
249 2811 374 2880 stri,
403 2813 456 2865 et
470 2812 529 2865 in
549 2812 782 2880 ﬂammis
801 2827 940 2881 quas
960 2813 1302 2869 succendistis
1329 2815 1512 2882 (Isaia:
1529 2812 1603 2885 ι).
1619 2815 1722 2868 Per
1744 2813 1856 2868 lucc

1953 480 2234 536 neremur,
2253 467 2568 540 dicaturque
2585 468 2747 526 nobis
2766 484 2862 542 per
2877 472 3176 530 Jeremiam
3192 475 3520 548 prophetam
3539 501 3553 538 :

1957 561 2032 617 Et
2045 576 2186 616 nunc
2200 561 2339 632 quid
2357 563 2460 618 tibi
2481 565 2562 618 vis
2585 577 2704 620 cum
2724 565 2818 620 via
2840 567 3083 637 Egypti,
3102 573 3165 623 ut
3181 569 3332 627 bibas
3359 589 3555 644 aquam

1957 655 2273 711 turbidam?
2293 659 2366 712 Et
2386 672 2528 714 nunc
2555 659 2692 728 quid
2713 659 2816 714 tibi
2830 659 2914 715 vis
2935 675 3054 716 cum
3077 663 3170 717 via
3184 663 3553 739 Assyriorum,

1954 751 2018 803 ut
2057 749 2208 804 bibas
2237 765 2440 820 aquam
2466 752 2744 820 ﬂuminis?
2784 754 2999 823 Arguet
3023 760 3075 810 te
3109 757 3323 814 malitia
3349 763 3466 834 tua,
3500 768 3554 820 et

1955 843 2164 898 aversio
2183 848 2276 898 tua
2300 845 2598 914 increpabit
2627 851 2696 901 te.
2720 847 2860 904 Scito
2888 844 2939 902 et
2955 847 3079 904 vide
3102 866 3270 920 quam
3288 855 3489 911 malum
3507 861 3558 912 et

1956 949 2209 990 amarum
2239 940 2318 991 est
2341 939 2392 992 te
2413 937 2763 1008 dereliquisse
2790 941 3074 1012 Dominum
3096 947 3266 999 Deum
3293 949 3468 1012 tuum,
3497 953 3549 1004 et

1953 1041 2061 1102 non
2083 1043 2192 1083 esse
2214 1029 2456 1086 timorem
2473 1045 2649 1086 meum
2665 1031 2816 1103 apud
2831 1036 2900 1102 te,
2923 1034 3059 1090 dicit
3072 1037 3330 1092 Dominus
3348 1041 3554 1107 (Jerem.

1955 1121 2040 1188 II).
2073 1120 2236 1189 Quod
2263 1121 2520 1196 ergojugi
2545 1124 2820 1182 Dominici
2857 1127 3089 1186 mirifica
3111 1131 3356 1188 suavitas
3373 1147 3557 1192 amara

1957 1214 2244 1283 sentiatur,
2283 1215 2414 1288 quid
2453 1225 2554 1285 est,
2581 1217 2687 1274 nisi
2715 1220 2840 1290 quia
2869 1237 2997 1278 eum
3027 1224 3322 1282 aversionis
3351 1236 3558 1285 nostrae

1955 1307 2264 1366 amaritudo
2322 1310 2661 1381 corrumpit?
2701 1310 2864 1380 Quod
2906 1312 3077 1370 divini
3107 1317 3291 1373 oneris
3318 1326 3430 1375 tam
3462 1321 3558 1392 ju-

1956 1399 2138 1459 cunda
2160 1399 2352 1458 levitas
2375 1400 2719 1475 ingravescit,
2763 1402 2897 1476 quid
2933 1412 3017 1460 est
3042 1405 3149 1462 nisi
3176 1408 3304 1480 quia
3347 1426 3477 1468 eum
3521 1429 3554 1471 a

1954 1509 2063 1567 quo
2089 1493 2490 1552 sustinebamur
2521 1495 2832 1554 contumaci
2866 1500 3290 1572 praesumptione
3320 1513 3562 1564 contem-

1953 1588 2166 1657 nimus,
2221 1587 2420 1662 quippe
2469 1603 2598 1645 cum
2663 1589 2942 1646 evidenter
2985 1591 3227 1664 idipsum
3271 1596 3544 1670 Scriptura

1954 1689 2207 1750 testetur,
2228 1680 2414 1740 dicens
2442 1700 2456 1740 :
2483 1684 2512 1719 δ
2530 1685 2670 1743 Nam
2694 1685 2748 1740 si
2762 1686 3108 1742 ambularent
3129 1690 3351 1746 semitas
3367 1697 3558 1759 rectas,

1957 1778 2282 1833 invenissent
2305 1780 2493 1848 utique
2519 1781 2737 1834 semitas
2754 1780 2989 1850 justitice
3008 1781 3142 1838 leves
3159 1783 3336 1852 (Prov.
3365 1800 3433 1850 rt,
3455 1802 3556 1845 sec.

1957 1868 2130 1941 LlX).
2172 1871 2308 1940 Nos,
2353 1870 2600 1942 inquam,
2644 1886 2748 1929 nos
2791 1886 2907 1929 esse
2933 1871 3290 1931 manifestum
3319 1887 3420 1947 est,
3467 1880 3560 1952 qui

1957 1965 2181 2024 semitas
2207 1965 2436 2023 Domini
2459 1975 2639 2024 rectas
2665 1982 2730 2024 ac
2757 1967 2900 2024 leves
2925 1969 3104 2042 pravis
3125 1969 3387 2044 durisque
3415 1973 3557 2031 desi-

1957 2057 2239 2116 deriorum
2293 2059 2544 2118 cautibus
2599 2075 2940 2134 asperamus,
3003 2064 3097 2136 qui
3148 2065 3292 2122 viam
3351 2067 3560 2142 regiam

1960 2153 2276 2226 apostolicis
2337 2169 2400 2212 ac
2475 2155 2803 2228 propheticis
2867 2156 3112 2216 silicibus
3161 2162 3559 2219 communitam

1956 2256 2380 2320 sanctorumque
2409 2247 2658 2306 omnium
2686 2257 2848 2322 atque
2875 2250 3046 2324 ipsius
3073 2253 3301 2310 Domini
3319 2255 3561 2329 vestigiis

1956 2341 2383 2416 complanatam,
2437 2343 2814 2399 amentissime
2845 2341 3180 2412 deserentes,
3224 2345 3376 2403 devia
3404 2363 3561 2422 quae-
3639 2341 3644 2347 ’

1957 2450 2064 2508 que
2099 2450 2162 2492 ac
2190 2435 2420 2492 dumosa
2448 2444 2746 2506 sectamur,
2783 2444 2839 2490 et
2861 2438 3216 2506 praesentium
3245 2439 3566 2500 oblectatio-

1959 2545 2096 2586 num
2132 2528 2400 2584 illecebris
2430 2527 2707 2598 obcaecati,
2745 2543 2840 2599 per
2864 2529 3131 2586 obscuros
3155 2530 3558 2606 impeditosque

1959 2621 2216 2680 vitiorum
2272 2620 2520 2678 sentibus
2557 2620 2740 2691 calles,
2781 2620 3030 2679 laceratis
3066 2623 3344 2694 cruribus,
3390 2635 3445 2683 et
3479 2625 3564 2684 di-

1961 2724 2121 2789 rupta
2149 2714 2242 2773 illa
2278 2715 2502 2788 nuptiali
2530 2722 2697 2783 veste,
2723 2723 3024 2787 reptamus,
3065 2733 3178 2773 non
3217 2717 3389 2776 modo
3426 2736 3561 2778 acu-

1964 2811 2192 2868 tissimis
2208 2809 2459 2882 veprium
2482 2807 2682 2866 aculeis
2709 2807 3036 2882 conligendi,
3065 2808 3164 2866 sed
3205 2810 3374 2867 etiam
3418 2813 3566 2870 viru-

253 2898 544 2971 siquidem,
565 2910 626 2957 ut
645 2902 910 2958 Salomon
925 2902 1080 2959 testis
1098 2910 1202 2972 est,
1224 2908 1596 2974 unusquisque
1607 2921 1706 2974 per
1733 2920 1856 2974 quae
1964 2905 2239 2962 lentarum
2269 2907 2586 2976 serpentum
2613 2902 2697 2959 vel
2743 2901 3099 2976 scorpionum
3122 2903 3230 2960 illic
3266 2904 3560 2964 latentium

245 2995 547 3062 peccaverit
573 2998 625 3049 et
637 2997 899 3064 punietur
915 2997 1182 3064 (Sapient.
1211 2998 1326 3065 χι).
1361 3001 1504 3067 Ipsae
1517 2999 1662 3054 enim
1689 2999 1856 3054 nobis
1961 2997 2158 3055 ictibus
2188 2997 2526 3054 vulnerandi.
2557 3005 2580 3033 °
2613 2997 2826 3053 Tribuli
2849 2996 2998 3054 enim
3043 3002 3096 3054 et
3123 2997 3330 3070 laqueit
3351 3003 3409 3056 in
3455 3003 3562 3057 viis
3607 2999 3612 3010 ’

253 3093 534 3143 tormento
563 3091 692 3142 sunt
717 3084 919 3158 quibus
935 3085 1144 3142 utimur
1165 3086 1505 3158 voluptates:
1533 3095 1588 3144 et
1614 3089 1857 3146 oblecta-
1893 3143 1933 3162 η
1959 3095 2184 3162 pravis;
2211 3093 2312 3162 qui
2327 3095 2506 3146 autem
2534 3095 2685 3147 timet
2706 3094 3012 3162 Dominum,
3037 3093 3380 3150 abstinebitse
3397 3095 3468 3150 ab
3487 3097 3560 3151 eis

255 3189 439 3238 menta
479 3181 645 3254 hujus
688 3143 866 3237 carnis
893 3187 1056 3252 atque
1100 3143 1330 3250 deliciai,
1373 3180 1698 3238 carnificum
1741 3183 1860 3240 vice
1889 3143 1935 3210 Ο
1959 3143 2150 3255 (Prov.
2187 3143 2368 3256 xlxxx).
2401 3187 2488 3240 De
2523 3184 2728 3240 talibus
2771 3193 2827 3242 et
2849 3184 2977 3242 alibi
2997 3143 3280 3243 ,Dominus
3309 3203 3408 3258 per
3435 3203 3570 3260 pro-

255 3275 311 3333 in
339 3293 506 3334 suum
537 3285 926 3350 retorquentur
953 3284 1240 3334 auctorem
1269 3297 1282 3333 :
1329 3276 1460 3351 quia
1517 3292 1743 3336 necesse
1779 3287 1861 3336 est
1967 3278 2190 3350 pbetam
2218 3296 2238 3332 :
2266 3281 2477 3334 Oblitus
2501 3284 2581 3334 est
2598 3281 2724 3344 mei,
2749 3279 2944 3351 inquit,
2963 3282 3196 3350 populus
3228 3297 3396 3344 meus,
3433 3284 3566 3349 fru-

256 3383 385 3428 eum
414 3371 509 3442 qui
531 3369 872 3428 facultatibus
901 3369 1142 3442 pristinis
1160 3371 1462 3444 opibusque
1485 3369 1744 3429 suffultus
1756 3381 1856 3438 est,
1966 3375 2084 3428 stra
2109 3370 2336 3425 libantes
2357 3373 2406 3423 et
2434 3370 2785 3437 impingentes
2813 3371 2872 3422 in
2889 3371 2996 3422 viis
3015 3372 3147 3430 suis,
3171 3373 3230 3422 in
3249 3373 3454 3428 semitis
3473 3388 3572 3428 sce-

257 3479 360 3520 nec
390 3465 664 3538 integram
705 3463 1070 3522 humilitatem
1099 3463 1307 3536 cordis,
1336 3481 1438 3523 nec
1479 3465 1856 3524 mortiﬁcatio-

254 3570 384 3614 nem
412 3556 631 3629 plenam
657 3557 950 3615 noxiarum
993 3557 1267 3632 suscipere
1315 3559 1659 3617 voluntatum
1688 3563 1855 3632 [Lips.

256 3651 315 3704 in
332 3665 510 3720 marg.
537 3650 921 3724 voluptatum].
952 3651 1056 3710 His
1085 3659 1270 3709 autem
1315 3653 1580 3712 virtutum
1621 3653 1862 3727 patroci-

255 3743 517 3801 nantibus
547 3745 948 3815 instrumentis,
978 3762 1174 3804 omnes
1206 3747 1331 3804 vitae
1379 3748 1656 3820 praesentis
1688 3763 1858 3820 angu-

257 3834 376 3894 stiae
405 3844 462 3894 et
487 3847 687 3894 cuncta
735 3853 858 3908 quae
890 3838 1148 3896 inimicus
1177 3847 1357 3912 potest
1397 3839 1598 3900 inferre
1641 3841 1860 3914 dispen-

255 3927 364 3995 dia,
404 3943 519 3984 non
557 3928 725 3984 modo
774 3929 1196 4000 patientissime,
1240 3945 1434 3986 verum
1461 3933 1629 3988 etiam
1665 3935 1860 4006 jucun-

257 4020 486 4081 dissime
531 4021 893 4093 sustinentur,
945 4023 1151 4096 quibus
1197 4039 1421 4082 rursum
1470 4026 1862 4083 exsultantibus

259 4113 424 4174 elatio
461 4122 578 4172 tam
606 4115 906 4188 perniciosa
935 4117 1249 4188 succrescit,
1279 4125 1340 4174 ut
1377 4117 1542 4175 etiam
1568 4135 1668 4192 pro
1694 4118 1861 4176 levis-

1966 3465 2094 3532 culi,
2114 3466 2178 3518 ut
2197 3462 2539 3518 ambularent
2551 3476 2653 3532 per
2673 3476 2762 3516 eas
2784 3463 2844 3516 in
2859 3462 3050 3517 itinere
3065 3477 3174 3517 non
3195 3466 3328 3519 trito
3351 3467 3568 3534 (Jerem.

1968 3556 2167 3628 xvm).
2183 3543 2213 3589 δ
2241 3557 2357 3614 Via:
2377 3553 2548 3620 enim,
2567 3552 2866 3612 secundum
2883 3555 3215 3612 sententiam
3232 3555 3564 3628 Salomonis,

1967 3652 2110 3710 nihil
2155 3651 2509 3723 operantium,
2548 3653 2732 3706 strata:
2781 3653 2909 3704 sunt
2947 3651 3141 3720 spinis,
3175 3651 3407 3717 fortium
3440 3668 3564 3708 vero

1970 3749 2114 3803 trita:
2140 3749 2268 3802 sunt
2291 3747 2468 3814 (Prov.
2497 3745 2632 3812 xv);
2667 3749 2720 3798 et
2740 3741 2814 3798 ita
2842 3740 2912 3798 ab
2939 3741 3136 3798 itinere
3165 3741 3314 3815 regio
3340 3741 3559 3801 devian-

1965 3849 2068 3910 tes,
2098 3839 2170 3898 ad
2189 3838 2338 3896 illam
2361 3833 2716 3908 metropolim
2758 3834 3054 3904 civitatem,
3089 3835 3186 3892 ubi
3213 3844 3400 3893 noster
3439 3853 3568 3894 cur-

1977 3949 2072 3992 sus
2099 3929 2550 3990 indeclinabiliter
2577 3944 2792 4002 semper
2814 3927 2976 3986 debet
2999 3943 3120 3986 esse
3146 3927 3408 3999 directus,
3448 3944 3571 3986 non

1969 4032 2230 4098 poterunt
2275 4022 2579 4094 pervenire.
2626 4020 2786 4091 Quod
2824 4021 2986 4076 etiam
3033 4021 3384 4079 Ecclesiastes
3431 4022 3570 4080 satis

1967 4116 2339 4192 significanter
2361 4113 2682 4186 expressite,
2707 4121 2730 4149 °
2762 4113 2952 4181 Labor,
2986 4111 3254 4185 inquiens,
3277 4115 3571 4170 stultorum

1363 4263 1618 4320 ALARDI
1657 4264 1883 4320 GAZA'II
1921 4258 2478 4321 COMMENTARIUS.

335 4399 361 4428 ⁸
386 4393 586 4450 Noster
634 4395 906 4467 Interpres
939 4412 951 4449 :
990 4397 1320 4466 Iniquitates
1359 4411 1470 4452 sum
1505 4399 1726 4467 capiunt
1772 4399 1866 4452 im-

255 4465 444 4537 ιι)ἱέιηῦΔ
459 4469 510 4520 et
525 4466 754 4537 funibus
773 4465 1111 4536 peccatorum
1132 4482 1354 4522 suorum
1374 4465 1754 4537 contringitur.

335 4532 794 4609 "_Sic_restitutus
820 4552 852 4609 a
889 4537 1148 4609 Ciaconio
1188 4538 1340 4595 locus
1369 4537 1493 4606 iste,
1539 4532 1630 4609 qui
1671 4537 1862 4596 vitiosa

1971 4411 2074 4466 que
2101 4409 2257 4450 suam
2293 4409 2328 4448 a
2349 4392 2740 4466 proximorum
2755 4389 2976 4466 ltesione
2993 4389 3254 4466 refrenat,
3286 4390 3338 4466 et
3365 4403 3432 4443 ne
3451 4388 3571 4466 ani-

1968 4459 2336 4591 madversione
2349 4459 2616 4519 'districti
2628 4460 2836 4532 judicis
2863 4459 3126 4529 feriatur,
3167 4461 3375 4515 intenta
3400 4461 3573 4514 mente

1968 4551 2208 4591 praecave
2238 4575 2252 4591 .

1963 4551 2252 4609 praecavet.

264 4603 613 4680 distinctione
635 4613 792 4680 antea
833 4607 1118 4678 legebatur
1145 4627 1158 4662 :
1193 4611 1332 4666 Nam
1359 4611 1412 4666 si
1426 4603 1767 4666 anibularent
1793 4623 1865 4664 se-
1893 4613 1946 4678 D
1963 4603 1986 4609 ’
2045 4609 2072 4645 α
2102 4607 2262 4680 Vulg.
2293 4612 2476 4680 textus
2509 4621 2522 4658 :
2561 4604 2680 4680 Vict:
2702 4604 3008 4680 pigrarupt.
3027 4605 3196 4680 έιῑιαςςί
3218 4617 3364 4680 {epes
3389 4606 3575 4680 819W?-

262 4677 429 4732 mitas
458 4681 648 4741 rectas,
674 4673 996 4750 invenissent
1009 4681 1197 4750 utique
1211 4681 1864 4750 semitasjustitueleves
1893 4673 1933 4678 ⁷
1975 4697 2130 4746 rum,-
2169 4673 2264 4750 via
2292 4678 2564 4746 justorum
2613 4673 2814 4750 absque
2851 4673 3388 4750 οΐΐθζιᾷίεττιζφ,(Ρτουο
3430 4675 3568 4750 μιν).

262 4762 359 4802 nos
401 4755 510 4804 etc.
536 4751 677 4805 Nam
705 4749 897 4807 Graeca
943 4749 1017 4806 ita
1058 4749 1297 4807 sonant:
1328 4751 1390 4808 Si
1431 4749 1572 4806 enim
1622 4752 1868 4808 ambula-

263 4821 385 4894 rent
407 4820 521 4894 vias
548 4820 732 4894 bonas,
753 4823 1076 4894 invenissent
1101 4824 1434 4894 utiquepvias
1447 4823 1692 4894 justitia’,
1709 4823 1862 4879 leves.

263 4885 374 4963 Sed
411 4885 720 4963 _Cassi_anus
769 4907 884 4963 pro
915 4893 1108 4963 τριὸοὺς
1159 4885 1369 4963 ἁῆαθὰς.
1425 4885 1637 4950 videtur
1678 4893 1868 4963 legisse

264 4907 374 4944 Dea
429 4907 720 4946 utssranus
801 4907 866 4946 ro
915 4907 1108 4963 τριδοῡς
1159 4907 1190 4946 ά
1227 4907 1369 4956 atlas.
1425 4907 1637 4950 vraetur
1680 4907 1730 4950 le
1781 4909 1868 4950 sse

264 4957 461 5027 τριϐοὖς
508 4957 673 5030 ὀρθὰς,
706 4907 801 5018 vel)
817 4961 1020 5026 εὐθείας.
1069 4967 1150 5022 lta
1179 4914 1492 5023 giaconius.
1535 4963 1636 5021 Cui
1678 4910 1870 5020 sugka-

264 5035 426 5156 gatur
445 5031 499 5088 S.
527 5031 906 5104 Hieronymus
942 5035 1000 5090 in
1029 5036 1261 5107 epistola
1280 5035 1352 5092 ad
1393 5035 1737 5104 Calantiam,
1771 5034 1866 5092 ubi

307 5115 418 5156 unc
457 5102 648 5156 locum
693 5103 767 5156 ita
815 5105 1039 5156 resnicit
1081 5115 1138 5156 et
1177 5106 1340 5156 citat:
1392 5109 1688 5156 Invenitur-
1729 5109 1866 5156 sicut

307 5115 418 5176 unc
457 5102 648 5176 locum
693 5102 767 5159 ita
815 5105 1039 5176 respicit
1061 5102 1138 5161 'et
1177 5106 1340 5163 citat:
1388 5109 1688 5172 Invenitur,
1726 5102 1870 5163 stout

263 5173 548 5259 Pscr‘iptura
577 5173 1336 5259 dicit,se1nit_ajustititelevis
1362 5179 1536 5249 (Prov.
1571 5181 1664 5248 Il).
1694 5180 1867 5236 Porro

267 5246 322 5298 in
353 5246 578 5318 vulgata
599 5246 840 5304 editione
863 5246 999 5304 nihil
1028 5249 1132 5306 tale
1155 5246 1406 5306 habetur.

339 5316 620 5392 °_Vulgata
645 5318 808 5376 editio
837 5336 851 5374 :
883 5320 1056 5376 Arma
1085 5325 1136 5378 et
1174 5321 1351 5392 gladii
1389 5323 1452 5376 in
1479 5324 1569 5377 via
1596 5322 1866 5392 perversi;

266 5390 441 5464 custos
485 5392 902 5464 autem_animae
940 5407 1059 5464 sua,
1079 5390 1230 5463 longe
1250 5393 1455 5449 recedit
1483 5393 1559 5464 ab
1583 5390 1659 5449 eis
1687 5391 1866 5464 (Prov.

269 5461 450 5534 xxxi).
499 5458 612 5534 Ubi
643 5461 915 5518 Venerab.
953 5463 1136 5521 Beda:
1169 5458 1499 5534 Dupliciter,
1547 5458 1744 5534 inquit,
1776 5464 1870 5518 hoc

268 5531 680 5606 intelligendum
703 5551 720 5586 :
739 5535 872 5606 quia
887 5539 1150 5605 perversi,
1167 5531 1371 5592 (innati
1387 5531 1592 5606 seraper
1605 5531 1680 5591 ad
1692 5531 1873 5590 necen-

269 5601 400 5656 dum
419 5605 692 5673 proximis
711 5601 999 5678 verbo,'_vel
1003 5623 1156 5677 opere
1171 5609 1404 5671 scelesto,
1435 5601 1655 5678 et'ipsos
1669 5610 1870 5676 parata

271 5687 475 5744 semper
502 5678 771 5746 exspectat
796 5675 932 5730 ultio
962 5675 1142 5734 divini
1164 5680 1448 5735 examinis.
1479 5675 1585 5746 Qui
1606 5675 1726 5734 vero
1747 5679 1870 5734 ani-

271 5759 416 5820 mum
435 5760 589 5820 suam
609 5749 669 5820 in
684 5751 945 5802 aeternum
972 5749 1176 5820 salvari
1185 5754 1462 5820 procurat,
1487 5751 1636 5820 longe
1664 5749 1874 5819 refugit

275 5815 342 5870 ab
363 5816 675 5888 hujusmodi
693 5821 863 5876 armis
877 5823 929 5876 et
937 5819 1158 5892 gladiis,
1170 5815 1299 5891 quia
1319 5827 1370 5879 et
1384 5815 1614 5880 mentem
1635 5815 1874 5878 manum-

1971 4743 2162 4821 Pigros
2339 4763 2422 4832 eos
2444 4759 2576 4816 quos
2599 4746 2750 4814 piget
2768 4745 2984 4814 operari
2998 4743 3312 4869 2iustitiam;
3341 4745 3440 4812 qui
3449 4759 3572 4828 cum

1973 4825 2120 4869 niam
2153 4825 2362 4869 nomen:
2389 4819 2673 4869 armetunt.
2699 4828 2782 4868 eos
2807 4815 2993 4869 velato
3029 4818 3331 4869 sistenttum
3344 4829 3572 4869 senium.

1973 4815 2120 4878 viam
2145 4820 2362 4877 Domini
2389 4815 2673 4888 appetunt,
2699 4828 2782 4868 eos
2807 4815 2951 4888 velut
2963 4815 3331 4888 obsistentium
3344 4816 3572 4884 septum,

1973 4897 2086 5021 ἱίῶ
2073 4887 2439 4961 formidinum
2457 4901 2680 4945 suarum
2699 4887 2955 4956 oppositae
2971 4887 3296 4956 suspicimtes
3303 4890 3571 4956 pungunt.

2087 4980 2139 5020 a.

1973 4967 2260 5106 Be'(tkaio’ulg.
2279 5032 2454 5106 Labqr
2479 5030 2770 5106 stultorum
2783 5029 3009 5106 afﬂiget
3024 5043 3106 5106 eos
3135 5028 3234 5098 qui
3253 5031 3574 5106 nescia-utin

1973 5109 2033 5163 in
2061 5099 2334 5162 civitatem
2368 5103 2584 5172 (Eccles.
2613 5103 2741 5168 xv).
2777 5102 2914 5170 Lege
2943 5100 3236 5163 Platonem,
3267 5100 3343 5155 ait
3375 5099 3572 5172 Hiero-

1974 5193 2202 5249 nymus,
2228 5170 2535 5230 Aristotelis
2563 5173 2766 5228 revolve
2791 5173 3078 5253 versutias,
3104 5173 3359 5224 Zenonem
3385 5175 3435 5225 et
3459 5170 3576 5226 Car-

1974 5249 2200 5300 neadem
2213 5247 2530 5300 diliaentius
2549 5246 2774 5300 intuere.
2789 5246 2841 5298 et
2849 5242 3099 5300 probabis
3113 5255 3296 5296 verum
3312 5256 3420 5296 esse
3435 5240 3578 5300 quod

1974 5248 2200 5306 neodem
2213 5248 2530 5316 diligentius
2549 5248 2774 5307 intuere,
2789 5248 2841 5298 et
2845 5248 3099 5313 probabis
3113 5255 3296 5296 verum
3312 5256 3420 5296 esse
3435 5248 3578 5310 quod

1975 5321 2182 5377 dicitur
2215 5338 2230 5374 :
2261 5319 2439 5376 Labor
2455 5317 2742 5372 stultorum
2782 5313 2994 5384 afﬂiget
3031 5327 3135 5368 eos.
3172 5313 3467 5384 Veritatem
3493 5311 3582 5366 illi

1977 5393 2196 5464 quidem
2212 5392 2362 5446 omni
2367 5388 2544 5464 studio
2557 5383 2905 5464 quaesierunt;
2916 5384 3011 5464 sed
3019 5385 3153 5464 quia
3165 5399 3270 5438 non
3279 5383 3582 5464 habuerunt

1977 5455 2164 5520 ducem
2187 5468 2237 5518 et
2276 5455 2796 5532 praeviumitineris,
2823 5461 2874 5511 et
2919 5457 3170 5532 humanis
3197 5455 3438 5532 sensibus
3472 5455 3584 5532 rati

1978 5539 2108 5592 sunt
2133 5550 2188 5588 se
2211 5526 2650 5603 comprehendere
2737 5543 2819 5582 sse
2837 5529 3184 5599 sapientiam,
3219 5526 3294 5580 ad
3315 5527 3582 5582 civitatem

1979 5608 2199 5656 minime
2222 5605 2594 5656 pervenerunt.
2639 5543 2844 5656 «£00m
2868 5601 2928 5653 in
2949 5599 3158 5656 psalmo
3187 5597 3388 5653 dicitur
3419 5614 3434 5650 :
3475 5597 3579 5652 Do-

1979 5597 2594 5680 minimeipervenemut.
2733 5615 2844 5680 quq
2868 5597 2928 5653 ίίῑ
2945 5599 3158 5680 Ρξαῖπιο
3418 5614 3434 5680 ἒ
3475 5597 3579 5680 13°C

1979 5681 2142 5740 mine,
2187 5666 2246 5731 in
2287 5676 2506 5730 civitate
2532 5677 2627 5730 tua
2668 5666 2967 5740 imaginem
2994 5673 3231 5742 ipsorum
3288 5666 3580 5737 dissipabis

1981 5750 2202 5820 (Psalm.
2238 5750 2455 5814 Lxxn).
