4040 6194
525 218 659 274 1319
1604 200 1886 259 JOANNIS
1918 198 2221 256 CASSIANI
2258 199 2745 258 COLLATIONES.
3703 211 3729 262 ι
3741 210 3866 264 320

527 342 741 410 afﬂiget
759 353 840 394 eos
859 339 959 409 qui
969 350 1076 391 non
1092 334 1445 405 cognoverunt
1469 331 1550 384 ire
1568 329 1632 383 in
1648 330 1914 383 civitatem
1930 325 2115 390 (Baete.
2145 326 2200 391 Α
2228 329 2276 379 et
2293 328 2578 382 invenietis
2600 326 2948 395 refrigerium
2966 324 3254 381 animabus
3270 329 3463 382 vestris
3478 327 3691 398 (Jerem.
3713 332 3814 406 Vt)
3842 352 3864 401 ς

526 435 657 503 xv),
682 434 834 488 illam
851 430 1057 489 scilicet
1076 427 1377 484 Jerusalem
1405 424 1684 492 calestem,
1708 436 1829 491 qua
1848 424 1926 475 est
1953 423 2124 474 mater
2234 419 2369 477 ﬁent
2382 434 2617 492 namque
2637 419 2715 476 eis
2732 419 2997 475 continuo
3033 433 3197 489 prava
3216 418 3274 473 in
3293 416 3527 489 directa,
3550 430 3611 478 et
3649 439 3866 497 aspera

532 533 769 587 omnium
799 531 1037 583 nostrum
1071 523 1274 592 (Galat.
1298 518 1408 591 ιγ).
2231 514 2287 570 in
2317 515 2431 571 vias
2450 514 2635 586 planas
2653 515 2834 580 (Isaia:
2852 516 2953 580 x1.)
2974 529 2990 581 ;
3011 519 3067 567 et
3078 519 3368 584 gustantes
3391 512 3659 574 videbunt
3675 535 3871 591 quam

567 620 573 628 '
1090 616 1335 674 CAPUT
1362 614 1545 671 XXV.
2230 608 2414 665 suavis
2457 615 2542 663 est
2594 607 2863 662 Dominus
2909 605 3078 675 (Psal.
3115 604 3379 677 xxxm);
3446 608 3869 685 audientesque

670 712 814 782 Quid
849 711 1002 767 nobis
1030 712 1288 766 utilitatis
1319 710 1601 776 con/erant
1629 706 1974 762 tentationes.
2229 701 2514 758 Christum
2544 700 2601 756 in
2624 699 2913 772 Evangelio
2937 699 3411 772 proclamantem:
3446 705 3732 762 Venitead
3747 723 3862 775 me,

595 805 839 879 Quisque
861 813 1049 862 autem
1072 804 1119 861 si
1143 802 1367 861 veritate
1403 800 1534 856 huic
1557 797 1763 856 munde
1807 794 2126 852 renuntians

528 914 692 971 super
740 915 799 957 se
857 898 1041 955 tulerit
1056 897 1252 972 jugum
1274 894 1496 960 Christi,
1532 902 1588 951 et
1630 892 1886 950 didicerit
1919 888 1993 947 ab
2034 903 2122 955 eo,

532 992 1207 1068 quotidianisinjuriarum
1232 987 1503 1047 exercitiis
1525 985 1790 1053 eruditus,
1816 986 1951 1055 quia
1975 984 2125 1038 mitis

530 1094 614 1144 est
640 1093 691 1143 et
714 1088 931 1143 humilis
955 1088 1111 1142 corde
1147 1084 1368 1151 (Matth.
1406 1085 1511 1150 xx),
1536 1080 1592 1137 in
1637 1078 1848 1136 cunctis
1871 1076 2125 1135 tentatio-

537 1180 701 1238 nibus
728 1177 969 1236 manebit
993 1193 1209 1250 semper
1244 1173 1564 1242 immobilis,
1586 1175 1767 1229 omnia
1794 1187 1901 1244 que
1924 1170 2003 1226 illi
2042 1184 2125 1224 co-

530 1274 894 1345 operabuntur
918 1272 979 1324 in
1000 1272 1192 1323 bonum
1215 1272 1386 1337 (Rom.
1418 1266 1571 1338 vui).
1610 1265 1788 1322 Verba
1815 1262 1967 1321 enim
1994 1263 2122 1331 Dei,

530 1363 832 1424 secundum
858 1361 1093 1418 Abdiam
1128 1360 1472 1433 prophetam,
1505 1359 1646 1413 bona
1665 1362 1791 1413 sunt
1814 1373 1932 1411 cum
1954 1372 2011 1411 eo
2030 1358 2126 1426 qui

531 1463 670 1516 recte
696 1457 951 1527 graditur
974 1455 1153 1525 (Mich.
1174 1454 1267 1524 ll).
1291 1454 1361 1509 Et
1386 1453 1584 1508 iterum
1614 1470 1626 1506 :
1660 1452 1799 1519 Quia
1840 1453 1993 1505 rectae
2024 1452 2126 1504 vita

535 1554 766 1614 Domini,
789 1555 838 1605 et
836 1551 986 1621 justi
998 1548 1249 1604 incedunt
1264 1550 1323 1603 in
1337 1548 1869 1617 eis,praavaricatores
1883 1559 2001 1599 vero
2021 1559 2128 1599 cor-

529 1647 755 1702 ruentin
776 1645 850 1699 eis
866 1642 1000 1715 (Ose.
1021 1646 1168 1710 xiv).
1192 1640 1397 1712 Majora
1412 1639 1577 1711 igitur
1597 1637 1755 1694 nobis
1771 1653 1867 1709 per
1882 1637 2132 1694 collucta-

2232 811 2405 851 omnes
2426 798 2525 866 qui
2550 794 2813 849 laboratis
2836 797 2887 848 et
2908 796 3119 850 onerati
3139 797 3289 863 estis,
3310 800 3364 852 et
3390 811 3483 865 ego
3500 801 3746 868 relian
3764 816 3866 857 uos

2236 891 2454 958 (Matth.
2503 892 2621 958 xi);
2671 888 2935 958 depositis
2992 886 3338 960 ponderibus
3395 889 3678 961 vitiorum,
3725 909 3864 967 quae

2232 992 2536 1056 sequuntur
2567 981 2886 1054 intelligent,
2902 981 3254 1051 Quiajugum
3281 997 3461 1038 meum
3482 998 3646 1042 suave
3671 992 3777 1051 est,
3804 993 3866 1043 et

2236 1095 2367 1136 onus
2394 1094 2570 1135 meum
2596 1079 2704 1133 leue
2726 1075 2940 1148 (Ibid).
2962 1084 2988 1110 ι
3008 1075 3193 1131 Habet
3230 1091 3364 1149 ergo
3388 1076 3734 1152 refrigerium
3762 1081 3861 1138 via

2235 1172 2490 1240 Domini,
2514 1172 2560 1228 si
2585 1170 2886 1228 secundum
2911 1169 3094 1243 legem
3118 1169 3292 1242 ipsius
3323 1178 3591 1229 teneatur.
3616 1174 3728 1231 Sed
3746 1191 3859 1233 nos

2234 1282 2430 1324 sumus
2449 1266 2544 1339 qui
2570 1265 2788 1322 dolores
2815 1263 2975 1321 nobis
2996 1271 3164 1335 atque
3187 1272 3471 1323 tormenta
3514 1267 3857 1326 turbulentis

2235 1358 2668 1417 distentionihus
2708 1372 3091 1430 procuramus,
3120 1356 3258 1414 dum
3284 1359 3564 1417 malumus
3588 1361 3706 1418 vias
3734 1378 3850 1419 sae-

2239 1454 2345 1511 culi
2370 1452 2536 1526 hujus
2557 1468 2750 1526 pravas
2774 1459 2937 1524 atque
2957 1465 3240 1524 perversas
3263 1452 3428 1510 etiam
3451 1469 3580 1510 cum
3617 1469 3848 1513 summo

2237 1545 2551 1604 discrimine
2600 1562 2664 1603 ac
2714 1544 3045 1602 difﬁcultate
3090 1546 3306 1604 sectari.
3365 1548 3504 1606 Cum
3544 1564 3675 1605 vero
3730 1549 3845 1606 hoc

2240 1640 2407 1698 modo
2440 1656 2602 1715 grave
2627 1640 2789 1697 nobis
2817 1655 2883 1697 ac
2923 1638 3128 1695 durum
3158 1640 3348 1715 jugum
3372 1642 3602 1698 Domini
3628 1642 3837 1699 feceri-

534 1741 741 1796 tionem
765 1736 1145 1805 tentationuin,
1166 1734 1339 1791 laudis
1363 1732 1593 1790 contulit
1620 1731 1863 1805 praemia,
1896 1730 2124 1803 benigna
2154 1726 2201 1788 Β
2233 1751 2355 1792 mus
2381 1736 2703 1808 blasphemo
2733 1735 2856 1807 jam
2902 1734 3118 1806 spiritu,
3140 1736 3221 1790 vel
3260 1734 3330 1791 de
3352 1735 3529 1807 ipsius
3559 1736 3702 1808 iugi,
3730 1738 3829 1793 vel

535 1848 664 1906 erga
689 1848 791 1890 nos
827 1830 995 1906 gratia
1024 1830 1341 1898 Salvatoris,
1381 1844 1549 1901 quam
1580 1827 1626 1884 si
1654 1841 1876 1883 omnem
1904 1842 1937 1882 a
1965 1824 2125 1881 nobis

533 1927 910 1984 necessitatem
957 1922 1268 1981 certaminis
1309 1921 1638 1979 abstulisset.
1684 1919 1906 1977 Etenim
1951 1917 2125 1975 subli-

533 2020 723 2078 mioris
784 2018 1281 2093 praestantiorisque
1345 2015 1563 2074 virtutis
1615 2023 1724 2079 est,
1781 2011 2127 2087 passionibus

536 2115 907 2186 mrumnisque
952 2114 1231 2181 vallatum,
1258 2126 1482 2168 manere
1503 2125 1724 2182 semper
1766 2106 2124 2175 immobilem,

531 2218 620 2281 et,
668 2210 957 2266 adversum
1014 2222 1073 2265 se
1108 2206 1452 2266 saevientibus
1503 2202 1735 2270 cunctis,
1785 2209 2002 2258 certum
2054 2199 2127 2257 de

531 2303 783 2376 praesidio
810 2302 909 2358 Dei
937 2310 1098 2371 atque
1121 2298 1452 2369 intrepidum
1482 2297 1811 2368 perdurare;
1839 2293 2128 2352 humanis-

532 2412 639 2470 que
662 2392 966 2451 incursibus
980 2391 1125 2447 velut
1139 2391 1307 2447 armis
1326 2389 1542 2446 invictae
1572 2389 1789 2446 virtutis
1817 2388 2128 2445 accinctum

530 2488 921 2564 gloriosissime
964 2486 1034 2543 de
1064 2484 1385 2558 impatienta
1428 2483 1787 2556 triumphare,
1840 2491 1895 2539 et
1935 2482 2130 2553 acqui-

528 2600 648 2641 rere
664 2579 1076 2656 quodammodo
1090 2577 1486 2636 deinﬁrmitate
1498 2578 1786 2645 virtutum,
1807 2576 1938 2648 quia
1955 2578 2129 2631 virtus

535 2681 592 2732 in
612 2676 1219 2745 inﬁrmitateperﬁcitur
1248 2674 1315 2740 (ll
1342 2673 1458 2729 Cor.
1500 2673 1629 2741 xu).
1666 2673 1797 2727 Ecce
1822 2672 1965 2726 enim
2002 2670 2133 2725 dedi

535 2777 603 2842 te,
626 2771 802 2843 inquit
840 2768 1124 2838 Dominus,
1155 2770 1214 2822 in
1241 2768 1538 2823 columnam
1566 2766 1826 2834 ferream,
1852 2770 1904 2821 et
1932 2767 1991 2820 in
2017 2780 2130 2819 mu-

529 2882 654 2922 rum
673 2881 872 2921 cereum
914 2878 1074 2935 super
1107 2878 1311 2918 omnem
1358 2866 1579 2930 terram,
1614 2860 1832 2930 regibus
1866 2858 2031 2922 Iuda,
2078 2861 2129 2912 et

530 2961 891 3032 principibus,
936 2962 985 3015 et
1015 2959 1161 3013 omni
1183 2958 1384 3028 populo
1426 2962 1603 3023 terra,
1646 2960 1696 3011 et
1742 2953 2133 3022 belligerabunt

531 3055 819 3110 adversum
834 3058 901 3122 te,
927 3056 977 3108 et
1003 3068 1107 3108 non
1120 3051 1512 3122 praeualebunt,
1534 3050 1663 3118 quia
1687 3062 1782 3116 ego
1803 3050 1971 3102 tecum
1989 3061 2128 3112 sum,

2233 1830 2301 1887 de
2317 1828 2520 1886 Christi
2549 1828 2640 1900 qui
2669 1825 2810 1884 illud
2831 1827 3085 1899 imponit,
3118 1826 3310 1884 duritia
3343 1835 3507 1899 atque
3528 1829 3838 1900 asperitate

2233 1937 2545 1990 causamur,
2565 1919 2869 1978 secundum
2897 1919 3050 1988 illud,
3078 1912 3105 1951 δ
3125 1922 3442 1991 [nsipientia
3456 1923 3570 1974 uiri
3595 1937 3839 1978 corrum-

2232 2019 2319 2088 pit
2342 2020 2460 2071 uias
2486 2015 2622 2086 eius.
2647 2018 2813 2071 Deum
2826 2018 3006 2071 autem
3034 2020 3288 2070 caztsatur
3309 2015 3466 2070 corde
3492 2031 3605 2070 suo.
3646 2017 3719 2071 Et
3743 2031 3842 2072 se-

2235 2109 2485 2167 cundum
2508 2114 2776 2182 Aggteum
2805 2108 3148 2181 prophetam,
3172 2124 3305 2166 cum
3341 2108 3661 2177 dixerimus,
3702 2110 3847 2178 Quia

2234 2210 2325 2260 via
2348 2205 2563 2260 Domini
2578 2218 2683 2259 non
2701 2203 2927 2273 dirigit,
2957 2218 3199 2276 congrue
3226 2201 3591 2275 respondetur
3611 2202 3779 2259 nobis
3811 2218 3845 2259 a

2237 2298 2470 2355 Domino
2494 2318 2508 2354 :
2532 2296 2809 2368 Numquid
2832 2299 2921 2352 via
2934 2313 3048 2353 mea
3067 2313 3173 2353 non
3203 2296 3400 2366 dirigit
3420 2300 3448 2353 ἵ
3462 2299 3645 2355 Nonne
3672 2300 3849 2367 magis

2236 2395 2339 2448 vice
2364 2396 2553 2448 uestra:
2588 2396 2718 2447 sunt
2749 2406 2939 2462 prava:
2961 2389 3174 2463 (Ezech.
3203 2391 3423 2461 xvm)?
3452 2394 3525 2447 Et
3554 2406 3748 2447 revera
3795 2389 3845 2447 si

2237 2500 2550 2557 comparare
2593 2484 2831 2541 volueris
2870 2483 3250 2557 splendentem
3285 2484 3604 2558 virginitatis
3639 2484 3846 2541 ﬂorem

2237 2589 2293 2636 et
2323 2596 2486 2638 suave
2505 2580 2744 2637 olentem
2773 2580 3114 2638 castimoniae
3149 2581 3449 2653 puritatem
3482 2581 3642 2638 tetris
3666 2596 3733 2637 ac
3763 2579 3842 2638 fe-

2239 2674 2364 2733 tidis
2389 2674 2679 2732 libidinum
2726 2675 3045 2744 volutabris,
3095 2675 3331 2748 quietem
3380 2676 3844 2745 securitatemque

2244 2770 2641 2828 monachorum
2667 2768 2920 2843 periculis
2937 2777 2991 2827 et
3007 2770 3266 2829 mmnis
3289 2770 3488 2841 quibus
3506 2770 3701 2826 mundi
3724 2770 3844 2827 bu-

2230 2863 2324 2937 jus
2349 2864 2604 2921 homines
2632 2864 2993 2935 implicantur,
3016 2861 3338 2934 paupertatis
3352 2870 3564 2917 nostra:
3581 2863 3840 2934 requiem

2238 2957 2498 3015 edacibus
2528 2957 2761 3015 divitum
2808 2956 3046 3015 tristitiis
3072 2971 3136 3013 ac
3174 2955 3531 3029 pervigilibus
3561 2957 3731 3025 curis,
3781 2958 3839 3014 in

2238 3051 2437 3124 quibus
2463 3068 2579 3109 non
2611 3052 2817 3124 absque
2844 3066 3061 3108 summo
3082 3050 3212 3125 vita:
3262 3049 3509 3123 periculo
3548 3049 3740 3108 diebus
3773 3066 3839 3108 ac

529 3152 590 3202 ut
618 3163 804 3202 «nam
824 3152 892 3209 te,
924 3146 1058 3200 dicit
1076 3145 1327 3199 Dominus
1351 3142 1554 3213 (Jerem.
1580 3143 1642 3210 ι).
1664 3143 1809 3212 Ergo
1825 3138 2127 3196 secundum
2162 3131 2208 3197 C
2235 3145 2488 3202 noctibus
2523 3154 2945 3213 consumuntur,
2986 3143 3373 3201 suavissimum
3395 3143 3591 3216 jugum
3640 3144 3838 3202 Christi

530 3253 714 3294 veram
744 3237 967 3292 Domini
987 3235 1354 3303 traditionem,
1398 3233 1483 3289 via
1528 3233 1672 3305 regia
1699 3230 1880 3288 suavis
1912 3246 1977 3288 ac
1998 3231 2131 3289 levis

534 3339 635 3401 est,
664 3330 791 3387 licet
817 3329 950 3387 dura
974 3335 1031 3386 et
1057 3342 1250 3399 aspera
1292 3326 1575 3383 sentiatur.
1612 3325 1703 3381 Pie
1732 3324 1881 3381 enim
1904 3339 1968 3382 ac
1990 3324 2128 3382 lide-

541 3428 663 3486 liter
690 3425 1004 3493 servientes,
1049 3436 1176 3479 cum
1207 3420 1439 3478 tulerint
1472 3419 1666 3493 jugum
1713 3417 1935 3475 Domini
1965 3433 2130 3492 super

531 3537 613 3590 se,
656 3528 712 3576 et
752 3517 1041 3575 didicerint
1083 3514 1152 3570 ab
1204 3529 1269 3569 eo
1318 3512 1440 3584 quia
1492 3512 1642 3569 mitis
1683 3520 1765 3568 est
1809 3519 1863 3568 et
1911 3511 2132 3570 humilis

531 3611 696 3669 corde
748 3609 959 3683 (Matth.
1018 3610 1135 3675 Il),
1166 3606 1284 3679 jam
1326 3604 1738 3679 quodammodo
1782 3612 2127 3663 terrenarum

535 3705 850 3779 passionum
886 3702 1223 3777 deponentes
1266 3699 1558 3770 sarcinam,
1605 3714 1716 3755 non
1742 3699 2009 3769 laborem,
2033 3699 2129 3758 sed

538 3800 778 3872 requiem
807 3797 1093 3854 animabus
1116 3795 1226 3853 suis
1247 3794 1488 3852 Domino
1518 3801 1812 3867 praestante
1840 3792 2128 3865 reperient,

533 3894 675 3950 sicut
721 3908 817 3966 per
859 3891 1154 3948 Jeremiam
1203 3888 1527 3962 prophetam
1571 3888 1686 3958 ipse
1734 3894 1966 3943 testatus
2025 3895 2128 3956 est,

530 3986 717 4043 dicens
747 4004 760 4040 :
790 3987 939 4041 State
964 3999 1126 4055 super
1169 3986 1285 4038 vias
1313 3986 1364 4038 et
1404 3981 1597 4044 videte,
1642 3984 1694 4035 et
1718 3982 2038 4051 interrogate
2061 3981 2126 4036 de

532 4081 732 4137 semitis
751 4080 1016 4150 antiquis,
1047 4093 1168 4150 qua:
1186 4079 1261 4132 sit
1286 4077 1375 4132 via
1393 4076 1547 4139 bona,
1574 4079 1625 4129 et
1663 4075 1931 4130 ambulate
1960 4077 2021 4130 in
2042 4091 2124 4144 ea,

2237 3253 2486 3311 onusque
2514 3237 2848 3296 levissimum
2878 3236 3132 3295 facillime
3153 3237 3549 3309 comprobabis.

2794 3340 3034 3399 CAPUT
3070 3341 3282 3396 XXVI.

2241 3440 2511 3508 Quomodo
2523 3440 2761 3511 perfecte
2787 3439 3297 3511 abrenuntiantibus
3324 3439 3627 3510 cenantium
3656 3442 3713 3494 in
3741 3439 3835 3495 hoc

2713 3510 2912 3566 mundo
2938 3511 3362 3580 repromittatur.

2312 3611 2550 3669 Proinde
2604 3612 2766 3669 etiam
2824 3613 2911 3669 illa
2965 3611 3253 3669 retributio
3300 3613 3686 3683 praemiorum,
3727 3628 3835 3685 qua

2234 3704 2471 3776 perfecte
2500 3706 2941 3763 renuntiantibus
2966 3705 3024 3762 in
3075 3704 3175 3762 hac
3221 3705 3677 3788 vita.centuplum
3719 3710 3835 3763 Do-

2237 3799 2425 3855 minus
2451 3799 2783 3871 repromisit,
2822 3798 3010 3857 dicens
3037 3819 3049 3855 :
3075 3805 3098 3833 ε
3123 3803 3193 3855 Et
3210 3802 3379 3855 omnis
3415 3802 3516 3869 qui
3546 3800 3837 3869 reliquerit

2238 3890 2475 3954 domum,
2497 3892 2579 3945 vel
2596 3892 2821 3959 fratres,
2849 3897 2949 3948 aut
2969 3907 3190 3957 sorores,
3222 3896 3320 3946 aut
3336 3895 3573 3963 patrem,
3598 3897 3695 3948 aut
3718 3908 3834 3948 ma-

2235 3989 2389 4049 trem,
2422 3989 2519 4040 aut
2538 4001 2778 4055 uxorem,
2815 3990 2912 4042 aut
2928 3987 3091 4056 filios,
3107 3989 3203 4041 aut
3230 4000 3385 4055 agros
3402 3990 3627 4056 propter
3648 4001 3833 4042 nomen

2233 4092 2426 4141 meum,
2452 4065 2477 4108 ά
2499 4079 2805 4148 centuplum
2824 4080 3047 4149 accipiet
3069 4080 3130 4133 in
3139 4080 3416 4149 prasenti,
3436 4082 3487 4133 et
3504 4080 3672 4133 vitam
3691 4082 3835 4134 ater-

1633 4216 1888 4272 ALARDI
1924 4217 2148 4274 GAZIEI
2184 4216 2737 4276 COMMENTARIUS.

601 4358 626 4384 ⁸
646 4346 842 4404 Facilis
868 4354 924 4402 et
943 4344 1121 4401 brevis
1151 4341 1353 4400 solutio
1390 4341 1534 4399 illius
1560 4340 1898 4398 difﬁcultatis
1929 4360 1942 4396 :
1977 4344 2122 4412 Quo-

529 4417 698 4475 modo
714 4417 909 4488 jugum
942 4414 1160 4488 Domini
1188 4429 1350 4470 suave
1374 4422 1429 4469 et
1452 4428 1594 4469 onus
1622 4412 1779 4469 leve?
1799 4414 2062 4470 nimirum
2080 4415 2124 4471 si

530 4433 698 4475 mouo
743 4433 909 4488 ugum
942 4433 1160 4471 Domlnl
1188 4433 1350 4470 suave
1374 4433 1429 4469 Θῐ
1452 4433 1594 4469 onus
1622 4433 1739 4469 leve
1757 4433 1779 4468 τ
1799 4433 2062 4470 ωωιιιυω
2080 4433 2124 4471 SI

530 4433 1003 4559 secundumejus
1019 4486 1197 4559 legem
1222 4491 1473 4541 teneatur
1519 4491 1580 4559 et
1619 4492 1904 4559 portetur;
1928 4556 1937 4559 _
1962 4501 2126 4559 grave

531 4574 661 4617 vero
712 4573 776 4615 ac
824 4554 1323 4638 difficilefsisecus
1378 4554 1728 4638 :‘quodﬂnon
1752 4571 1817 4637 εις
1837 4554 2005 4638 ipsius
2028 4571 2126 4638 na.

531 4639 652 4688 tura
698 4638 753 4686 et
779 4627 1113 4694 conditione,
1161 4624 1259 4684 sed
1298 4624 1487 4682 nostro
1531 4625 1661 4682 vitio
1708 4624 1924 4695 accidit,
1951 4635 2015 4683 ut
2036 4626 2128 4684 hic

532 4702 846 4808 explicatur.
1106 4768 1118 4781 ι
1231 4768 1243 4780 ⁸

654 4776 735 4830 De
759 4773 861 4828 hac
883 4777 1155 4827 sententia
1194 4767 1316 4825 inde
1340 4767 1537 4840 collat.
1564 4773 1627 4823 l2
1651 4785 1771 4840 cap.
1802 4774 1856 4826 8.

602 4843 913 4901 °Pratclare
957 4845 1028 4897 D.
1075 4840 1385 4911 Bernardus
1408 4838 1480 4911 de
1527 4838 1628 4895 hac
1651 4838 1850 4895 Christi
1899 4840 2131 4911 promis-

529 4915 681 4973 sione
712 4933 725 4970 :
756 4919 879 4972 Haec
903 4917 1029 4969 sunt
1055 4912 1237 4980 verba,
1267 4910 1441 4981 inquit
1476 4913 1561 4975 (In
1604 4910 2079 4981 declamatisuper
2110 4931 2126 4967 :

529 4931 681 4973 stone
712 4933 725 4970 :
756 4928 879 4972 ῌωο
903 4928 1029 4969 sunt
1055 4928 1237 4980 veroa,
1267 4928 1323 4966 1n
1364 4928 1386 4965 υ

529 4990 679 5051 Ecce,
706 5002 799 5041 nos
822 4986 1137 5054 reliquimus
1165 4928 1386 5049 omniaq),

530 5060 775 5114 universo
804 5055 1022 5117 mundo,
1046 5059 1096 5109 et
1112 5055 1477 5109 voluntariam
1498 5069 1814 5123 persuasere
1832 5055 2131 5110 hominibus

529 5131 928 5201 paupertatem.
948 5127 1215 5201 Haesng
1224 5140 1344 5193 quae
1359 5124 1633 5201 monachis
1643 5126 1896 5201 claustra
1904 5126 2129 5196 replent,

529 5196 741 5259 deserta
766 5198 1119 5254 anachoretis.
1155 5197 1301 5263 Hcce,
1347 5197 1594 5266 inquam,
1627 5201 1755 5252 sunt
1782 5196 1969 5265 verba,
2009 5213 2129 5267 qua:

530 5277 824 5345 Egyptum
851 5270 1185 5345 spoliant,et
1212 5269 1419 5345 optima
1452 5284 1676 5338 quaeque
1700 5267 1813 5345 ejus
1838 5283 1969 5324 vasa
1991 5269 2128 5345 ςιίνί.

522 5340 722 5415 piunt;
754 5343 837 5397 hic
873 5340 1045 5415 sermo
1068 5342 1292 5415 vivuset
1330 5340 1549 5415 efﬁcax,
1580 5343 1879 5415 convertens
1918 5342 2129 5415 animas

528 5411 682 5483 felici
726 5414 1057 5470 mulatione
1084 5411 1391 5468 sanctitatis
1421 5414 1472 5465 et
1511 5411 1758 5465 veritatis
1776 5412 2129 5481 promissione

530 5488 780 5611 Μήδιιο
827 5554 1080 5627 promisit
1130 5551 1377 5627 Christus
1423 5550 1858 5627 relinquent‘ibu‘s
1903 5569 2001 5610 sua
2046 5552 2129 5627 vel

528 5640 659 5684 suos
687 5624 909 5696 propter
930 5640 1157 5699 regnum
1193 5624 1311 5699 Dei,
1343 5624 1660 5699 centuplum
1695 5624 1957 5699 videlicet,
1983 5631 2037 5699 et
2060 5625 2131 5679 vi-

526 5707 640 5755 tam
685 5695 964 5754 aeternam.
993 5695 1144 5754 Haec
1184 5695 1331 5751 enim
1361 5711 1479 5751 esse
1513 5695 1754 5764 diversa,
1786 5704 1841 5751 et
1877 5696 1946 5752 ad
1984 5695 2130 5752 idem

527 5785 638 5825 non
668 5781 826 5841 posse
854 5764 1063 5833 referri,
1097 5775 1157 5821 ut
1188 5766 1459 5837 posterior
1482 5781 1605 5838 pars
1632 5766 1834 5839 prioris
1870 5766 1941 5823 sit
1967 5781 2133 5838 expo-

1413 4997 1533 5052 qua:
1556 4987 1911 5053 contemptum
1938 4983 2135 5037 mundi

2229 4346 2355 4429 s_itio
2379 4354 2435 4402 et
2457 4345 2772 4429 declaratio,
2790 4355 2941 4429 patet
2966 4362 3029 4403 ex
3069 4349 3274 4429 Marco.
3290 4349 3531 4429 etlxuca
3549 4347 3733 4429 (Mare.
3757 4362 3820 4415 ι,

2231 4422 2358 4491 Luc.
2381 4417 2578 4489 xvm),
2597 4418 2688 4490 qui
2723 4416 2958 4491 priorem
2982 4427 3195 4490 partem
3232 4416 3541 4491 siguiﬁcan_t
3560 4416 3829 4491 pertinere

2230 4487 2299 4543 ad
2322 4487 2561 4561 pransus
2588 4487 2868 4561 saeculum,
2900 4487 3259 4561 posteriorem
3284 4487 3425 4561 'vero
3457 4487 3528 4544 ad
3554 4487 3818 4561 futurum,

2236 4559 2705 4631 quemadmodum
2730 4567 2789 4631 et
2813 4559 3092 4617 hic—abbas
3120 4560 3369 4631 exponit,
3393 4575 3515 4631 qua:
3545 4569 3722 4616 tamen
3746 4560 3824 4615 di-

2234 4629 2456 4686 stinctio
2479 4629 2623 4688 apud
2640 4630 2969 4687 Matthaeum
2993 4648 3106 4688 non
3128 4629 3381 4687 habetur.
3408 4629 3497 4686 Sic
3522 4630 3665 4686 enim
3687 4632 3826 4686 Mar-

2237 4716 2335 4774 cus
2363 4701 2465 4757 sub
2497 4700 2698 4774 duplici
2727 4703 3016 4774 negatione
3058 4702 3312 4759 eamdem
3351 4702 3673 4774 sententiam
3713 4700 3826 4772 ple-

2156 4774 2208 4837 D
2238 4771 2362 4827 nius
2392 4771 2657 4844 expressit
2687 4791 2699 4827 :
2734 4771 2895 4831 Nitan
2923 4778 3001 4830 est
3018 4776 3117 4844 qui
3138 4774 3424 4844 reliquerit
3470 4773 3697 4835 domum,
3717 4771 3820 4828 aut

2236 4844 2461 4916 fratres,
2492 4848 2587 4899 aut
2610 4858 2836 4913 sorores,
2867 4849 2963 4900 aut
2981 4850 3219 4916 patrem,
3249 4849 3347 4899 aut
3374 4849 3623 4907 matrem,
3646 4848 3739 4898 aut
3757 4846 3827 4912 fi-

2239 4914 2357 4982 lios,
2376 4920 2473 4970 aut
2490 4930 2645 4984 agros
2661 4921 2882 4986 propter
2904 4914 3004 4980 me,
3031 4921 3081 4971 et
3104 4919 3327 4987 propter
3344 4916 3719 4985 Evangelium,
3734 4918 3830 4985 qui

2237 5001 2343 5040 non
2376 4988 2600 5056 accipiat
2627 4988 2818 5042 centies
2846 4991 3061 5043 tantum
3089 5002 3250 5056 nunc,
3278 4989 3335 5041 in
3360 4992 3592 5056 tempore
3619 4987 3741 5053 hoc;
3777 4990 3827 5041 et

2241 5059 2299 5111 in
2326 5058 2513 5112 sacqu
2543 5059 2731 5125 futuro
2752 5060 2919 5114 vitam
2949 5063 3222 5115 (sternam.
3260 5057 3517 5114 Similiter
3539 5065 3591 5112 et
3628 5059 3816 5121 Lucas,

2237 5127 2343 5183 nisi
2367 5127 2513 5198 quod
2542 5143 2642 5200 pro
2667 5131 2860 5200 centies
2907 5134 3136 5200 tantum,
3167 5137 3266 5185 aut
3286 5129 3606 5200 centuplum,
3658 5125 3826 5182 habet

2240 5200 2408 5273 multo
2430 5198 2629 5273 plura;
2661 5208 2723 5273 ut
2763 5198 3096 5273 signiﬁcaret
3138 5199 3504 5273 centenarium
3529 5212 3825 5253 numerum

2239 5286 2339 5343 pro
2369 5268 2581 5326 inﬁnito
2606 5268 2845 5343 positum
2882 5287 3029 5341 esse,
3076 5268 3537 5343 quemadmodum
3563 5284 3823 5343 numerus

2241 5341 2423 5415 [initus
2460 5340 2639 5415 saepe:
2657 5342 2711 5397 in
2767 5340 3041 5415 Scriptura
3087 5340 3185 5415 pro
3243 5340 3532 5415 indeﬁnito
3576 5341 3818 5415 ponitur.

2239 5412 2413 5485 Porro
2423 5410 2740 5485 centuplum
2765 5410 2909 5471 istud
2927 5410 3142 5471 duobus
3161 5412 3349 5485 modis
3377 5420 3557 5485 potest
3574 5410 3787 5483 intelligi
3807 5432 3818 5466 :

2244 5488 2302 5555 1°
2352 5482 2407 5538 in
2439 5482 2737 5555 quantitate
2760 5493 2814 5541 et
2838 5500 3091 5550 numero,
3122 5489 3181 5539 2°
3212 5483 3264 5540 in
3285 5482 3651 5541 azstimatione
3673 5490 3725 5555 et
3746 5482 3826 5555 va-

2236 5552 2469 5628 lorezpet'
2485 5562 2776 5628 utramque
2809 5556 3209 5628 expositionem
3243 5556 3439 5628 probat
3468 5564 3523 5610 et
3554 5553 3829 5628 amplecti-

2234 5632 2327 5699 t_ur
2349 5625 2437 5699 hic
2466 5626 2655 5694 abbas,
2681 5625 2734 5683 et
2752 5625 2983 5699 urtroque
3004 5627 3174 5684 modo
3193 5625 3513 5699 centuplum
3534 5625 3829 5699 retrih_uen-

2237 5696 2368 5770 dum
2397 5698 2463 5753 iis
2490 5698 2680 5770 asserit
2703 5698 2792 5768 qui
2811 5696 2922 5770 pro
2952 5699 3173 5756 Christo
3206 5713 3337 5755 suos
3362 5696 3451 5770 vel
3484 5712 3598 5770 sua
3618 5696 3831 5770 relique.

2235 5768 2374 5839 rint;
2424 5768 2551 5843 quia
2577 5785 2693 5826 non
2720 5767 2920 5825 solum
2962 5771 3217 5835 meliora,
3270 5769 3631 5843 pretiosiora,
3670 5767 3831 5825 subli-
