4040 6194
1800 72 1829 87 ,-

402 231 425 284 1
437 229 538 285 323

1485 222 1764 283 JOANNIS
1801 222 2107 281 GASSIANI
2145 224 2633 286 COLLATIONES.

3582 239 3733 296 1324

394 354 454 411 in
518 354 609 409 illo
655 352 803 408 mille
847 364 1119 407 annorum
1177 357 1427 421 tempore
1460 349 1748 406 carnaliter
1797 349 1999 407 sanctis
2024 354 2078 417 Α
2103 353 2272 418 (Joan.
2305 358 2413 418 xv)
2444 370 2459 407 :
2503 367 2605 407 nec
2630 351 2740 424 iam
2763 366 2890 407 cum
2918 350 3012 407 illa
3047 350 3249 423 pmnali
3286 352 3636 419 distentionis
3664 380 3739 423 ac

394 445 726 511 restituenda
752 444 1102 512 conﬁrmant,
1141 458 1268 499 cum
1296 442 1485 515 utique
1525 443 1660 500 illud
1705 444 1967 501 saeculum
1988 484 2004 512 ,

394 541 545 614 quod
582 549 703 612 post
750 538 1201 595 resurrectionem
1242 536 1484 595 futurum
1525 538 1732 608 dicunt,
1767 554 2008 612 prmus

395 636 623 709 intelligi
648 651 761 691 non
784 650 943 707 posse
981 633 1269 690 fateantur.
1315 635 1491 690 Multo
1519 650 1647 706 ergo
1694 635 2008 691 credibilius

393 731 680 802 multoque
720 727 1059 787 manifestius
1084 736 1168 784 est
1216 744 1345 784 eum
1375 727 1724 801 quialiquid
1770 727 2006 787 saecula-

394 823 540 880 rium
591 823 673 879 vel
713 821 1011 878 affectuum
1058 822 1143 895 vel,
1171 822 1447 879 bonorum
1483 804 1698 878 Christo
1738 821 2003 879 suadente

395 916 801 989 contempserit,
834 913 1149 973 a‘fratribus
1180 923 1342 989 atque
1364 916 1709 973 consortibus
1735 914 1999 987 propositi

394 1014 500 1080 sui,
549 1014 644 1086 qui
690 1014 739 1071 ei
791 1013 1017 1085 spiritali
1061 1013 1271 1086 glutino
1327 1014 1686 1086 colligantur,
1742 1011 1999 1084 centuplo

393 1107 694 1180 gratiorem
737 1107 902 1164 etiam
951 1106 1009 1163 in
1050 1106 1155 1163 hac
1202 1107 1309 1163 vita
1363 1108 1607 1178 recipere
1650 1106 1995 1162 cltaritatem.

391 1202 548 1257 Hanc
596 1199 867 1274 siquidem
901 1216 1066 1272 quam
1098 1201 1242 1255 inter
1285 1208 1533 1271 parentes
1568 1215 1633 1253 ac
1674 1199 1814 1254 ﬁlios
1843 1208 2005 1271 atque

393 1308 718 1365 germanos,
766 1294 1026 1363 conjuges
1067 1294 1145 1347 vel
1190 1294 1558 1363 propinquos,
1615 1293 1725 1348 sive
1775 1294 2005 1350 societas

394 1387 607 1459 copula:
641 1402 734 1445 seu
776 1384 1261 1458 consanguinitatis
1307 1384 1654 1442 necessitudo
1700 1386 2000 1459 conjungit,

392 1481 521 1537 satis
544 1471 771 1537 brevem'
792 1496 909 1536 esse
937 1488 1155 1537 constat
1185 1495 1248 1537 ac
1270 1480 1535 1553 fragilem.
1565 1481 1815 1553 Denique
1840 1478 2004 1538 etiam

391 1575 523 1632 boni
565 1593 629 1633 ac
674 1577 746 1650 pii
794 1592 923 1633 cum
949 1576 1289 1633 adoleverint
1335 1577 1455 1645 ﬁlii,
1500 1594 1531 1633 a
1561 1586 1851 1649 parentum
1900 1576 1999 1634 do-

393 1668 580 1726 mibus
631 1680 1059 1741 nonnumquam
1111 1683 1175 1725 ac
1236 1669 1552 1725 substantiis
1602 1669 2001 1738 excluduntur,

2113 442 2501 499 sollicitudinis
2543 459 2692 511 cura,
2739 441 2836 499 sed
2881 457 3106 498 securus
3151 458 3217 501 ac
3258 443 3420 502 laetus
3468 451 3627 509 velut
3674 456 3741 513 in

2114 538 2348 610 propriis
2396 538 2602 610 ubique
2634 535 2906 605 succedet,
2955 534 3182 593 audiens
3225 540 3474 617 quotidie
3500 544 3742 608 sibimet

2112 633 2184 689 ab
2213 634 2484 706 Apostolo
2508 633 2810 705 praedicari,
2839 634 3032 690 Omnia
3055 637 3235 689 vestra
3257 642 3404 701 sunt,
3432 642 3550 696 sive
3572 659 3745 701 mun-

2113 729 2235 791 dus,
2272 730 2382 785 sive
2410 729 2729 800 praesentia,
2757 729 2867 783 sive
2904 729 3099 795 futura
3128 730 3200 795 (ll
3237 729 3358 784 Cor.
3406 736 3533 797 ut).
3581 738 3658 792 Et
3711 756 3745 796 a

2131 823 2467 879 Salomone:
2499 816 2525 855 ¹³
2554 823 2757 880 Fidelis
2805 823 2914 876 uiri
2954 826 3095 877 totus
3124 824 3364 883 mundus
3402 827 3745 890 divitiarum

2111 915 2284 989 (Prov.
2316 935 2336 972 1
2361 934 2461 998 sec.
2494 918 2699 986 LXX).
2730 915 2913 971 Habes
2942 932 3073 988 ergo
3101 916 3261 973 istam
3295 923 3543 994 centupli
3576 928 3748 983 rem-

2107 1000 2413 1080 butionem,
2440 1002 2510 1075 in
2538 998 2912 1085 magnitudine
2957 1010 3135 1066 meriti
3173 1020 3233 1068 et
3277 1012 3339 1068 in
3391 998 3736 1093 discretione

2110 1113 2224 1162 tam
2284 1105 2745 1179 imcomparabilis
2780 1104 3065 1177 qualitatis
3136 1118 3479 1176 expreSsam.
3532 1114 3740 1187 Neque

2113 1202 2263 1257 enim
2288 1202 2335 1282 si
2376 1198 2483 1272 pro
2519 1199 2666 1269 aeris,
2711 1205 2808 1254 aut
2830 1195 2981 1259 ferri,
3027 1205 3120 1252 aut
3152 1198 3362 1256 vilioris
3410 1198 3740 1279 cujustmam

2115 1294 2319 1350 metalli
2348 1302 2496 1349 certo
2528 1288 2791 1365 pondere,
2819 1289 3167 1347 tantumdem
3189 1293 3477 1365 ponderis,
3499 1302 3743 1360 sedauri

2111 1388 2379 1459 quispiam
2409 1378 2763 1457 reddidisset,~
2786 1401 2899 1447 non
2929 1384 3098 1443 etiam
3132 1387 3373 1459 amplius
3390 1407 3563 1466 quam
3588 1410 3737 1452 om-

2111 1485 2327 1553 tuplum
2361 1481 2669 1537 restituisse
2697 1478 2999 1547 videretur;
3026 1479 3099 1534 ita
3124 1495 3254 1536 cum
3278 1498 3380 1554 pro
3405 1478 3732 1560 comeum

2106 1576 2447 1647 voluptatum
2505 1583 2670 1647 atque
2719 1572 3020 1629 affectuum
3065 1583 3436 1646 terrenornm,
3482 1578 3730 1651 spiritale

2109 1667 2372 1741 gaudium
2403 1678 2460 1725 et
2480 1668 2891 1739 pretiosissimae
2910 1660 3505 1738 cbaritatisjuwnditas
3525 1688 3720 1742 repen-

395 1763 713 1819 communio
726 1776 940 1835 quoque
951 1763 1213 1837 consortii
1228 1764 1529 1837 conjugalis
1545 1763 1819 1820 interdum
1840 1765 2006 1820 etiam
2038 1767 2086 1829 B
2115 1770 2287 1830 satur,
2314 1760 2525 1817 etiamsi
2550 1761 2665 1830 ipse
2692 1760 2765 1814 sit
2790 1775 3077 1851 numerus,
3119 1762 3364 1832 centuplo
3384 1769 3570 1818 tamen
3593 1763 3725 1822 hac

391 1844 619 1913 honesta
644 1873 807 1914 causa
849 1857 1242 1915 interveniente
1285 1858 1577 1927 divellitur,
1604 1857 1843 1915 fratrum
1868 1858 2004 1913 diri-

392 1951 500 2007 mit
525 1950 848 2007 charitatem
868 1952 1213 2008 contentiosa
1224 1952 1440 2032 divisio.
1472 1953 1727 2008 Monachi
1748 1954 1849 2008 soli
1881 1968 2002 2022 per-

394 2052 569 2117 petua:
594 2044 995 2118 conjunctionis
1039 2047 1271 2101 retinent
1321 2045 1604 2112 unitatem,
1659 2054 1823 2116 atque
1861 2045 2005 2100 indi-

391 2147 563 2195 screte
614 2139 892 2211 possident
938 2139 1207 2210 universa,
1235 2138 1328 2210 qui
1370 2139 1553 2194 omnia
1581 2154 1683 2195 sua
1713 2154 1833 2194 esse
1884 2153 2006 2209 quae

391 2230 652 2297 fratrum,
679 2234 862 2288 omnia
905 2233 1135 2288 fratrum
1166 2231 1397 2288 credunt
1423 2247 1542 2288 esse
1567 2247 1692 2303 quae
1720 2246 1817 2287 sua
1856 2238 2006 2287 sunt.

392 2324 449 2382 Si
478 2340 609 2397 ergo
639 2326 758 2379 istis
788 2326 987 2395 quibus
1006 2324 1241 2378 carnalis
1263 2325 1501 2379 charitas
1523 2326 1813 2396 copulatur
1834 2322 2011 2379 affec-

389 2417 569 2487 tibus,
594 2417 903 2489 dilectionis
944 2423 1151 2472 nostraa
1190 2415 1363 2488 gratia
1404 2414 1738 2484 conferatur,
1765 2414 2009 2487 profecto

391 2511 646 2584 centuplo
687 2510 807 2567 haec
853 2509 1064 2566 dulcior
1102 2517 1265 2581 atque
1298 2509 1601 2566 sublimior
1635 2517 1737 2565 est.
1777 2513 1801 2541 ³
1852 2508 2010 2566 Reci-

390 2607 569 2679 pietur
607 2620 736 2662 sane
772 2604 939 2660 etiam
988 2600 1057 2659 de
1106 2602 1438 2658 continentia
1495 2602 1765 2674 conjugali
1827 2603 2008 2675 major

392 2681 645 2775 cpntuplo
683 2698 925 2754 suavitas
951 2696 1020 2752 ab
1047 2695 1140 2751 illa
1173 2712 1297 2769 qua:
1345 2695 1421 2752 eis
1458 2696 1689 2759 invicem
1719 2711 1816 2768 per
1851 2712 2007 2753 com—

390 2793 712 2850 mixtionem
757 2806 990 2849 sexuum
1026 2791 1389 2861 praebebatur.
1417 2793 1525 2847 Pro
1563 2790 1754 2848 laetitia
1791 2806 2010 2863 quoque

390 2886 481 2942 illa
525 2902 690 2959 quam
741 2886 800 2942 in
829 2886 991 2941 unius
1033 2878 1151 2957 agri
1186 2901 1251 2941 ac
1295 2884 1495 2941 domus
1526 2885 1862 2956 possessione
1890 2885 2009 2956 quis

390 2977 600 3045 habuit,
627 2979 883 3049 centuplo
927 2976 1135 3048 majore
1164 2977 1485 3033 divitiarum
1527 2977 1722 3047 gaudio
1762 2976 2009 3047 perfrue-

390 3078 505 3138 tur,
529 3071 622 3140 qui
653 3071 709 3126 in
749 3070 1103 3141 adeptionem
1135 3070 1414 3129 transiens
1457 3069 1695 3125 ﬁliorum
1729 3069 1848 3135 Dei,
1877 3070 2009 3127 uui-

2114 1855 2294 1927 major
2334 1863 2496 1925 atque
2542 1853 2856 1924 prmelarior
2896 1860 3002 1908 est.
3049 1854 3121 1908 Et
3167 1861 3228 1909 ut
3266 1854 3368 1910 hoc
3416 1856 3732 1933 evidentius

2115 1950 2305 2006 crebra
2320 1947 2646 2019 repetitione
2662 1936 2943 2011 reddatur,
2965 1962 3197 2004 uxorem
3216 1956 3374 2004 antea
3390 1949 3445 2005 in
3464 1936 3725 2021 passione

2112 2042 2317 2115 fragilis
2364 2040 2613 2097 desiderii
2658 2036 3041 2111 possidebam';
3086 2041 3229 2098 hanc
3253 2042 3501 2099 eamdem
3537 2045 3595 2099 in
3621 2045 3730 2101 bo-

2114 2154 2252 2194 nore
2280 2135 2721 2193 Sanctiﬁcationis
2752 2145 2805 2192 et
2830 2141 2953 2191 'vera
2982 2136 3184 2221 Christi
3224 2136 3517 2213 dilectione
3546 2140 3731 2210 possi-

2118 2232 2242 2289 deo.
2272 2234 2402 2289 Una
2429 2239 2518 2286 est
2544 2230 2763 2294 mulier,
2788 2230 2886 2287 sed
2921 2218 3237 2303 centuplum
3268 2234 3441 2295 crevit
3463 2234 3734 2297 meritum

2118 2325 2407 2382 oharitatis.
2436 2324 2490 2381 Si
2533 2333 2719 2380 autem
2758 2332 2814 2379 et
2850 2339 2951 2396 pro
2979 2324 3074 2380 ira:
3116 2333 3170 2380 et
3209 2324 3414 2381 furoris
3442 2326 3731 2398 perturba-

2116 2418 2268 2475 tione
2298 2419 2491 2492 jugem
2529 2418 2819 2474 lenitatem
2858 2418 3152 2490 patientiae,
3211 2435 3316 2492 pro
3353 2416 3734 2476 sollicitudinis

2117 2528 2180 2568 ac
2220 2513 2570 2568 distentionis
2616 2528 2819 2584 angore
2846 2513 3151 2569 securitatis
3194 2513 3466 2584 quietem,
3512 2530 3613 2584 pro
3641 2514 3737 2569 in-

2114 2602 2401 2662 fructuosa
2442 2604 2605 2676 huius
2647 2605 2831 2661 saeculi
2872 2607 3180 2678 pmnalique
3220 2607 3443 2662 tristitia
3473 2607 3739 2679 salutaris

2112 2699 2341 2756 tristitiae
2395 2698 2636 2755 fructum
2662 2740 2676 2768 ,
2722 2712 2823 2772 pro
2867 2700 3098 2757 vanitate
3158 2700 3359 2756 laetitiae
3407 2699 3735 2771 temporalis

2116 2795 2298 2867 gaudii
2340 2794 2600 2866 spiritalis
2636 2784 2959 2865 appenderis
3008 2795 3346 2858 ubertatem;
3393 2794 3728 2848 retributio-

2118 2902 2246 2941 nem
2281 2888 2337 2941 in
2376 2887 2577 2942 horum
2627 2886 2921 2942 affectuum
2956 2884 3391 2939 commutatione
3434 2885 3627 2952 \Lips.
3662 2886 3729 2939 in

2116 2994 2294 3048 marg.
2325 2977 2397 3034 ad
2423 2980 2623 3034 horum
2667 2977 2968 3043 affectuum
3008 2975 3497 3048 comparationem]
3526 2982 3725 3030 centu-

2116 3072 2260 3144 plam
2300 3072 2624 3143 pervidebis.
2648 3072 2735 3129 ‘Et
2772 3070 2817 3129 'si
2861 3070 3287 3143 uniuscujusque
3332 3068 3444 3124 vitii
3482 3068 3629 3125 brevi
3662 3084 3730 3126 ac

394 3135 700 3232 versa—quae
725 3135 917 3218 aeterni
941 3172 1077 3217 sunt
1110 3163 1309 3231 Patris,
1343 3172 1405 3218 ut
1434 3162 1651 3233 propria
1694 3163 2010 3233 possidebit:
2044 3135 2089 3198 Ο
2118 3135 2341 3221 lubricae
2368 3166 2629 3238 Voluptati
2656 3165 3061 3225 contrariarum
3082 3135 3347 3219 virtutum
3380 3164 3569 3218 merita
3596 3177 3727 3218 con-

391 3261 446 3310 et
491 3251 693 3309 affectu
737 3261 901 3324 atque
946 3254 1149 3308 virtute
1192 3254 1259 3309 ad
1290 3254 1832 3311 imitationem'veri'
1862 3256 2008 3313 illius

389 3347 515 3404 Filii
535 3345 895 3420 proclamabit
923 3364 937 3401 :
968 3347 1162 3403 Omnia
1188 3362 1307 3416 quae
1344 3347 1502 3403 habet
1530 3350 1709 3412 Pater,
1738 3363 1859 3404 mea
1882 3350 2009 3406 sunt

2121 3258 2383 3322 ferantur,
2445 3260 2698 3332 centuplo
2748 3259 2867 3315 haec
2917 3274 3034 3314 esse
3080 3258 3311 3313 meliora
3363 3254 3721 3326 multiplicata

2108 3352 2423 3423 jucunditas
2448 3354 2787 3426 approbabit.
2819 3363 2840 3389 ο
2871 3352 3230 3410 Centenarius
3272 3352 3421 3425 enim
3461 3364 3727 3423 numerus

1492 3458 1757 3541 ALARDI‘
1784 3472 2008 3530 GAZ/El
2046 3448 2607 3539 COMMENTARIUS.

390 3586 644 3658 Accipiet
657 3585 722 3658 in»
740 3583 835 3637 hoc
858 3582 1050 3658 saeculo
1064 3584 1405 3658 centuplum;
1431 3586 1573 3658 quod
1589 3602 1853 3658 ett-ponens
1874 3598 2002 3657 quo.

391 3654 674 3711 dummodo
687 3654 978 3724 Apestolus
994 3656 1106 3708 ait:
1125 3655 1295 3721 Quasi
1303 3656 1443 3709 nihil
1462 3654 1731 3720 habentes,
1755 3654 2003 3714 et-omnia

381 3728 715 3797 possidentes
736 3726 808 3788 (Il
830 3727 949 3797 Cor.
982 3730 1062 3790 vr)
1084 3746 1097 3788 ς
1127 3728 1259 3797 quia
1272 3740 1322 3780 et
1340 3732 1464 3781 ante
1477 3727 1597 3796 jam
1617 3728 1823 3783 dictum
1844 3737 1962 3785 erat
1984 3749 2002 3785 :

389 3797 591 3854 Fidelis
619 3796 851 3869 hominis
880 3796 1021 3852 tatus
1046 3796 1282 3851 mundus
1310 3797 1633 3853 divitian
1660 3806 1767 3865 est;
1802 3807 2003 3869 quanto

391 3871 566 3951 magis
584 3864 732 3951 mille
748 3883 849 3951 pro
868 3869 1222 3951 uniuers‘itate
1222 3874 1526 3951 ponuntur,
1554 3871 1651 3951 nubi
1666 3864 2002 3951 e‘stsoliditas

390 3939 561 4009 ipsius
591 3939 831 3992 denaria
858 3939 1252 4009 quadratum?
1284 3939 1432 3992 Unde
1453 3953 1547 3992 nec
1565 3940 1705 3993 illud
1722 3942 1911 3996 melius
1930 3945 2004 3997 in-

394 4008 681 4077 telligitur,
707 4009 850 4077 quod
875 4009 935 4061 in
958 4008 1168 4078 psalmo
1194 4008 1393 4077 legitur
1422 4028 1439 4063 :
1469 4010 1669 4064 Memor
1695 4012 1810 4077 fuit
1831 4014 1891 4066 in
1910 4028 2004 4067 sw-

392 4078 573 4136 culum
599 4081 905 4134 testamenti
930 4083 1039 4143 sui,
1076 4078 1242 4141 verbi,
1271 4079 1418 4149 quod
1442 4082 1724 4135 mandavit
1758 4084 1820 4136 in
1855 4086 2003 4139 mille

392 4153 755 4233 generationes
781 4149 1001 4221 (Psalm.
1033 4149 1173 4221 etv),
1203 4149 1266 4204 id
1292 4155 1389 4213 est,
1417 4152 1476 4204 in
1499 4166 1693 4206 omnes.
1725 4153 2004 4210 Hactenus

392 4226 872 4372 Agggiiii‘i'ifénng
901 4288 1465 4372 conjugalisnondbic
1488 4292 1757 4372 accipitur
1783 4309 1882 4372 pro_
1906 4309 2003 4372 ea-

393 4361 575 4437 stitate
602 4361 898 4437 coniugali,
931 4360 1098 4437 prout
1120 4360 1473 4437 distinguitur
1493 4377 1525 4416 a
1549 4360 1800 4437 castitate
1836 4365 2001 4437 virgi-

392 4432 504 4510 nali
543 4442 598 4510 e_t_
630 4431 983 4510 viduali,_qua
1030 4431 1387 4510 nimirum—se
1415 4433 1696 4510 continent
1741 4431 1999 4510 coniuges

2111 3607 2229 3666 cum
2238 3609 2359 3666 vero
2385 3595 2545 3666 avide
2560 3596 2814 3657 eduntur,
2842 3592 3195 3649 comedentem
3206 3592 3457 3666 protinus
3474 3592 3721 3666 infastia

2110 3663 2262 3719 dium
2270 3664 2371 3734 per
2384 3662 2683 3721 satietatem
2695 3670 2927 3721 uertunt.
2953 3668 3218 3718 Atcontra
3233 3663 3503 3731 Spiritules
3514 3662 3731 3717 delicia

2110 3748 2228 3787 cum
2258 3750 2363 3789 non
2383 3738 2666 3799 habentur,
2698 3740 2756 3790 in
2783 3734 3019 3803 fastidio
3042 3739 3200 3797 sunt;
3226 3748 3343 3786 cum
3364 3747 3482 3803 υωυ
3506 3734 3722 3803 habm-

2111 3808 2219 3865 tur,
2244 3808 2305 3858 in
2335 3807 2628 3871 desiderio;
2659 3800 2915 3875 tardeque
2937 3822 2971 3860 a
2994 3803 3279 3875 comedatte
3309 3802 3552 3875 amplius
3575 3800 3716 3856 esis-

2108 3878 2352 3938 riuntur,
2382 3882 2587 3945 quanto
2612 3882 2666 3931 et
2700 3878 2771 3931 ab
2794 3872 3061 3945 esuriente
3076 3874 3309 3943 amplius
3328 3872 3711 3929 concilientur.

2180 3946 2207 3981 ³³
2237 3948 2317 4001 ita
2345 3944 2521 4003 (ἥωοὶ
2547 3967 2559 4001 :
2586 3948 2686 4000 Τοῦ
2704 3952 2879 4000 πιστοῦ
2901 3947 3019 4008 ὅλος
3044 3944 3074 3996 ὁ
3091 3945 3275 4013 κόσμος
3291 3949 3390 3995 τῶν
3409 3944 3709 4013 χρημάτων,

2111 4017 2182 4069 D.
2211 4017 2580 4087 Hieronymus
2606 4019 2674 4074 ad
2705 4019 2994 4074 Paulinum
3033 4018 3227 4087 (Epist.
3264 4015 3382 4087 105)
3409 4032 3422 4067 :
3458 4015 3722 4071 Credenti

2112 4090 2251 4141 totus
2279 4085 2510 4144 "aindas
2528 4091 2847 4145 divitiarum
2867 4095 2964 4144 est.
2987 4085 3200 4144 Citatur
3224 4085 3415 4140 eadem
3439 4088 3716 4142 sententia

2111 4155 2421 4229 frequenter
2439 4176 2469 4215 a
2507 4161 2775 4217 Patribus.
2799 4158 2863 4215 es
2890 4176 2940 4215 c.
2977 4173 3116 4216 xvu
3147 4157 3589 4229 vaerbiorum,
3610 4157 3713 4213 ubi

2109 4227 2287 4283 tamen
2320 4227 2373 4303 in
2413 4232 2638 4303 Vulgata
2667 4232 2901 4303 editione
2932 4232 3236 4303 modonon
3257 4228 3504 4303 habetur.

2182 4309 2205 4336 °
2240 4302 2419 4373 Verba
2447 4297 2575 4357 sunt
2616 4306 2683 4374 D.
2728 4300 3047 4374 Hieronymi
3078 4301 3175 4356 lib.
3207 4317 3228 4354 ι
3249 4302 3317 4374 _i_n
3353 4297 3711 4374 Iovinianum

2110 4366 2265 4442 (Cap.
2315 4370 2395 4441 1),"
2418 4374 2513 4429 ubi
2545 4372 2910 4442 virginitatem
2932 4366 3067 4428 cum
3109 4370 3311 4442 nuptiis
3350 4378 3405 4424 et
3438 4367 3711 4442 viduitate

2107 4439 2459 4517 componens,
2497 4439 2768 4517 simulque
2795 4440 3158 4517 evangelicam'
3188 4439 3352 4517 illam
3380 4439 3710 4517 sementiam

391 4503 531 4586 ῘΡῙτδ
563 4502 768 4586 limites
789 4510 846 4586 εξ
870 4501 1013 4586 Ιὲιεςε
1056 4501 1387 4586 ωό,ῐί“ὶ¹]]οηίῖ
1409 4524 1423 4567 ;
1449 4505 1553 4586 _sed
1586 4522 1684 4586 pro
1703 4501 1989 4586 .absti'ue'n-
2020 4512 2071 4575 D
2103 4510 2172 4566 de
2199 4501 2394 4585 triplici
2432 4501 2609 4571 fructu
2632 4501 2972 4586 etplanansv:
3006 4512 3601 4586 Centesimus,_inquit,
3656 4515 3714 4566 et

388 4575 462 4649 tia
484 4571 868 4649 conjugumab
889 4571 1011 4649 aetu
1031 4572 1288 4649 conjugii,
1315 4574 1464 4649 quod
1480 4589 1543 4628 ex
1573 4571 1744 4630 verbis
1764 4592 1994 4649 seque"-

390 4645 540 4701 tibus
582 4644 732 4717 patet
772 4644 1089 4717 (Opponitur
1133 4644 1430 4717 enimbaac
1476 4644 1994 4705 continentia-com-

389 4714 642 4789 mixtioni
672 4714 926 4788 sexuum)
958 4715 1146 4789 quales
1184 4714 1339 4770 multi
1381 4717 1645 4789 conjuges
1681 4718 1792 4773 sive
1838 4729 1991 4786 ante,

393 4788 509 4843 sive
556 4796 677 4860 post
733 4787 1262 4860 consummationem
1317 4787 1691 4860 matrimonii;
1740 4791 1995 4848 Priorum

395 4857 639 4942 exempla
670 4858 782 4942 (qui
824 4857 1033 4942 scilicet
1055 4859 1464 4942 _continentiam
1508 4861 1853 4942 voverint_et
1880 4878 1993 4942 ser:

392 4930 1171 5006 laverintpost_contractum
1215 4930 1647 5006 matrimonium)
1691 4933 1816 5006 vide
1847 4935 1992 5006 apud

388 4998 784 5069 Bellarminum
806 4999 894 5054 lib.
926 5014 975 5054 ιι
1022 5001 1090 5055 de
1122 5002 1401 5056 Monachis
1432 5015 1554 5069 cap.
1602 4998 1689 5057 38.
1718 4998 1990 5062 Posterio-

389 5086 518 5127 rum
555 5068 665 5143 (qui
718 5077 841 5141 post
862 5072 1397 5143 consummationem
1441 5068 1773 5130 matrimonii
1815 5076 1995 5132 conti~

384 5141 737 5221 nentiam__es
784 5155 1052 5221 consensu
1094 5141 1358 5221 voverint)
1383 5145 1525 5221 apud
1568 5147 1823 5202 eumdem
1867 5164 1986 5221 cap.

387 5220 478 5283 37,
512 5211 732 5291 utuillud
766 5214 1014 5291 omittam
1054 5214 1201 5291 quod
1240 5211 1538 5291 Apostolus
1575 5224 1761 5291 monet
1795 5211 1991 5291 conjd-

387 5228 478 5283 37,
512 5228 572 5270 ut
604 5228 732 5268 mna
766 5228 1014 5268 omittam
1054 5228 1201 5339 quoa
1240 5228 1538 5283 Aposmlus
1575 5228 1761 5272 monet
1795 5228 1987 5291 conju-

382 5296 541 5359 gatos
567 5288 609 5357 (ι
635 5285 753 5343 Cor.
778 5284 912 5355 vn),
945 5293 1005 5338 ut
1025 5301 1053 5338 a
1126 5292 1346 5359 tempus
1368 5285 1560 5341 saltem
1591 5288 1987 5346 abstineantex

381 5356 670 5432 consensu,
697 5361 759 5432 ut
775 5361 961 5411 vacent
984 5358 1219 5432 orationi
1242 5362 1293 5410 et
1315 5356 1549 5432 jejunio.
1580 5359 1783 5432 Sensus
1823 5360 1990 5432 igitur

379 5426 612 5485 istorum
642 5428 933 5485 verborum
959 5437 1060 5490 est,
1091 5429 1352 5499 majorem
1382 5430 1550 5483 animi
1580 5426 1902 5488 snavitatem
1930 5445 1988 5491 et

376 5500 712 5572 voluptatem
745 5508 1093 5572 percepturos
1116 5500 1373 5572 conjuges
1402 5500 1733 5558 abstinentes
1758 5506 1836 5559 ab
1856 5517 1983 5561 actu

375 5569 637 5646 conjugij,
666 5569 832 5646 quam
875 5569 1068 5646 eodem
1116 5569 1377 5646 fruentes.
1427 5574 1537 5627 Hoc
1564 5576 1707 5629 enim
1754 5576 1982 5646 distare,

375 5588 637 5642 conjugn,
666 5588 832 5694 Euam
875 5588 1067 5626 eodem
1116 5588 1377 5641 rrnenres.
1427 5588 1537 5627 uno
1564 5588 1707 5629 enim
1754 5588 1982 5646 distare,

371 5641 550 5721 inquit
577 5642 642 5695 D.
724 5644 966 5721 regni-ius
995 5640 1227 5721 (gemit,
1242 5646 1309 5697 36
1346 5645 1696 5721 in_Evang.)._
1715 5648 1859 5721 inter
1886 5649 1982 5703 de-

371 5714 525 5769 licias
552 5713 784 5785 corpij
811 5715 861 5785 et
887 5713 1062 5766 cordis
1097 5713 1248 5780 solet,
1279 5714 1423 5785 quod
1447 5713 1749 5785 corporales
1776 5718 1981 5775 delicia:

373 5797 492 5838 cum
518 5798 626 5837 non
636 5779 935 5847 labentur,
962 5796 1129 5846 grave
1145 5786 1203 5835 in
1226 5779 1623 5841 se'desidm'iim
1647 5789 1978 5857 accendunt,-

2100 4581 2482 4660 seteagesimus,
2511 4590 2562 4641 et
2603 4581 2904 4641 tricesimus
2926 4586 3143 4652 fructus
3575 4596 3709 4660 Βηίὲ

2105 4659 2249 4709 terra
2263 4662 2314 4711 et
2329 4658 2395 4711 de
2410 4670 2521 4711 una
2534 4663 2760 4713 semente
2772 4661 3045 4723 mscatur,
3058 4652 3239 4727 tamen
3252 4652 3485 4727 multum
3498 4652 3707 4727 differt

2104 4728 2165 4803 in
2179 4731 2673 4803 numeroJ‘riginta
2694 4730 3005 4803 referuntur
3015 4724 3345 4803 ad‘nupt‘idS.
3362 4740 3485 4803 {tam
3503 4728 3555 4775 εἴ
3571 4724 3703 4790 iP5“

2102 4795 2402 4867 digitorum
2422 4795 2929 4869 conjunctio,n'quasi
2951 4798 3107 4852 molli
3130 4813 3185 4852 se
3219 4795 3555 4866 complacitus
3574 4808 3719 4847 oon--

2098 4864 2261 4924 sartio
2280 4875 2332 4924 et
2358 4864 2631 4938 federlms,
2658 4864 2915 4925 maritum
2937 4872 3122 4940 pingit
3141 4876 3191 4924 ει
3217 4864 3523 4940 omanem;
3548 4880 3712 4940 sem-

2097 4940 2249 5006 ginta
2260 4957 2383 4995 vero
2400 4942 2474 4996 ad
2486 4944 2697 5007 vidiuis,
2715 4958 2774 4997 eo
2789 4938 3001 5011 quodin
3016 4943 3271 5009 angustia
3287 4946 3339 5011 et
3355 4938 3712 4991 tribulatione

2097 5011 2208 5064 sint
2250 5016 2473 5081 positae;
2518 5015 2658 5068 unde
2693 5018 2745 5067 et
2779 5010 3048 5083 superiori
3085 5012 3261 5080 digito
3295 5010 3698 5083 dem'iinuntur'.
3776 5040 3801 5045 η

2096 5079 2269 5136 Pen-6
2293 5088 2607 5139 centesimus
2634 5079 2888 5139 numerus
2919 5079 3246 5153 (diligenter,
3269 5094 3466 5153 qureso,
3503 5079 3685 5153 lector,

2095 5154 2327 5229 attende)
2358 5156 2424 5229 de
2442 5158 2670 5229 sinistra
2696 5144 3033 5229 transfertur
3045 5144 3134 5207 ἀα
3148 5144 3418 5229 del-334%

2096 5218 2321 5292 quidem
2339 5222 2548 5295 digitis,
2571 5228 2663 5281 sed
2695 5218 2799 5281 non
2810 5218 3001 5299 eadem
3028 5236 3215 5299 manu,
3240 5222 3436 5299 guibus
3464 5219 3527 5271 in
3553 5218 3699 5299 lmen

2091 5291 2673 5368 nuptte'signiﬁcuntur
2684 5305 2734 5354 et
2745 5296 3199 5365 uiduw,circulum
3219 5291 3424 5368 faciens
3433 5291 3703 5368 exprimit

2091 5357 2418 5435 virginitatis
2438 5357 2717 5424 'coronam.
2767 5371 2899 5424 Haec
2921 5357 3309 5437 Hieronymus
3346 5357 3593 5437 alludens
3627 5357 3701 5413 ad

2090 5429 2535 5513 consuetudinem
2580 5440 2841 5509 veterum,
2884 5429 3163 5513 quiverit)
3199 5435 3507 5513 digitorum
3549 5429 3699 5483 flexu

2088 5510 2448 5583 numerabant
2476 5519 2531 5566 et
2554 5505 3406 5583 numeros’ex'primebant,_quod
3435 5505 3601 5557 etiam
3617 5514 3699 5583 ex

2090 5582 2382 5653 Plutarcho
2424 5584 2477 5637 in
2509 5578 2937 5653 Probleinatilius
2964 5586 3201 5653 constat,
3229 5579 3391 5653 Umle
3429 5578 3701 5653 supputa-

2088 5652 2261 5728 torios
2285 5724 2298 5728 _
2320 5653 2617 5728 digitorum
2644 5724 2655 5728 Δ
2679 5646 2971 5725 gestiCulos
3015 5650 3249 5728 appellat
3295 5646 3698 5728 Te_r_tu|_liattu8.

2092 5715 2412 5797 Porroliuic
2427 5715 2756 5797 expositidni
2777 5730 2904 5794 apte
2923 5715 3214 5797 respondet
3237 5716 3385 5797 quod
3404 5717 3465 5770 in
3483 5715 3699 5797 hvmno

2088 5795 2455 5854 ecclesiastico
2491 5789 2560 5855 de
2587 5798 2642 5854 S.
2675 5789 2895 5853 Joanne
2923 5789 3165 5867 Baptista
3190 5792 3425 5854 canitur,
3457 5789 3556 5842 ubi
3579 5793 3701 5841 tres
