4022 6220
320 353 453 407 1325

1258 343 1600 417 COLLATIO
1641 343 1825 398 XXIV.
1864 369 1935 382 —
1974 340 2062 394 DE
2101 337 2706 396 MORTIFICATIONE.

3497 347 3516 396 l
3530 345 3630 398 326

319 474 388 532 de
423 471 641 530 sinistra
664 469 992 528 transfertur
1009 470 1068 528 in
1095 469 1412 539 dexteram;
1437 479 1493 527 et
1520 470 1641 526 licet
1667 466 1923 525 eamdem
1952 469 2004 530 Α
2034 465 2330 521 domorum
2349 473 2512 536 atque
2532 479 2790 536 agrorum
2812 464 3150 536 possessione
3172 463 3453 534 ditabitur,
3480 467 3632 538 quis-

321 569 375 625 in
403 565 787 638 supputatione
829 564 1126 637 digitorum
1172 565 1405 638 ﬁguram
1442 573 1628 620 tenere
1656 562 1924 630 videatur,

320 663 561 720 nimium
591 669 776 718 tamen
807 661 1125 734 quantitatis
1170 660 1518 732 magnitudin
1546 656 1920 730 supercrescit.

317 756 437 813 Fiet
466 755 615 811 enim
649 762 709 812 ut
734 754 824 825 qui
855 753 994 811 haedi
1019 752 1258 811 formam
1291 769 1488 826 genere
1516 751 1837 810 videbamur
1864 751 1925 806 in

321 849 478 918 laeva,
504 848 620 904 ovis
650 847 908 902 meritum
937 847 1186 903 translati
1217 862 1622 919 consequamur
1649 843 1719 899 ad
1745 844 1926 900 dexte-

323 959 460 1001 ram.
503 945 662 998 Nunc
700 941 768 998 ad
802 942 1160 1014 quantitatem
1191 959 1378 998 earum
1415 928 1601 998 rerum
1643 955 1778 1012 quas
1807 953 1924 1014 pro

322 1046 648 1108 contemptu
671 1037 866 1092 mundi
895 1046 950 1091 et
977 1037 1210 1094 aliorum
1241 1035 1662 1104 commodorum
1688 1033 1846 1102 nobis
1870 1033 1922 1088 in

321 1127 427 1186 hoc
449 1128 650 1185 saeculo
680 1129 931 1185 Christus
963 1130 1219 1196 restituit,
1251 1139 1625 1191 transeamus,
1653 1127 1923 1199 praecipue

320 1220 626 1277 secundum
653 1221 1011 1292 Evangelium
1055 1222 1224 1277 Marci
1265 1221 1339 1278 ita
1365 1221 1628 1278 dicentis:
1661 1223 1819 1277 Nemo
1849 1223 1925 1274 est

321 1318 421 1385 qui
446 1317 669 1385 reliquit
693 1316 936 1379 domum,
959 1322 1056 1372 aut
1076 1320 1301 1384 fratres,
1329 1322 1426 1372 aut
1444 1332 1670 1378 sorores,
1692 1320 1790 1370 aut
1816 1330 1924 1369 ma-

321 1409 478 1470 trem,
502 1412 599 1461 aut
615 1408 773 1476 ﬁlios,
791 1412 889 1463 aut
905 1426 975 1478 ag
983 1425 1067 1464 ros
1083 1414 1313 1478 propter
1330 1425 1428 1477 me,
1449 1413 1500 1463 et
1507 1413 1736 1478 propter
1757 1410 1926 1462 Evan-

325 1499 544 1569 gelium,
558 1503 655 1570 qui
673 1517 774 1555 non
789 1505 1014 1573 accipiet
1030 1505 1220 1557 centies
1239 1491 1446 1558 tantum
1467 1517 1608 1556 nunc
1621 1504 1674 1554 in
1697 1507 1929 1568 tempore

325 1595 438 1660 hoc,
473 1595 674 1660 domos,
699 1598 904 1664 fratres
934 1603 985 1654 et
1012 1614 1238 1662 sorores,
1276 1603 1326 1653 et
1361 1602 1582 1658 matres,
1609 1601 1660 1650 et
1687 1596 1846 1664 ﬁlios,
1877 1599 1928 1649 et

325 1705 485 1762 agros
506 1701 530 1726 ι
550 1708 671 1744 cum
684 1695 1166 1761 persecutionibus,
1182 1699 1232 1748 et
1253 1697 1310 1747 in
1327 1693 1516 1747 saeculo
1542 1693 1734 1756 futuro
1755 1691 1925 1742 vitam

324 1787 581 1840 aeternam
613 1783 808 1853 (Marc.
833 1782 914 1853 χ).
949 1785 1274 1854 Centuplam
1300 1797 1538 1854 namque
1569 1781 1804 1837 fratrum
1826 1799 1924 1853 pa-

2032 561 2153 633 quis
2181 578 2292 618 una
2330 562 2497 618 domo
2537 578 2636 634 pro
2665 561 2865 618 Christi
2909 561 3195 617 dilectione
3235 563 3453 635 rejecta,
3482 565 3636 619 innu-

2031 672 2184 712 mera
2211 656 2612 713 monachorum
2640 656 2947 712 habitacula
2970 666 3248 728 tamquam
3273 659 3484 730 prapria
3511 674 3632 729 pos-

2030 750 2248 818 sidebit,
2279 751 2334 806 in
2378 767 2723 823 quacumque
2750 751 2900 807 orbis
2930 761 3078 822 parte
3117 751 3263 809 velut
3301 751 3354 805 in
3388 766 3500 806 suae
3528 751 3635 806 do-

2031 860 2155 901 mus
2176 845 2298 916 jure
2323 845 2634 902 succedens.
2660 847 2952 917 Quomodo
2982 847 3128 902 enim
3150 863 3259 901 non
3287 847 3620 917 centuplum,

2025 929 2106 1008 et,
2133 942 2176 995 si
2203 940 2427 996 Domini
2457 943 2634 997 nostri
2667 924 2949 998 sententiae
2971 941 3295 1013 superadjici
3327 940 3526 1012 aliquid
3555 939 3633 996 fas

2031 1043 2132 1100 est,
2183 1035 2304 1106 plus
2339 1052 2507 1107 quam
2559 1037 2876 1109 centuplum
2923 1037 3148 1108 recipit,
3184 1036 3274 1107 qui
3317 1036 3509 1090 decem
3551 1035 3633 1091 vel

2033 1127 2216 1198 viginti
2246 1144 2530 1184 servorum
2569 1131 2864 1186 ministeria
2897 1131 3064 1186 inﬁda
3105 1139 3157 1186 et
3201 1131 3460 1186 coacticia
3491 1128 3635 1185 dere-

2032 1217 2302 1291 linquens,
2349 1228 2432 1275 tot
2477 1222 2838 1292 ingenuorum
2905 1239 2967 1277 ac
3016 1223 3284 1277 nobilium
3332 1231 3633 1292 spontaneo

2033 1313 2250 1370 fulcitur
2277 1316 2583 1386 obsequio?
2611 1317 2770 1384 Quod
2795 1317 2867 1371 ita
2897 1332 3013 1372 esse
3038 1317 3203 1371 etiam
3233 1317 3426 1371 vestris
3469 1332 3634 1387 expe-

2033 1403 2280 1463 rimentis
2326 1409 2558 1480 probare
2613 1409 2897 1480 potuistis,
2949 1411 3038 1480 qui
3104 1411 3329 1482 singulis
3391 1411 3634 1481 patribus

2035 1501 2413 1575 matribusque
2439 1519 2503 1558 ac
2523 1501 2778 1558 domibus
2800 1501 3093 1570 derelictis,
3113 1502 3417 1574 quamlibet
3443 1501 3634 1558 mundi

2035 1605 2246 1668 partem
2274 1595 2482 1653 fueritis
2525 1597 2772 1668 ingressi,
2804 1605 3004 1668 patres,
3059 1604 3284 1661 matres,
3330 1595 3640 1666 fratresque

2034 1689 2370 1757 innumeros,
2403 1690 2600 1746 domos
2630 1706 2844 1762 quoque
2863 1699 2917 1744 et
2953 1706 3114 1763 agros
3134 1732 3148 1757 ,
3180 1703 3470 1758 servosque
3501 1686 3637 1744 fide-

2035 1783 2304 1852 lissimos,
2345 1784 2550 1855 absque
2581 1784 2688 1839 ullo
2717 1783 3092 1840 sollicitudinis
3133 1784 3317 1839 labore
3372 1784 3643 1854 conquiri-

323 1885 608 1934 rentumve
641 1876 862 1947 recipiet
890 1877 1252 1947 quantitatem
1272 1876 1514 1947 quisquis
1545 1877 1708 1946 patris
1743 1877 1926 1944 unius,
1960 1887 2008 1947 Β
2033 1877 2127 1944 tis,
2159 1878 2252 1948 qui
2277 1893 2373 1933 vos
2398 1887 2458 1933 ut
2487 1879 2733 1950 proprios
2747 1878 3003 1934 dominos
3027 1879 3292 1934 submisse
3318 1879 3638 1949 suscipiunt,

327 1973 409 2029 vel
457 1970 672 2035 matris,
716 1985 813 2024 seu
851 1969 970 2038 ﬁlii,
1017 1986 1117 2042 pro
1151 1970 1348 2026 Christi
1392 1970 1644 2037 nomine,
1676 1969 1935 2024 charitate

328 2073 662 2136 contempta,
695 2065 748 2118 in
775 2064 1025 2120 omnium
1060 2065 1151 2136 qui
1177 2064 1394 2120 Christo
1432 2064 1741 2120 deserviunt
1768 2064 1936 2120 dilec-

327 2159 537 2217 tionem
588 2157 1011 2214 sincerissimam
1057 2159 1272 2228 transit,
1319 2175 1416 2230 pro
1471 2173 1583 2213 uno
1627 2157 1826 2213 scilicet
1854 2165 1938 2212 tot

330 2253 609 2310 inveniens
645 2261 844 2324 patres,
870 2251 1204 2324 fratresque,
1232 2251 1554 2308 ferventiore
1581 2267 1646 2306 ac
1678 2259 1938 2321 praestan-

333 2347 474 2404 tiore
521 2347 625 2404 sibi
669 2345 965 2404 affectione
1012 2347 1322 2405 devinctos.
1373 2345 1732 2428 Multiplicata
1773 2345 1935 2400 etiam

2043 1970 2472 2040 amplectuntur,
2519 1969 2725 2039 fovent,
2757 1980 3082 2026 venerantur
3106 1969 3322 2026 ofliciis.
3371 1969 3476 2025 Sed
3511 1970 3639 2038 hoc,

2043 2062 2286 2134 inquam,
2310 2065 2482 2120 sancti
2521 2066 2828 2122 ministerio
2857 2067 3056 2121 merito
3077 2082 3138 2120 ac
3169 2065 3492 2120 ﬁducialiter
3517 2080 3642 2136 per-

2043 2155 2317 2225 fruentur,
2347 2161 2441 2231 qui
2465 2161 2610 2232 prius
2638 2162 2694 2216 in
2724 2163 3042 2217 servitutem
3074 2159 3422 2216 fraternitatis
3441 2167 3645 2213 semet-

2045 2251 2192 2321 ipsos
2213 2267 2419 2324 suaque
2443 2255 2630 2309 omnia
2648 2254 2954 2309 voluntaria
2969 2253 3256 2309 devotione
3281 2251 3640 2307 subdiderint.

2046 2345 2328 2416 Recipient
2365 2347 2510 2401 enim
2540 2347 2844 2424 secundum
2870 2347 3194 2402 sententiam
3225 2346 3446 2401 Domini
3477 2345 3645 2400 libere

1424 2481 1676 2536 ALARDI
1715 2479 1942 2535 ΟΑΖᾸΞΙ
1981 2477 2543 2533 COMMENTARIUS.

333 2621 574 2675 coronae,
602 2614 658 2664 et
700 2616 809 2663 tres
847 2607 1057 2664 fructus
1086 2607 1375 2679 evangelici
1423 2607 1603 2679 tribus
1649 2603 1935 2679 hminum

331 2673 643 2807 gggseirbimts,
673 2679 786 2761 sive
813 2679 1096 2752 gradibus,
1119 2673 1527 2752 jam'expositis
1567 2685 1822 2748 aptantur
1852 2673 1935 2729 his

587 2831 726 2881 Seria
747 2833 819 2880 ter
839 2831 978 2880 denis
1001 2831 1123 2879 alios
1149 2833 1382 2881 coronant

686 2895 841 2940 Aucta
862 2894 1144 2940 crementis.

334 2969 508 3029 Alios,
531 2983 730 3037 nempe
760 2968 1105 3038 conjugatos,
1123 2975 1267 3020 caste
1294 2968 1554 3038 viventes.
1591 2969 1737 3020 Nam
1761 2967 1938 3036 prima

335 3053 573 3104 corona,
617 3036 680 3090 et
709 3036 917 3108 primus
941 3036 1164 3108 fructus
1186 3037 1559 3108 evangelicus,
1590 3052 1790 3108 nempe
1826 3038 1938 3108 Atri-

337 3108 602 3180 gesimus,
631 3106 722 3162 est
763 3107 1031 3162 castitatis
1074 3106 1392 3178 conjugalis.
1443 3107 1695 3178 Sequitur
1733 3106 1939 3162 eodem

338 3193 498 3234 versu
533 3195 547 3234 ἶ

592 3258 848 3324 Duplicata
879 3254 1116 3318 quosdam
1145 3275 1158 3305 :

339 3339 492 3394 Serta
521 3353 719 3408 nempe
745 3337 1041 3408 duplicata,
1068 3334 1373 3407 quosdam,
1413 3334 1615 3392 scilicet
1639 3336 1862 3408 viduos,
1890 3345 1945 3393 et

341 3409 529 3465 viduas
575 3407 917 3464 continentes
953 3416 1218 3463 coronant
1249 3429 1260 3462 :
1293 3408 1416 3478 quia
1455 3407 1687 3463 secunda
1717 3424 1942 3475 corona,

339 3487 392 3552 et
419 3480 691 3552 secundus
737 3479 970 3546 fructus,
1012 3494 1227 3552 nempe
1249 3479 1638 3552 sexagesimus,
1667 3496 1729 3534 ex
1775 3479 1943 3552 trige-

339 3551 481 3623 simo
524 3550 838 3623 duplicato,
895 3549 1405 3606 castitati'viduali'
1437 3549 1760 3621 assignatus.
1801 3549 1945 3607 Mox

341 3620 628 3694 subjicitur
653 3641 665 3675 :
1555 3620 1564 3621 ί
1935 3623 1947 3640 ·

593 3701 736 3750 Tri'na
754 3702 957 3750 centeno
985 3699 1228 3749 cumulata
1259 3697 1417 3748 fructu

747 3765 833 3823 Te,
869 3776 1022 3822 sacer,
1057 3763 1252 3810 ornant.

346 3846 448 3912 Te,
479 3859 512 3900 o
543 3846 789 3900 Joannes
824 3843 1088 3912 Baptista,
1120 3849 1176 3912 et
1200 3841 1376 3911 virgo,
1396 3841 1582 3910 tuique
1606 3841 1815 3896 similes
1843 3838 1947 3896 vir-

388 3910 539 3978 ines,
571 3919 770 3966 ornant
811 3927 823 3960 ε
859 3910 985 3978 quia
1033 3910 1188 3962 tertia
1237 3910 1304 3962 et"
1335 3926 1588 3977 suprema
1633 3927 1857 3977 corona,
1894 3921 1950 3966 et

369 3978 554 4038 ructus
607 3980 967 4043 centesimus,
1023 3978 1256 4048 castitati
1310 3978 1551 4048 virginali
1615 3981 1946 4034 retribuitur.

345 4052 449 4109 Sed
475 4067 648 4122 neque
669 4048 1040 4122 praetereunda
1059 4047 1162 4122 hic
1187 4053 1251 4122 D_.
1277 4047 1528 4122 Gregorii
1559 4052 1950 4122 commentatio

344 4119 649 4193 (Apologet.
676 4119 801 4191 cap.
839 4120 943 4190 t9),
980 4119 1070 4193 qui
1104 4119 1586 4193 parabolamillam
1616 4121 1938 4193 seminantis

348 4188 509 4250 aliter
537 4188 918 4264 interpretans,
948 4188 1137 4244 eadem
1164 4199 1350 4244 tamen
1392 4191 1657 4246 allusione
1685 4201 1739 4246 et
1761 4192 1950 4247 simili-

351 4265 540 4324 tudine
570 4263 770 4336 qua'D.
813 4263 1396 4336 Hieronymusalom.
1443 4268 1504 4336 t7
1551 4278 1713 4332 super
1737 4264 1948 4336 Ezech.)

348 4351 482 4392 usus
513 4331 667 4390 estin
701 4332 849 4388 hunc
881 4331 1105 4388 modum
1130 4353 1141 4387 :
1173 4333 1432 4400 Quoniam
1460 4335 1590 4388 Deus
1613 4331 1822 4388 homini
1840 4331 1957 4404 pec-

349 4409 524 4462 catori
559 4408 724 4475 legem
763 4405 934 4466 dedit,
957 4420 1095 4476 qua
1132 4406 1192 4457 in
1227 4405 1401 4459 decem
1445 4409 1724 4476 praeceptis
1754 4410 1956 4476 scripta

352 4483 449 4541 est,
509 4481 559 4531 et
612 4475 879 4532 sexdecies
931 4475 1092 4531 ducta
1134 4477 1195 4530 in
1249 4475 1660 4545 sexagenarium
1700 4475 1952 4546 surgunt,

350 4552 488 4604 recte
525 4564 623 4618 per
661 4550 944 4616 sexaginta
981 4547 1184 4619 cubitos
1226 4549 1479 4602 bonorum
1527 4564 1738 4617 operum
1767 4552 1953 4619 perfe-

353 4623 457 4675 ctio
485 4619 826 4689 designatur.
853 4618 1006 4684 Quod
1031 4622 1217 4688 aperte
1241 4623 1402 4674 etiam
1427 4622 1680 4674 Dominus
1699 4622 1755 4673 in
1769 4618 1956 4675 Evan-

353 4691 490 4760 gelio
531 4692 803 4760 designat,
835 4691 934 4758 qui
961 4705 1078 4743 cum
1105 4691 1420 4760 parabolam
1453 4694 1761 4745 seminantis
1791 4707 1952 4761 empo-

351 4767 520 4828 neret,
579 4763 728 4816 dixit
785 4779 801 4814 :
849 4761 1021 4817 Aliud
1061 4761 1248 4815 cecidit
1285 4763 1342 4814 in
1388 4766 1586 4814 terram
1635 4763 1854 4826 bonam,
1904 4766 1954 4816 et

355 4832 524 4886 dabat
575 4835 817 4899 fructum
884 4832 1278 4894 ascendentem,
1337 4837 1387 4886 et
1433 4838 1848 4898 tta-crescentem;
1905 4839 1954 4887 et
1982 4831 2032 4892 D

356 4903 622 4971 aﬂ'erebat
671 4919 837 4956 unum
897 4905 1145 4971 triginta,
1201 4908 1251 4958 et
1301 4919 1469 4957 unum
1533 4906 1850 4971 semaginta,
1905 4908 1954 4958 et

355 4989 524 5028 unum
552 4978 760 5028 centum
795 4976 989 5038 (Marci
1025 4975 1126 5041 tv).
1159 4975 1385 5029 Fructus
1437 4977 1575 5028 enim
1611 4981 1771 5029 terra:
1812 4975 1958 5028 bona:

357 5047 591 5114 triginta
629 5045 810 5112 affert,
837 5060 952 5098 cum
982 5060 1128 5098 mens
1162 5048 1541 5113 perfectionem
1569 5047 1700 5114 ﬁdei
1729 5063 1851 5116 qua:
1879 5053 1956 5101 est

357 5118 416 5170 in
462 5117 731 5171 Trinitate
770 5119 1082 5185 conceperit.
1123 5116 1418 5185 Sexaginta
1447 5117 1628 5186 aﬂ’ert,
1659 5134 1777 5172 cum
1811 5120 1958 5172 bona

355 5191 480 5259 vita
501 5203 665 5259 opera
681 5188 919 5258 perfecte
936 5187 1244 5256 protulerit.
1262 5190 1483 5243 Centum
1505 5201 1624 5242 vero
1642 5190 1823 5258 affert,
1839 5206 1958 5243 cum

361 5257 435 5310 ad
459 5257 687 5312 (eternal
703 5261 833 5312 vitae
861 5259 1353 5327 contemplationem
1372 5262 1680 5328 In'ofecerit.
1721 5262 1958 5316 Sinistra

361 5329 503 5380 enim
540 5335 722 5383 nostra
755 5335 832 5386 est
859 5333 976 5384 vita
1011 5344 1252 5401 praesens
1280 5349 1295 5384 :
1326 5331 1548 5384 dextera
1575 5347 1698 5386 vero
1726 5339 1804 5386 est
1843 5335 1960 5386 vita

359 5402 609 5452 uentu-ra.
648 5404 716 5452 Et
746 5410 884 5456 recte
901 5418 1000 5471 per
1037 5405 1402 5456 centenarium
1438 5417 1720 5457 numerum
1749 5410 1964 5458 (eterna:

359 5471 485 5523 vita:
512 5471 884 5543 contemplatio
907 5474 1243 5541 designatur,
1272 5475 1404 5543 quia
1427 5489 1546 5527 cum
1577 5481 1697 5543 post
1736 5478 1966 5542 triginta

363 5555 426 5594 ac
449 5542 740 5608 sexaginta
762 5541 836 5614 ad
865 5547 1206 5598 centesimum
1233 5541 1520 5599 numerum
1549 5541 1967 5614 computandum

355 5614 727 5682 pervenimus,
757 5611 898 5664 idem
929 5618 1259 5671 centenarias
1303 5631 1557 5670 numerus
1600 5611 1969 5670 iri—dexteram

316 5720 323 5727 -
365 5685 589 5737 transit.
641 5682 796 5736 Fides
823 5687 987 5751 atque
1012 5690 1253 5752 operatio
1286 5689 1467 5741 adhuc
1503 5689 1561 5740 in
1599 5690 1830 5741 sinistra
1857 5693 1966 5742 est:

364 5755 496 5824 quia
525 5754 611 5807 hic
639 5753 816 5807 adhuc
846 5757 1016 5828 positi
1039 5759 1088 5808 et
1116 5758 1380 5812 credimus
1410 5759 1552 5828 quod
1577 5774 1685 5812 non
1731 5759 1971 5814 uidemus

368 5829 419 5880 et
449 5840 739 5900 operantur
765 5830 827 5878 ut
849 5825 1141 5880 videamus.
1175 5828 1304 5883 Cum
1328 5825 1448 5882 verb
1463 5832 1584 5900 jam
1604 5846 1658 5884 se
1683 5833 1895 5885 animus
1915 5833 1975 5884 in

369 5897 858 5968 contemplationem
899 5901 1114 5954 eterna:
1156 5901 1282 5954 vitae
1316 5897 1657 5970 suspenderit
1678 5945 1692 5972 ,
1725 5904 1881 5972 quasi
1903 5901 1978 5957 ad

2045 2605 2323 2657 dearteram
2339 2619 2560 2657 manum
2571 2607 2844 2671 computus
2850 2605 3110 2672 pervenit.
3135 2604 3214 2656 Ita
3233 2604 3299 2655 D.
3322 2602 3640 2672 Gregorius.

2045 2676 2216 2728 Porro
2253 2683 2424 2728 totam
2458 2675 2599 2728 hanc
2630 2685 2806 2728 artem
2845 2673 3168 2744 supputandi
3216 2689 3312 2744 per
3336 2673 3536 2740 digitos
3564 2673 3644 2727 in-

2044 2752 2130 2799 ter
2148 2745 2489 2800 Venerabilis
2517 2745 2679 2800 Bedae
2705 2761 2869 2815 opera
2893 2743 3280 2814 cumplectitnr
3301 2744 3513 2798 libellus
3545 2743 3640 2815 qui

2051 2820 2126 2871 De
2154 2822 2398 2885 computo
2420 2819 2502 2871 vel
2538 2814 2754 2886 loquela
2769 2833 2867 2885 per
2905 2821 3110 2885 gestum
3152 2817 3443 2884 digitorum
3470 2814 3629 2870 inseri

2050 2886 2241 2959 bitur:
2269 2904 2331 2941 ex
2370 2904 2479 2959 quo
2527 2885 2642 2943 haec
2682 2896 2892 2941 tantum
2927 2897 3148 2942 notasse
3189 2885 3493 2959 suffecerit,
3527 2900 3648 2959 quae

2049 2959 2117 3011 ad
2141 2957 2302 3026 hujus
2321 2957 2422 3012 loci
2453 2968 2508 3013 et
2537 2975 2729 3014 eorum
2760 2975 2881 3029 qua:
2911 2959 3049 3014 dicta
3075 2966 3203 3014 sunt
3225 2957 3644 3028 intelligentiam

2051 3028 2268 3100 proprie
2307 3038 2595 3100 spectant:
2630 3031 2705 3085 sic
2734 3028 2896 3100 igitur
2934 3030 3078 3084 Beda
3121 3045 3282 3084 suum
3330 3038 3649 3098 computum

2051 3112 2102 3170 a-
2128 3099 2350 3152 sinistra’
2395 3115 2622 3156 exorsus
2671 3099 2840 3170 usque
2877 3101 2944 3156 ad
2991 3102 3199 3167 decem,
3242 3100 3471 3156 subdit:
3519 3101 3649 3154 Cum

2053 3167 2184 3223 dicis
2207 3170 2404 3232 decem,
2433 3187 2662 3240 unguem
2682 3167 2878 3226 indicis
2907 3175 2964 3226 in
2987 3174 3160 3227 medio
3178 3176 3306 3240 ﬁges
3335 3176 3460 3224 actu
3484 3172 3648 3240 polli-

2052 3242 2157 3304 cis;
2179 3253 2295 3292 cum
2321 3242 2452 3294 dicis
2478 3246 2720 3308 triginta,
2749 3259 2948 3308 ungues
2969 3245 3169 3296 indicis
3195 3248 3244 3295 et
3263 3244 3476 3309 pollicis
3509 3243 3648 3296 blan-

2053 3309 2121 3361 do
2145 3311 2431 3376 conjunges
2458 3312 2744 3377 amplexu;
2772 3326 2890 3362 cum
2919 3314 3223 3377 sexaginta,
3255 3309 3650 3378 pollicem'cur-

2052 3384 2238 3433 vatum
2255 3381 2776 3446 indicecircumﬂerco
2794 3381 3080 3446 diligenter
3094 3397 3127 3432 a
3151 3382 3646 3449 frontcprcecinges.

1977 3448 2022 3510 C
2055 3449 2258 3504 Deinde
2307 3457 2594 3520 postquam
2627 3458 2858 3505 caeteros
2888 3465 3149 3504 numeros
3191 3448 3508 3511 cardinales,
3553 3452 3645 3520 qui

2054 3519 2107 3574 in
2138 3519 2354 3592 sinistra
2389 3521 2536 3592 varie
2577 3521 3043 3592 exprimebantur,
3071 3538 3238 3592 usque
3265 3521 3330 3576 ad
3359 3522 3650 3592 nonaginta

2054 3591 2336 3664 exposuit;
2367 3591 2625 3664 deinceps
2651 3591 2954 3647 conversus
2984 3593 3050 3646 ad
3080 3591 3356 3648 desteram
3386 3591 3605 3662 subjicit
3631 3611 3644 3650 :

2055 3663 2185 3718 Cum
2205 3669 2414 3717 centum
2439 3663 2732 3732 signiﬁcas,
2751 3665 2927 3717 eodem
2943 3667 3116 3717 utaris
3127 3668 3299 3732 gestu,
3317 3680 3420 3732 quo
3438 3666 3496 3716 in
3519 3665 3652 3719 laeua

2055 3733 2229 3788 decem
2272 3736 2627 3806 monstrabas.
2675 3738 2747 3806 lix
2794 3735 2992 3806 quibus
3029 3735 3207 3788 verbis
3251 3735 3429 3803 colligi
3462 3733 3643 3806 debet,

2093 3821 2160 3860 ua
2208 3805 2421 3860 ratione
2466 3804 2825 3860 centenarius‘
2860 3820 3120 3859 numerus
3164 3806 3272 3859 sive
3322 3804 3652 3860 centesimus

2095 3891 2123 3928 e
2173 3875 2388 3931 sinistra
2433 3885 2528 3932 aut
2581 3877 2710 3932 laeva
2759 3875 3148 3931 transferretur
3199 3875 3250 3929 in
3291 3875 3575 3930 dexteram
3633 3894 3646 3933 :

2055 3947 2180 4016 quia
2209 3947 2471 4002 nimirum
2517 3949 2667 4002 laeva:
2713 3947 2890 4016 digitis
2927 3961 3098 4015 usque
3125 3947 3191 4001 ad
3219 3956 3440 4000 centum
3472 3961 3656 4000 nume-

2056 4016 2283 4069 rabant:
2333 4017 2386 4069 in
2423 4018 2720 4070 centesimo
2761 4017 2828 4069 ad
2862 4016 3111 4070 dextram
3157 4018 3500 4070 transibant:
3543 4030 3651 4085 qua

2055 4085 2184 4139 item
2215 4087 2451 4149 ratione,
2480 4089 2726 4153 triginta,
2750 4095 2808 4138 ut
2831 4085 2906 4138 ait
2931 4086 3318 4156 Hieronymus,
3344 4089 3655 4152 referuntur

2057 4158 2398 4228 adnuptias;
2421 4156 2796 4228 semgintarad
2823 4157 3051 4222 viduas;
3080 4166 3302 4210 centum
3330 4157 3436 4228 (qui
3460 4172 3651 4212 nume-

2056 4243 2153 4282 rus
2205 4229 2414 4298 primus
2457 4237 2540 4282 est
2577 4227 2642 4280 'in
2685 4227 2906 4293 dextra)
2951 4227 3017 4280 ad
3073 4227 3453 4298 virginitatem.
3515 4231 3653 4284 Nam

2066 4297 2478 4354 matrimonium
2528 4298 2669 4370 ideo,
2701 4313 2796 4370 per
2838 4297 3053 4370 triginta
3101 4297 3391 4370 signiﬁcari
3434 4298 3652 4368 dicitur,

2065 4371 2210 4440 quod
2251 4386 2316 4424 eo
2345 4384 2607 4432 numero,
2659 4369 2794 4440 leui,
2814 4369 3068 4440 mollique
3117 4369 3370 4425 contactu
3416 4370 3652 4440 pollicis,

2063 4439 2386 4511 indicisque,
2415 4441 2674 4512 conjuaes
2721 4439 2874 4512 velut
2912 4439 3287 4496 exOsculantes
3331 4458 3390 4496 se
3418 4439 3656 4512 conjun-

2063 4521 2302 4580 gantur:
2345 4513 2484 4567 sicut
2520 4511 2751 4568 viduitas
2796 4511 3187 4583 viduarumque
3213 4513 3435 4566 afflictio
3483 4511 3657 4583 expri-

2061 4583 2230 4637 mitur
2259 4599 2321 4637 ex
2367 4583 2562 4638 indicis
2601 4599 2761 4654 supra
2811 4582 3060 4652 pollicem
3097 4582 3448 4637 deflexione:
3503 4582 3659 4654 virgi-

2062 4669 2193 4708 num
2223 4663 2403 4708 autem
2423 4651 3150 4722 corona,'quaaicentenario
3189 4668 3417 4708 numero
3444 4651 3654 4722 signifi-

2062 4732 2237 4787 catur,
2276 4740 2338 4778 ex
2375 4726 2599 4790 circulo,
2644 4724 2736 4793 qui
2767 4722 2964 4777 indicis
3001 4739 3180 4792 ungue
3214 4724 3264 4778 in
3293 4724 3474 4778 medio
3507 4723 3658 4792 polli-

2062 4796 2139 4850 cis
2199 4795 2394 4850 deﬁxo'
2429 4796 2484 4849 in
2537 4795 2724 4850 dextra
2785 4793 3135 4862 exprimitur,
3187 4795 3360 4849 instar
3415 4810 3654 4850 coronae.

2065 4867 2298 4921 Centum
2329 4881 2457 4921 vero
2503 4874 2557 4920 et
2608 4865 2698 4936 qui
2741 4862 2995 4928 deinceps
3019 4875 3320 4936 sequuntur
3358 4866 3566 4919 mmeri
3601 4868 3660 4920 in

2065 4937 2252 4992 dextra
2319 4936 2595 4992 numerari
2667 4936 2857 4990 solitos
2893 4936 3074 4990 docet
3119 4937 3280 4990 etiam
3335 4936 3423 4991 illa
3483 4945 3658 5006 poetae

2065 5009 2261 5064 satirici
2307 5007 2547 5062 carmina
2581 5008 2846 5070 (Juvenal.
2891 5007 3061 5062 Satir.
3111 5010 3216 5075 IO),
3260 5009 3350 5063 ubi
3397 5008 3463 5062 de
3523 5010 3660 5060 Nes-

2066 5088 2205 5138 tore.
2245 5095 2408 5151 quem
2438 5087 2710 5134 trecentos
2737 5093 2908 5133 annos
2923 5079 3084 5151 ,__hoc
3107 5089 3211 5145 est,
3250 5081 3350 5151 tria
3380 5078 3667 5133 hominum

2066 5148 2276 5207 saecula
2297 5151 2486 5206 vixisse
2519 5152 2794 5204 Homerus
2825 5148 3022 5219 prodit,
3053 5149 3123 5202 ita
3149 5149 3296 5203 canit
3329 5168 3340 5200 :

2225 5246 2353 5294 Felix
2391 5244 2638 5304 nimirum,
2668 5242 2750 5302 qui
2785 5255 2869 5304 per
2889 5245 2956 5289 tot
2981 5242 3161 5290 saacula
3194 5246 3397 5290 mortem

2222 5307 2442 5365 Distulit,
2472 5313 2616 5368 atque
2639 5319 2756 5355 suos
2771 5306 2868 5365 jam
2893 5304 3062 5352 dextra
3087 5309 3331 5366 computat
3359 5317 3525 5352 annos.

2073 5403 2250 5472 Quem
2278 5402 2526 5456 imitatus
2553 5399 2811 5472 Sidonius
2836 5399 3032 5453 Fausto
3061 5397 3410 5468 applaudens,
3437 5407 3678 5472 etgran-

2074 5471 2293 5530 datvum
2331 5472 2660 5544 significans,
2692 5471 2837 5544 velut
2875 5471 3248 5544 centenarium
3275 5489 3285 5523 :
3317 5471 3672 5541 Quandoqui-

2076 5547 2216 5611 dem,
2247 5543 2343 5606 ait,
2376 5542 2492 5597 tuos
2513 5557 2680 5597 annos
2707 5542 2830 5610 jam
2855 5542 3083 5596 dextera
3107 5545 3470 5596 numeraverit
3492 5545 3667 5607 (Libr.

2081 5633 2171 5678 ix,
2205 5617 2361 5678 epist.
2388 5617 2464 5678 9).

2147 5615 2494 5755 gelzlhs‘iigztd
2535 5687 2786 5739 Marcum
2828 5683 2902 5755 in
2928 5681 3106 5755 verbis
3154 5699 3316 5755 supra
3370 5685 3563 5738 citatis.
3595 5685 3676 5736 Ex

2080 5753 2489 5829 quiliusgetiam
2540 5755 2854 5829 intelligitur
2893 5753 3040 5808 illam
3089 5753 3324 5829 centupli
3370 5755 3684 5829 retributio:

2083 5822 2210 5885 nem
2245 5827 2311 5882 ad
2347 5843 2584 5899 praesens
2618 5822 2880 5899 saeculum
2925 5841 3041 5880 esse
3069 5822 3441 5893 referendam;
3483 5841 3592 5881 non
3615 5822 3682 5880 ad

2083 5898 2354 5966 futurum,
2381 5899 2439 5955 in
2469 5915 2578 5972 quo
2603 5899 2756 5956 nulla
2782 5898 2885 5954 erit
2913 5899 3226 5968 persecutio.
