3998 6432
310 321 374 375 Π
1287 323 1380 380 ΑΙ)
1417 320 1741 381 Ρορυιυιι
1779 326 2276 388 ΑΝΤΙΟΟΙΙΕΝῸΜ
2340 330 2570 390 ιιοΜιι.
2618 337 2653 392 Ι.
3525 348 3592 402 18

305 438 385 489 cia
412 448 530 497 eos,
550 433 641 503 qui
673 442 903 490 mentem
929 434 1203 502 adhibent,
1225 434 1437 493 diabolo
1461 430 1895 503 inexpugnabiles

306 525 524 591 reddit;
550 533 606 580 et
628 533 896 596 tamquam
922 527 1039 599 lyra
1066 542 1278 585 rursum
1305 526 1472 582 multa
1498 538 1621 580 cum
1646 521 1897 593 jucundi-

307 626 416 672 tate
441 616 734 681 delectans,
761 618 1111 674 absurdarum
1138 619 1357 674 morbos
1399 616 1779 687 cogitationum
1802 628 1895 668 so-

309 712 405 781 pit,
439 726 504 765 ac
530 711 750 766 multam
778 727 899 766 cum
941 713 1215 783 voluptate
1240 712 1395 768 nobis
1417 711 1573 766 aﬂ'ert
1596 710 1896 764 utilitatem.

305 803 547 860 Audistis
590 804 750 874 igitur
794 804 954 860 hodie
980 805 1049 861 de
1077 806 1260 862 multis
1297 815 1352 860 et
1394 803 1713 860 necessariis
1739 801 1901 856 rebus

309 894 595 950 Timotheo
633 895 1032 951 disserentem?
1061 897 1271 952 Etenim
1298 896 1365 951 de
1391 892 1813 951 ordinationibus
1835 890 1902 946 ad

305 987 482 1055 ipsum
509 986 744 1055 scripsit,
770 986 957 1043 dicens
986 1005 1001 1043 :
1028 986 1216 1042 Manus
1241 989 1340 1042 cito
1368 986 1556 1042 nemini
1578 983 1898 1056 imposueris,

301 1095 465 1149 neque
488 1081 928 1135 communicaveris
956 1083 1170 1153 peccatis
1189 1081 1367 1135 alienis
1399 1081 1472 1151 (i.
1517 1078 1650 1133 Tim.
1682 1078 1735 1134 5.
1768 1076 1899 1146 2‘2):

307 1182 363 1227 et
385 1171 725 1227 intolerabile
750 1172 870 1227 talis
914 1172 1367 1243 praevaricationis
1407 1170 1702 1240 periculum
1732 1182 1900 1237 expo-

308 1264 435 1327 suit,
472 1262 848 1319 demonstrans
867 1264 1008 1333 quod
1036 1264 1298 1319 malorum
1327 1262 1396 1318 ab
1418 1262 1538 1316 aliis
1566 1267 1900 1331 perpetrato-

303 1369 425 1409 rum
457 1354 776 1439 supplicium
819 1355 907 1409 alii
935 1370 1054 1410 cum
1082 1355 1190 1410 illis
1232 1355 1364 1424 ipsis
1392 1352 1750 1416 sustinebunt,
1780 1350 1903 1420 quia

302 1461 400 1516 per
448 1446 838 1502 ordinationem
885 1447 1210 1516 improbitati
1246 1446 1527 1502 conferunt
1561 1451 1900 1515 potestatem.
1936 1458 1939 1459 ν

302 1536 427 1591 Mox
458 1552 646 1592 rursus
692 1536 863 1606 inquit
891 1556 905 1590 :
937 1536 1068 1592 Vino
1091 1539 1289 1592 modico
1312 1552 1453 1592 utere
1482 1544 1686 1605 propter
1715 1544 1902 1588 stoma-

298 1628 454 1680 clntm
485 1637 645 1688 tuum,
667 1635 716 1682 et
736 1627 1017 1697 frequentes
1037 1637 1150 1683 tuas
1173 1630 1493 1698 inﬁrmitates
1522 1626 1681 1698 (Ibid.
1709 1641 1761 1679 v.
1783 1624 1900 1695 25).

300 1719 367 1774 Et
392 1718 463 1773 de
494 1732 773 1775 servorum
802 1720 1154 1790 subjectione,
1182 1729 1237 1776 et
1264 1719 1332 1774 de
1358 1734 1640 1774 avarorum
1668 1716 1894 1781 insania,

297 1819 355 1865 et
377 1809 449 1865 de
477 1809 699 1865 divitum
727 1812 1027 1881 arrogantia
1045 1852 1061 1877 ,
1088 1821 1144 1867 et
1171 1811 1238 1867 de
1265 1811 1446 1866 multis
1473 1811 1593 1865 aliis
1618 1808 1772 1864 nobis
1800 1807 1901 1864 ho-

298 1900 387 1956 die
410 1900 691 1957 disseruit.
717 1902 852 1959 Cum
891 1903 1053 1973 igitur
1087 1903 1267 1958 omnia
1298 1912 1608 1972 pet-Currere
1650 1915 1754 1955 non
1781 1913 1904 1968 pos-

300 1992 498 2058 simus,
526 1991 652 2060 quid
680 1992 843 2047 vultis
867 1995 1921 2067 ecommemoratisproponentescbari-

299 2084 393 2139 tati
423 2092 623 2139 vestrae
663 2085 944 2141 dicamus?
976 2086 1133 2141 Velut
1172 2087 1315 2142 enim
1355 2086 1408 2141 in
1434 2099 1588 2156 prato
1628 2083 1825 2140 multos
1848 2092 1905 2138 et

300 2177 482 2230 varios
526 2175 683 2231 video
732 2176 972 2233 lectionis
1014 2177 1175 2234 ﬂores
1221 2185 1278 2233 et
1320 2177 1553 2248 amplum
1601 2177 1898 2242 rosarium,

299 2266 504 2345 multas
531 2281 662 2322 vero
690 2267 878 2335 violas,
907 2284 1007 2324 nec
1035 2269 1281 2338 pauciora
1328 2268 1433 2323 lilia
1457 2285 1474 2334 ;
1506 2267 1599 2325 sed
1627 2280 1681 2323 et
1698 2268 1901 2322 varium

301 2358 508 2429 ubique
548 2368 603 2416 et
628 2360 901 2431 copiosum
930 2362 1151 2433 spiritus
1188 2361 1417 2418 fructum
1456 2363 1858 2417 disseminatum
1883 2403 1899 2427 ,

298 2456 355 2504 et
378 2449 607 2504 multam
633 2449 816 2505 odoris
840 2451 1155 2507 suavitatem
1187 2469 1202 2504 :
1235 2453 1342 2508 imo
1369 2468 1498 2508 vero
1535 2467 1639 2505 non
1671 2460 1903 2507 tantum-

301 2539 466 2594 modo
496 2549 725 2608 pratum,
755 2556 940 2596 verum
989 2541 1268 2611 paradisus
1306 2551 1389 2598 est
1412 2542 1708 2597 divinarum
1744 2541 1903 2597 lectio

301 2629 703 2700 Scripturarum
740 2651 754 2687 :
783 2648 888 2686 non
933 2633 1075 2688 enim
1106 2632 1450 2704 fragrantiam
1481 2634 1656 2689 solum
1707 2634 1901 2689 nudam

301 2719 506 2776 habent
533 2721 651 2790 ejus
695 2721 876 2788 ﬂores,
906 2723 999 2780 sed
1028 2733 1081 2779 et
1120 2722 1349 2779 fructum
1371 2766 1388 2791 ,
1415 2725 1505 2795 qui
1536 2725 1768 2780 animam
1797 2742 1899 2780 nu-

302 2812 431 2868 trire
482 2815 668 2882 possit.
715 2814 850 2883 Quid
893 2815 1052 2885 igitur
1082 2816 1149 2871 de
1191 2815 1350 2871 dictis
1391 2816 1448 2871 in
1478 2816 1712 2872 medium
1743 2816 1901 2871 vultis

299 2917 526 2973 agamus
552 2904 751 2959 hodie?
794 2906 953 2961 vultis
990 2906 1129 2976 quod
1157 2907 1397 2962 omnium
1442 2908 1757 2962 vilissimum
1781 2922 1902 2962 esse

302 2993 540 3057 videtur,
588 3005 643 3050 et
676 2996 973 3066 quibusque
1018 2998 1290 3052 intellectu
1334 2997 1665 3065 facillimum,
1715 2998 1818 3053 hoc
1847 2999 1899 3052 in

302 3088 559 3153 prmsenti
583 3086 915 3142 tractemus?
944 3087 1068 3142 Mihi
1098 3104 1289 3159 nempe
1309 3090 1502 3159 placet,
1529 3089 1624 3144 sed
1650 3098 1706 3145 et
1724 3089 1896 3155 vobis,

302 3174 404 3231 hoc
442 3176 585 3231 bene
633 3177 776 3241 novi,
829 3180 1025 3247 pariter
1054 3180 1302 3249 placebit.
1350 3179 1486 3248 Quid
1524 3196 1653 3236 vero
1683 3181 1896 3237 tandem

299 3274 384 3320 est
425 3265 551 3320 aliis
600 3265 849 3323 facilius?
877 3269 1001 3337 quid
1049 3278 1227 3324 autem
1269 3270 1411 3324 aliud
1452 3286 1612 3341 quam
1661 3271 1800 3340 quod
1845 3280 1900 3326 et

303 3355 528 3410 cuilibet
572 3356 722 3411 facile
772 3367 824 3411 et
853 3358 994 3412 dictu
1024 3360 1467 3427 compendiosum
1495 3375 1615 3415 esse
1642 3361 1898 3416 videtur?

303 3447 477 3512 Quale
501 3447 715 3517 quidem
745 3448 927 3503 istud?
957 3448 1162 3503 Modico
1186 3450 1300 3504 vino
1325 3460 1463 3505 utere
1482 3461 1688 3522 propter
1707 3461 1897 3505 stoma-

302 3539 453 3592 cltum
504 3547 682 3606 tuum,
720 3550 768 3592 et
813 3540 1012 3594 crebras
1062 3540 1384 3609 aegritudines
1424 3551 1556 3595 tuas.
1613 3541 1706 3596 Eia
1740 3542 1897 3611 igitur

302 3646 520 3686 omnem
570 3631 866 3686 orationem
939 3631 994 3687 in
1069 3631 1208 3687 hanc
1274 3632 1642 3704 impendamus
1705 3633 1896 3689 dictio-

302 3736 449 3779 nam.

372 3832 662 3905 Scriptum
684 3850 843 3889 sacrm
866 3836 943 3889 vel
965 3836 1189 3891 minime
1210 3837 1464 3891 sententiae
1488 3839 1719 3906 pretiosa:
1759 3846 1894 3890 sunt.

301 3925 505 3979 --lloc
519 3934 696 3980 autem
728 3923 951 3981 facimus
981 3943 1086 3981 non
1108 3928 1414 3982 ambitionis
1432 3928 1621 3997 gratia,
1653 3945 1825 3998 neque
1844 3930 1895 3984 in

300 4014 534 4070 dicendo
558 4014 824 4072 facultatis
863 4018 1274 4074 ostentationem
1304 4020 1558 4075 exhibere
1587 4021 1895 4076 studentes:

306 4120 412 4161 non
441 4107 586 4161 enim
610 4123 729 4176 qua:
763 4108 1010 4163 dicuntur
1030 4118 1210 4164 nostra
1236 4118 1378 4172 sunt.
1407 4111 1501 4166 sed
1529 4127 1647 4181 qua:
1673 4112 1898 4181 Spiritus

302 4199 474 4269 gratia
498 4198 762 4255 afﬂaverit
786 4217 800 4253 :
831 4200 924 4256 sed
957 4209 1014 4256 ut
1050 4201 1322 4257 auditores
1348 4203 1430 4257 vel
1459 4203 1734 4272 segniores
1756 4203 1901 4259 exci-

306 4300 506 4357 temus,
551 4300 606 4346 et
652 4301 880 4361 quantus
927 4294 996 4347 sit
1039 4293 1433 4363 Scripturarum
1486 4294 1800 4357 thesaurus,
1846 4306 1901 4350 et

301 4382 448 4452 quod
475 4397 646 4453 neque
676 4383 902 4440 liberum
931 4384 1000 4440 sit
1026 4400 1200 4455 neque
1244 4395 1416 4441 tutum
1459 4402 1551 4443 eas
1581 4397 1898 4458 praetercur-

306 4488 449 4539 rere,
481 4474 919 4543 persuadeamus.
951 4475 1009 4531 Si
1033 4477 1176 4531 enim
1209 4478 1384 4532 tenuis
1411 4478 1525 4533 haec
1552 4487 1604 4533 et
1646 4494 1901 4548 compen-

304 4566 459 4621 diosa
490 4567 671 4633 dictio,
698 4578 753 4623 et
776 4584 896 4638 qua:
936 4568 1070 4624 nihil
1101 4571 1460 4624 necessarium
1487 4572 1668 4624 multis
1706 4571 1900 4625 habere

304 4658 539 4724 videtur,
586 4659 874 4714 multarum
915 4675 1133 4716 causam
1179 4660 1485 4718 divitiarum
1529 4670 1585 4715 et
1626 4661 1900 4717 altissimae

302 4749 658 4819 philosophia:
703 4751 1011 4806 occasiones
1059 4750 1215 4806 nobis
1247 4752 1487 4819 prmbcre
1536 4752 1646 4806 visa
1693 4752 1897 4817 fuerit;

303 4840 476 4898 multo
498 4839 667 4910 magis
697 4841 806 4906 illa,
835 4857 954 4912 qua:
1000 4852 1055 4897 et
1081 4858 1148 4898 ex
1176 4858 1237 4898 se
1264 4842 1608 4899 domesticam
1634 4852 1903 4899 ostentant

306 4935 555 5004 copiam,
596 4934 820 4989 inﬁnitis
867 4935 1131 4991 thesauris
1186 4936 1670 4992 animadvertentes
1712 4937 1903 5004 imple-

306 5024 462 5079 bunt.
510 5023 674 5095 Igitur
716 5041 817 5081 nec
844 5027 962 5082 illas
990 5028 1205 5096 quidem
1226 5070 1241 5094 ,
1287 5044 1407 5099 qua:
1450 5040 1637 5084 tenues
1664 5044 1782 5085 esse
1806 5046 1904 5097 pu-

307 5126 507 5183 tantur,
530 5118 927 5186 Scripturarum
949 5121 1242 5175 sententias
1256 5131 1745 5190 prmtercurramos.
1769 5119 1899 5174 Nam

305 5218 361 5265 et
383 5209 515 5280 ipsa:
535 5208 605 5266 de
626 5209 859 5282 Spiritus
897 5213 1067 5282 gratia
1092 5221 1220 5268 sunt
1246 5231 1261 5268 :
1289 5212 1519 5283 Spiritus
1539 5221 1713 5268 autem
1736 5213 1902 5284 gratia

309 5406 447 5464 nunc
473 5408 713 5464 pra-terea
735 5401 929 5454 titulum
967 5405 1117 5456 habet
1148 5404 1350 5456 savilius
1382 5408 1491 5457 sine
1513 5407 1809 5457 discrimine.
1835 5414 1902 5457 Ex

309 5462 548 5527 hisporro
572 5466 738 5514 verbis
765 5466 872 5516 lnec
900 5466 1043 5516 titulo
1078 5475 1248 5518 nostro
1270 5468 1531 5518 inserenda
1562 5470 1805 5527 duximus,
1850 5470 1902 5519 in

306 5521 584 5593 Pttltraseu
604 5527 761 5593 veteri
781 5527 1003 5593 ecclesia.
1021 5529 1174 5593 Palma
1196 5542 1283 5579 seu
1324 5538 1484 5588 vetus,
1512 5534 1769 5580 vocabatur
1793 5521 1903 5593 pars

312 5587 562 5636 Antiochia:
586 5589 724 5637 urbis
745 5589 802 5637 ad
826 5597 1055 5639 Orontem
1078 5591 1275 5641 ﬂuvium
1293 5593 1415 5641 sita:
1438 5593 1486 5640 in
1508 5605 1602 5641 (ma
1623 5599 1730 5641 erat
1744 5587 1904 5641 eccle—

308 5650 381 5716 sia
401 5649 547 5716 tjalaza
571 5650 692 5716 item
729 5651 873 5716 dicta,
903 5649 1652 5716 eti_amque_Apostolica,quiaab
1674 5653 1905 5716 apostolis

311 5707 526 5824 fpun%:a.
552 5711 669 5761 \ide
692 5725 804 5775 qua:
827 5713 916 5762 hac
947 5713 1012 5764 de
1046 5707 1104 5764 r'e
1137 5707 1348 5765 diximus
1386 5707 1585 5765 iu'E'dit.
1632 5707 1896 5776 Athanasii,

2005 449 2293 509 numquam
2341 459 2503 515 parva
2546 454 2602 503 et
2626 447 2765 514 vilis,
2796 450 2891 505 sed
2919 466 3105 523 magna
3136 463 3191 511 et
3231 456 3511 521 mirabilis.
3542 473 3596 519 ct

2004 531 2181 588 dantis
2204 537 2564 594 munificentia
2594 540 2773 612 digna.
2801 542 2880 599 Ne
2910 544 3069 615 igitur
3090 549 3263 605 otiose
3286 551 3593 622 audiamus,

2003 625 2252 729 quoniam
2270 629 2358 699 qui
2379 632 2712 689 metallorum
2736 645 2930 692 terram
2960 654 3282 712 excoquunt.
3315 656 3594 719 postquam

2006 720 2062 771 in
2083 720 2348 775 caminum
2378 723 2545 793 ipsam
2574 727 2868 796 injecerint,
2888 747 2993 786 non
3026 742 3227 789 tantum
3255 739 3367 792 auri
3391 756 3593 796 massas

2007 809 2219 875 tollunt,
2248 813 2340 867 sed
2380 829 2431 869 et
2475 830 2665 884 parvas
2696 818 2992 877 bracteolas
3017 825 3182 880 multa
3230 843 3348 881 cum
3394 831 3589 885 seduli

2009 909 2115 956 tate
2143 904 2417 975 colligunt.
2461 908 2719 975 Quoniam
2753 913 2910 982 igitur
2951 924 3006 969 et
3035 932 3133 972 nos
3161 935 3349 973 aurum
3377 938 3442 975 ex
3468 937 3572 990 apo

2005 997 2207 1051 stolicis
2234 998 2477 1055 haustum
2507 1004 2736 1057 metallis
2774 1008 3135 1078 excoquimus,
3169 1027 3272 1064 non
3323 1013 3372 1065 in
3418 1012 3565 1067 fortia

2005 1101 2123 1141 cem
2171 1087 2466 1157 jacientes,
2524 1093 2616 1148 sed
2669 1096 2721 1149 in
2775 1098 2965 1152 anima:
3011 1110 3203 1154 vestrm
3251 1103 3599 1172 cogitationes

2007 1176 2373 1241 immittentes.
2416 1199 2521 1239 non
2567 1185 2832 1242 ﬂammam
2880 1191 3250 1253 accendt-mes,
3284 1194 3377 1249 St‘d
3424 1210 3597 1264 ignem

2007 1272 2226 1341 Spiritus
2266 1277 2599 1344 excitantes;
2633 1296 2820 1349 parvas
2847 1283 3006 1337 etiam
3054 1286 3219 1339 micas
3264 1302 3450 1354 magna
3481 1288 3599 1343 dili-

2005 1367 2181 1433 gentia
2234 1368 2564 1437 colligamus.
2615 1370 2765 1427 Licet
2817 1374 2957 1428 enim
3009 1375 3171 1437 breve
3220 1378 3289 1430 sit
3335 1378 3596 1446 verbum,

2007 1456 2171 1509 multa
2205 1466 2379 1513 tamen
2412 1469 2494 1515 est
2538 1462 2745 1528 virtus;
2775 1465 3022 1533 quoniam
3072 1475 3125 1521 et
3159 1484 3383 1535 gemma:
3412 1485 3514 1523 non
3547 1470 3597 1525 in

2006 1550 2249 1619 Corporis
2294 1554 2455 1618 mole,
2501 1556 2595 1610 sed
2648 1556 2703 1610 in
2751 1568 2953 1613 natura:
3002 1560 3395 1629 pulchritudine
3444 1577 3597 1618 suum

2008 1643 2236 1711 pretium
2289 1645 2306 1677 ί
2352 1645 2567 1709 habent,
2626 1647 2704 1702 sic
2752 1658 2805 1703 et
2857 1649 3155 1705 divinarum
3206 1652 3598 1723 Scripturarum

2006 1732 2184 1787 lectio.
2219 1734 2452 1789 Externa
2475 1739 2670 1807 quippe
2696 1738 2934 1794 doctrina
2959 1741 3152 1795 multas
3176 1744 3386 1811 jactans
3410 1759 3598 1813 nugas,

1997 1834 2058 1904 .ct
2074 1825 2293 1881 multam
2313 1826 2598 1883 infundens
2612 1831 2939 1886 auditoribus
2966 1831 3288 1899 futilitatem,
3306 1849 3400 1889 eos
3420 1835 3602 1889 vacuis

2007 1918 2230 1973 remittit
2258 1919 2523 1987 manibus,
2570 1920 2771 1976 nullum
2806 1937 2976 1993 neque
3004 1939 3251 1993 magnum
3284 1940 3455 1993 neque
3482 1939 3605 1993 par-

2005 2023 2129 2062 vum
2157 2009 2389 2065 lucratos
2422 2013 2861 2067 emolumentum.
2889 2014 3118 2083 Spiritus
3143 2029 3270 2069 vero
3296 2016 3466 2085 gratia
3494 2028 3599 2068 non

2005 2099 2312 2169 hujusmodi
2337 2143 2353 2168 ,
2395 2101 2493 2158 sed
2532 2102 2583 2156 in
2625 2104 2950 2158 contrarium
2995 2105 3215 2159 omnino
3260 2121 3354 2174 per
3392 2105 3599 2160 modica

2006 2190 2168 2247 verba
2196 2192 2444 2245 omnibus
2464 2191 2867 2247 adverteutilnts
2891 2193 3285 2263 philosoiahiam
3314 2194 3468 2249 affert
3501 2213 3513 2247 :
3543 2204 3600 2249 et

2006 2282 2188 2337 multis
2225 2297 2368 2352 saepe
2395 2284 2614 2339 verbum
2641 2300 2802 2338 unum
2834 2286 3030 2341 snfticit
3056 2288 3179 2341 hinc
3222 2289 3557 2357 excerpsisse
3580 2331 3596 2354 ,

2008 2385 2065 2430 ut
2094 2377 2256 2431 totius
2295 2377 2417 2431 vitm
2444 2379 2690 2432 viaticum
2719 2379 2968 2434 habeant.

2076 2469 2131 2523 2.
2177 2469 2438 2538 Quoniam
2488 2471 2648 2540 igitur
2690 2478 2835 2525 tanta
2883 2472 3036 2526 adest
3080 2472 3253 2541 copia,
3306 2486 3406 2526 nos
3457 2471 3601 2541 ipsos

2007 2560 2320 2622 excitemus,
2355 2570 2409 2614 et
2440 2562 2580 2630 vigili
2606 2572 2788 2616 mente
2812 2562 3204 2632 quardicuntur
3226 2562 3596 2630 suscipiamus:

2006 2650 2072 2703 ad
2101 2665 2346 2718 magnam
2376 2650 2518 2705 enim
2547 2650 2956 2720 profunditatem
2986 2665 3289 2706 sermonem
3318 2651 3600 2707 demittere

2006 2757 2158 2812 paro.
2203 2742 2382 2799 Multis
2408 2743 2548 2797 enim
2576 2745 2735 2798 etiam
2781 2744 3044 2812 superﬂua
3076 2755 3131 2798 et
3155 2744 3598 2813 superabundans

2006 2848 2128 2888 esse
2165 2833 2280 2888 huic
2311 2834 2605 2890 admonitio
2630 2836 3022 2905 quodammodo
3048 2837 3273 2899 videtur,
3305 2837 3444 2906 iique
3473 2835 3597 2890 talia

2004 2925 2192 2980 dicunt
2217 2927 2377 2980 verba
2412 2926 2564 2981 :Non
2614 2943 2709 2996 per
2754 2929 2988 2995 seipsum
3037 2936 3245 2996 poterat
3284 2926 3599 2981 Timmheus

2005 3018 2298 3088 conjicere,
2330 3035 2432 3088 qua
2463 3034 2523 3074 re
2543 3021 2616 3074 uti
2639 3028 2907 3090 oporteret
2928 3021 2972 3086 ⁸,
3000 3036 3186 3075 verum
3215 3034 3244 3073 a
3268 3028 3596 3088 praeceptore

2003 3111 2209 3166 discere
2249 3112 2633 3182 exspectabat?
2661 3112 2795 3178 Quid
2824 3115 2964 3181 quod
3014 3124 3312 3181 praeceptor
3340 3127 3444 3167 non
3477 3123 3598 3165 tan-

2007 3212 2116 3257 tum
2136 3203 2432 3272 imperavit,
2451 3203 2546 3258 sed
2573 3213 2630 3259 et
2656 3204 2845 3258 litteris
2872 3205 3115 3268 inseruit,
3144 3215 3411 3273 tamquam
3440 3219 3598 3261 :L-reze

2003 3295 2284 3360 columnae,
2320 3295 2457 3350 datte
2500 3294 2567 3350 ad
2615 3295 2788 3359 ipsum
2837 3296 3075 3365 epistola:
3118 3296 3462 3365 insculpens;
3495 3311 3596 3351 nec

2004 3387 2214 3442 erubuit
2244 3387 2544 3456 hujusmodi
2571 3401 2658 3443 res
2683 3387 2960 3455 scriptum:
2988 3387 3241 3442 mandare
3266 3397 3321 3443 et
3349 3387 3415 3442 ad
3446 3388 3599 3443 disci-

2004 3479 2187 3548 pulum
2214 3478 2421 3547 publice
2448 3478 2698 3548 legendas
2718 3478 2965 3534 mittere?
2988 3478 3054 3535 Ut
3080 3480 3238 3550 igitur
3257 3479 3434 3534 discas
3453 3479 3595 3549 quod

2004 3586 2112 3624 non
2152 3579 2359 3626 tantum
2392 3586 2496 3625 non
2523 3572 2783 3627 redundet
2812 3572 3121 3636 admonitio,
3168 3573 3261 3627 sed
3295 3573 3593 3628 necessaria

2002 3672 2057 3717 et
2083 3664 2363 3719 utilissima
2387 3665 2492 3729 sit;
2517 3673 2569 3718 et
2596 3679 2701 3719 non
2729 3679 2757 3718 a
2787 3664 2970 3729 Paulo,
3001 3664 3095 3719 sed
3123 3679 3153 3718 a
3180 3664 3409 3733 Spiritus
3427 3664 3596 3733 gratia

2004 3754 2201 3809 factum
2243 3757 2333 3819 sit,
2354 3765 2411 3810 ut
2438 3757 2538 3810 hoc
2564 3772 2669 3810 non
2691 3756 2852 3810 modo
2872 3757 3155 3820 diceretur,
3174 3755 3267 3810 sed
3279 3755 3442 3811 etiam
3457 3755 3582 3809 litte-

2002 3849 2079 3905 ris
2109 3848 2411 3904 traderetttr
2436 3857 2491 3904 et
2511 3848 2580 3903 ad
2612 3864 2800 3904 omnes
2831 3860 3075 3920 posteros
3108 3864 3202 3919 per
3232 3847 3367 3902 hanc
3393 3855 3596 3917 episto-

2004 3940 2106 3993 lam
2135 3940 2442 3995 deveniret:
2461 3938 2527 3994 ad
2557 3940 2725 4009 ipsam
2755 3954 2877 3993 mox
2904 3940 3268 4009 probationem
3297 3940 3592 3995 veniemus.

2002 4032 2082 4087 Ad
2116 4032 2230 4087 haec
2265 4033 2408 4087 enim
2439 4032 2507 4087 de
2529 4031 2631 4087 alia
2672 4047 2885 4102 quoque
2914 4047 2973 4087 re
3016 4047 3120 4086 non
3153 4030 3329 4085 minus
3355 4031 3599 4085 dubitant

2002 4125 2216 4195 quidam
2265 4125 2402 4179 intra
2451 4140 2511 4180 se
2560 4136 2881 4195 qumrentes,
2912 4140 3014 4194 qua
3058 4125 3124 4178 de
3150 4140 3308 4180 causa
3354 4124 3598 4193 permisit

2004 4216 2146 4272 Deus
2176 4216 2345 4270 virum
2390 4225 2595 4291 tantam
2617 4215 2899 4270 habentem
2932 4224 3268 4285 potestatem,
3294 4217 3448 4285 cujus
3474 4230 3598 4270 ossa

2001 4317 2056 4362 et
2098 4309 2337 4378 reliquiae
2362 4309 2635 4363 dzcmones
2679 4308 3035 4376 expellerent,
3071 4310 3122 4362 in
3153 4316 3351 4362 tantam
3382 4308 3598 4378 :rgrilu—

2003 4402 2182 4457 dinem
2224 4403 2479 4456 incidere.
2530 4401 2649 4456 Non
2702 4402 2843 4456 enim
2896 4402 3088 4457 leviter
3130 4402 3455 4471 aegrotabat,
3500 4401 3597 4456 sed

2003 4495 2286 4559 continue,
2314 4495 2408 4549 sed
2439 4495 2662 4550 alternis
2690 4503 2745 4551 et
2786 4494 3001 4565 jugibus
3050 4494 3464 4553 inﬁrmitatibus,
3498 4509 3599 4549 nec

2004 4588 2281 4642 minimum
2299 4586 2511 4654 quidem
2531 4588 2702 4655 ipsum
2727 4587 2991 4656 respirare
3010 4585 3421 4655 indulgentibus.
3446 4583 3601 4640 Unde

2003 4678 2107 4734 hoc
2151 4678 2531 4734 manifestum?
2559 4677 2637 4732 Ex
2680 4679 2810 4747 ipsis
2852 4676 2998 4732 Pauli
3049 4677 3246 4732 verbis.
3292 4676 3408 4730 Non
3457 4677 3598 4731 enim

2002 4771 2138 4826 dixit
2165 4789 2180 4824 :
2213 4772 2436 4842 Propter
2461 4773 2852 4842 aegritudinem,
2876 4771 2968 4826 sed
2998 4770 3216 4838 PrOpter
3240 4770 3595 4840 aegritudines:

2004 4879 2179 4932 neque
2207 4864 2539 4933 simpliciter,
2586 4862 2810 4932 Propter
2841 4863 3206 4928 inﬁrmitates,
3238 4862 3329 4917 sed
3362 4861 3596 4930 ipsarum

2004 4957 2457 5011 continuationem
2506 4956 2812 5025 significans
2858 4954 3087 5017 dicebat,
3138 4952 3446 5019 Freqttentes
3485 4962 3597 5006 tuas

2004 5049 2345 5116 inﬁrmitates.
2396 5047 2627 5101 Audiant
2672 5046 2762 5116 qui
2807 5046 3058 5101 diuturno
3099 5045 3276 5100 traditi
3307 5045 3549 5116 languori
3581 5085 3596 5111 ,

2005 5154 2147 5211 trgrc
2189 5143 2367 5196 fertmt
2404 5150 2458 5195 et
2484 5141 2662 5193 animo
2690 5141 2997 5195 concidunt.
3040 5140 3154 5194 Non
3197 5141 3367 5194 solum
3416 5150 3596 5194 autem

2006 5233 2110 5288 hoc
2156 5242 2241 5288 est
2282 5233 2424 5304 quod
2474 5231 2754 5302 qutcritur,
2805 5233 2945 5301 quod
2988 5247 3109 5286 cum
3155 5243 3298 5287 esset
3345 5240 3596 5297 sanctus,

2006 5325 2316 5395 a'grotabat,
2367 5333 2421 5379 et
2472 5325 2552 5378 sic
2600 5323 2907 5394 frequenter
2954 5324 3263 5395 aegrotabat,
3296 5322 3387 5377 sed
3435 5322 3596 5376 etiam

2006 5417 2148 5487 quod
2173 5418 2378 5487 publica
2402 5417 2583 5471 mundi
2607 5417 2817 5487 negotia
2848 5416 2945 5486 ipsi
2962 5425 3118 5471 erant
3136 5414 3355 5468 credita.
3375 5413 3428 5468 Si
3452 5414 3595 5466 enim

2010 5524 2147 5563 unus
2175 5516 2321 5565 esset
2347 5510 2578 5574 illorum,
2611 5510 2699 5578 qui
2732 5508 2783 5562 in
2816 5508 3077 5563 montium
3104 5505 3330 5559 vertices
3356 5518 3597 5557 secesse-

2008 5610 2152 5667 runt,
2198 5600 2335 5655 etin
2384 5601 2671 5655 solitudine
2718 5600 2936 5655 cellulas
2979 5604 3380 5667 compegerunt,
3435 5603 3488 5649 et
3529 5597 3598 5649 ab

2073 5714 2089 5780 ξ
2127 5712 2211 5780 Alii
2237 5726 2250 5763 :
2282 5712 2490 5780 Pretium
2508 5719 2552 5761 et
2575 5713 2740 5780 decus.
2939 5774 2950 5780 _
3146 5769 3174 5780 ί,

2073 5777 2094 5808 ³
2128 5774 2213 5825 Alii
2239 5790 2251 5825 :
2279 5774 2542 5827 timotlteus
2565 5778 2803 5833 conjicere
2823 5774 2951 5834 quod
2975 5784 3083 5823 rma
3106 5774 3174 5821 uti
3193 5774 3395 5830 oportet.
