3998 6426
316 308 384 366 19
1025 309 1080 365 S.
1123 309 1399 365 JOANNIS
1434 306 1916 365 CHRYSOSTOMI
1956 305 2274 362 ARCHIEP.
2316 304 2849 364 CONSTANTINOP.
2922 358 2925 361 .
3533 305 3610 363 90

313 419 622 488 hujnsmodi
640 419 868 490 negotiis
886 419 1113 474 alienam
1140 421 1298 474 vitam
1317 421 1611 490 elegerunt,
1638 435 1744 475 non
1765 428 1910 474 esset

314 519 420 564 tam
448 509 666 564 dubium
693 510 836 580 quod
881 509 1138 579 quatritur
1165 527 1178 563 :
1213 509 1264 564 iu
1297 510 1529 565 medium
1561 525 1690 565 vero
1715 525 1907 579 prove-

312 611 480 667 ctum,
511 610 567 656 et
597 610 675 656 tot
704 599 1063 656 Ecclesiarum
1083 615 1238 655 curas
1261 600 1543 655 habentem
1574 600 1824 665 creditas,
1855 609 1910 655 et

316 692 476 746 urbes
506 701 643 747 totas
673 700 728 746 et
755 703 943 762 gentes
972 701 1026 747 et
1066 694 1235 746 totum
1256 689 1527 747 terrarum
1555 694 1737 746 orbem
1764 703 1909 746 tanta

313 798 437 838 cum
482 783 766 837 sedulitate
792 792 845 838 et
871 783 1046 838 studio
1072 783 1552 841 administrantem.
1586 783 1910 838 inﬁrmitatis

317 876 620 930 necessitati
653 875 906 930 traditum
951 891 1092 943 esse,
1125 877 1225 931 hoc
1251 887 1328 932 est
1360 877 1501 946 quod
1529 880 1759 932 maxime
1803 893 1910 932 non

314 967 827 1022 animadvertentem
867 969 1086 1022 omnino
1116 968 1167 1021 in
1195 978 1468 1038 stuporem
1513 984 1671 1036 agere
1712 978 1908 1037 potest.

318 1059 431 1112 Etsi
461 1060 602 1112 enim
634 1075 738 1114 non
770 1069 987 1128 propter
1007 1074 1085 1124 se,
1113 1060 1304 1114 saltem
1333 1070 1548 1128 propter
1576 1060 1710 1114 alios
1739 1060 1911 1130 ipsum

319 1152 498 1206 valere
523 1153 824 1221 oportebat.
856 1151 1149 1220 Imperator
1173 1161 1289 1207 erat
1309 1153 1541 1220 optimus
1574 1171 1588 1204 :
1621 1152 1815 1206 bellum
1844 1153 1913 1207 ab

317 1259 382 1298 eo
435 1246 725 1312 gerebatur
772 1259 876 1299 non
925 1253 1109 1298 contra
1156 1245 1398 1298 inﬁdeles
1447 1255 1671 1311 tantum,
1721 1245 1814 1299 sed
1859 1252 1914 1298 et

318 1344 503 1387 contra
548 1334 822 1388 daemones
862 1343 916 1388 et
953 1346 1135 1388 contra
1181 1335 1352 1403 ipsum
1403 1335 1671 1390 diabolum
1703 1353 1714 1388 :
1749 1335 1912 1389 multa

318 1441 439 1480 cum
471 1425 806 1481 vehementia
838 1426 1021 1483 hostes
1039 1443 1226 1482 omnes
1251 1429 1616 1497 imminebant,
1644 1429 1912 1497 dissipan-

321 1528 401 1572 tes
427 1506 722 1574 exercitum
753 1529 808 1576 et
849 1523 900 1574 in
929 1522 1286 1590 captivitatem
1333 1522 1644 1587 trahentes;
1677 1522 1762 1576 htc
1788 1536 1914 1576 vero

321 1612 555 1669 infinitos
581 1613 648 1667 ad
677 1614 956 1668 veritatem
989 1613 1244 1669 reducere
1267 1623 1496 1684 poterat,
1523 1623 1575 1667 et
1601 1613 1911 1683 a‘grotabat.

326 1705 435 1758 Etsi
467 1707 634 1771 enim,
681 1707 868 1775 inquit,
915 1707 1114 1760 nullum
1159 1715 1414 1774 prazterea
1443 1707 1692 1760 damnum
1719 1721 1779 1760 ex
1815 1705 1916 1760 hac

322 1795 634 1851 inﬁrmitate
665 1798 823 1851 rebus
854 1797 1170 1863 inferretur,
1201 1813 1261 1852 ea
1313 1798 1423 1866 ipsa
1463 1797 1572 1851 sola
1619 1797 1804 1850 ﬁde-les
1832 1796 1913 1865 pi-

318 1889 528 1956 griorcs
551 1898 607 1943 et
636 1889 953 1958 torpidiorcs
988 1889 1213 1943 reddere
1243 1899 1466 1959 poterat.
1498 1888 1627 1942 Nam
1655 1889 1696 1941 si
1720 1887 1914 1942 milites

323 1980 514 2035 ducem
572 1996 726 2035 suum
778 1981 914 2035 lecto
969 1981 1241 2036 detentum
1292 1992 1594 2043 cernentes,
1641 1981 1913 2048 segniores

323 2071 454 2124 ﬁunt
485 2080 538 2125 et
585 2072 650 2125 ad
694 2087 921 2140 pugnam
957 2072 1252 2137 tardiores;
1286 2071 1455 2126 multo
1484 2071 1650 2140 magis
1678 2087 1772 2142 par
1800 2081 1916 2127 erat

321 2171 377 2216 et
405 2162 614 2226 ﬁdeles,
641 2173 1020 2234 praeceptorem
1044 2171 1164 2232 post
1191 2173 1268 2217 tot
1290 2164 1436 2232 signa
1455 2179 1678 2231 operum
1703 2163 1915 2217 intuen-

320 2263 403 2308 tes
427 2257 679 2310 continue
705 2265 1050 2325 aegrotantem
1078 2265 1132 2310 et
1156 2257 1397 2325 corporis
1437 2256 1624 2310 morbo
1665 2256 1914 2310 laboran-

323 2357 452 2413 tem,
485 2347 776 2402 lnnnauum
822 2349 1074 2416 quiddam
1118 2363 1238 2402 esse
1283 2362 1585 2418 perpessos.
1635 2347 1743 2402 Nec
1786 2363 1916 2402 vero

321 2437 437 2492 haec
481 2447 705 2502 tantum,
749 2437 842 2492 sed
875 2448 929 2492 et
957 2437 1098 2493 aliud
1129 2437 1378 2508 quiddam
1433 2437 1736 2493 dubitantes
1765 2454 1913 2508 qua:-

323 2540 464 2594 runt,
491 2546 592 2600 qua
618 2531 685 2584 de
702 2547 860 2584 causa
881 2547 1090 2586 rursum
1115 2547 1290 2601 neque
1311 2532 1523 2600 seipse,
1553 2547 1724 2601 neque
1749 2532 1914 2600 ipsius

325 2634 620 2691 prmccptor
646 2623 715 2676 ita
743 2623 1045 2678 confectum
1072 2625 1307 2689 curavit:
1329 2623 1422 2678 sed
1447 2634 1685 2678 mortuos
1702 2625 1913 2692 quidem

322 2713 675 2778 suseitabant,
710 2723 762 2768 et
789 2713 1062 2768 daamoues
1104 2730 1170 2769 ex
1184 2715 1470 2784 pellebant,
1501 2723 1556 2769 et
1585 2724 1808 2770 mortem
1838 2715 1916 2769 fa-

323 2805 425 2858 cile
456 2805 759 2871 vincebant,
804 2822 968 2860 unum
1015 2821 1145 2859 vero
1173 2821 1365 2874 corpus
1412 2815 1670 2875 aegrotum
1699 2821 1805 2860 non
1835 2807 1916 2860 in-

325 2895 640 2948 staurabant
671 2913 682 2948 :
715 2904 770 2950 et
792 2897 883 2965 qui
929 2897 981 2950 in
1029 2896 1218 2950 alienis
1245 2897 1557 2965 corporibus
1599 2907 1652 2951 et
1679 2898 1915 2953 viventes

322 2993 379 3038 et
423 2986 615 3039 mortui
668 2995 866 3040 tantam
913 2988 1203 3043 exhibuere
1244 2989 1528 3054 virtutem,
1582 2989 1914 3044 stomachum

323 3075 532 3145 lapsum
562 3093 666 3131 non
699 3077 1011 3132 relevabant
1035 3095 1048 3132 :
1074 3079 1294 3147 etquod
1323 3079 1496 3148 majus
1537 3089 1639 3144 est,
1683 3093 1787 3133 non
1818 3095 1916 3134 ve-

325 3177 473 3219 retur
499 3182 597 3220 nec
625 3168 894 3222 erubescit
922 3167 1116 3222 Paulus
1144 3177 1263 3236 post
1292 3175 1369 3223 tot
1397 3179 1448 3222 et
1477 3170 1598 3223 talia
1626 3170 1775 3240 signa
1796 3185 1916 3240 quae

322 3258 405 3311 vel
440 3259 580 3312 nudo
609 3260 850 3327 praestitit
893 3260 1077 3326 verbo,
1109 3260 1391 3315 Timotheo
1419 3261 1674 3326 scribere,
1702 3271 1760 3316 ut
1787 3277 1916 3316 con-

327 3349 489 3419 fugiat
517 3349 582 3402 ad
605 3351 710 3403 vini
737 3349 1019 3406 medelam.
1047 3351 1164 3406 Non
1189 3351 1332 3420 quod
1354 3351 1533 3405 vinum
1557 3351 1740 3407 bibere
1763 3361 1916 3422 turpe

324 3443 394 3495 sit
427 3459 441 3495 :
476 3442 632 3503 absit,
678 3442 791 3495 haec
836 3450 963 3496 sunt
1007 3442 1152 3496 enim
1201 3442 1572 3497 hzereticorum
1614 3454 1912 3512 prtecepta;

325 3531 417 3584 ενι]
445 3531 587 3600 quod
615 3531 850 3586 dedecus
878 3547 1000 3587 esse
1023 3547 1127 3586 non
1150 3540 1382 3602 putaret,
1406 3550 1510 3588 non
1541 3549 1696 3602 posse
1715 3534 1917 3604 absque

325 3621 470 3675 illius
515 3621 712 3674 auxilio
743 3638 907 3676 unum
938 3623 1187 3678 laborans
1217 3625 1516 3678 membrum
1547 3626 1772 3696 erigere.
1811 3625 1915 3681 Ve-

325 3713 726 3769 rnmenimvero
749 3722 952 3768 tantum
975 3715 1144 3769 abfuit
1170 3725 1220 3771 ut
1246 3716 1313 3771 de
1337 3717 1437 3771 hoc
1463 3718 1826 3784 erubesceret,
1857 3727 1917 3774 ut

324 3814 380 3860 et
408 3805 918 3875 omnibus-posteris
944 3807 1046 3862 hoc
1084 3807 1271 3863 fecerit
1309 3809 1668 3864 manifestum.
1713 3810 1915 3867 Videtis

324 3901 376 3951 in
406 3907 658 3967 quantam
698 3915 1002 3954 sermonem
1033 3901 1238 3970 egimus
1281 3902 1741 3971 profuaditatem?
1785 3920 1916 3974 quo-

325 3990 486 4043 modo
517 3990 657 4059 quod
689 4005 910 4059 parvum
942 4007 1060 4048 esse
1094 3993 1320 4057 videtur,
1346 3994 1638 4050 innumeris
1666 3997 1917 4064 quiestio-

325 4081 482 4134 nibus
531 4081 791 4136 scaturit?
820 4082 915 4136 Eia
963 4083 1121 4153 igitur
1148 4093 1202 4138 et
1244 4083 1562 4139 solutionem
1607 4084 1912 4140 efferamus.

325 4172 530 4226 Idcirco
563 4173 706 4227 enim
733 4172 801 4227 ad
834 4173 998 4227 imum
1038 4174 1432 4238 descendimus,
1463 4183 1525 4229 ut
1565 4184 1797 4230 mentem
1825 4191 1917 4231 ve-

323 4275 490 4319 stram
537 4266 848 4330 excitantes,
883 4265 933 4318 in
967 4274 1080 4319 tuto
1107 4280 1298 4321 sensus
1322 4267 1664 4322 collocemus.

395 4357 447 4410 5.
476 4355 794 4410 Concedatis
823 4351 1000 4411 alitem
1045 4357 1205 4423 mihi,
1233 4373 1438 4427 qumso,
1475 4358 1784 4427 priusquam
1830 4357 1916 4413 his

322 4445 706 4516 qttaastionibus
727 4446 1045 4500 solutionem
1075 4445 1311 4512 aﬁ'eram,
1335 4448 1530 4517 aliquid
1555 4447 1622 4502 de
1651 4448 1913 4504 'i‘imothei

324 4538 519 4590 virtute
543 4545 598 4590 et
622 4551 747 4589 cura
775 4536 925 4590 Pauli
948 4536 1143 4592 dicere.
1169 4537 1304 4603 Quid
1326 4538 1467 4592 enim
1490 4539 1582 4592 illo
1607 4537 1706 4593 fuit
1732 4555 1916 4594 aman-

325 4629 451 4689 titta,
480 4626 570 4694 qui
601 4634 748 4679 tanto
772 4626 975 4680 absens
1003 4627 1281 4680 intervallo
1321 4638 1374 4682 et
1416 4636 1493 4682 tot
1523 4629 1915 4684 circumventus

327 4717 575 4785 negotiis,
607 4731 702 4786 pro
733 4716 994 4770 stomachi
1023 4717 1252 4772 sanitate
1283 4718 1526 4788 discipuli
1556 4728 1753 4773 tantam
1785 4735 1912 4788 pro-

329 4810 618 4864 videntiam
648 4811 901 4880 gerebat,
931 4820 985 4865 et
1014 4826 1134 4865 eum
1162 4811 1443 4866 sedulitate
1481 4811 1550 4867 de
1577 4813 1747 4866 morbi
1795 4827 1914 4867 cor-

325 4901 568 4954 rectione
599 4899 906 4954 scribebat?

401 4988 646 5042 Timothei
698 4990 879 5043 virtus.
933 5019 1005 5030 —
1054 4989 1317 5045 Timothei
1375 5007 1503 5046 vero
1553 4993 1732 5046 virtuti
1788 4991 1914 5061 quid

326 5081 567 5151 a-quale‘?
593 5080 681 5134 Sic
701 5082 921 5137 delicias
945 5084 1346 5151 aspernabatur,
1370 5094 1424 5138 et
1451 5085 1646 5138 lautam
1675 5098 1913 5140 mensam

327 5171 622 5234 deridebat,
649 5181 706 5224 ut
734 5172 786 5225 in
812 5173 1054 5227 morbum
1077 5190 1144 5228 ex
1170 5175 1340 5229 victus
1361 5179 1646 5244 asperitate
1672 5187 1724 5231 et
1751 5177 1915 5231 nimio

326 5264 542 5316 caderet
563 5261 788 5331 jejunio.
811 5263 963 5328 Quod
990 5266 1130 5318 enim
1155 5276 1339 5319 natura
1364 5267 1480 5320 talis
1504 5283 1606 5320 non
1630 5279 1790 5334 esset,
1821 5268 1913 5322 sed

325 5355 526 5422 jejunio
551 5363 607 5410 et
631 5369 779 5423 aqure
807 5365 931 5423 potu
961 5357 1218 5410 stomachi
1245 5358 1349 5410 vim
1377 5369 1715 5427 prostraSset,
1742 5361 1913 5428 ipsqu

334 5445 555 5498 Paulum
605 5443 888 5513 diligenter
935 5447 1036 5500 hoc
1085 5447 1507 5504 manifestautem
1551 5451 1748 5504 audita.
1797 5451 1914 5505 Non

330 5536 471 5588 enim
502 5537 815 5604 simpliciter
845 5537 976 5592 dixit
1007 5538 1180 5594 :Vino
1207 5540 1415 5594 modico
1454 5551 1602 5597 utere
1627 5562 1639 5596 :
1669 5544 1761 5597 Sed
1792 5559 1914 5599 cum

334 5627 473 5689 prius
500 5625 742 5690 dixisset,
791 5628 917 5682 Noli
945 5630 1112 5683 adhuc
1150 5647 1334 5700 aquam
1371 5632 1534 5688 bibere
1569 5635 1646 5704 (Ι.
1690 5633 1827 5689 Tim.
1857 5637 1911 5691 5.

330 5712 425 5778 25)
449 5754 462 5780 ,
497 5725 624 5770 tunc
649 5715 862 5775 bibendi
893 5721 998 5776 viui
1025 5722 1306 5778 consilium
1338 5725 1532 5780 attulit.
1568 5726 1700 5782 illud
1731 5735 1908 5784 autem

2019 420 2208 484 adhuc,
2241 418 2461 474 verbum
2488 425 2571 474 est
2599 418 2968 488 signiﬁcantis,
2995 419 3142 490 quod
3159 434 3394 492 eousque
3413 436 3606 492 aquam

2017 509 2251 575 bibebat,
2274 519 2330 564 et
2353 519 2635 580 propterea
2663 511 2943 566 imbecillis
2969 511 3056 564 sit.
3085 511 3215 577 Quis
3243 529 3346 566 non
3375 513 3608 568 admire-

2017 608 2105 654 tur
2152 601 2318 667 ipsius
2361 601 2750 670 philosophiam
2791 611 2846 656 et
2897 601 3266 670 diligentiam?
3295 603 3442 673 Ipsos
3483 605 3610 658 atti-

2017 704 2166 762 getat
2205 697 2396 758 eteius,
2426 694 2489 748 ad
2519 695 2729 748 virtutis
2776 695 2984 750 culmen
3018 706 3330 764 pervenerat
3369 715 3381 748 :
3415 706 3469 750 et
3495 696 3611 753 ιιωο

2019 784 2121 853 ipsi
2153 795 2447 854 praeceptor
2486 795 2772 840 attestatur
2809 786 2887 841 sic
2920 785 3107 841 dicens
3140 805 3154 839 :
3189 787 3308 841 Misi
3340 787 3474 840 vobis
3515 785 3611 840 Ti-

2019 876 2274 928 motheum
2293 917 2308 942 ,
2339 877 2426 945 qui
2456 887 2530 930 est
2557 877 2695 946 [ilius
2735 893 2875 930 meus
2895 877 3107 931 dilectus
3136 888 3182 932 et
3210 879 3376 946 ﬁdelis
3405 880 3458 931 in
3497 876 3612 931 Do-

2019 967 2156 1020 mino
2187 967 2260 1038 (1.
2313 966 2431 1021 Cor.
2465 968 2518 1022 4.
2565 969 2675 1037 17).
2718 966 2940 1034 Quando
2978 978 3155 1022 autem
3197 968 3390 1024 Paulus
3438 968 3612 1035 ipsum

2019 1069 2171 1117 vocat
2203 1060 2393 1127 tilium,
2425 1070 2480 1115 et
2506 1061 2670 1114 ﬁlium
2700 1061 2952 1116 dilectum
2983 1069 3036 1116 et
3056 1061 3288 1127 fidelem,
3315 1061 3428 1115 haec
3448 1062 3623 1115 verba-

2019 1169 2234 1209 omnem
2264 1154 2428 1223 ipsius
2458 1155 2708 1209 virtutem
2739 1154 3108 1208 demonstrare
3143 1153 3433 1208 sufﬁciunt.
3473 1153 3612 1208 San-

2018 1257 2226 1300 ctorum
2251 1245 2394 1302 enim
2416 1245 2612 1314 judicia
2632 1260 2731 1299 nee
2751 1244 2814 1298 ad
2836 1245 3057 1314 gratiam
3080 1259 3179 1298 nec
3194 1243 3258 1297 ad
3282 1244 3614 1298 inimicitiam

2021 1339 2173 1401 ﬁunt,
2207 1335 2302 1392 sed
2339 1338 2408 1392 ab
2436 1338 2582 1392 omni
2618 1347 2744 1391 sunt
2770 1345 3092 1406 prasumpta
3121 1335 3378 1404 opinione
3416 1336 3611 1390 libera.

2019 1430 2136 1484 Non
2167 1430 2356 1484 fuisset
2401 1438 2507 1483 tam
2540 1429 2728 1483 beatus
2766 1427 3103 1493 Timotheus,
3152 1428 3197 1480 si
3226 1426 3374 1481 Pauli
3413 1427 3556 1479 ﬁlius
3583 1441 3616 1481 ι

2021 1532 2208 1577 natura
2236 1523 2443 1587 fuisset,
2477 1537 2634 1590 quam
2673 1536 2816 1575 nunc
2843 1531 2926 1574 est
2950 1519 3283 1574 admirabilis
3313 1537 3325 1571 :
3358 1521 3615 1589 quoniam

2021 1615 2312 1670 secundum
2342 1630 2556 1670 carnem
2599 1613 2733 1668 nihil
2762 1613 2825 1666 ad
2874 1613 3046 1681 ipsum
3095 1613 3364 1679 attinens,
3399 1627 3493 1680 per
3519 1626 3618 1665 co-

2020 1708 2326 1777 gnationem
2354 1723 2474 1776 (ιυίὲ
2511 1716 2593 1761 est
2633 1705 2929 1760 secundum
2966 1703 3315 1773 religionem,
3349 1704 3399 1757 in
3447 1705 3618 1773 ipsius

2022 1818 2081 1856 se
2127 1801 2468 1871 adoptionem
2522 1800 2759 1860 induxit,
2815 1814 2935 1852 cum
2990 1797 3272 1851 sedulitate
3321 1794 3618 1865 disciplinae

2025 1893 2166 1948 illius
2194 1893 2531 1948 characteres
2560 1894 2612 1946 in
2641 1892 2890 1946 omnibus
2917 1905 3157 1944 servans.
3183 1889 3334 1944 Sicut
3361 1889 3502 1942 enim
3535 1889 3618 1942 vi-

2025 1988 2165 2040 tulus
2192 1995 2341 2039 tauro
2379 1985 2724 2054 conjugatus,
2754 1984 2830 2036 sic
2863 1983 3045 2052 jugum
3088 1997 3208 2034 cum
3247 1980 3339 2034 illo
3369 1979 3620 2033 trahebat

2023 2079 2216 2148 ubique
2246 2087 2530 2143 terrarum,
2555 2086 2610 2132 ct
2634 2075 2801 2131 nihilo
2831 2083 3050 2144 pr0pter
3073 2083 3282 2128 a-tatem
3307 2072 3615 2138 deﬁciebat,

2023 2171 2116 2226 sed
2149 2171 2415 2236 studium,
2447 2179 2503 2224 ut
2544 2185 2664 2225 cum
2699 2167 3042 2238 prteceptoris
3082 2164 3353 2220 laboribus
3388 2173 3619 2218 conten-

2020 2262 2191 2325 deret,
2227 2262 2531 2330 praestabat.
2565 2260 2634 2315 Et
2660 2259 2850 2314 horum
2881 2258 3034 2313 testis
3063 2272 3249 2312 rursus
3278 2257 3391 2326 ipse
3421 2255 3618 2309 Paulus

2021 2355 2098 2407 sic
2119 2354 2304 2408 dicens
2328 2371 2340 2407 :
2373 2354 2538 2407 Nemo
2568 2356 2732 2424 ipsum
2755 2361 3078 2417 contemnat;
3101 2367 3226 2421 apus
3252 2351 3382 2402 enim
3411 2349 3618 2402 Domini

2022 2459 2277 2513 operatur,
2313 2448 2440 2501 sicut
2469 2456 2514 2500 et
2550 2463 2640 2516 ego
2681 2445 2754 2513 (1.
2782 2445 2898 2497 Cor.
2946 2443 3032 2497 16.
3068 2443 3154 2496 10.
3191 2441 3300 2512 il).
3341 2441 3531 2495 Vidisti
3559 2449 3618 2496 ut

2021 2539 2239 2592 omnino
2265 2539 2468 2608 mquale
2507 2539 2740 2593 studium
2770 2539 2869 2608 ipsi
2907 2537 3224 2592 attestetur?
3263 2535 3382 2589 Mox
3407 2551 3475 2590 ne
3501 2535 3620 2589 haec

2021 2630 2085 2683 ad
2113 2630 2336 2698 gratiam
2381 2629 2561 2684 dicere
2587 2629 2856 2694 videatur,
2895 2629 3038 2697 ipsos
3069 2626 3339 2680 auditores
3383 2625 3478 2678 ﬁlii
3506 2627 3617 2678 viro

2023 2723 2148 2776 tutis
2199 2731 2361 2776 testes
2403 2721 2549 2781 facit,
2593 2722 2670 2774 sic
2717 2721 2962 2789 inquiens
3003 2737 3015 2772 :
3053 2717 3409 2771 Probationem
3447 2727 3620 2770 autem

2019 2814 2179 2881 ipsius
2210 2813 2388 2877 nostis,
2408 2812 2544 2882 quod
2581 2821 2838 2880 tamquam
2863 2809 2993 2879 patri
3018 2809 3253 2877 ﬁlius,sic
3280 2823 3475 2860 mecum
3504 2823 3614 2860 ser-

2019 2907 2137 2960 vivit
2179 2907 2232 2959 in
2283 2906 2543 2977 evangelio
2582 2922 2600 2959 :
2644 2905 3002 2974 experientiam
3041 2920 3128 2956 ros
3168 2903 3374 2971 cepistis
3420 2901 3619 2955 virtutis

2019 2997 2183 3066 ipsius
2213 3007 2258 3050 et
2283 2999 2507 3066 probata:
2527 2997 2710 3048 animat
2741 2993 2991 3062 (Philipp.
3019 2993 3071 3045 εὶ.
3093 2993 3208 3060 2‘2).
3238 2993 3622 3046 Verumtamen

2019 3105 2140 3144 cum
2180 3090 2245 3144 ad
2289 3097 2486 3143 tantam
2532 3089 2831 3142 ofﬁciorum
2874 3086 3204 3140 altitudinem
3249 3084 3615 3148 ascendisset,

2020 3198 2194 3253 neque
2210 3183 2289 3237 sic
2314 3181 2648 3244 conﬁdebat,
2679 3179 2772 3234 sed
2792 3180 2842 3233 in
2867 3180 3135 3232 anxietate
3153 3177 3315 3230 animi
3339 3186 3455 3230 erat
3479 3187 3532 3230 et
3561 3176 3615 3230 in

2020 3275 2213 3330 timore
2240 3293 2252 3328 :
2287 3273 2513 3343 ideoque
2533 3288 2653 3326 cum
2681 3271 2933 3325 instantia
2953 3269 3250 3338 jejuuabat,
3285 3282 3456 3336 neque
3483 3266 3620 3322 illud

2021 3380 2208 3436 passus
2235 3374 2319 3418 est
2348 3363 2489 3434 quod
2522 3363 2706 3425 multi,
2738 3362 2826 3431 qui
2855 3361 3038 3415 decem
3080 3368 3289 3412 tantum
3322 3358 3404 3412 vel
3429 3357 3616 3428 viginti

2021 3469 2234 3510 menses
2269 3454 2473 3524 jejunio
2515 3469 2573 3507 se
2619 3452 2891 3507 tradentes
2929 3457 3153 3520 repente
3191 3449 3373 3503 omnia
3417 3447 3618 3502 dissol-

2020 3556 2168 3600 vunt.
2199 3544 2304 3600 Sed
2337 3546 2426 3600 ille
2465 3545 2598 3598 nihil
2629 3544 2730 3598 tale
2766 3557 2954 3612 passus
2979 3551 3079 3603 est,
3115 3555 3287 3609 neque
3318 3539 3425 3593 tale
3452 3537 3616 3607 quid-

2022 3639 2163 3708 piam
2195 3639 2332 3690 intra
2375 3637 2610 3705 seipsum
2642 3635 2812 3688 dixit:
2859 3632 2995 3698 Quid
3038 3630 3165 3685 mihi
3196 3629 3450 3699 deinceps
3476 3643 3616 3699 opus

2021 3739 2103 3783 est
2125 3729 2333 3800 jejunio
2355 3730 2376 3782 ?
2399 3730 2568 3781 victor
2585 3727 2748 3790 evasi,
2775 3724 3090 3793 cupiditates
3115 3721 3384 3789 superavi,
3414 3732 3615 3787 corpus

2019 3835 2197 3873 meum
2228 3817 2567 3884 mortiﬁcavi,
2596 3816 2868 3870 daemones
2892 3811 3076 3874 terrui,
3102 3809 3377 3864 diabolum
3405 3808 3609 3877 depuli,

2019 3921 2260 3966 mortuos
2281 3909 2613 3974 resuscitavi,
2641 3908 2881 3976 leprosos
2910 3902 3180 3966 mundavi,
3208 3901 3495 3955 contrariis
3515 3915 3614 3970 po-

2019 4001 2299 4056 testatibus
2337 3999 2592 4054 terribilis
2630 4013 2747 4052 sum
2787 4015 2800 4050 :
2846 3993 2971 4064 quid
2993 4007 3094 4063 ego
3139 3992 3373 4061 amplius
3403 3991 3616 4062 jejunio

2020 4093 2233 4162 indigeo
2259 4101 2312 4147 et
2340 4089 2644 4161 hujusmodi
2665 4086 2918 4144 cautela?

2092 4183 2270 4239 Sancti
2295 4193 2482 4248 quanto
2503 4181 2778 4252 majoribus
2805 4177 3023 4247 aﬂluunt
3048 4174 3259 4240 meritis,
3287 4183 3429 4229 tanto
3449 4174 3613 4244 magis

2019 4275 2212 4328 timent.
2243 4303 2316 4313 —
2338 4271 2480 4326 Nihil
2512 4273 2614 4326 tale
2650 4270 2784 4325 dixit
2809 4277 2901 4322 aut
2933 4266 3218 4336 cogitavit:
3268 4265 3366 4321 sed
3410 4273 3613 4335 quanto

2019 4363 2188 4434 magis
2215 4362 2509 4417 innumeris
2529 4361 2779 4415 affluebat
2809 4357 3014 4413 meritis
3033 4399 3046 4420 ,
3079 4364 3226 4410 tanto
3249 4356 3420 4425 magis
3448 4355 3618 4410 time-

2020 4450 2118 4507 bat
2139 4461 2194 4508 et
2222 4453 2482 4508 tremebat
2515 4469 2528 4505 :
2557 4459 2613 4505 et
2640 4451 2778 4504 hanc
2803 4465 2834 4502 a
2858 4454 3186 4517 praeceptore
3216 4445 3611 4516 phil050phiam

2017 4544 2277 4600 discebat.
2308 4543 2521 4597 Etenim
2553 4541 2642 4596 ille
2675 4541 2726 4595 in
2769 4539 2981 4594 tertium
3013 4545 3197 4604 raptus
3227 4535 3440 4600 emtum,
3473 4544 3528 4588 et
3557 4535 3612 4589 in

2021 4635 2325 4705 paradisum
2348 4633 2554 4688 delatus
2573 4672 2589 4696 ,
2620 4641 2676 4686 et
2704 4630 2900 4685 auditis
2931 4627 3286 4682 iueﬁ‘abilibus
3315 4626 3494 4681 verbis
3512 4667 3527 4692 ,
3557 4636 3614 4682 et

2020 4726 2394 4794 mysteriorum
2410 4723 2579 4778 factus
2592 4723 2776 4776 talium
2789 4720 3074 4790 particeps,
3092 4733 3214 4773 cum
3229 4718 3413 4773 orbem
3437 4726 3612 4773 totum

2019 4815 2374 4883 percurrisset
2399 4823 2668 4883 tamquam
2697 4811 2795 4865 alis
2823 4809 3140 4882 quibusdam
3171 4807 3370 4876 fultus,
3401 4807 3469 4862 ad
3501 4808 3612 4863 Co-

2019 4907 2247 4961 rinthios
2286 4906 2528 4961 scribens
2567 4905 2806 4959 dicebat:
2847 4901 3032 4957 Vereor
3057 4919 3120 4956 ne
3161 4906 3292 4971 forte
3337 4917 3452 4954 cum
3493 4901 3614 4956 aliis

2021 5001 2385 5070 pradicavero,
2412 5000 2523 5068 ipse
2549 4999 2790 5068 reprobus
2822 4998 3012 5068 elﬁciar
3055 4995 3131 5066 (1.
3167 4995 3288 5050 Cor.
3317 4995 3372 5052 9.
3398 4995 3519 5065 27).
3552 4996 3611 5051 Si

2018 5105 2149 5143 vero
2180 5091 2374 5144 Paulus
2402 5098 2521 5158 post
2551 5089 2674 5142 talia
2701 5097 2756 5142 et
2785 5097 2860 5142 tot
2904 5086 3078 5143 ofﬁcia
3106 5085 3403 5154 timet,.qui
3427 5085 3615 5141 dicere

2021 5181 2226 5251 potuit:
2280 5180 2413 5233 Mihi
2452 5181 2671 5232 mundus
2715 5180 2988 5247 cruciﬁxus
3036 5185 3141 5240 est,
3193 5185 3240 5229 et
3287 5193 3380 5247 ego
3417 5177 3615 5231 mundo

2020 5270 2164 5342 (Gal.
2209 5271 2263 5328 6.
2300 5272 2423 5340 it);
2478 5273 2644 5325 multo
2681 5271 2849 5338 magis
2887 5282 2985 5322 nos
3022 5267 3214 5320 timere
3257 5276 3503 5336 oportet,
3556 5278 3614 5323 et

2023 5369 2171 5415 tanto
2199 5364 2366 5429 magis
2404 5370 2603 5430 quanto
2645 5362 2846 5430 majora
2887 5359 3143 5413 fuerimus
3186 5360 3417 5428 Operati.
3460 5360 3616 5416 Tunc

2020 5455 2161 5507 enim
2198 5454 2444 5508 diabolus
2471 5457 2664 5510 εαξνίοτ
2693 5456 2952 5516 efﬁcitur,
2985 5462 3112 5507 tunc
3138 5455 3305 5524 magis
3331 5453 3608 5521 efferatur,

2019 5561 2139 5600 cum
2160 5546 2353 5600 viderit
2373 5561 2471 5600 nos
2492 5548 2763 5618 diligentia
2787 5549 2948 5601 vitam
2967 5555 3204 5601 nostram
3221 5547 3571 5615 disponentes
3590 5564 3609 5612 ;

2019 5654 2137 5693 cum
2164 5638 2355 5694 viderit
2374 5641 2584 5694 virtutis
2607 5656 2768 5695 onera
2797 5639 3110 5708 composita,
3135 5650 3190 5694 et
3213 5654 3436 5709 magnos
3457 5656 3610 5695 acer-

2023 5744 2139 5797 vos,
2183 5739 2308 5784 tunc
2349 5732 2562 5801 gravius
2606 5730 2806 5787 inferre
2849 5730 3180 5801 naufragium
3225 5731 3419 5787 studet.
3471 5730 3608 5792 Vilis
