3998 6438
205 326 260 387 19
1232 317 1324 375 AD
1362 318 1699 381 POPULUM
1732 324 2234 384 ANTIOCHENUM
2293 325 2528 385 HOMIL.
2571 328 2608 385 1.
2878 332 2887 340 ’
3600 344 3673 401 20

198 438 406 487 πάντων
458 432 657 488 ίκανὺν
700 428 999 507 θορυϐῆσαι
1029 433 1122 489 τὸν
1157 436 1232 508 μὴ
1268 438 1625 510 προσέχοντα.
1660 442 1725 496 Εἰ
1773 442 1884 515 γάρ

195 524 280 578 καὶ
301 522 377 595 μὴ
401 521 474 576 δι’
508 524 732 590 ἑαυτὸν,
766 524 853 578 διὰ
887 524 1017 594 γοῦν
1045 530 1172 591 τοὺς
1197 527 1390 593 ἄλλους
1411 530 1677 600 ὑγιαίνειν
1720 532 1884 589 αὐτὸν

196 611 366 683 ἐχρῆν.
404 613 732 686 Στρατηγὸς
750 610 819 686 ἦν
840 614 1062 686 ἄριστος
1081 632 1094 647 ⁸
1129 616 1364 688 πόλεμος
1394 617 1542 689 αὐτῷ
1582 622 1883 692 συγκεκρό-

196 717 350 772 τητο,
382 703 585 771 φησιν.
630 704 752 775 οὐχὶ
781 703 918 775 πρὸς
944 704 1071 768 τοὺς
1104 705 1366 770 ἀπίστους
1407 706 1587 777 μόνον,
1615 708 1749 763 ἀλλά
1788 710 1882 763 καί⁸

195 785 323 859 πρὸς
341 790 474 853 τοὺς
499 788 771 862 δαίμονας
793 830 807 855 ,
848 791 942 844 καὶ
970 792 1105 862 πρὸς
1134 793 1297 846 αὐτὸν
1324 793 1417 848 τὸν
1442 794 1688 848 διάϐολον
1706 813 1720 827 ·
1744 798 1881 867 μετά

194 877 387 948 πολλῆς
402 877 508 945 τῆς
522 880 890 952 σφοδρότητος
905 883 955 934 οί
973 880 1222 952 πολέμιοι
1238 882 1440 948 πάντες
1454 884 1756 947 ἐπέκειντο.
1773 887 1881 940 δια-

197 966 433 1031 σπῶντες
458 965 550 1039 [Δ]
566 967 631 1021 τὸ
657 968 1041 1036 στρατόπεδον,
1070 970 1165 1022 καί⁵
1187 969 1703 1040 αἰχμαλωτίζοντες·
1729 966 1883 1036 οὗτος

194 1054 233 1107 δ’
261 1053 497 1124 ἠδύνατο
533 1055 765 1126 μυρίους
788 1056 881 1109 ἐπὶ
907 1054 1006 1127 τὴν
1046 1056 1304 1126 ἀλήθειαν
1353 1058 1750 1126 ἐπαναγαγεῖν,
1787 1059 1882 1112 καὶ

192 1144 419 1213 ἠσθένει.
456 1146 523 1198 Εἰ
560 1145 672 1216 γὰρ
721 1144 816 1200 καὶ
844 1142 1105 1217 μηδεμία,
1133 1147 1317 1217 φησὶν,
1350 1147 1511 1219 ἑτέρα
1561 1147 1732 1219 βλάϐη
1769 1152 1882 1214 τοῖς

193 1234 514 1305 πράγμασιν
572 1235 684 1289 ἀπὸ
726 1235 827 1306 τῆς
861 1235 1176 1305 ἀρρωστίας
1216 1235 1427 1303 ἐγίνετο
1453 1247 1501 1298 δ,
1532 1236 1689 1306 τοῦτο
1721 1235 1881 1306 μόνον

195 1322 367 1377 ίκανὺν
389 1319 462 1396 ἦν
496 1324 630 1388 τούς
656 1325 880 1387 πιστοὺς
906 1323 1301 1395 ὀκνηροτέρους
1345 1324 1440 1377 καὶ
1474 1324 1881 1397 ῥᾳθυμοτέρους

194 1411 430 1481 ποιῆσαι.
469 1413 543 1466 Εἰ
570 1412 681 1484 γὰρ
713 1411 1041 1484 στρατιῶται
1079 1411 1171 1465 τὸν
1205 1412 1509 1483 στρατηγὸν
1539 1413 1631 1466 τὸν
1672 1411 1880 1465 ἑαυτῶν

191 1499 421 1571 ἐρῶντες
452 1503 526 1573 τῇ
567 1500 725 1574 κλίνῃ
758 1498 1202 1571 προσδεδεμένον,
1253 1499 1605 1571 ὀκνηρότεροι
1638 1500 1878 1568 γίνονται

193 1588 443 1659 καὶπρὸς
476 1588 584 1659 τὴν
613 1588 795 1659 μάχην
829 1584 1190 1658 ῥᾳθυμότεροι
1212 1604 1224 1616 ·
1258 1585 1437 1658 πολλῷ
1487 1586 1686 1658 μᾶλλον
1733 1587 1880 1652 εἰκὸς

189 1669 252 1746 ἦν
273 1717 288 1740 ,
315 1674 413 1729 καὶ
446 1675 583 1739 τοὺς
617 1675 843 1738 πιστοὺς
871 1673 994 1726 τότε
1028 1672 1120 1727 τὸν
1162 1674 1483 1728 διδάσκαλον
1513 1675 1756 1745 ὁρῶντας
1786 1675 1877 1729 τὸν

190 1760 421 1815 τοσαῦτα
445 1765 657 1834 σημεῖα
679 1761 1055 1833 ἐργασάμενον
1081 1762 1319 1833 συνεχῶς
1345 1763 1752 1835 ἀρρωστοῦντα,
1783 1764 1878 1817 καὶ

190 1847 247 1901 τδ
291 1849 454 1920 σῶμα
497 1850 818 1920 κάμνοντα,
855 1847 1197 1921 ἀνθρώπινόν
1236 1867 1289 1902 τι
1320 1849 1532 1908 παθεῖν.
1578 1852 1654 1904 Οὐ
1705 1850 1878 1905 ταῦτα

189 1935 239 1989 δὲ
268 1937 447 2007 μόνον,
480 1935 626 1990 ἀλλὰ
651 1937 744 1990 καὶ
764 1935 949 2007 ἕτερόν
981 1954 1034 1989 τι
1061 1938 1109 1989 οί
1132 1935 1519 2008 διαποροῦντες
1541 1939 1567 1978 δ
1608 1938 1831 2009 ζητοῦσι
1859 1955 1873 1969 ·
1913 1991 1917 1993 _

189 2023 322 2088 τίνος
353 2025 465 2098 γάρ
491 2024 687 2078 ἕνεκεν
717 2025 877 2079 πάλιν
907 2022 1030 2078 οὔτε
1056 2024 1218 2089 αὐτὸς
1266 2026 1490 2088 ἐαυτὸν,
1521 2025 1645 2081 οὔτε
1676 2030 1704 2081 6
1735 2027 1878 2083 διδά-

191 2111 382 2179 σκαλος
409 2110 589 2166 αὐτοῦ
617 2109 762 2165 οὕτω
802 2111 1145 2183 διακείμενον
1184 2111 1579 2184 ἐθεράπευσεν;
1617 2114 1752 2168 ἀλλά
1791 2133 1877 2169 νε-

190 2199 346 2269 κροὺς
385 2200 487 2269 μὲν
519 2199 773 2271 ἤγειρον,
794 2199 889 2252 καὶ
923 2198 1182 2270 δαίμονας
1211 2199 1554 2269 ἀπήλαυνον,
1591 2202 1682 2255 καὶ
1712 2201 1876 2256 θανά-

189 2305 277 2342 του
302 2287 443 2358 μετά
472 2288 805 2359 περιουσίας
826 2287 1111 2359 ἐκράτουν,
1148 2287 1309 2360 σῶμα
1328 2288 1386 2342 δέ
1410 2289 1468 2343 ἓν
1492 2289 1793 2361 ἡσθενηκδς
1812 2292 1874 2344 οὐ

189 2375 523 2448 διώρθωσαν,
559 2375 674 2430 ἀλλ’
707 2378 765 2430 ἐν
800 2375 1101 2448 ἀλλοτρίοις
1137 2375 1351 2449 σώμασι
1388 2379 1482 2433 καί¹
1523 2379 1724 2443 ζῶντες
1781 2381 1875 2433 καὶ

189 2465 638 2536 τετελευτηκότες
666 2465 933 2538 τοσαύτην
975 2465 1400 2538 ἐπιδεδειγμένοι
1441 2467 1669 2539 δύναμιν
1692 2506 1709 2532 ,
1755 2469 1875 2523 στό-

193 2570 351 2623 μαχον
371 2553 766 2607 καταπεσόντα
787 2554 887 2607 οὐκ
915 2553 1219 2625 ἀνέστησαν
1235 2570 1249 2584 ·
1276 2554 1371 2608 καὶ
1395 2553 1455 2607 τὸ
1475 2554 1538 2625 δὴ
1564 2554 1764 2625 μεῖξον,
1792 2556 1874 2609 ὅτι

190 2640 280 2693 οὐκ
311 2640 638 2712 αἰσχύνεται
670 2639 883 2705 Παῦλος
934 2640 1056 2694 οὐδὲ
1088 2640 1317 2713 ἐρυθριᾷ
1352 2640 1491 2712 μετὰ
1520 2641 1875 2696 τοσαῦταμκαί

188 2727 486 2797 τηλικαῦτα
517 2731 743 2801 σημεῖα,
764 2729 801 2784 ἃ.
824 2730 919 2782 καὶ
941 2727 1031 2781 διὰ
1057 2726 1214 2798 ψιλοῦ
1245 2730 1489 2800 ῥήματος
1507 2730 1871 2798 ἐπεδείκνυτο,

190 2818 433 2890 Τιμοθέῳ
466 2819 703 2891 γράφων
731 2819 824 2872 ἐπὶ
849 2816 949 2889 τὴν
981 2817 1091 2871 ἀπὸ
1125 2818 1227 2888 τῆς
1263 2818 1575 2884 οἰνοποσίας
1624 2836 1874 2889 καταφυ-

189 2906 650 2977 γεῖννθεραπείαν.
679 2905 790 2976 Οὐχ
816 2906 900 2959 ὅτι
933 2906 995 2959 τὸ
1018 2905 1194 2959 πίνειν
1220 2901 1363 2959 οἶνον
1390 2906 1615 2977 αἰσχρὸν
1633 2946 1648 2972 ,
1680 2908 1754 2979 μὴ
1783 2908 1875 2977 γέ-

192 3009 328 3046 νοιτο
348 3009 360 3021 ·
420 2992 721 3065 αἰρετικῶν
758 2994 869 3065 γὰρ
897 2993 1072 3046 ταῦτα
1100 2993 1537 3065 παραγγέλματα
1561 3003 1584 3030 °
1604 3010 1618 3022 ·
1654 2995 1769 3048 ἀλλ’
1793 2996 1873 3050 ὅτι

191 3083 283 3137 οὐκ
319 3083 580 3154 ἐνόμιζεν
621 3083 884 3155 αἰσχύνην
925 3076 1068 3136 εἶναι
1103 3082 1166 3136 τὸ
1197 3082 1272 3154 μὴ
1301 3083 1560 3138 δύνασθαι
1586 3085 1753 3157 χωρὶς
1774 3085 1875 3156 τῆς

193 3170 391 3224 ἐκείνου
417 3170 680 3241 βοηθείας
698 3170 1091 3241 διορθώσασθαι
1112 3171 1401 3241 νενοσηκὸς
1426 3169 1485 3224 ἓν
1513 3171 1695 3242 μέλος.
1732 3172 1872 3225 Ἀλλ’

193 3257 333 3327 ὅμως
358 3258 623 3312 τοσοῦτον
663 3258 908 3328 ἀπέσχεν
934 3257 1294 3329 αἰσχυνθῆναι
1327 3257 1420 3311 ἐπὶ
1452 3257 1647 3328 τούτῳ,
1668 3258 1749 3311 ὃτι
1780 3259 1875 3312 καὶ

193 3345 300 3407 τοῖς
328 3345 468 3415 μετά
499 3345 678 3400 ταῦτα
707 3346 840 3399 πᾶσι
886 3344 1043 3417 δῆλον
1070 3345 1203 3397 αὐτὸ
1231 3345 1506 3417 ἐποίησεν.
1542 3344 1708 3399 Ἴδετε
1739 3345 1874 3417 πρὸς

196 3434 348 3487 πόσον
380 3434 552 3504 βάθος
600 3434 989 3506 κατηγάγομεν
1021 3434 1111 3487 τὸν
1149 3433 1338 3501 λόγον;
1379 3434 1497 3496 πῶς
1520 3433 1547 3472 ἀ
1596 3436 1658 3488 τὸ
1686 3434 1875 3489 δοκοῦν

200 3521 381 3592 μικρὸν
405 3520 573 3583 εἶναι.
601 3521 808 3596 μυρίων
826 3521 989 3593 γέμει
1013 3520 1148 3592 ζητη
1160 3520 1366 3591 μάτων;
1384 3522 1524 3591 Φέρε
1545 3516 1637 3576 οῦν
1660 3522 1752 3576 καὶ
1778 3522 1876 3595 τὴν

196 3608 335 3665 λύσιν
358 3611 756 3682 ἐπαγάγωμεν.
789 3610 892 3665 Διά
912 3610 1021 3683 γὰρ
1050 3609 1210 3665 τοῦτο
1234 3610 1371 3682 πρὸς
1403 3611 1538 3665 πολὺ
1563 3611 1725 3682 βάθος
1754 3628 1878 3666 κατ-

199 3699 388 3770 έϐημεν
407 3741 423 3765 ,
467 3701 559 3754 ἵνα
588 3700 958 3772 διεγείραντες
987 3699 1144 3771 ὐμῶν
1169 3700 1270 3771 τὴν
1300 3699 1559 3766 διάνοιαν,
1593 3700 1649 3753 ἐν
1707 3701 1879 3771 ἀσφα-

198 3786 273 3841 λεῖ
294 3789 344 3829 (ι’
377 3790 449 3845 τὰ
471 3791 726 3861 νοήματα
749 3787 1104 3861 ἀποθώμεθα.

259 3883 326 3944 γ’.
345 3878 750 3950 Συγχωρήσατε
760 3876 817 3930 δέ
838 3894 948 3949 μοι,
970 3876 1100 3948 πρὶν
1114 3874 1146 3947 ἢ
1160 3875 1259 3948 τὴν
1283 3873 1438 3929 λύσιν
1461 3877 1573 3940 τοῖς
1600 3874 1877 3947 ζητήμασι

194 3961 395 4028 τούτοις
438 3966 759 4033 ἐπαγαγεῖν,
792 3965 968 4017 εἰπεῖν
1006 3981 1058 4017 τι
1086 3962 1338 4036 περὶτῆς
1360 3964 1562 4034 ἀρετῆς
1592 3962 1688 4016 τοῦ
1709 3965 1878 4034 Τιμο-

198 4049 333 4115 θέου,
362 4053 468 4107 καὶ
504 4054 605 4125 τῆς
647 4052 743 4107 τοῦ
779 4053 993 4107 Παύλου
1041 4051 1388 4123 κηδεμονίας.
1419 4051 1483 4104 Τί
1526 4052 1635 4124 γάρ
1671 4051 1876 4105 ἐκείνου

200 4138 675 4212 φιλοστοργότερον
702 4150 727 4180 ο
750 4139 998 4210 γέγονεν,
1022 4139 1081 4203 ὃς
1129 4142 1194 4193 ἐκ
1224 4138 1479 4193 τοσούτου
1509 4139 1879 4211 διαστήματος

197 4223 266 4278 ὢν
301 4228 396 4282 καὶ
448 4227 725 4293 τοσούτοις
771 4226 1142 4299 κυκλούμενος
1188 4226 1543 4299 πράγμασιν,
1590 4227 1732 4298 ὑπὲρ
1779 4226 1879 4291 τῆς

198 4312 375 4382 ὑγείας
431 4314 526 4369 τοῦ
581 4316 855 4387 στομάχου
908 4314 1000 4369 τοῦ
1044 4313 1287 4386 μαθητοῦ
1327 4313 1597 4386 τοσαύτην
1644 4315 1881 4368 ἐποιεῖτο

200 4400 471 4471 πρόνοιαν,
500 4403 593 4457 καὶ
641 4402 780 4475 μετὰ
805 4402 1091 4475 ἀκριϐείας
1128 4399 1455 4455 ἐπέστελλεν
1494 4400 1635 4472 ὑπὲρ
1662 4400 1762 4470 τῆς
1783 4398 1878 4453 τοῦ

199 4491 501 4561 νοσήματος
560 4490 934 4563 διορθώσεως;
995 4491 1061 4543 Τί
1097 4490 1154 4544 δὲ
1207 4490 1305 4562 τῆς
1352 4489 1557 4560 ἀρετῆς
1620 4488 1738 4542 ἴσον
1779 4487 1881 4558 τῆς

202 4574 501 4647 Τιμοθέου;
563 4581 750 4644 Οὕτως
788 4578 1127 4652 ὐπερεώραε
1189 4579 1427 4651 τρυφῆς,
1477 4578 1573 4631 καὶ
1603 4576 1878 4647 κατεγέλα

201 4664 521 4732 πολυτελοῦς
544 4668 846 4740 τραπέζης,
881 4668 957 4732 ὼς
979 4669 1073 4721 καὶ
1100 4669 1182 4731 εἰς
1211 4665 1498 4719 ἀσθένειαν
1522 4666 1782 4736 ἐμπεσεῖν
1815 4665 1882 4718 ἐκ

202 4754 294 4825 τῆς
338 4756 482 4825 ἄγαν
528 4756 950 4830 σκληραγωγίας
1000 4757 1096 4809 καὶ
1149 4753 1548 4825 ἐπιτεταμένης
1606 4752 1878 4824 νηστείας.

206 4842 318 4898 Ὀτι
361 4845 473 4917 γὰρ
500 4847 560 4900 οὐ
613 4846 775 4915 φύσει
811 4845 1052 4909 τοιοῦτος
1079 4840 1171 4918 ἦν,
1217 4844 1331 4899 ἀλλ’
1360 4842 1464 4897 ὑπὸ
1493 4842 1749 4914 νηστείας
1786 4842 1884 4896 καὶ

208 4930 529 5001 ὐδροποσίας
568 4936 663 4989 τοῦ
709 4936 983 5006 στομάχου
1040 4934 1306 4989 κατέϐαλε
1350 4932 1449 5003 τὴν
1490 4931 1673 5002 ἰσχὺν,
1716 4928 1882 4984 αὐτοῦ

205 5018 291 5071 τοῦ
316 5020 530 5076 Παύλου
556 5023 671 5093 μετ’
691 5022 980 5092 ἀκριϐείας
1008 5021 1166 5076 τοῦτο
1191 5020 1476 5093 δηλοῦντος
1496 5017 1785 5072 ἀκούσατε.
1807 5017 1882 5071 Οὐ

206 5105 308 5177 γὰρ
339 5108 528 5173 ἁπλῶς
562 5106 738 5173 εἶπεν,
784 5110 927 5181 Οῖνῳ
951 5110 1118 5181 ὀλίγῳ
1152 5109 1272 5181 χρῶ
1291 5128 1304 5141 ·
1339 5107 1477 5162 ἀλλά
1509 5105 1775 5178 πρότερον
1803 5107 1884 5159 εἰ-

209 5192 338 5259 πὼν,
359 5196 585 5264 Μηκέτι
616 5196 952 5266 ὑδροπότει,
975 5197 1099 5250 τότε
1130 5197 1230 5269 τὴν
1258 5197 1358 5268 τῆς
1373 5195 1685 5258 οἰνοποσίας
1713 5209 1885 5265 προσ-

269 5296 569 5375 ξξξοεετξι.
593 5308 648 5375 οι
669 5314 844 5375 ρωηρε
877 5301 1277 5375 fere_mss..Ed_ili
1302 5301 1505 5375 ἐγένετο,
1534 5362 1557 5375 λ
1732 5358 1756 5371 _

266 5359 296 5400 δ
312 5363 408 5429 _A|ii
430 5371 482 5412 el
502 5365 653 5429 Sa_vi|,
667 5365 825 5429 ἔτερόν
844 5383 890 5414 τι
916 5365 1032 5429 πρὸς
1056 5363 1155 5420 τοῖς
1183 5359 1443 5429 εἰρημένοις
1464 5366 1508 5411 οἱ
1530 5359 1881 5429 διαποροῦντες.

211 5417 359 5471 Paulo
397 5432 506 5485 post
544 5425 695 5475 Savil.
741 5417 793 5475 ἐι
835 5417 1030 5486 3ιὶψὶοί
1063 5417 1176 5473 ωδε.
1219 5417 1506 5486 διδάσκαλος
1550 5417 1692 5471 αὐτὸν
1735 5423 1882 5484 οὕτω,

211 5493 302 5555 ιιορ
323 5484 469 5555 μσς.
496 5487 668 5555 Morgl.
694 5493 748 5535 el
770 5488 853 5538 a‘ii
875 5484 1161 5555 διδάσκαλος
1185 5484 1503 5555 αὐτρῦ-οὐτω.
1543 5548 1553 5555 _

273 5546 471 5611 (Sam.
501 5555 554 5597 el
574 5551 761 5611 aliquot
785 5564 902 5597 mss.
927 5547 1079 5611 ταῦτα
1100 5548 1161 5595 τὰ
1179 5564 1238 5611 π.Δ
1260 5546 1886 5611 εθᾶίοιοιὶευῐυε-οιηῇιιίιυι·

213 5602 260 5657 in
281 5609 415 5675 _ali_i»sr._
429 5619 479 5657 et
502 5602 702 5675 quidein
727 5611 1008 5675 elegantius
1032 5608 1150 5674 (imo
1170 5607 1328 5660 minus
1350 5609 1559 5669 σταδαῖα),
1581 5607 1633 5657 ui
1658 5609 1821 5659 fallor.

270 5668 298 5708 ἀ
321 5670 415 5719 Alii
441 5668 534 5720 καῖ
546 5674 665 5728 πῶς.

273 5731 319 5798 θ’
337 5734 489 5798 δίψη.
516 5734 654 5798 addit
673 5733 872 5798 ταμείῳ.

278 5794 300 5864 ξ
322 5794 510 5864 ὲιὶἱμτίς
531 5797 687 5864 γὰρ...
706 5794 1139 5864 φιλοστοργότερος.
1191 5856 1211 5864 _
1343 5857 1357 5864 _
1381 5857 1394 5864 _
1524 5854 1545 5864 -
1585 5854 1605 5864 ⁸

280 5854 299 5920 ί
324 5855 470 5905 Savil.
512 5854 567 5906 ei.
589 5854 689 5920 _'a|il
717 5854 918 5920 Quidam'
943 5854 1057 5920 mss:
1082 5856 1308 5920 ὃςοῦτως
1338 5857 1479 5919 ἑώρα.
1524 5854 1650 5905 Infra
1677 5854 1886 5920 aliiﬁn’

220 5913 413 5986 #017};
433 5918 668 5986 νηστείας.
692 5913 1176 5986 ΡέιιίρροεῖεΜρτρί.
1204 5925 1258 5967 et
1279 5913 1467 5986 aiiqg'ol
1492 5930 1607 5965 mss.
1635 5916 1887 5977 δηλοῦντος

222 5975 459 6044 ἀκούσατε,
483 5975 647 6032 Savih
664 5989 715 6035 el
744 5981 828 6034 alii
853 5975 1107 6043 δηλοῦντὸς
1133 5981 1257 6029 ἐστιν
1297 5975 1520 6027 ἀκοῦσαι.

1991 442 2157 515 έθηκε
2219 445 2552 517 συμϐουλήν.
2604 445 2677 499 Τὸ
2725 444 2782 499 δὲ
2803 486 2817 509 ,
2837 446 3074 516 μηκέτι,
3134 447 3420 519 δηλοῦντος
3458 443 3551 524 ἦν,
3587 451 3672 507 ὅτι

1993 530 2153 602 μέχρι
2184 532 2306 585 τότε
2351 533 2656 604 ὑδροπότει,
2690 533 2784 586 καὶ
2816 533 2905 587 διά
2942 534 3101 589 τοῦτο
3142 535 3365 605 γέγονεν
3414 537 3667 608 ἀσθενής.

1990 618 2087 681 Τίς
2110 613 2203 672 οὖν
2230 618 2331 672 οὐκ
2356 617 2423 672 ἂν
2448 619 2749 691 ἐκπλαγείη
2777 621 2873 691 τὴν
2903 623 3220 692 φιλοσοφίαν
3247 624 3411 678 αὐτοῦ
3442 626 3539 679 καὶ
3569 625 3670 696 τὴν

1988 707 2303 779 ἀκρίϐειανς
2326 708 2516 761 Αὐτῶν
2537 709 2834 764 ἐπελάϐετο
2856 720 2881 759 8
2904 712 3013 766 τῶν
3032 713 3297 785 οὐρανῶν,
3319 715 3414 768 καὶ
3437 715 3574 786 πρὸς
3606 715 3671 768 τὸ

1984 796 2084 863 τῆς
2127 795 2334 866 ἀρετῆς
2375 797 2544 866 ἄκρον
2576 799 2780 868 ήλασε·
2819 801 2916 852 καὶ
2959 801 3133 855 ταῦτα
3171 802 3200 853 6
3230 802 3549 867 διδάσκαλος
3584 802 3666 875 l5]

1982 880 2133 951 αὐτῷ
2168 885 2436 954 μαρτυρεῖ
2459 883 2603 937 οὕτω
2637 885 2830 954 λέγων·
2875 889 3150 957 Ἕπεμψα
3195 889 3338 959 ὑμῖν
3365 893 3666 959 Τιμόθεον,

1982 966 2051 1032 ὅς
2089 970 2221 1023 ἐστι
2245 970 2464 1025 τέκνον
2476 990 2597 1041 μου
2636 974 2950 1042 ἀγαπητὸν
2967 977 3065 1029 καὶ
3100 976 3319 1030 πιστὸν
3343 978 3412 1030 ἐν
3448 980 3664 1047 Κυρίῳ.

1984 1053 2152 1109 Ὅταν
2186 1057 2243 1110 δὲ
2279 1058 2489 1123 Παῦλος
2535 1060 2697 1112 αὐτὸν
2725 1061 2881 1113 καλεῖ
2910 1062 3099 1115 τέκνον
3134 1063 3229 1117 καὶ
3255 1063 3446 1118 τέκνον
3477 1066 3665 1118 πιστὸν

1983 1144 2076 1195 καὶ
2119 1145 2422 1215 ἀγαπητὸν,
2456 1147 2617 1217 ἀρκεῖ
2663 1147 2731 1200 τά
2771 1151 2991 1219 ῥήματα
3033 1147 3207 1203 ταῦτα
3246 1151 3461 1203 ἃπασαν
3497 1150 3665 1204 αὐτοῦ

1980 1229 2151 1297 δεῖξαι
2181 1231 2278 1303 τὴν
2312 1234 2534 1305 ἀρετήν.
2572 1236 2637 1287 Αἱ
2671 1235 2782 1307 γὰρ
2814 1236 2921 1288 τῶν
2962 1236 3131 1305 ἁγίων
3165 1238 3374 1308 κρίσεις
3419 1237 3479 1289 οὐ
3530 1238 3667 1308 πρὸς

1982 1317 2162 1388 χάριν,
2191 1320 2313 1372 οὐδὲ
2337 1320 2471 1391 πρὸς
2500 1322 2795 1392 ἀπέχθειαν
2837 1323 3097 1391 γίνονται,
3128 1323 3264 1378 ἀλλά
3314 1323 3494 1394 πάσης
3528 1325 3666 1377 εἰσιν

1980 1405 2397 1478 ἀπηλλαγμέναι
2450 1408 2793 1480 προλήψεως.
2846 1409 2959 1462 Οὐκ
3001 1405 3068 1479 ἦν
3101 1409 3243 1462 οῦτω
3288 1410 3315 1448 ιι
3356 1408 3594 1479 ζηλωτὸς
3637 1409 3666 1459 ὁ

1981 1493 2265 1564 Τιμόθεος,
2315 1498 2365 1549 εί
2400 1497 2613 1551 Παύλου
2647 1496 2839 1550 τέκνον
2870 1493 2938 1568 ἦν
2971 1497 3154 1566 φύσει,
3184 1496 3260 1561 ῶς
3298 1498 3414 1550 ἐστι
3449 1496 3665 1567 θαυμα-

1982 1583 2106 1646 στὸς
2136 1581 2249 1647 νῦν,
2273 1584 2355 1637 ὅτι
2380 1584 2519 1638 κατά
2542 1585 2722 1657 σάρκα
2746 1586 2911 1655 μηδὲν
2937 1584 3085 1656 αὐτῷ
3111 1586 3424 1656 προσήκων,
3454 1583 3542 1636 διὰ
3566 1584 3666 1654 τῆς

1980 1669 2121 1722 κατά
2149 1670 2251 1740 τὴν
2286 1672 2573 1725 εὐλάϐειαν
2606 1673 2928 1741 συγγενείας
2970 1673 3051 1736 εἰς
3094 1673 3193 1743 τὴν
3234 1671 3509 1724 υἱοθεσίαν
3552 1672 3667 1722 εἰσ·

1980 1758 2186 1829 ήγαγεν
2209 1759 2399 1813 ἐαυτὸν
2419 1760 2520 1831 τὴν
2537 1759 2765 1823 ἐκείνου,
2789 1759 2928 1829 μετά
2950 1758 3234 1831 ἀκριϐείας
3252 1760 3379 1821 τοὺς
3395 1756 3665 1828 χαρακτῆ-

1980 1863 2079 1917 ρας
2120 1845 2221 1917 τῆς
2258 1847 2466 1901 ἐκείνου
2511 1848 2828 1918 φιλοσοφίας
2856 1847 3136 1912 διασώζων
3174 1850 3232 1900 ἐν
3283 1845 3476 1899 ἀπασι.
3517 1843 3665 1898 Καθ-

1977 1935 2121 2006 άπερ
2159 1935 2266 2004 γάρ
2305 1936 2504 2008 μόσχος
2535 1936 2723 2008 ταύρῳ
2778 1936 3247 2008 συμϐεϐλημένος,
3281 1933 3422 1989 οῦτω
3447 1933 3538 1987 τὸν
3567 1932 3662 1999 ζυ-

1976 2023 2070 2092 γὸν
2091 2019 2240 2078 εἷλκε
2274 2026 2391 2096 μετ’
2419 2026 2584 2079 αὐτοῦ
2614 2023 2891 2096 πανταχοῦ
2925 2028 3022 2096 τῆς
3062 2023 3407 2095 οἰκουμένης,
3445 2022 3539 2076 καὶ
3566 2022 3662 2074 οὐ-

1976 2111 2065 2164 δὲν
2094 2113 2390 2183 ἠλαττοῦτο
2423 2113 2513 2168 διὰ
2547 2113 2646 2182 τὴν
2692 2113 2930 2185 ἡλικίαν,
2976 2112 3089 2167 ἀλλ’
3124 2115 3157 2184 ή
3194 2111 3473 2183 προθυμία
3502 2109 3665 2180 ἁμιλ-

1976 2200 2173 2255 λᾶσθαι
2200 2204 2313 2266 τοῖς
2344 2203 2440 2257 τοῦ
2470 2203 2794 2257 διδασκάλου
2829 2202 3016 2267 πόνοις
3053 2202 3217 2256 αὐτὸν
3258 2198 3661 2271 παρεσκεύαζε.

1976 2289 2087 2341 Καὶ
2113 2288 2316 2343 τούτων
2339 2290 2502 2345 πάλιν
2532 2291 2742 2361 μάρτυς
2767 2291 2928 2353 αὐτὸς
2953 2291 2981 2343 6
3014 2288 3248 2353 Παῦλος,
3277 2287 3420 2341 οὕτω
3446 2286 3621 2355 λέγων
3642 2301 3658 2317 ο

1974 2375 2198 2442 Μηδεὶς
2223 2372 2338 2431 οὖν
2359 2380 2548 2431 αὐτὸν
2579 2376 2958 2445 ἐξουθενήσῃ
2973 2393 2989 2408 ·
3013 2376 3082 2431 τὸ
3106 2376 3216 2445 γὰρ
3241 2375 3419 2446 ἔργον
3438 2375 3660 2442 Κυρίου

1974 2461 2291 2533 ἐργάζεται,
2337 2469 2418 2532 ὠς
2464 2465 2645 2536 κάγώ.
2692 2462 2847 2530 Εἶδες
2886 2464 3005 2529 πῶς
3055 2465 3475 2535 ἀπαράλλακτον
3513 2460 3661 2534 αὐτῷ

1979 2555 2249 2624 μαρτυρεῖ
2271 2555 2507 2624 σπουδήν
2523 2571 2537 2620 ;
2555 2551 2690 2608 Εἶτα
2717 2555 2803 2606 ἵνα
2826 2553 2902 2624 μὴ
2927 2552 3154 2624 νομισθῇ
3180 2552 3363 2624 χάριτι
3384 2551 3557 2604 ταῦτα
3573 2548 3662 2602 λέ-

1974 2656 2113 2708 γειν,
2141 2644 2340 2708 αὐτοὺς
2366 2646 2494 2708 τοὺς
2522 2642 2799 2716 ἀκροατὰς
2829 2645 3068 2696 ποιεῖται
3113 2641 3400 2713 μάρτυρας
3428 2639 3526 2711 τῆς
3564 2636 3659 2692 τοῦ

1975 2730 2164 2794 παιδὸς
2197 2733 2422 2803 ἀρετῆς,
2460 2732 2603 2788 οὓτω
2647 2733 2852 2802 λέγων·
2893 2730 3012 2799 Τὴν
3052 2729 3120 2783 δὲ
3162 2729 3419 2799 δοκιμὴν
3472 2726 3660 2782 αὐτοῦ

1974 2819 2315 2885 γινώσκετε,
2349 2821 2440 2877 ὅτι
2484 2824 2565 2888 ὠς
2603 2822 2831 2891 πατέρα
2858 2821 3076 2876 τέκνον
3113 2822 3158 2885 ί,
3190 2820 3344 2874 οὕτω
3384 2819 3507 2874 σὺν
3528 2815 3663 2888 ἐμοὶ

1972 2906 2344 2964 ἐδούλευσεν
2376 2910 2447 2964 ἐν
2474 2909 2556 2975 τῷ
2598 2910 2963 2980 Εὐαγγελίῳ·
3016 2908 3231 2977 πεῖραν
3273 2907 3444 2978 ὑμεῖς
3494 2905 3659 2972 al.111-

1973 3013 2124 3065 ,φατε
2166 2996 2278 3067 τῆς
2311 2999 2531 3068 ἀρετῆς
2572 2998 2797 3062 αὐτοῦ,
2844 3000 2943 3052 καί
2999 2997 3111 3068 τῆς
3142 2998 3392 3067 δοκΙμου
3426 2996 3656 3065 ψυχῆς.

1985 3083 2124 3136 Ἀλλ’
2148 3085 2297 3155 ὅμως
2326 3087 2461 3157 πρὸς
2489 3086 2744 3140 τοσοῦτον
2769 3085 2902 3155 ὕψος
2931 3085 3376 3156 κατορθωμάτων
3400 3083 3659 3145 ἀνελθὼν,

1974 3168 2094 3223 οὐδὲ
2122 3168 2297 3235 οὕτως
2333 3172 2575 3244 ἐθάρρει,
2610 3173 2725 3226 ἀλλ’
2743 3170 3037 3241 ἐναγώνιος
3065 3168 3132 3243 ἦν
3154 3172 3249 3226 καὶ
3270 3170 3525 3242 περιδεής
3542 3188 3554 3201 ·
3578 3170 3662 3225 διὸ

1988 3260 2084 3313 καὶ
2131 3262 2248 3330 μετ’
2281 3262 2566 3334 ἀκριϐείας
2616 3264 2896 3335 ἐνήστευε,
2938 3261 3032 3315 καὶ
3065 3262 3165 3314 οὐκ
3203 3260 3374 3314 ἔπαθε
3408 3259 3568 3312 τοῦτο
3599 3258 3663 3312 τὸ

1958 3344 2084 3402 τῶν
2126 3348 2358 3416 πολλῶν,
2397 3350 2446 3404 οἳ
2497 3351 2628 3406 δέκα
2667 3352 2847 3423 μόνον,
2901 3350 2934 3421 ἢ
2975 3350 3071 3402 καὶ
3112 3349 3285 3402 εἴκοσι
3339 3349 3514 3419 μῆνας
3564 3363 3665 3417 νη-

1979 3435 2132 3507 στείᾳ
2164 3441 2575 3509 παρεσχηκότες
2609 3439 2856 3502 ἑαυτοὺς,
2892 3436 3098 3500 εὐθέως
3124 3437 3341 3490 ἅπαντα
3368 3432 3666 3489 καταλύου-

1979 3539 2082 3576 σιν.
2128 3523 2267 3577 Ἀλλ’
2301 3526 2508 3591 ἐκεῖνος
2536 3525 2689 3579 οὐδὲν
2737 3522 2978 3578 τοιοῦτον
3029 3520 3252 3586 ἔπαθεν,
3285 3521 3405 3575 οὐδέ
3439 3516 3565 3573 εἶπέ
3606 3536 3662 3574 τι

1978 3609 2214 3664 τοιοῦτον
2254 3611 2391 3683 πρὸς
2421 3613 2633 3666 ἐαυτόνο
2660 3612 2725 3665 Τί
2755 3628 2845 3683 μοι
2867 3609 3120 3681 νηστείας
3140 3608 3300 3679 χρεία
3324 3606 3542 3671 λοιπόν;
3568 3623 3666 3659 πε-

1979 3698 2327 3768 ριεγενόμην,
2359 3699 2644 3771 ἐκράτησα
2677 3698 2787 3752 τῶν
2817 3695 3143 3766 ἐπιθυμιῶν,
3170 3693 3452 3766 ἐνέκρωσά
3478 3711 3579 3764 μου
3603 3692 3663 3746 τὸ

1980 3782 2157 3854 σῶμα,
2176 3784 2438 3856 δαίμονας
2457 3787 2722 3857 ἐφόϐησα,
2740 3785 2831 3839 τὸν
2846 3783 3093 3837 διάϐολον
3115 3782 3395 3855 ἀπήλασα,
3434 3781 3663 3852 νεκροὺς

1977 3869 2272 3941 ἀνέστησα,
2301 3871 2539 3944 λεπροὺς
2566 3872 2833 3944 ἐκάθηρα,
2858 3873 2980 3933 ταῖς
3010 3869 3416 3939 ἀντικειμέναις
3437 3867 3665 3937 δυνάμε-

1981 3956 2063 4009 σίν
2090 3960 2204 4028 εἰμι
2229 3958 2460 4029 φοϐερός
2480 3976 2493 3989 ·
2525 3959 2577 4012 τί
2601 3975 2694 4030 μοι
2718 3959 2973 4030 νηστείας
2992 3957 3074 4011 δεῖ
3097 3956 3302 4023 λειπδν,
3331 3954 3545 4025 καὶτῆς
3577 3955 3664 4007 ἐν·
3770 3985 3779 3993 -

1977 4044 2168 4097 τεῦθεν
2201 4045 2501 4113 ἀσφαλείας
2521 4064 2536 4112 ;

2050 4133 2216 4187 υύδέν
2240 4134 2479 4189 τοιοῦτον
2502 4136 2603 4189 οὐκ
2632 4130 2803 4200 εἷπεν,
2831 4134 2931 4188 οὐκ
2950 4134 3251 4205 ἐνενόησεν,
3284 4128 3401 4184 ἀλλ’
3423 4128 3534 4198 ὅσῳ
3563 4145 3666 4199 μυ-

1982 4219 2113 4291 ρίων
2148 4221 2313 4294 ἔγεμε
2343 4222 2804 4294 κατορθωμάτων,
2838 4218 3080 4291 τοσούτῳ
3116 4218 3317 4290 μᾶλλον
3342 4215 3529 4270 ἐδεδίει
3567 4215 3664 4269 καὶ

1981 4309 2179 4381 έτρεμε
2204 4326 2217 4342 ο
2254 4310 2349 4364 καὶ
2390 4310 2594 4381 ταύτην
2634 4309 2787 4382 παρὰ
2828 4309 2922 4362 τοῦ
2964 4306 3287 4362 διδασκάλου
3321 4304 3418 4375 τὴν
3450 4303 3665 4373 φιλοσο-

1982 4397 2111 4467 φίαν
2131 4396 2424 4468 ἐμάνθανε.
2448 4397 2558 4451 Καὶ
2586 4396 2697 4469 γάρ
2726 4398 2934 4460 ἐκεῖνος
2960 4398 3039 4459 εἰς
3060 4394 3244 4466 τρίτον
3267 4392 3542 4463 άρπαγεὶς
3569 4390 3664 4443 οὐ-

1986 4482 2165 4555 ρανὸν,
2200 4485 2295 4538 καὶ
2327 4486 2408 4548 εἰς
2444 4486 2776 4555 παράδεισον
2803 4483 3146 4554 ἀπενεχθεὶς,
3177 4480 3273 4534 καὶ
3300 4477 3542 4541 ἀκούσας
3572 4476 3665 4548 ῥή-

1986 4589 2132 4643 ματα
2164 4572 2402 4645 ἄρρητα,
2434 4574 2529 4627 καὶ
2561 4571 2877 4644 μυστηρίων
2911 4573 3245 4640 κοινωνήσας
3267 4566 3541 4631 τοιούτων,
3571 4563 3664 4617 καὶ

1981 4660 2082 4731 τὴν
2109 4661 2435 4731 οἰκουμένην
2459 4660 2678 4714 ἃπασαν
2710 4659 3027 4732 ἐπιδραμὼν
3056 4656 3309 4727 καθάπερ
3330 4672 3413 4718 τις
3435 4653 3668 4706 ὑπόπτε-

1989 4762 2099 4817 ρος,
2150 4747 2459 4819 Κορινθίοις
2498 4748 2830 4802 ἐπιστέλλων
2863 4746 3046 4814 ἐλεγε·
3080 4743 3380 4812 Φοϐοῦμαι
3419 4740 3505 4810 μή
3542 4754 3668 4806 πως

1984 4832 2199 4901 ἄλλοις
2222 4835 2491 4903 κηρύξας
2516 4835 2702 4902 αὐτὸς
2724 4834 3014 4903 ἀδόκιμος
3045 4832 3322 4901 γένωμαι.
3352 4830 3416 4882 Εἰ
3443 4828 3502 4882 δὲ
3528 4827 3670 4882 Παῦ-

1984 4919 2075 4985 λος
2095 4922 2340 4992 φοϐεῖται
2373 4920 2387 4971 i
2424 4924 2562 4993 μετὰ
2588 4921 2813 4976 τοιαῦτα
2843 4922 2936 4975 καὶ
2971 4916 3210 4974 τοσαῦτα
3243 4915 3665 4988 κατορθώματα,

1984 5011 2013 5063 ὁ
2032 5009 2281 5081 δυνηθεὶς
2302 5012 2498 5075 εἰπεῖν,
2518 5011 2600 5064 ὅτι
2646 5008 2802 5079 Ἑμοί
2836 5010 3063 5077 κόσμος
3091 5005 3477 5074 ἐσταύρωται,
3506 5000 3669 5071 κάγὼ

1984 5097 2066 5164 τῷ
2103 5099 2329 5168 κόσμῳ,
2356 5098 2537 5169 πολλῷ
2573 5098 2771 5169 μᾶλλον
2801 5098 2948 5169 ἡμᾶς
2986 5094 3282 5148 δεδοικέναι
3307 5093 3435 5163 χρὴ,
3470 5090 3564 5146 καὶ
3587 5106 3669 5142 το-

1987 5185 2163 5256 σούτῳ
2197 5186 2418 5257 μᾶλλον,
2435 5187 2656 5258 ὅσῳπερ
2673 5186 2738 5239 ἂν
2762 5178 2913 5255 ῶμεν
2944 5181 3117 5236 πολλὰ
3134 5179 3506 5251 συνειληχότες
3537 5194 3668 5230 κατ-

1986 5271 2302 5345 ορθώματα.
2341 5272 2446 5327 Καὶ
2474 5274 2582 5345 γὰρ
2603 5276 2631 5326 ὁ
2665 5271 2910 5336 διάϐολος
2928 5269 3266 5342 ἀγριώτερος
3287 5267 3412 5320 τότε
3434 5264 3664 5333 γίνεται,

1984 5359 2107 5413 τότε
2137 5360 2486 5432 ἐκθηριοῦται
2527 5361 2709 5424 πλέον,
2751 5360 2877 5413 ὅταν
2911 5359 2996 5429 ίδῃ
3030 5359 3146 5428 μετ’
3182 5350 3497 5423 ἐπιμελείας
3519 5352 3671 5421 ήμᾶς

1984 5445 2077 5499 τὸν
2106 5446 2315 5499 ἑαυτῶν
2345 5447 2762 5519 οἰκονομοῦντας
2794 5446 2906 5516 βίον
2925 5462 2937 5473 ·
2970 5446 3098 5497 ὅταν
3136 5441 3220 5514 ἴδῃ
3252 5438 3320 5492 τὰ
3344 5437 3542 5509 φορτία
3570 5438 3669 5508 τῆς

1986 5534 2186 5603 ἀρετῆς
2216 5535 2573 5605 συγκείμενα,
2591 5534 2685 5587 καὶ
2705 5533 2871 5586 πολὺν
2897 5532 3024 5584 ὄντα
3047 5529 3137 5581 τὸν
3158 5527 3340 5595 ὄγκον,
3358 5525 3479 5578 τότε
3507 5541 3671 5578 σπου-

1987 5620 2138 5685 δάζει
2160 5620 2541 5695 χαλεπώτερον
2568 5620 2907 5693 ἐργάσασθαι
2932 5618 2992 5670 τὸ
3012 5615 3290 5684 ναυάγιον.
3324 5614 3385 5668 '0
3427 5613 3525 5685 μὲν
3554 5612 3665 5686 γὰρ

2054 5795 2080 5857 β
2107 5794 2258 5845 SaVil.
2289 5800 2342 5845 et
2363 5794 2512 5857 aliqui
2543 5792 2818 5853 ἐπελάϐετο,
2847 5786 3022 5842 Morel.
3045 5782 3328 5837 ὐπελᾶϐετο.

2050 5854 2079 5919 ξι
2109 5857 2243 5905 Unus
2268 5857 2356 5905 οὐκ
2373 5857 2430 5915 ἦν
2450 5854 2541 5919 γὰρ
2568 5857 2712 5904 οὕτω.

2052 5917 2069 5954 ί
2102 5918 2200 5966 Alii
2222 5921 2286 5973 ὡς
2304 5920 2445 5979 πατρὶ
2466 5917 2643 5965 τέκνον.

2058 5979 2071 6029 i
2104 5981 2202 6029 Alii
2234 5979 2463 6043 ἐφοϐεῖτο.
