  <div class='ocr_page' id='page_1' title='image "/cluster/home/n/w/nwhite01/storage/ocr_20150623/49:no.2:pt.1/coo.31924054869486/023.png"; bbox 0 0 3998 6458; ppageno 0'>
   <div class='ocr_carea' id='block_1_1' title="bbox 255 338 3721 409">
    <p class='ocr_par' dir='ltr' id='par_1_1' title="bbox 255 338 3721 409">
     <span class='ocr_line' id='line_1_1' title="bbox 255 338 3721 409; baseline 0.004 -15"><span class='ocrx_word' id='word_1_1' title='bbox 255 356 316 408; x_wconf 66' lang='lat'><strong>2|</strong></span> <span class='ocrx_word' id='word_1_2' title='bbox 1035 338 1091 398; x_wconf 87' lang='lat' dir='ltr'><strong>S.</strong></span> <span class='ocrx_word' id='word_1_3' title='bbox 1135 340 1419 398; x_wconf 80' lang='lat' dir='ltr'><strong>JOANNIS</strong></span> <span class='ocrx_word' id='word_1_4' title='bbox 1457 338 1953 397; x_wconf 55' lang='lat' dir='ltr'><strong>CHRYSOSTO‘II</strong></span> <span class='ocrx_word' id='word_1_5' title='bbox 1991 343 2319 401; x_wconf 79' lang='lat' dir='ltr'><strong>ARCIIIEP.</strong></span> <span class='ocrx_word' id='word_1_6' title='bbox 2362 346 2918 408; x_wconf 66' lang='lat' dir='ltr'><strong>CONSTANTINOP.</strong></span> <span class='ocrx_word' id='word_1_7' title='bbox 3641 354 3721 409; x_wconf 66' lang='lat'><strong>&#39;22</strong></span> 
     </span>
    </p>
   </div>
   <div class='ocr_carea' id='block_1_2' title="bbox 168 459 1933 538">
    <p class='ocr_par' dir='ltr' id='par_1_2' title="bbox 168 459 1933 538">
     <span class='ocr_line' id='line_1_2' title="bbox 168 459 1933 538; baseline -0.007 -15"><span class='ocrx_word' id='word_1_8' title='bbox 168 493 173 498; x_wconf 65' lang='grc'><em>’</em></span> <span class='ocrx_word' id='word_1_9' title='bbox 255 465 476 538; x_wconf 80' lang='grc' dir='ltr'><strong>εὐτελὴς</strong></span> <span class='ocrx_word' id='word_1_10' title='bbox 508 465 605 521; x_wconf 74' lang='grc' dir='ltr'><strong>καὶ</strong></span> <span class='ocrx_word' id='word_1_11' title='bbox 650 462 1081 535; x_wconf 76' lang='grc' dir='ltr'><strong>ἀπερριμμένος,</strong></span> <span class='ocrx_word' id='word_1_12' title='bbox 1114 459 1218 514; x_wconf 79' lang='grc' dir='ltr'><strong>κάν</strong></span> <span class='ocrx_word' id='word_1_13' title='bbox 1243 459 1605 529; x_wconf 70' lang='grc' dir='ltr'><strong>ὑποσκελίσθῇ</strong></span> <span class='ocrx_word' id='word_1_14' title='bbox 1645 459 1736 511; x_wconf 75' lang='grc' dir='ltr'><strong>καὶ</strong></span> <span class='ocrx_word' id='word_1_15' title='bbox 1764 472 1933 510; x_wconf 81' lang='grc' dir='ltr'><strong>κατα-</strong></span> 
     </span>
    </p>
   </div>
   <div class='ocr_carea' id='block_1_3' title="bbox 257 542 1933 625">
    <p class='ocr_par' dir='ltr' id='par_1_3' title="bbox 257 542 1933 625">
     <span class='ocr_line' id='line_1_3' title="bbox 257 542 1933 625; baseline -0.007 -19"><span class='ocrx_word' id='word_1_16' title='bbox 257 554 422 625; x_wconf 75' lang='grc' dir='ltr'><strong>πέσῃ,</strong></span> <span class='ocrx_word' id='word_1_17' title='bbox 476 553 539 605; x_wconf 86' lang='grc' dir='ltr'><strong>οὑ</strong></span> <span class='ocrx_word' id='word_1_18' title='bbox 569 551 841 620; x_wconf 78' lang='grc' dir='ltr'><strong>τοσαύτην</strong></span> <span class='ocrx_word' id='word_1_19' title='bbox 871 546 950 617; x_wconf 86' lang='grc' dir='ltr'><strong>τῷ</strong></span> <span class='ocrx_word' id='word_1_20' title='bbox 988 546 1151 616; x_wconf 83' lang='grc' dir='ltr'>κοινῷ</span> <span class='ocrx_word' id='word_1_21' title='bbox 1193 546 1350 618; x_wconf 86' lang='grc' dir='ltr'><strong>φέρει</strong></span> <span class='ocrx_word' id='word_1_22' title='bbox 1403 545 1504 615; x_wconf 80' lang='grc' dir='ltr'><strong>τὴν</strong></span> <span class='ocrx_word' id='word_1_23' title='bbox 1535 543 1739 614; x_wconf 86' lang='grc' dir='ltr'><strong>βλάϐην</strong></span> <span class='ocrx_word' id='word_1_24' title='bbox 1761 558 1775 573; x_wconf 74' lang='grc' dir='ltr'><strong><em>ο</em></strong></span> <span class='ocrx_word' id='word_1_25' title='bbox 1804 544 1833 594; x_wconf 93' lang='lat'><strong>6</strong></span> <span class='ocrx_word' id='word_1_26' title='bbox 1873 542 1933 594; x_wconf 73' lang='grc' dir='ltr'>δὲ</span> 
     </span>
    </p>
   </div>
   <div class='ocr_carea' id='block_1_4' title="bbox 257 629 1927 712">
    <p class='ocr_par' dir='ltr' id='par_1_4' title="bbox 257 629 1927 712">
     <span class='ocr_line' id='line_1_4' title="bbox 257 629 1927 712; baseline -0.008 -17"><span class='ocrx_word' id='word_1_27' title='bbox 257 641 446 712; x_wconf 84' lang='grc' dir='ltr'><strong>ὥσπερ</strong></span> <span class='ocrx_word' id='word_1_28' title='bbox 464 642 523 692; x_wconf 83' lang='grc' dir='ltr'><strong>ὲν</strong></span> <span class='ocrx_word' id='word_1_29' title='bbox 539 638 666 709; x_wconf 73' lang='grc' dir='ltr'><strong>ὕψει</strong></span> <span class='ocrx_word' id='word_1_30' title='bbox 692 639 799 691; x_wconf 77' lang='grc' dir='ltr'><strong>τινὶ</strong></span> <span class='ocrx_word' id='word_1_31' title='bbox 811 639 877 707; x_wconf 76' lang='grc' dir='ltr'><strong>τῇ</strong></span> <span class='ocrx_word' id='word_1_32' title='bbox 894 636 995 706; x_wconf 83' lang='grc' dir='ltr'><strong>τῆς</strong></span> <span class='ocrx_word' id='word_1_33' title='bbox 1012 635 1214 705; x_wconf 83' lang='grc' dir='ltr'><strong>ἀρετῆς</strong></span> <span class='ocrx_word' id='word_1_34' title='bbox 1232 632 1311 705; x_wconf 80' lang='lat'><strong>[6|</strong></span> <span class='ocrx_word' id='word_1_35' title='bbox 1334 635 1546 704; x_wconf 81' lang='grc' dir='ltr'>κορυφῇ</span> <span class='ocrx_word' id='word_1_36' title='bbox 1572 631 1708 702; x_wconf 86' lang='grc' dir='ltr'><strong>μετά</strong></span> <span class='ocrx_word' id='word_1_37' title='bbox 1723 629 1927 698; x_wconf 80' lang='grc' dir='ltr'><strong>πολλῆς</strong></span> 
     </span>
    </p>
   </div>
   <div class='ocr_carea' id='block_1_5' title="bbox 253 715 1931 798">
    <p class='ocr_par' dir='ltr' id='par_1_5' title="bbox 253 715 1931 798">
     <span class='ocr_line' id='line_1_5' title="bbox 253 715 1931 798; baseline -0.011 -15"><span class='ocrx_word' id='word_1_38' title='bbox 253 728 357 797; x_wconf 77' lang='grc' dir='ltr'><strong>τῆς</strong></span> <span class='ocrx_word' id='word_1_39' title='bbox 382 727 735 798; x_wconf 74' lang='grc' dir='ltr'>περιφανείας</span> <span class='ocrx_word' id='word_1_40' title='bbox 761 722 950 787; x_wconf 70' lang='grc' dir='ltr'><strong>ίστὼς,</strong></span> <span class='ocrx_word' id='word_1_41' title='bbox 975 723 1069 774; x_wconf 73' lang='grc' dir='ltr'><strong>καὶ</strong></span> <span class='ocrx_word' id='word_1_42' title='bbox 1090 724 1225 774; x_wconf 83' lang='grc' dir='ltr'><strong>πᾶσι</strong></span> <span class='ocrx_word' id='word_1_43' title='bbox 1252 720 1410 791; x_wconf 82' lang='grc' dir='ltr'>δῆλος</span> <span class='ocrx_word' id='word_1_44' title='bbox 1431 720 1526 773; x_wconf 77' lang='grc' dir='ltr'><strong>καὶ</strong></span> <span class='ocrx_word' id='word_1_45' title='bbox 1543 717 1819 789; x_wconf 86' lang='grc' dir='ltr'><strong>γνώριμος</strong></span> <span class='ocrx_word' id='word_1_46' title='bbox 1832 715 1931 781; x_wconf 80' lang='grc' dir='ltr'><strong>ὢν,</strong></span> 
     </span>
    </p>
   </div>
   <div class='ocr_carea' id='block_1_6' title="bbox 256 806 1933 886">
    <p class='ocr_par' dir='ltr' id='par_1_6' title="bbox 256 806 1933 886">
     <span class='ocr_line' id='line_1_6' title="bbox 256 806 1933 886; baseline -0.007 -17"><span class='ocrx_word' id='word_1_47' title='bbox 256 817 354 870; x_wconf 72' lang='grc' dir='ltr'><strong>καὶ</strong></span> <span class='ocrx_word' id='word_1_48' title='bbox 385 815 535 886; x_wconf 87' lang='grc' dir='ltr'><strong>παρά</strong></span> <span class='ocrx_word' id='word_1_49' title='bbox 561 815 777 867; x_wconf 88' lang='grc' dir='ltr'><strong>πάντων</strong></span> <span class='ocrx_word' id='word_1_50' title='bbox 808 810 1245 882; x_wconf 78' lang='grc' dir='ltr'><strong>θαυμαζόμενος,</strong></span> <span class='ocrx_word' id='word_1_51' title='bbox 1277 811 1406 863; x_wconf 88' lang='grc' dir='ltr'><strong>ὃταν</strong></span> <span class='ocrx_word' id='word_1_52' title='bbox 1433 806 1795 878; x_wconf 63' lang='grc' dir='ltr'><strong>ἐπηρεασθείς</strong></span> <span class='ocrx_word' id='word_1_53' title='bbox 1828 822 1933 859; x_wconf 81' lang='grc' dir='ltr'><strong>κα-</strong></span> 
     </span>
    </p>
   </div>
   <div class='ocr_carea' id='block_1_7' title="bbox 251 892 1931 975">
    <p class='ocr_par' dir='ltr' id='par_1_7' title="bbox 251 892 1931 975">
     <span class='ocr_line' id='line_1_7' title="bbox 251 892 1931 975; baseline -0.008 -18"><span class='ocrx_word' id='word_1_54' title='bbox 251 904 491 975; x_wconf 79' lang='grc' dir='ltr'><strong>ταπέσῃ,</strong></span> <span class='ocrx_word' id='word_1_55' title='bbox 519 902 760 973; x_wconf 80' lang='grc' dir='ltr'><strong>μεγάλην</strong></span> <span class='ocrx_word' id='word_1_56' title='bbox 778 901 876 971; x_wconf 82' lang='grc' dir='ltr'><strong>τὴν</strong></span> <span class='ocrx_word' id='word_1_57' title='bbox 892 899 1100 953; x_wconf 84' lang='grc' dir='ltr'><strong>πτῶσιν</strong></span> <span class='ocrx_word' id='word_1_58' title='bbox 1129 898 1225 951; x_wconf 76' lang='grc' dir='ltr'><strong>καὶ</strong></span> <span class='ocrx_word' id='word_1_59' title='bbox 1253 898 1350 966; x_wconf 81' lang='grc' dir='ltr'><strong>τὴν</strong></span> <span class='ocrx_word' id='word_1_60' title='bbox 1372 895 1576 966; x_wconf 75' lang='grc' dir='ltr'><strong>ζημίαν</strong></span> <span class='ocrx_word' id='word_1_61' title='bbox 1607 892 1898 963; x_wconf 77' lang='grc' dir='ltr'><strong>ἐργάζεται</strong></span> <span class='ocrx_word' id='word_1_62' title='bbox 1915 907 1931 923; x_wconf 75' lang='grc' dir='ltr'>σ</span> 
     </span>
    </p>
   </div>
   <div class='ocr_carea' id='block_1_8' title="bbox 257 980 1933 1061">
    <p class='ocr_par' dir='ltr' id='par_1_8' title="bbox 257 980 1933 1061">
     <span class='ocr_line' id='line_1_8' title="bbox 257 980 1933 1061; baseline -0.008 -16"><span class='ocrx_word' id='word_1_63' title='bbox 257 994 356 1061; x_wconf 82' lang='grc' dir='ltr'><strong>οὑχ</strong></span> <span class='ocrx_word' id='word_1_64' title='bbox 388 993 469 1045; x_wconf 79' lang='grc' dir='ltr'><strong>ὅτι</strong></span> <span class='ocrx_word' id='word_1_65' title='bbox 503 991 660 1061; x_wconf 92' lang='grc' dir='ltr'><strong>μόνον</strong></span> <span class='ocrx_word' id='word_1_66' title='bbox 685 989 744 1054; x_wconf 79' lang='grc' dir='ltr'>ἐξ</span> <span class='ocrx_word' id='word_1_67' title='bbox 778 988 947 1058; x_wconf 75' lang='grc' dir='ltr'><strong>ὕψους</strong></span> <span class='ocrx_word' id='word_1_68' title='bbox 975 987 1296 1048; x_wconf 79' lang='grc' dir='ltr'><strong>κατέπεσεν,</strong></span> <span class='ocrx_word' id='word_1_69' title='bbox 1325 984 1439 1037; x_wconf 77' lang='grc' dir='ltr'><strong>ἀλλ’</strong></span> <span class='ocrx_word' id='word_1_70' title='bbox 1468 984 1550 1036; x_wconf 84' lang='grc' dir='ltr'><strong>ὅτι</strong></span> <span class='ocrx_word' id='word_1_71' title='bbox 1578 983 1674 1034; x_wconf 73' lang='grc' dir='ltr'><strong>καὶ</strong></span> <span class='ocrx_word' id='word_1_72' title='bbox 1703 980 1933 1044; x_wconf 82' lang='grc' dir='ltr'>πολλοὺς</span> 
     </span>
    </p>
   </div>
   <div class='ocr_carea' id='block_1_9' title="bbox 261 1070 1935 1151">
    <p class='ocr_par' dir='ltr' id='par_1_9' title="bbox 261 1070 1935 1151">
     <span class='ocr_line' id='line_1_9' title="bbox 261 1070 1935 1151; baseline -0.007 -19"><span class='ocrx_word' id='word_1_73' title='bbox 261 1079 666 1151; x_wconf 70' lang='grc' dir='ltr'><strong>ῥᾳθυμοτέρως</strong></span> <span class='ocrx_word' id='word_1_74' title='bbox 688 1078 915 1149; x_wconf 80' lang='grc' dir='ltr'><strong>ἐποίησε</strong></span> <span class='ocrx_word' id='word_1_75' title='bbox 945 1074 1057 1129; x_wconf 89' lang='grc' dir='ltr'><strong>τῶν</strong></span> <span class='ocrx_word' id='word_1_76' title='bbox 1103 1074 1243 1144; x_wconf 84' lang='grc' dir='ltr'>πρὸς</span> <span class='ocrx_word' id='word_1_77' title='bbox 1269 1073 1432 1127; x_wconf 85' lang='grc' dir='ltr'><strong>αὑτὸν</strong></span> <span class='ocrx_word' id='word_1_78' title='bbox 1465 1070 1791 1141; x_wconf 82' lang='grc' dir='ltr'><strong>βλεπόντων.</strong></span> <span class='ocrx_word' id='word_1_79' title='bbox 1823 1070 1935 1122; x_wconf 75' lang='grc' dir='ltr'><strong>Καὶ</strong></span> 
     </span>
    </p>
   </div>
   <div class='ocr_carea' id='block_1_10' title="bbox 260 1158 1932 1238">
    <p class='ocr_par' dir='ltr' id='par_1_10' title="bbox 260 1158 1932 1238">
     <span class='ocr_line' id='line_1_10' title="bbox 260 1158 1932 1238; baseline -0.007 -17"><span class='ocrx_word' id='word_1_80' title='bbox 260 1168 511 1238; x_wconf 87' lang='grc' dir='ltr'><strong>καθάπερ</strong></span> <span class='ocrx_word' id='word_1_81' title='bbox 532 1169 591 1219; x_wconf 80' lang='grc' dir='ltr'><strong>ἐν</strong></span> <span class='ocrx_word' id='word_1_82' title='bbox 620 1166 855 1234; x_wconf 85' lang='grc' dir='ltr'><strong>σώματι.</strong></span> <span class='ocrx_word' id='word_1_83' title='bbox 882 1164 1075 1236; x_wconf 81' lang='grc' dir='ltr'>μέλους</span> <span class='ocrx_word' id='word_1_84' title='bbox 1108 1163 1205 1233; x_wconf 82' lang='grc' dir='ltr'><strong>μὲν</strong></span> <span class='ocrx_word' id='word_1_85' title='bbox 1228 1161 1417 1232; x_wconf 78' lang='grc' dir='ltr'><strong>ἑτέρου</strong></span> <span class='ocrx_word' id='word_1_86' title='bbox 1441 1158 1845 1230; x_wconf 82' lang='grc' dir='ltr'><strong>διαφθαρεντος,</strong></span> <span class='ocrx_word' id='word_1_87' title='bbox 1870 1158 1932 1210; x_wconf 89' lang='grc' dir='ltr'><strong>οὑ</strong></span> 
     </span>
    </p>
   </div>
   <div class='ocr_carea' id='block_1_11' title="bbox 259 1242 1935 1325">
    <p class='ocr_par' dir='ltr' id='par_1_11' title="bbox 259 1242 1935 1325">
     <span class='ocr_line' id='line_1_11' title="bbox 259 1242 1935 1325; baseline 0 -19"><span class='ocrx_word' id='word_1_88' title='bbox 259 1254 428 1324; x_wconf 84' lang='grc' dir='ltr'>πολλὴ</span> <span class='ocrx_word' id='word_1_89' title='bbox 466 1256 499 1325; x_wconf 81' lang='grc' dir='ltr'>ὴ</span> <span class='ocrx_word' id='word_1_90' title='bbox 554 1252 749 1323; x_wconf 85' lang='grc' dir='ltr'><strong>βλάϐη,</strong></span> <span class='ocrx_word' id='word_1_91' title='bbox 789 1251 897 1305; x_wconf 91' lang='grc' dir='ltr'><strong>τῶν</strong></span> <span class='ocrx_word' id='word_1_92' title='bbox 948 1250 1004 1304; x_wconf 84' lang='grc' dir='ltr'><strong>δὲ</strong></span> <span class='ocrx_word' id='word_1_93' title='bbox 1038 1247 1330 1318; x_wconf 79' lang='grc' dir='ltr'><strong>ὀφθαλμῶν</strong></span> <span class='ocrx_word' id='word_1_94' title='bbox 1375 1244 1740 1316; x_wconf 80' lang='grc' dir='ltr'><strong>πηρωθέντων</strong></span> <span class='ocrx_word' id='word_1_95' title='bbox 1770 1242 1802 1313; x_wconf 83' lang='grc' dir='ltr'>ἢ</span> <span class='ocrx_word' id='word_1_96' title='bbox 1833 1242 1935 1313; x_wconf 83' lang='grc' dir='ltr'><strong>τῆς</strong></span> 
     </span>
    </p>
   </div>
   <div class='ocr_carea' id='block_1_12' title="bbox 260 1330 1934 1413">
    <p class='ocr_par' dir='ltr' id='par_1_12' title="bbox 260 1330 1934 1413">
     <span class='ocr_line' id='line_1_12' title="bbox 260 1330 1934 1413; baseline -0.009 -17"><span class='ocrx_word' id='word_1_97' title='bbox 260 1342 503 1412; x_wconf 71' lang='grc' dir='ltr'><strong>κεφαλῆς</strong></span> <span class='ocrx_word' id='word_1_98' title='bbox 545 1338 1011 1413; x_wconf 87' lang='grc' dir='ltr'><strong>παραϐλαϐείσης,</strong></span> <span class='ocrx_word' id='word_1_99' title='bbox 1036 1337 1156 1390; x_wconf 82' lang='grc' dir='ltr'><strong>ὅλον</strong></span> <span class='ocrx_word' id='word_1_100' title='bbox 1180 1336 1241 1388; x_wconf 84' lang='grc' dir='ltr'><strong>τὸ</strong></span> <span class='ocrx_word' id='word_1_101' title='bbox 1263 1333 1423 1404; x_wconf 88' lang='grc' dir='ltr'><strong>σῶμα</strong></span> <span class='ocrx_word' id='word_1_102' title='bbox 1446 1332 1716 1402; x_wconf 81' lang='grc' dir='ltr'><strong>ἄχρηστον</strong></span> <span class='ocrx_word' id='word_1_103' title='bbox 1731 1342 1758 1371; x_wconf 74' lang='grc' dir='ltr'>ι</span> <span class='ocrx_word' id='word_1_104' title='bbox 1783 1330 1934 1399; x_wconf 88' lang='grc' dir='ltr'><strong>γίνε-</strong></span> 
     </span>
    </p>
   </div>
   <div class='ocr_carea' id='block_1_13' title="bbox 259 1421 1937 1501">
    <p class='ocr_par' dir='ltr' id='par_1_13' title="bbox 259 1421 1937 1501">
     <span class='ocr_line' id='line_1_13' title="bbox 259 1421 1937 1501; baseline -0.008 -17"><span class='ocrx_word' id='word_1_105' title='bbox 259 1449 383 1485; x_wconf 85' lang='grc' dir='ltr'><strong>ται·</strong></span> <span class='ocrx_word' id='word_1_106' title='bbox 430 1431 573 1485; x_wconf 83' lang='grc' dir='ltr'><strong>οὑτω</strong></span> <span class='ocrx_word' id='word_1_107' title='bbox 622 1429 688 1501; x_wconf 86' lang='grc' dir='ltr'><strong>δὴ</strong></span> <span class='ocrx_word' id='word_1_108' title='bbox 736 1430 829 1483; x_wconf 77' lang='grc' dir='ltr'><strong>καὶ</strong></span> <span class='ocrx_word' id='word_1_109' title='bbox 855 1427 950 1481; x_wconf 76' lang='grc' dir='ltr'><strong>ἐπὶ</strong></span> <span class='ocrx_word' id='word_1_110' title='bbox 979 1425 1089 1478; x_wconf 91' lang='grc' dir='ltr'><strong>τῶν</strong></span> <span class='ocrx_word' id='word_1_111' title='bbox 1136 1423 1307 1494; x_wconf 81' lang='grc' dir='ltr'>ἁγίων</span> <span class='ocrx_word' id='word_1_112' title='bbox 1352 1423 1447 1475; x_wconf 74' lang='grc' dir='ltr'>καὶ</span> <span class='ocrx_word' id='word_1_113' title='bbox 1491 1421 1704 1492; x_wconf 87' lang='grc' dir='ltr'><strong>μεγάλα</strong></span> <span class='ocrx_word' id='word_1_114' title='bbox 1737 1435 1937 1490; x_wconf 90' lang='grc' dir='ltr'><strong>κατορ-</strong></span> 
     </span>
    </p>
   </div>
   <div class='ocr_carea' id='block_1_14' title="bbox 262 1508 1935 1572">
    <p class='ocr_par' dir='ltr' id='par_1_14' title="bbox 262 1508 1935 1572">
     <span class='ocr_line' id='line_1_14' title="bbox 262 1508 1935 1572; baseline -0.007 -2"><span class='ocrx_word' id='word_1_115' title='bbox 262 1517 516 1571; x_wconf 86' lang='grc' dir='ltr'><strong>θωκότων</strong></span> <span class='ocrx_word' id='word_1_116' title='bbox 559 1517 709 1571; x_wconf 71' lang='grc' dir='ltr'><strong>ἐστιν</strong></span> <span class='ocrx_word' id='word_1_117' title='bbox 748 1517 925 1569; x_wconf 80' lang='grc' dir='ltr'><strong>εἰπεῖν</strong></span> <span class='ocrx_word' id='word_1_118' title='bbox 959 1530 973 1545; x_wconf 74' lang='grc' dir='ltr'><strong><em>ο</em></strong></span> <span class='ocrx_word' id='word_1_119' title='bbox 1012 1514 1142 1567; x_wconf 83' lang='grc' dir='ltr'><strong>ὅταν</strong></span> <span class='ocrx_word' id='word_1_120' title='bbox 1199 1514 1396 1565; x_wconf 76' lang='grc' dir='ltr'><strong>ἐκεῖνοι</strong></span> <span class='ocrx_word' id='word_1_121' title='bbox 1435 1508 1757 1572; x_wconf 88' lang='grc' dir='ltr'><strong>σϐεσθῶσιν,</strong></span> <span class='ocrx_word' id='word_1_122' title='bbox 1804 1508 1935 1561; x_wconf 82' lang='grc' dir='ltr'><strong>ὅταν</strong></span> 
     </span>
    </p>
   </div>
   <div class='ocr_carea' id='block_1_15' title="bbox 262 1593 1936 1676">
    <p class='ocr_par' dir='ltr' id='par_1_15' title="bbox 262 1593 1936 1676">
     <span class='ocr_line' id='line_1_15' title="bbox 262 1593 1936 1676; baseline -0.006 -19"><span class='ocrx_word' id='word_1_123' title='bbox 262 1604 456 1674; x_wconf 72' lang='grc' dir='ltr'><strong>κηλῖδά</strong></span> <span class='ocrx_word' id='word_1_124' title='bbox 475 1621 595 1657; x_wconf 89' lang='grc' dir='ltr'><strong>τινα</strong></span> <span class='ocrx_word' id='word_1_125' title='bbox 624 1602 1085 1676; x_wconf 82' lang='grc' dir='ltr'><strong>προστρίψωνται,</strong></span> <span class='ocrx_word' id='word_1_126' title='bbox 1116 1599 1309 1668; x_wconf 87' lang='grc' dir='ltr'><strong>όλόκλη</strong></span> <span class='ocrx_word' id='word_1_127' title='bbox 1319 1614 1409 1668; x_wconf 92' lang='grc' dir='ltr'>ρον</span> <span class='ocrx_word' id='word_1_128' title='bbox 1441 1597 1535 1649; x_wconf 78' lang='grc' dir='ltr'><strong>καὶ</strong></span> <span class='ocrx_word' id='word_1_129' title='bbox 1556 1595 1828 1667; x_wconf 81' lang='grc' dir='ltr'><strong>ἀφόρητον</strong></span> <span class='ocrx_word' id='word_1_130' title='bbox 1854 1593 1936 1664; x_wconf 82' lang='grc' dir='ltr'><strong>τῷ</strong></span> 
     </span>
    </p>
   </div>
   <div class='ocr_carea' id='block_1_16' title="bbox 262 1685 1317 1761">
    <p class='ocr_par' dir='ltr' id='par_1_16' title="bbox 262 1685 1317 1761">
     <span class='ocr_line' id='line_1_16' title="bbox 262 1685 1317 1761; baseline -0.006 -18"><span class='ocrx_word' id='word_1_131' title='bbox 262 1690 432 1761; x_wconf 85' lang='grc' dir='ltr'>λοιπῷ</span> <span class='ocrx_word' id='word_1_132' title='bbox 463 1689 676 1760; x_wconf 82' lang='grc' dir='ltr'><strong>σώματι</strong></span> <span class='ocrx_word' id='word_1_133' title='bbox 706 1688 805 1761; x_wconf 84' lang='grc' dir='ltr'><strong>τὴν</strong></span> <span class='ocrx_word' id='word_1_134' title='bbox 839 1688 1042 1759; x_wconf 84' lang='grc' dir='ltr'><strong>βλάϐην</strong></span> <span class='ocrx_word' id='word_1_135' title='bbox 1070 1685 1317 1757; x_wconf 87' lang='grc' dir='ltr'><strong>φέρουσι.</strong></span> 
     </span>
    </p>
   </div>
   <div class='ocr_carea' id='block_1_17' title="bbox 330 1766 1938 1844">
    <p class='ocr_par' dir='ltr' id='par_1_17' title="bbox 330 1766 1938 1844">
     <span class='ocr_line' id='line_1_17' title="bbox 330 1766 1938 1844; baseline -0.008 -15"><span class='ocrx_word' id='word_1_136' title='bbox 330 1776 586 1830; x_wconf 82' lang='grc' dir='ltr'><strong>δ’.Ταῦτα</strong></span> <span class='ocrx_word' id='word_1_137' title='bbox 604 1772 695 1830; x_wconf 85' lang='grc' dir='ltr'><strong>οῦν</strong></span> <span class='ocrx_word' id='word_1_138' title='bbox 712 1776 927 1831; x_wconf 72' lang='grc' dir='ltr'><strong>ἃπαντα</strong></span> <span class='ocrx_word' id='word_1_139' title='bbox 945 1778 973 1828; x_wconf 98' lang='lat'><strong>6</strong></span> <span class='ocrx_word' id='word_1_140' title='bbox 985 1773 1247 1844; x_wconf 83' lang='grc' dir='ltr'><strong>Τιμόθεος</strong></span> <span class='ocrx_word' id='word_1_141' title='bbox 1266 1766 1782 1837; x_wconf 82' lang='grc' dir='ltr'><strong>εἰδὼς,πανταχόθεν</strong></span> <span class='ocrx_word' id='word_1_142' title='bbox 1811 1766 1938 1818; x_wconf 79' lang='grc' dir='ltr'><strong>ἐαυ-</strong></span> 
     </span>
    </p>
   </div>
   <div class='ocr_carea' id='block_1_18' title="bbox 260 1851 1934 1934">
    <p class='ocr_par' dir='ltr' id='par_1_18' title="bbox 260 1851 1934 1934">
     <span class='ocr_line' id='line_1_18' title="bbox 260 1851 1934 1934; baseline -0.008 -17"><span class='ocrx_word' id='word_1_143' title='bbox 260 1864 352 1918; x_wconf 85' lang='grc' dir='ltr'><strong>τδν</strong></span> <span class='ocrx_word' id='word_1_144' title='bbox 383 1864 711 1934; x_wconf 75' lang='grc' dir='ltr'><strong>ἡσφαλίζετο</strong></span> <span class='ocrx_word' id='word_1_145' title='bbox 734 1880 748 1894; x_wconf 78' lang='grc' dir='ltr'><strong>ο</strong></span> <span class='ocrx_word' id='word_1_146' title='bbox 779 1863 896 1934; x_wconf 72' lang='grc' dir='ltr'><strong>ᾔδει</strong></span> <span class='ocrx_word' id='word_1_147' title='bbox 927 1862 1037 1933; x_wconf 83' lang='grc' dir='ltr'><strong>γὰρ</strong></span> <span class='ocrx_word' id='word_1_148' title='bbox 1059 1862 1141 1915; x_wconf 85' lang='grc' dir='ltr'>δτι</span> <span class='ocrx_word' id='word_1_149' title='bbox 1174 1859 1409 1931; x_wconf 80' lang='grc' dir='ltr'><strong>χαλεπὸν</strong></span> <span class='ocrx_word' id='word_1_150' title='bbox 1442 1860 1475 1928; x_wconf 86' lang='grc' dir='ltr'>ἡ</span> <span class='ocrx_word' id='word_1_151' title='bbox 1502 1856 1711 1925; x_wconf 83' lang='grc' dir='ltr'><strong>νεότης,</strong></span> <span class='ocrx_word' id='word_1_152' title='bbox 1738 1855 1818 1907; x_wconf 84' lang='grc' dir='ltr'><strong>ὅτι</strong></span> <span class='ocrx_word' id='word_1_153' title='bbox 1842 1851 1934 1904; x_wconf 85' lang='grc' dir='ltr'><strong>εὑ-</strong></span> 
     </span>
    </p>
   </div>
   <div class='ocr_carea' id='block_1_19' title="bbox 264 1938 1937 2022">
    <p class='ocr_par' dir='ltr' id='par_1_19' title="bbox 264 1938 1937 2022">
     <span class='ocr_line' id='line_1_19' title="bbox 264 1938 1937 2022; baseline -0.008 -19"><span class='ocrx_word' id='word_1_154' title='bbox 264 1951 531 2022; x_wconf 86' lang='grc' dir='ltr'><strong>ρίπιστον,</strong></span> <span class='ocrx_word' id='word_1_155' title='bbox 560 1949 987 2020; x_wconf 82' lang='grc' dir='ltr'><strong>εὑεξαπάτητον,</strong></span> <span class='ocrx_word' id='word_1_156' title='bbox 1013 1947 1308 2009; x_wconf 89' lang='grc' dir='ltr'><strong>εὑόλισθον,</strong></span> <span class='ocrx_word' id='word_1_157' title='bbox 1335 1945 1429 1997; x_wconf 77' lang='grc' dir='ltr'><strong>καὶ</strong></span> <span class='ocrx_word' id='word_1_158' title='bbox 1454 1941 1810 2013; x_wconf 77' lang='grc' dir='ltr'>σφοδροτέρου</span> <span class='ocrx_word' id='word_1_159' title='bbox 1826 1938 1937 1990; x_wconf 88' lang='grc' dir='ltr'><strong>δεῖ-</strong></span> 
     </span>
    </p>
   </div>
   <div class='ocr_carea' id='block_1_20' title="bbox 260 2025 1934 2108">
    <p class='ocr_par' dir='ltr' id='par_1_20' title="bbox 260 2025 1934 2108">
     <span class='ocr_line' id='line_1_20' title="bbox 260 2025 1934 2108; baseline -0.008 -19"><span class='ocrx_word' id='word_1_160' title='bbox 260 2054 347 2089; x_wconf 79' lang='grc' dir='ltr'><strong>ται</strong></span> <span class='ocrx_word' id='word_1_161' title='bbox 379 2036 475 2089; x_wconf 91' lang='grc' dir='ltr'><strong>τοῦ</strong></span> <span class='ocrx_word' id='word_1_162' title='bbox 500 2036 718 2108; x_wconf 79' lang='grc' dir='ltr'>χαλινοῦ</span> <span class='ocrx_word' id='word_1_163' title='bbox 747 2053 761 2067; x_wconf 92' lang='grc'><strong>·</strong></span> <span class='ocrx_word' id='word_1_164' title='bbox 786 2035 937 2108; x_wconf 87' lang='grc' dir='ltr'><strong>πυρά</strong></span> <span class='ocrx_word' id='word_1_165' title='bbox 953 2034 1063 2104; x_wconf 87' lang='grc' dir='ltr'><strong>γάρ</strong></span> <span class='ocrx_word' id='word_1_166' title='bbox 1084 2034 1168 2097; x_wconf 84' lang='grc' dir='ltr'><strong>τίς</strong></span> <span class='ocrx_word' id='word_1_167' title='bbox 1198 2035 1313 2085; x_wconf 74' lang='grc' dir='ltr'><strong>ἐστι</strong></span> <span class='ocrx_word' id='word_1_168' title='bbox 1338 2030 1446 2083; x_wconf 92' lang='grc' dir='ltr'><strong>τῶν</strong></span> <span class='ocrx_word' id='word_1_169' title='bbox 1479 2028 1677 2093; x_wconf 71' lang='grc' dir='ltr'><strong>ἔξωθεν</strong></span> <span class='ocrx_word' id='word_1_170' title='bbox 1704 2025 1934 2095; x_wconf 80' lang='grc' dir='ltr'><strong>ἐπιλαμο</strong></span> 
     </span>
    </p>
   </div>
   <div class='ocr_carea' id='block_1_21' title="bbox 262 2113 1935 2196">
    <p class='ocr_par' dir='ltr' id='par_1_21' title="bbox 262 2113 1935 2196">
     <span class='ocr_line' id='line_1_21' title="bbox 262 2113 1935 2196; baseline -0.005 -19"><span class='ocrx_word' id='word_1_171' title='bbox 262 2124 531 2196; x_wconf 84' lang='grc' dir='ltr'><strong>ϐανομένη</strong></span> <span class='ocrx_word' id='word_1_172' title='bbox 552 2126 828 2188; x_wconf 86' lang='grc' dir='ltr'><strong>ἀπάντων,</strong></span> <span class='ocrx_word' id='word_1_173' title='bbox 860 2122 1061 2192; x_wconf 65' lang='grc' dir='ltr'><strong>ῥαδίως</strong></span> <span class='ocrx_word' id='word_1_174' title='bbox 1101 2119 1429 2188; x_wconf 84' lang='grc' dir='ltr'><strong>ὲκκαιομένη</strong></span> <span class='ocrx_word' id='word_1_175' title='bbox 1466 2118 1558 2170; x_wconf 74' lang='grc' dir='ltr'><strong>καὶ</strong></span> <span class='ocrx_word' id='word_1_176' title='bbox 1580 2114 1808 2184; x_wconf 89' lang='grc' dir='ltr'><strong>ταχέως.</strong></span> <span class='ocrx_word' id='word_1_177' title='bbox 1838 2113 1935 2168; x_wconf 74' lang='grc' dir='ltr'><strong>Διά</strong></span> 
     </span>
    </p>
   </div>
   <div class='ocr_carea' id='block_1_22' title="bbox 259 2203 1937 2282">
    <p class='ocr_par' dir='ltr' id='par_1_22' title="bbox 259 2203 1937 2282">
     <span class='ocr_line' id='line_1_22' title="bbox 259 2203 1937 2282; baseline -0.006 -17"><span class='ocrx_word' id='word_1_178' title='bbox 259 2210 419 2265; x_wconf 88' lang='grc' dir='ltr'><strong>τοῦτο</strong></span> <span class='ocrx_word' id='word_1_179' title='bbox 442 2210 778 2282; x_wconf 74' lang='grc' dir='ltr'><strong>πανταχόθεν</strong></span> <span class='ocrx_word' id='word_1_180' title='bbox 800 2210 971 2281; x_wconf 87' lang='grc' dir='ltr'><strong>αὑτὴν</strong></span> <span class='ocrx_word' id='word_1_181' title='bbox 987 2209 1252 2278; x_wconf 80' lang='grc' dir='ltr'><strong>έφραττεν</strong></span> <span class='ocrx_word' id='word_1_182' title='bbox 1276 2206 1416 2259; x_wconf 80' lang='grc' dir='ltr'><strong>ὥστε</strong></span> <span class='ocrx_word' id='word_1_183' title='bbox 1441 2204 1819 2269; x_wconf 78' lang='grc' dir='ltr'><strong>συνεστάλθαι,</strong></span> <span class='ocrx_word' id='word_1_184' title='bbox 1841 2203 1937 2256; x_wconf 70' lang='grc' dir='ltr'><strong>καὶ</strong></span> 
     </span>
    </p>
   </div>
   <div class='ocr_carea' id='block_1_23' title="bbox 260 2292 1938 2372">
    <p class='ocr_par' dir='ltr' id='par_1_23' title="bbox 260 2292 1938 2372">
     <span class='ocr_line' id='line_1_23' title="bbox 260 2292 1938 2372; baseline -0.007 -18"><span class='ocrx_word' id='word_1_185' title='bbox 260 2301 358 2372; x_wconf 80' lang='grc' dir='ltr'><strong>τὴν</strong></span> <span class='ocrx_word' id='word_1_186' title='bbox 375 2300 548 2369; x_wconf 65' lang='grc' dir='ltr'><strong>φλόγα</strong></span> <span class='ocrx_word' id='word_1_187' title='bbox 578 2300 784 2370; x_wconf 90' lang='grc' dir='ltr'><strong>ταύτην</strong></span> <span class='ocrx_word' id='word_1_188' title='bbox 809 2299 970 2350; x_wconf 79' lang='grc' dir='ltr'><strong>παντὶ</strong></span> <span class='ocrx_word' id='word_1_189' title='bbox 988 2297 1173 2367; x_wconf 86' lang='grc' dir='ltr'>τρόπῳ</span> <span class='ocrx_word' id='word_1_190' title='bbox 1198 2297 1478 2367; x_wconf 81' lang='grc' dir='ltr'><strong>μαραίνειν</strong></span> <span class='ocrx_word' id='word_1_191' title='bbox 1503 2292 1823 2355; x_wconf 69' lang='grc' dir='ltr'><strong>ἐσπούδαζε,</strong></span> <span class='ocrx_word' id='word_1_192' title='bbox 1844 2293 1938 2343; x_wconf 59' lang='grc' dir='ltr'><strong>καὶ¹</strong></span> 
     </span>
    </p>
   </div>
   <div class='ocr_carea' id='block_1_24' title="bbox 261 2383 1940 2461">
    <p class='ocr_par' dir='ltr' id='par_1_24' title="bbox 261 2383 1940 2461">
     <span class='ocr_line' id='line_1_24' title="bbox 261 2383 1940 2461; baseline -0.007 -17"><span class='ocrx_word' id='word_1_193' title='bbox 261 2393 352 2444; x_wconf 78' lang='grc' dir='ltr'><strong>τὸν</strong></span> <span class='ocrx_word' id='word_1_194' title='bbox 379 2391 546 2444; x_wconf 77' lang='grc' dir='ltr'>ἵππον</span> <span class='ocrx_word' id='word_1_195' title='bbox 581 2390 897 2461; x_wconf 89' lang='grc' dir='ltr'><strong>δυσχάλινον</strong></span> <span class='ocrx_word' id='word_1_196' title='bbox 942 2386 1072 2441; x_wconf 74' lang='grc' dir='ltr'>ὄντα</span> <span class='ocrx_word' id='word_1_197' title='bbox 1115 2387 1212 2440; x_wconf 77' lang='grc' dir='ltr'><strong>καὶ</strong></span> <span class='ocrx_word' id='word_1_198' title='bbox 1246 2387 1495 2455; x_wconf 86' lang='grc' dir='ltr'><strong>δυσήνιον</strong></span> <span class='ocrx_word' id='word_1_199' title='bbox 1548 2383 1688 2455; x_wconf 89' lang='grc' dir='ltr'><strong>μετά</strong></span> <span class='ocrx_word' id='word_1_200' title='bbox 1739 2383 1940 2452; x_wconf 78' lang='grc' dir='ltr'><strong>πολλῆς</strong></span> 
     </span>
    </p>
   </div>
   <div class='ocr_carea' id='block_1_25' title="bbox 260 2471 1941 2550">
    <p class='ocr_par' dir='ltr' id='par_1_25' title="bbox 260 2471 1941 2550">
     <span class='ocr_line' id='line_1_25' title="bbox 260 2471 1941 2550; baseline -0.016 0"><span class='ocrx_word' id='word_1_201' title='bbox 260 2473 401 2550; x_wconf 74' lang='grc' dir='ltr'><strong>ἦγχε</strong></span> <span class='ocrx_word' id='word_1_202' title='bbox 426 2478 529 2548; x_wconf 83' lang='grc' dir='ltr'><strong>τῆς</strong></span> <span class='ocrx_word' id='word_1_203' title='bbox 554 2478 944 2548; x_wconf 74' lang='grc' dir='ltr'>σφοδρότητος,</span> <span class='ocrx_word' id='word_1_204' title='bbox 986 2477 1091 2539; x_wconf 76' lang='grc' dir='ltr'><strong>ἓως</strong></span> <span class='ocrx_word' id='word_1_205' title='bbox 1139 2475 1230 2527; x_wconf 82' lang='grc' dir='ltr'><strong>ὅτε</strong></span> <span class='ocrx_word' id='word_1_206' title='bbox 1260 2472 1425 2526; x_wconf 85' lang='grc' dir='ltr'><strong>αὑτοῦ</strong></span> <span class='ocrx_word' id='word_1_207' title='bbox 1474 2471 1543 2524; x_wconf 88' lang='grc' dir='ltr'><strong>τά</strong></span> <span class='ocrx_word' id='word_1_208' title='bbox 1593 2472 1941 2541; x_wconf 83' lang='grc' dir='ltr'>σκιρτήματα</span> 
     </span>
    </p>
   </div>
   <div class='ocr_carea' id='block_1_26' title="bbox 264 2558 1941 2637">
    <p class='ocr_par' dir='ltr' id='par_1_26' title="bbox 264 2558 1941 2637">
     <span class='ocr_line' id='line_1_26' title="bbox 264 2558 1941 2637; baseline -0.005 -17"><span class='ocrx_word' id='word_1_209' title='bbox 264 2566 611 2637; x_wconf 78' lang='grc' dir='ltr'><strong>περιέκοψεν,</strong></span> <span class='ocrx_word' id='word_1_210' title='bbox 652 2566 756 2629; x_wconf 74' lang='grc' dir='ltr'><strong>ἕως</strong></span> <span class='ocrx_word' id='word_1_211' title='bbox 782 2566 996 2637; x_wconf 81' lang='grc' dir='ltr'><strong>εὐήνιον</strong></span> <span class='ocrx_word' id='word_1_212' title='bbox 1025 2563 1270 2633; x_wconf 77' lang='grc' dir='ltr'><strong>εποίησε,</strong></span> <span class='ocrx_word' id='word_1_213' title='bbox 1302 2561 1398 2615; x_wconf 76' lang='grc' dir='ltr'><strong>καὶ</strong></span> <span class='ocrx_word' id='word_1_214' title='bbox 1440 2560 1577 2631; x_wconf 85' lang='grc' dir='ltr'><strong>μετά</strong></span> <span class='ocrx_word' id='word_1_215' title='bbox 1616 2558 1816 2630; x_wconf 85' lang='grc' dir='ltr'>πολλῆς</span> <span class='ocrx_word' id='word_1_216' title='bbox 1841 2558 1941 2628; x_wconf 81' lang='grc' dir='ltr'><strong>τῆς</strong></span> 
     </span>
    </p>
   </div>
   <div class='ocr_carea' id='block_1_27' title="bbox 263 2646 1942 2725">
    <p class='ocr_par' dir='ltr' id='par_1_27' title="bbox 263 2646 1942 2725">
     <span class='ocr_line' id='line_1_27' title="bbox 263 2646 1942 2725; baseline -0.005 -18"><span class='ocrx_word' id='word_1_217' title='bbox 263 2653 514 2719; x_wconf 79' lang='grc' dir='ltr'><strong>ἐξουσίας</strong></span> <span class='ocrx_word' id='word_1_218' title='bbox 541 2657 661 2717; x_wconf 86' lang='grc' dir='ltr'><strong>ταῖς</strong></span> <span class='ocrx_word' id='word_1_219' title='bbox 686 2654 841 2725; x_wconf 79' lang='grc' dir='ltr'><strong>χερσὶ</strong></span> <span class='ocrx_word' id='word_1_220' title='bbox 862 2653 958 2707; x_wconf 90' lang='grc' dir='ltr'><strong>τοῦ</strong></span> <span class='ocrx_word' id='word_1_221' title='bbox 981 2650 1322 2723; x_wconf 80' lang='grc' dir='ltr'>ἡνιοχοῦντος</span> <span class='ocrx_word' id='word_1_222' title='bbox 1346 2649 1510 2703; x_wconf 82' lang='grc' dir='ltr'><strong>αὑτὸν</strong></span> <span class='ocrx_word' id='word_1_223' title='bbox 1529 2648 1817 2719; x_wconf 88' lang='grc' dir='ltr'><strong>παρέδωκε</strong></span> <span class='ocrx_word' id='word_1_224' title='bbox 1852 2646 1942 2699; x_wconf 83' lang='grc' dir='ltr'><strong>λο-</strong></span> 
     </span>
    </p>
   </div>
   <div class='ocr_carea' id='block_1_28' title="bbox 263 2734 1937 2811">
    <p class='ocr_par' dir='ltr' id='par_1_28' title="bbox 263 2734 1937 2811">
     <span class='ocr_line' id='line_1_28' title="bbox 263 2734 1937 2811; baseline -0.006 -16"><span class='ocrx_word' id='word_1_225' title='bbox 263 2741 487 2811; x_wconf 84' lang='grc' dir='ltr'><strong>γισμοῦ.</strong></span> <span class='ocrx_word' id='word_1_226' title='bbox 518 2741 857 2803; x_wconf 80' lang='grc' dir='ltr'><strong>Ἀσθενείτω,</strong></span> <span class='ocrx_word' id='word_1_227' title='bbox 880 2739 1034 2809; x_wconf 78' lang='grc' dir='ltr'><strong>φησὶ,</strong></span> <span class='ocrx_word' id='word_1_228' title='bbox 1059 2739 1119 2791; x_wconf 85' lang='grc' dir='ltr'><strong>τὸ</strong></span> <span class='ocrx_word' id='word_1_229' title='bbox 1152 2736 1330 2807; x_wconf 85' lang='grc' dir='ltr'><strong>σῶμα,</strong></span> <span class='ocrx_word' id='word_1_230' title='bbox 1364 2736 1459 2789; x_wconf 78' lang='grc' dir='ltr'><strong>καὶ</strong></span> <span class='ocrx_word' id='word_1_231' title='bbox 1485 2734 1560 2806; x_wconf 82' lang='grc' dir='ltr'>μὴ</span> <span class='ocrx_word' id='word_1_232' title='bbox 1583 2734 1876 2787; x_wconf 86' lang='grc' dir='ltr'><strong>ἀσθενείτω</strong></span> <span class='ocrx_word' id='word_1_233' title='bbox 1903 2735 1937 2803; x_wconf 83' lang='grc' dir='ltr'><strong>η</strong></span> 
     </span>
    </p>
   </div>
   <div class='ocr_carea' id='block_1_29' title="bbox 262 2819 1943 2898">
    <p class='ocr_par' dir='ltr' id='par_1_29' title="bbox 262 2819 1943 2898">
     <span class='ocr_line' id='line_1_29' title="bbox 262 2819 1943 2898; baseline -0.015 -2"><span class='ocrx_word' id='word_1_234' title='bbox 262 2826 429 2898; x_wconf 70' lang='grc' dir='ltr'><strong>ψυχὴν</strong></span> <span class='ocrx_word' id='word_1_235' title='bbox 461 2826 796 2897; x_wconf 75' lang='grc' dir='ltr'><strong>χαλινούσθω</strong></span> <span class='ocrx_word' id='word_1_236' title='bbox 822 2828 856 2897; x_wconf 85' lang='grc' dir='ltr'><strong>ή</strong></span> <span class='ocrx_word' id='word_1_237' title='bbox 885 2825 1042 2897; x_wconf 78' lang='grc' dir='ltr'><strong>σὰρξ.</strong></span> <span class='ocrx_word' id='word_1_238' title='bbox 1086 2824 1181 2878; x_wconf 69' lang='grc' dir='ltr'><strong>καὶ</strong></span> <span class='ocrx_word' id='word_1_239' title='bbox 1206 2824 1281 2894; x_wconf 83' lang='grc' dir='ltr'><strong>μὴ</strong></span> <span class='ocrx_word' id='word_1_240' title='bbox 1311 2820 1684 2893; x_wconf 76' lang='grc' dir='ltr'><strong>ὲμποδιζέσθω</strong></span> <span class='ocrx_word' id='word_1_241' title='bbox 1706 2820 1734 2861; x_wconf 72' lang='grc' dir='ltr'><strong>ι»</strong></span> <span class='ocrx_word' id='word_1_242' title='bbox 1754 2822 1783 2873; x_wconf 86' lang='grc' dir='ltr'><strong>ὁ</strong></span> <span class='ocrx_word' id='word_1_243' title='bbox 1805 2819 1943 2891; x_wconf 79' lang='grc' dir='ltr'><strong>πρὸς</strong></span> 
     </span>
    </p>
   </div>
   <div class='ocr_carea' id='block_1_30' title="bbox 262 2910 1943 2985">
    <p class='ocr_par' dir='ltr' id='par_1_30' title="bbox 262 2910 1943 2985">
     <span class='ocr_line' id='line_1_30' title="bbox 262 2910 1943 2985; baseline -0.003 -19"><span class='ocrx_word' id='word_1_244' title='bbox 262 2914 356 2966; x_wconf 82' lang='grc' dir='ltr'><strong>τὸν</strong></span> <span class='ocrx_word' id='word_1_245' title='bbox 392 2914 619 2984; x_wconf 77' lang='grc' dir='ltr'><strong>οὐρανὸν</strong></span> <span class='ocrx_word' id='word_1_246' title='bbox 648 2915 747 2985; x_wconf 84' lang='grc' dir='ltr'><strong>τῆς</strong></span> <span class='ocrx_word' id='word_1_247' title='bbox 770 2914 948 2984; x_wconf 72' lang='grc' dir='ltr'><strong>ψυχῆς</strong></span> <span class='ocrx_word' id='word_1_248' title='bbox 973 2913 1194 2984; x_wconf 86' lang='grc' dir='ltr'>δρόμος.</span> <span class='ocrx_word' id='word_1_249' title='bbox 1232 2911 1385 2967; x_wconf 83' lang='grc' dir='ltr'><strong>Μετὰ</strong></span> <span class='ocrx_word' id='word_1_250' title='bbox 1409 2911 1466 2964; x_wconf 83' lang='grc' dir='ltr'>δὲ</span> <span class='ocrx_word' id='word_1_251' title='bbox 1488 2910 1693 2964; x_wconf 90' lang='grc' dir='ltr'><strong>τούτων</strong></span> <span class='ocrx_word' id='word_1_252' title='bbox 1721 2910 1943 2963; x_wconf 88' lang='grc' dir='ltr'><strong>κάκεῖνο</strong></span> 
     </span>
    </p>
   </div>
   <div class='ocr_carea' id='block_1_31' title="bbox 266 2996 1943 3073">
    <p class='ocr_par' dir='ltr' id='par_1_31' title="bbox 266 2996 1943 3073">
     <span class='ocr_line' id='line_1_31' title="bbox 266 2996 1943 3073; baseline -0.005 -17"><span class='ocrx_word' id='word_1_253' title='bbox 266 3001 505 3073; x_wconf 87' lang='grc' dir='ltr'><strong>μάλιστα</strong></span> <span class='ocrx_word' id='word_1_254' title='bbox 544 3003 609 3057; x_wconf 84' lang='grc' dir='ltr'><strong>ἀν</strong></span> <span class='ocrx_word' id='word_1_255' title='bbox 645 3020 730 3065; x_wconf 89' lang='grc' dir='ltr'><strong>τις</strong></span> <span class='ocrx_word' id='word_1_256' title='bbox 757 3001 921 3055; x_wconf 80' lang='grc' dir='ltr'><strong>αὑτὸν</strong></span> <span class='ocrx_word' id='word_1_257' title='bbox 962 3000 1262 3069; x_wconf 83' lang='grc' dir='ltr'>ἀγάσαιτο,</span> <span class='ocrx_word' id='word_1_258' title='bbox 1296 3000 1379 3053; x_wconf 86' lang='grc' dir='ltr'><strong>ὃτι</strong></span> <span class='ocrx_word' id='word_1_259' title='bbox 1420 3000 1513 3052; x_wconf 75' lang='grc' dir='ltr'><strong>καὶ</strong></span> <span class='ocrx_word' id='word_1_260' title='bbox 1563 2996 1943 3068; x_wconf 78' lang='grc' dir='ltr'><strong>ἐξησθενηκὼς</strong></span> 
     </span>
    </p>
   </div>
   <div class='ocr_carea' id='block_1_32' title="bbox 265 3085 1943 3162">
    <p class='ocr_par' dir='ltr' id='par_1_32' title="bbox 265 3085 1943 3162">
     <span class='ocr_line' id='line_1_32' title="bbox 265 3085 1943 3162; baseline -0.004 -18"><span class='ocrx_word' id='word_1_261' title='bbox 265 3089 458 3155; x_wconf 84' lang='grc' dir='ltr'><strong>οὑτως,</strong></span> <span class='ocrx_word' id='word_1_262' title='bbox 498 3092 592 3144; x_wconf 78' lang='grc' dir='ltr'><strong>καὶ</strong></span> <span class='ocrx_word' id='word_1_263' title='bbox 615 3088 855 3162; x_wconf 83' lang='grc' dir='ltr'>τοσαύτῃ</span> <span class='ocrx_word' id='word_1_264' title='bbox 883 3087 1128 3142; x_wconf 89' lang='grc' dir='ltr'>παλαίων</span> <span class='ocrx_word' id='word_1_265' title='bbox 1152 3086 1453 3159; x_wconf 65' lang='grc' dir='ltr'><strong>ἀρρωστίᾳ,</strong></span> <span class='ocrx_word' id='word_1_266' title='bbox 1498 3086 1608 3140; x_wconf 90' lang='grc' dir='ltr'><strong>τῶν</strong></span> <span class='ocrx_word' id='word_1_267' title='bbox 1635 3085 1777 3139; x_wconf 86' lang='grc' dir='ltr'><strong>κατά</strong></span> <span class='ocrx_word' id='word_1_268' title='bbox 1808 3085 1943 3138; x_wconf 83' lang='grc' dir='ltr'><strong>Θεὸν</strong></span> 
     </span>
    </p>
   </div>
   <div class='ocr_carea' id='block_1_33' title="bbox 265 3176 1942 3248">
    <p class='ocr_par' dir='ltr' id='par_1_33' title="bbox 265 3176 1942 3248">
     <span class='ocr_line' id='line_1_33' title="bbox 265 3176 1942 3248; baseline -0.003 -16"><span class='ocrx_word' id='word_1_269' title='bbox 265 3179 366 3232; x_wconf 88' lang='grc' dir='ltr'><strong>οὑκ</strong></span> <span class='ocrx_word' id='word_1_270' title='bbox 389 3178 582 3248; x_wconf 82' lang='grc' dir='ltr'><strong>ἡμέλει</strong></span> <span class='ocrx_word' id='word_1_271' title='bbox 604 3177 968 3248; x_wconf 84' lang='grc' dir='ltr'><strong>πραγμάτων,</strong></span> <span class='ocrx_word' id='word_1_272' title='bbox 994 3176 1129 3230; x_wconf 79' lang='grc' dir='ltr'><strong>ἀλλὰ</strong></span> <span class='ocrx_word' id='word_1_273' title='bbox 1153 3176 1262 3229; x_wconf 92' lang='grc' dir='ltr'><strong>τῶν</strong></span> <span class='ocrx_word' id='word_1_274' title='bbox 1290 3176 1639 3245; x_wconf 79' lang='grc' dir='ltr'><strong>ὑγιαινόντων</strong></span> <span class='ocrx_word' id='word_1_275' title='bbox 1666 3176 1762 3230; x_wconf 77' lang='grc' dir='ltr'><strong>καὶ</strong></span> <span class='ocrx_word' id='word_1_276' title='bbox 1782 3190 1942 3246; x_wconf 62' lang='grc' dir='ltr'>σφρια</span> 
     </span>
    </p>
   </div>
   <div class='ocr_carea' id='block_1_34' title="bbox 265 3266 1941 3339">
    <p class='ocr_par' dir='ltr' id='par_1_34' title="bbox 265 3266 1941 3339">
     <span class='ocr_line' id='line_1_34' title="bbox 265 3266 1941 3339; baseline -0.001 -18"><span class='ocrx_word' id='word_1_277' title='bbox 265 3267 485 3337; x_wconf 83' lang='grc' dir='ltr'><strong>γώντων</strong></span> <span class='ocrx_word' id='word_1_278' title='bbox 505 3268 573 3321; x_wconf 77' lang='grc' dir='ltr'><strong>τὰ</strong></span> <span class='ocrx_word' id='word_1_279' title='bbox 589 3267 829 3339; x_wconf 73' lang='grc' dir='ltr'><strong>⁸σώματα,</strong></span> <span class='ocrx_word' id='word_1_280' title='bbox 845 3268 1043 3338; x_wconf 75' lang='grc' dir='ltr'><strong>μᾶλλον</strong></span> <span class='ocrx_word' id='word_1_281' title='bbox 1064 3269 1338 3338; x_wconf 80' lang='grc' dir='ltr'><strong>πανταχοῦ</strong></span> <span class='ocrx_word' id='word_1_282' title='bbox 1366 3267 1710 3336; x_wconf 84' lang='grc' dir='ltr'><strong>περιίπτατο,</strong></span> <span class='ocrx_word' id='word_1_283' title='bbox 1725 3266 1820 3320; x_wconf 87' lang='grc' dir='ltr'><strong>νῦν</strong></span> <span class='ocrx_word' id='word_1_284' title='bbox 1844 3269 1941 3338; x_wconf 80' lang='grc' dir='ltr'><strong>μὲν</strong></span> 
     </span>
    </p>
   </div>
   <div class='ocr_carea' id='block_1_35' title="bbox 266 3355 1946 3427">
    <p class='ocr_par' dir='ltr' id='par_1_35' title="bbox 266 3355 1946 3427">
     <span class='ocr_line' id='line_1_35' title="bbox 266 3355 1946 3427; baseline 0.001 -19"><span class='ocrx_word' id='word_1_285' title='bbox 266 3357 349 3418; x_wconf 87' lang='grc' dir='ltr'><strong>είς</strong></span> <span class='ocrx_word' id='word_1_286' title='bbox 384 3356 640 3424; x_wconf 64' lang='grc' dir='ltr'><strong>Ἔφεσον,</strong></span> <span class='ocrx_word' id='word_1_287' title='bbox 678 3355 773 3409; x_wconf 91' lang='grc' dir='ltr'><strong>νῦν</strong></span> <span class='ocrx_word' id='word_1_288' title='bbox 805 3355 860 3408; x_wconf 75' lang='grc' dir='ltr'><strong>δὲ</strong></span> <span class='ocrx_word' id='word_1_289' title='bbox 889 3359 970 3419; x_wconf 89' lang='grc' dir='ltr'><strong>είς</strong></span> <span class='ocrx_word' id='word_1_290' title='bbox 1023 3356 1310 3427; x_wconf 85' lang='grc' dir='ltr'><strong>Κόρινθον,</strong></span> <span class='ocrx_word' id='word_1_291' title='bbox 1333 3357 1390 3408; x_wconf 71' lang='grc' dir='ltr'><strong>ἐν</strong></span> <span class='ocrx_word' id='word_1_292' title='bbox 1412 3355 1726 3425; x_wconf 78' lang='grc' dir='ltr'><strong>Μακεδονίᾳ</strong></span> <span class='ocrx_word' id='word_1_293' title='bbox 1750 3355 1946 3409; x_wconf 89' lang='grc' dir='ltr'><strong>πολλά-</strong></span> 
     </span>
    </p>
   </div>
   <div class='ocr_carea' id='block_1_36' title="bbox 269 3439 1946 3514">
    <p class='ocr_par' dir='ltr' id='par_1_36' title="bbox 269 3439 1946 3514">
     <span class='ocr_line' id='line_1_36' title="bbox 269 3439 1946 3514; baseline 0 -19"><span class='ocrx_word' id='word_1_294' title='bbox 269 3459 376 3503; x_wconf 90' lang='grc' dir='ltr'><strong>κις,</strong></span> <span class='ocrx_word' id='word_1_295' title='bbox 403 3443 460 3495; x_wconf 82' lang='grc' dir='ltr'><strong>ἐν</strong></span> <span class='ocrx_word' id='word_1_296' title='bbox 493 3443 713 3514; x_wconf 67' lang='grc' dir='ltr'><strong>Ἰταλίᾳ,</strong></span> <span class='ocrx_word' id='word_1_297' title='bbox 740 3442 1020 3511; x_wconf 83' lang='grc' dir='ltr'><strong>πανταχοῦ</strong></span> <span class='ocrx_word' id='word_1_298' title='bbox 1041 3443 1144 3512; x_wconf 77' lang='grc' dir='ltr'><strong>τῆς</strong></span> <span class='ocrx_word' id='word_1_299' title='bbox 1165 3443 1289 3512; x_wconf 81' lang='grc' dir='ltr'><strong>γῆς,</strong></span> <span class='ocrx_word' id='word_1_300' title='bbox 1318 3439 1595 3512; x_wconf 88' lang='grc' dir='ltr'><strong>πανταχοῦ</strong></span> <span class='ocrx_word' id='word_1_301' title='bbox 1619 3443 1716 3513; x_wconf 81' lang='grc' dir='ltr'><strong>τῆς</strong></span> <span class='ocrx_word' id='word_1_302' title='bbox 1747 3443 1946 3496; x_wconf 85' lang='grc' dir='ltr'><strong>θαλάτ-</strong></span> 
     </span>
    </p>
   </div>
   <div class='ocr_carea' id='block_1_37' title="bbox 267 3528 1945 3599">
    <p class='ocr_par' dir='ltr' id='par_1_37' title="bbox 267 3528 1945 3599">
     <span class='ocr_line' id='line_1_37' title="bbox 267 3528 1945 3599; baseline 0.001 -18"><span class='ocrx_word' id='word_1_303' title='bbox 267 3545 364 3598; x_wconf 83' lang='grc' dir='ltr'><strong>της</strong></span> <span class='ocrx_word' id='word_1_304' title='bbox 381 3529 518 3599; x_wconf 84' lang='grc' dir='ltr'><strong>μετά</strong></span> <span class='ocrx_word' id='word_1_305' title='bbox 532 3528 625 3581; x_wconf 88' lang='grc' dir='ltr'><strong>τοῦ</strong></span> <span class='ocrx_word' id='word_1_306' title='bbox 639 3530 956 3583; x_wconf 82' lang='grc' dir='ltr'>διδασκάλου</span> <span class='ocrx_word' id='word_1_307' title='bbox 977 3530 1317 3599; x_wconf 72' lang='grc' dir='ltr'>φαινόμενος,</span> <span class='ocrx_word' id='word_1_308' title='bbox 1336 3530 1432 3583; x_wconf 71' lang='grc' dir='ltr'><strong>καὶ</strong></span> <span class='ocrx_word' id='word_1_309' title='bbox 1450 3530 1721 3582; x_wconf 83' lang='grc' dir='ltr'><strong>κοινωνῶν</strong></span> <span class='ocrx_word' id='word_1_310' title='bbox 1737 3532 1794 3582; x_wconf 80' lang='grc' dir='ltr'><strong>ἐν</strong></span> <span class='ocrx_word' id='word_1_311' title='bbox 1811 3531 1945 3583; x_wconf 84' lang='grc' dir='ltr'><strong>πᾶσι</strong></span> 
     </span>
    </p>
   </div>
   <div class='ocr_carea' id='block_1_38' title="bbox 266 3613 1945 3687">
    <p class='ocr_par' dir='ltr' id='par_1_38' title="bbox 266 3613 1945 3687">
     <span class='ocr_line' id='line_1_38' title="bbox 266 3613 1945 3687; baseline 0.002 -20"><span class='ocrx_word' id='word_1_312' title='bbox 266 3616 378 3667; x_wconf 86' lang='grc' dir='ltr'><strong>τῶν</strong></span> <span class='ocrx_word' id='word_1_313' title='bbox 406 3613 633 3682; x_wconf 82' lang='grc' dir='ltr'><strong>ἀγώνων</strong></span> <span class='ocrx_word' id='word_1_314' title='bbox 658 3614 829 3686; x_wconf 82' lang='grc' dir='ltr'><strong>αὐτῷ,</strong></span> <span class='ocrx_word' id='word_1_315' title='bbox 855 3616 950 3669; x_wconf 77' lang='grc' dir='ltr'><strong>καὶ</strong></span> <span class='ocrx_word' id='word_1_316' title='bbox 973 3617 1083 3670; x_wconf 90' lang='grc' dir='ltr'><strong>τῶν</strong></span> <span class='ocrx_word' id='word_1_317' title='bbox 1110 3615 1427 3687; x_wconf 80' lang='grc' dir='ltr'>ἐπαλλήλων</span> <span class='ocrx_word' id='word_1_318' title='bbox 1445 3614 1704 3670; x_wconf 87' lang='grc' dir='ltr'>κινδύνων</span> <span class='ocrx_word' id='word_1_319' title='bbox 1729 3616 1823 3670; x_wconf 71' lang='grc' dir='ltr'><strong>καὶ</strong></span> <span class='ocrx_word' id='word_1_320' title='bbox 1845 3618 1945 3687; x_wconf 81' lang='grc' dir='ltr'><strong>τὴν</strong></span> 
     </span>
    </p>
   </div>
   <div class='ocr_carea' id='block_1_39' title="bbox 270 3701 1947 3776">
    <p class='ocr_par' dir='ltr' id='par_1_39' title="bbox 270 3701 1947 3776">
     <span class='ocr_line' id='line_1_39' title="bbox 270 3701 1947 3776; baseline 0.002 -22"><span class='ocrx_word' id='word_1_321' title='bbox 270 3701 590 3771; x_wconf 70' lang='grc' dir='ltr'>φιλοσοφίαν</span> <span class='ocrx_word' id='word_1_322' title='bbox 611 3702 709 3772; x_wconf 73' lang='grc' dir='ltr'><strong>τῆς</strong></span> <span class='ocrx_word' id='word_1_323' title='bbox 722 3702 900 3774; x_wconf 68' lang='grc' dir='ltr'><strong>ψυχῆς</strong></span> <span class='ocrx_word' id='word_1_324' title='bbox 933 3704 1033 3756; x_wconf 86' lang='grc' dir='ltr'><strong>οὑκ</strong></span> <span class='ocrx_word' id='word_1_325' title='bbox 1062 3702 1286 3774; x_wconf 75' lang='grc' dir='ltr'><strong>ηλεγξεν</strong></span> <span class='ocrx_word' id='word_1_326' title='bbox 1308 3705 1342 3773; x_wconf 82' lang='grc' dir='ltr'>ἡ</span> <span class='ocrx_word' id='word_1_327' title='bbox 1364 3703 1459 3755; x_wconf 89' lang='grc' dir='ltr'><strong>τοῦ</strong></span> <span class='ocrx_word' id='word_1_328' title='bbox 1490 3703 1740 3773; x_wconf 83' lang='grc' dir='ltr'><strong>σώματος</strong></span> <span class='ocrx_word' id='word_1_329' title='bbox 1767 3706 1947 3776; x_wconf 70' lang='grc' dir='ltr'>ἀρρω-</span> 
     </span>
    </p>
   </div>
   <div class='ocr_carea' id='block_1_40' title="bbox 272 3788 1946 3861">
    <p class='ocr_par' dir='ltr' id='par_1_40' title="bbox 272 3788 1946 3861">
     <span class='ocr_line' id='line_1_40' title="bbox 272 3788 1946 3861; baseline 0 -19"><span class='ocrx_word' id='word_1_330' title='bbox 272 3789 396 3842; x_wconf 89' lang='grc' dir='ltr'><strong>στία</strong></span> <span class='ocrx_word' id='word_1_331' title='bbox 416 3806 430 3819; x_wconf 73' lang='grc' dir='ltr'><strong><em>ο</em></strong></span> <span class='ocrx_word' id='word_1_332' title='bbox 458 3788 709 3852; x_wconf 89' lang='grc' dir='ltr'><strong>τοσοῦτός</strong></span> <span class='ocrx_word' id='word_1_333' title='bbox 739 3790 889 3841; x_wconf 78' lang='grc' dir='ltr'><strong>ἐστιν</strong></span> <span class='ocrx_word' id='word_1_334' title='bbox 916 3800 939 3828; x_wconf 76' lang='grc' dir='ltr'><strong>ο</strong></span> <span class='ocrx_word' id='word_1_335' title='bbox 974 3790 1002 3841; x_wconf 89' lang='lat'><strong>6</strong></span> <span class='ocrx_word' id='word_1_336' title='bbox 1035 3790 1177 3843; x_wconf 83' lang='grc' dir='ltr'><strong>κατά</strong></span> <span class='ocrx_word' id='word_1_337' title='bbox 1208 3790 1339 3842; x_wconf 82' lang='grc' dir='ltr'><strong>Θεὸν</strong></span> <span class='ocrx_word' id='word_1_338' title='bbox 1356 3789 1537 3861; x_wconf 77' lang='grc' dir='ltr'>ζῆλος,</span> <span class='ocrx_word' id='word_1_339' title='bbox 1574 3788 1716 3842; x_wconf 83' lang='grc' dir='ltr'><strong>οὑτω</strong></span> <span class='ocrx_word' id='word_1_340' title='bbox 1744 3790 1946 3858; x_wconf 66' lang='grc' dir='ltr'><strong>κοῦφον</strong></span> 
     </span>
    </p>
   </div>
   <div class='ocr_carea' id='block_1_41' title="bbox 271 3874 1948 3948">
    <p class='ocr_par' dir='ltr' id='par_1_41' title="bbox 271 3874 1948 3948">
     <span class='ocr_line' id='line_1_41' title="bbox 271 3874 1948 3948; baseline 0.001 -18"><span class='ocrx_word' id='word_1_341' title='bbox 271 3876 563 3948; x_wconf 71' lang='grc' dir='ltr'><strong>ἐργάζεται</strong></span> <span class='ocrx_word' id='word_1_342' title='bbox 600 3876 662 3929; x_wconf 86' lang='grc' dir='ltr'><strong>τὸ</strong></span> <span class='ocrx_word' id='word_1_343' title='bbox 689 3877 906 3947; x_wconf 88' lang='grc' dir='ltr'><strong>πτερόν.</strong></span> <span class='ocrx_word' id='word_1_344' title='bbox 946 3878 1155 3948; x_wconf 80' lang='grc' dir='ltr'><strong>Ὠσπερ</strong></span> <span class='ocrx_word' id='word_1_345' title='bbox 1175 3877 1285 3948; x_wconf 75' lang='grc' dir='ltr'><strong>γάρ</strong></span> <span class='ocrx_word' id='word_1_346' title='bbox 1302 3879 1414 3941; x_wconf 87' lang='grc' dir='ltr'><strong>τοῖς</strong></span> <span class='ocrx_word' id='word_1_347' title='bbox 1439 3876 1508 3929; x_wconf 81' lang='grc' dir='ltr'><strong>τὰ</strong></span> <span class='ocrx_word' id='word_1_348' title='bbox 1534 3874 1765 3948; x_wconf 87' lang='grc' dir='ltr'><strong>σώματα</strong></span> <span class='ocrx_word' id='word_1_349' title='bbox 1796 3877 1948 3947; x_wconf 79' lang='grc' dir='ltr'><strong>ἔχου-</strong></span> 
     </span>
    </p>
   </div>
   <div class='ocr_carea' id='block_1_42' title="bbox 272 3963 1943 4038">
    <p class='ocr_par' dir='ltr' id='par_1_42' title="bbox 272 3963 1943 4038">
     <span class='ocr_line' id='line_1_42' title="bbox 272 3963 1943 4038; baseline 0.001 -21"><span class='ocrx_word' id='word_1_350' title='bbox 272 3982 357 4018; x_wconf 87' lang='grc' dir='ltr'><strong>σιν</strong></span> <span class='ocrx_word' id='word_1_351' title='bbox 378 3963 701 4018; x_wconf 82' lang='grc' dir='ltr'><strong>εὑεκτοῦντα</strong></span> <span class='ocrx_word' id='word_1_352' title='bbox 722 3966 816 4019; x_wconf 73' lang='grc' dir='ltr'><strong>καὶ</strong></span> <span class='ocrx_word' id='word_1_353' title='bbox 846 3965 992 4036; x_wconf 82' lang='grc' dir='ltr'>ὑγιῆ,</span> <span class='ocrx_word' id='word_1_354' title='bbox 1012 3965 1201 4038; x_wconf 77' lang='grc' dir='ltr'>κέρδος</span> <span class='ocrx_word' id='word_1_355' title='bbox 1229 3965 1385 4019; x_wconf 84' lang='grc' dir='ltr'><strong>οὐδὲν</strong></span> <span class='ocrx_word' id='word_1_356' title='bbox 1413 3963 1566 4018; x_wconf 78' lang='grc' dir='ltr'><strong>ἔσται</strong></span> <span class='ocrx_word' id='word_1_357' title='bbox 1585 3966 1684 4037; x_wconf 83' lang='grc' dir='ltr'><strong>τῆς</strong></span> <span class='ocrx_word' id='word_1_358' title='bbox 1709 3966 1943 4033; x_wconf 77' lang='grc' dir='ltr'>εὐεξίας,</span> 
     </span>
    </p>
   </div>
   <div class='ocr_carea' id='block_1_43' title="bbox 270 4050 1944 4129">
    <p class='ocr_par' dir='ltr' id='par_1_43' title="bbox 270 4050 1944 4129">
     <span class='ocr_line' id='line_1_43' title="bbox 270 4050 1944 4129; baseline 0.004 -23"><span class='ocrx_word' id='word_1_359' title='bbox 270 4053 364 4107; x_wconf 76' lang='grc' dir='ltr'><strong>ἐὰν</strong></span> <span class='ocrx_word' id='word_1_360' title='bbox 397 4056 428 4124; x_wconf 81' lang='grc' dir='ltr'>ἡ</span> <span class='ocrx_word' id='word_1_361' title='bbox 462 4054 609 4124; x_wconf 68' lang='grc' dir='ltr'><strong>ψυχὴ</strong></span> <span class='ocrx_word' id='word_1_362' title='bbox 644 4053 1099 4125; x_wconf 87' lang='grc' dir='ltr'><strong>καταϐεϐλημένη</strong></span> <span class='ocrx_word' id='word_1_363' title='bbox 1225 4055 1318 4108; x_wconf 68' lang='grc' dir='ltr'><strong>καλ⁵</strong></span> <span class='ocrx_word' id='word_1_364' title='bbox 1348 4054 1589 4126; x_wconf 77' lang='grc' dir='ltr'><strong>ῥᾴθυμος</strong></span> <span class='ocrx_word' id='word_1_365' title='bbox 1620 4057 1715 4109; x_wconf 72' lang='grc' dir='ltr'><strong>καὶ</strong></span> <span class='ocrx_word' id='word_1_366' title='bbox 1746 4056 1944 4129; x_wconf 80' lang='grc' dir='ltr'><strong>νωθὴς,</strong></span> 
     </span>
    </p>
   </div>
   <div class='ocr_carea' id='block_1_44' title="bbox 269 4139 1948 4213">
    <p class='ocr_par' dir='ltr' id='par_1_44' title="bbox 269 4139 1948 4213">
     <span class='ocr_line' id='line_1_44' title="bbox 269 4139 1948 4213; baseline 0.001 -18"><span class='ocrx_word' id='word_1_367' title='bbox 269 4139 415 4195; x_wconf 77' lang='grc' dir='ltr'><strong>οὕτω</strong></span> <span class='ocrx_word' id='word_1_368' title='bbox 445 4143 557 4204; x_wconf 79' lang='grc' dir='ltr'><strong>τοῖς</strong></span> <span class='ocrx_word' id='word_1_369' title='bbox 595 4139 1049 4212; x_wconf 78' lang='grc' dir='ltr'><strong>ὲξησθενημένοις</strong></span> <span class='ocrx_word' id='word_1_370' title='bbox 1094 4142 1246 4195; x_wconf 85' lang='grc' dir='ltr'><strong>οὑδὲν</strong></span> <span class='ocrx_word' id='word_1_371' title='bbox 1274 4141 1425 4195; x_wconf 77' lang='grc' dir='ltr'><strong>ἐσται</strong></span> <span class='ocrx_word' id='word_1_372' title='bbox 1470 4141 1669 4212; x_wconf 80' lang='grc' dir='ltr'><strong>βλάϐος</strong></span> <span class='ocrx_word' id='word_1_373' title='bbox 1706 4142 1813 4196; x_wconf 80' lang='grc' dir='ltr'><strong>ἀπὸ</strong></span> <span class='ocrx_word' id='word_1_374' title='bbox 1845 4144 1948 4213; x_wconf 74' lang='grc' dir='ltr'><strong>τῆς</strong></span> 
     </span>
    </p>
   </div>
   <div class='ocr_carea' id='block_1_45' title="bbox 271 4226 1952 4302">
    <p class='ocr_par' dir='ltr' id='par_1_45' title="bbox 271 4226 1952 4302">
     <span class='ocr_line' id='line_1_45' title="bbox 271 4226 1952 4302; baseline 0.002 -21"><span class='ocrx_word' id='word_1_375' title='bbox 271 4228 602 4299; x_wconf 71' lang='grc' dir='ltr'><strong>ἀρρωστίας,</strong></span> <span class='ocrx_word' id='word_1_376' title='bbox 628 4228 724 4281; x_wconf 64' lang='grc' dir='ltr'><strong>ἐὰν</strong></span> <span class='ocrx_word' id='word_1_377' title='bbox 747 4229 781 4299; x_wconf 76' lang='grc' dir='ltr'><strong>η</strong></span> <span class='ocrx_word' id='word_1_378' title='bbox 803 4227 950 4300; x_wconf 79' lang='grc' dir='ltr'><strong>ψυχὴ</strong></span> <span class='ocrx_word' id='word_1_379' title='bbox 974 4226 1251 4302; x_wconf 88' lang='grc' dir='ltr'><strong>γενναίαῇ</strong></span> <span class='ocrx_word' id='word_1_380' title='bbox 1280 4230 1376 4283; x_wconf 76' lang='grc' dir='ltr'><strong>καὶ</strong></span> <span class='ocrx_word' id='word_1_381' title='bbox 1402 4229 1824 4302; x_wconf 89' lang='grc' dir='ltr'><strong>διεγηγερμένη.</strong></span> <span class='ocrx_word' id='word_1_382' title='bbox 1854 4233 1952 4284; x_wconf 80' lang='grc' dir='ltr'><strong>Δο-</strong></span> 
     </span>
    </p>
   </div>
   <div class='ocr_carea' id='block_1_46' title="bbox 272 4312 1949 4389">
    <p class='ocr_par' dir='ltr' id='par_1_46' title="bbox 272 4312 1949 4389">
     <span class='ocr_line' id='line_1_46' title="bbox 272 4312 1949 4389; baseline 0.002 -21"><span class='ocrx_word' id='word_1_383' title='bbox 272 4318 360 4369; x_wconf 89' lang='grc' dir='ltr'><strong>κεῖ</strong></span> <span class='ocrx_word' id='word_1_384' title='bbox 385 4316 482 4385; x_wconf 70' lang='grc' dir='ltr'><strong>μὲν</strong></span> <span class='ocrx_word' id='word_1_385' title='bbox 506 4312 599 4367; x_wconf 73' lang='grc' dir='ltr'><strong>οὖν</strong></span> <span class='ocrx_word' id='word_1_386' title='bbox 623 4332 766 4368; x_wconf 83' lang='grc' dir='ltr'><strong>τισιν</strong></span> <span class='ocrx_word' id='word_1_387' title='bbox 791 4318 824 4386; x_wconf 78' lang='grc' dir='ltr'><strong>ἡ</strong></span> <span class='ocrx_word' id='word_1_388' title='bbox 850 4317 1173 4387; x_wconf 81' lang='grc' dir='ltr'><strong>παραίνεσις</strong></span> <span class='ocrx_word' id='word_1_389' title='bbox 1201 4317 1340 4389; x_wconf 79' lang='grc' dir='ltr'><strong>αὓτη</strong></span> <span class='ocrx_word' id='word_1_390' title='bbox 1372 4319 1466 4372; x_wconf 72' lang='grc' dir='ltr'><strong>καὶ</strong></span> <span class='ocrx_word' id='word_1_391' title='bbox 1493 4318 1771 4389; x_wconf 84' lang='grc' dir='ltr'><strong>συμϐουλὴ</strong></span> <span class='ocrx_word' id='word_1_392' title='bbox 1802 4315 1949 4383; x_wconf 78' lang='grc' dir='ltr'><strong>ἐξου-</strong></span> 
     </span>
    </p>
   </div>
   <div class='ocr_carea' id='block_1_47' title="bbox 274 4403 1950 4476">
    <p class='ocr_par' dir='ltr' id='par_1_47' title="bbox 274 4403 1950 4476">
     <span class='ocr_line' id='line_1_47' title="bbox 274 4403 1950 4476; baseline 0.003 -21"><span class='ocrx_word' id='word_1_393' title='bbox 274 4403 393 4455; x_wconf 84' lang='grc' dir='ltr'><strong>σίαν</strong></span> <span class='ocrx_word' id='word_1_394' title='bbox 416 4403 616 4456; x_wconf 83' lang='grc' dir='ltr'>διδόναι</span> <span class='ocrx_word' id='word_1_395' title='bbox 644 4403 780 4473; x_wconf 84' lang='grc' dir='ltr'>πρὸς</span> <span class='ocrx_word' id='word_1_396' title='bbox 813 4404 1131 4476; x_wconf 80' lang='grc' dir='ltr'><strong>ἀδεεστέραν</strong></span> <span class='ocrx_word' id='word_1_397' title='bbox 1160 4407 1499 4461; x_wconf 72' lang='grc' dir='ltr'><strong>οἰνοποσίανο</strong></span> <span class='ocrx_word' id='word_1_398' title='bbox 1527 4408 1590 4461; x_wconf 80' lang='grc' dir='ltr'><strong>τὸ</strong></span> <span class='ocrx_word' id='word_1_399' title='bbox 1611 4409 1668 4462; x_wconf 78' lang='grc' dir='ltr'><strong>δὲ</strong></span> <span class='ocrx_word' id='word_1_400' title='bbox 1689 4410 1750 4461; x_wconf 84' lang='grc' dir='ltr'><strong>οὑ</strong></span> <span class='ocrx_word' id='word_1_401' title='bbox 1772 4407 1950 4462; x_wconf 84' lang='grc' dir='ltr'><strong>τοιοῦ-</strong></span> 
     </span>
    </p>
   </div>
   <div class='ocr_carea' id='block_1_48' title="bbox 271 4490 1950 4569">
    <p class='ocr_par' dir='ltr' id='par_1_48' title="bbox 271 4490 1950 4569">
     <span class='ocr_line' id='line_1_48' title="bbox 271 4490 1950 4569; baseline 0.004 -26"><span class='ocrx_word' id='word_1_402' title='bbox 271 4491 361 4543; x_wconf 82' lang='grc' dir='ltr'><strong>τόν</strong></span> <span class='ocrx_word' id='word_1_403' title='bbox 389 4493 561 4544; x_wconf 79' lang='grc' dir='ltr'><strong>ἐστιν·</strong></span> <span class='ocrx_word' id='word_1_404' title='bbox 589 4490 705 4544; x_wconf 86' lang='grc' dir='ltr'><strong>ἀλλ’</strong></span> <span class='ocrx_word' id='word_1_405' title='bbox 728 4492 779 4544; x_wconf 83' lang='grc' dir='ltr'><strong>εί</strong></span> <span class='ocrx_word' id='word_1_406' title='bbox 800 4508 884 4554; x_wconf 89' lang='grc' dir='ltr'><strong>τις</strong></span> <span class='ocrx_word' id='word_1_407' title='bbox 922 4493 1039 4562; x_wconf 75' lang='grc' dir='ltr'><strong>μετ’</strong></span> <span class='ocrx_word' id='word_1_408' title='bbox 1051 4494 1338 4564; x_wconf 87' lang='grc' dir='ltr'><strong>ἀκριϐείας</strong></span> <span class='ocrx_word' id='word_1_409' title='bbox 1365 4497 1637 4561; x_wconf 75' lang='grc' dir='ltr'><strong>ἐξετάσειε</strong></span> <span class='ocrx_word' id='word_1_410' title='bbox 1665 4497 1762 4567; x_wconf 82' lang='grc' dir='ltr'><strong>τὴν</strong></span> <span class='ocrx_word' id='word_1_411' title='bbox 1792 4497 1950 4569; x_wconf 76' lang='grc' dir='ltr'><strong>ῥῆσιν</strong></span> 
     </span>
    </p>
   </div>
   <div class='ocr_carea' id='block_1_49' title="bbox 273 4577 1951 4654">
    <p class='ocr_par' dir='ltr' id='par_1_49' title="bbox 273 4577 1951 4654">
     <span class='ocr_line' id='line_1_49' title="bbox 273 4577 1951 4654; baseline 0.004 -23"><span class='ocrx_word' id='word_1_412' title='bbox 273 4578 465 4649; x_wconf 73' lang='grc' dir='ltr'><strong>αὐτὴν,</strong></span> <span class='ocrx_word' id='word_1_413' title='bbox 481 4578 734 4647; x_wconf 80' lang='grc' dir='ltr'><strong>νηστείας</strong></span> <span class='ocrx_word' id='word_1_414' title='bbox 758 4577 958 4649; x_wconf 79' lang='grc' dir='ltr'>μᾶλλόν</span> <span class='ocrx_word' id='word_1_415' title='bbox 977 4583 1092 4633; x_wconf 77' lang='grc' dir='ltr'><strong>ἐστι</strong></span> <span class='ocrx_word' id='word_1_416' title='bbox 1110 4580 1171 4634; x_wconf 80' lang='grc' dir='ltr'><strong>τὸ</strong></span> <span class='ocrx_word' id='word_1_417' title='bbox 1191 4583 1422 4652; x_wconf 81' lang='grc' dir='ltr'><strong>πρᾶγμα</strong></span> <span class='ocrx_word' id='word_1_418' title='bbox 1451 4584 1791 4654; x_wconf 86' lang='grc' dir='ltr'><strong>παραίνεσις.</strong></span> <span class='ocrx_word' id='word_1_419' title='bbox 1834 4585 1951 4638; x_wconf 86' lang='grc' dir='ltr'><strong>Ἐν-</strong></span> 
     </span>
    </p>
   </div>
   <div class='ocr_carea' id='block_1_50' title="bbox 273 4664 1952 4742">
    <p class='ocr_par' dir='ltr' id='par_1_50' title="bbox 273 4664 1952 4742">
     <span class='ocr_line' id='line_1_50' title="bbox 273 4664 1952 4742; baseline 0.004 -24"><span class='ocrx_word' id='word_1_420' title='bbox 273 4664 468 4735; x_wconf 88' lang='grc' dir='ltr'><strong>νόησον</strong></span> <span class='ocrx_word' id='word_1_421' title='bbox 496 4664 605 4736; x_wconf 89' lang='grc' dir='ltr'><strong>γάρ</strong></span> <span class='ocrx_word' id='word_1_422' title='bbox 635 4664 752 4729; x_wconf 89' lang='grc' dir='ltr'><strong>πῶς</strong></span> <span class='ocrx_word' id='word_1_423' title='bbox 779 4667 880 4718; x_wconf 83' lang='grc' dir='ltr'><strong>οὑκ</strong></span> <span class='ocrx_word' id='word_1_424' title='bbox 909 4665 970 4730; x_wconf 79' lang='grc' dir='ltr'><strong>ὲξ</strong></span> <span class='ocrx_word' id='word_1_425' title='bbox 989 4667 1186 4737; x_wconf 81' lang='grc' dir='ltr'><strong>ἀρχῆς,</strong></span> <span class='ocrx_word' id='word_1_426' title='bbox 1212 4667 1333 4720; x_wconf 84' lang='grc' dir='ltr'><strong>οὑδὲ</strong></span> <span class='ocrx_word' id='word_1_427' title='bbox 1361 4671 1426 4723; x_wconf 84' lang='grc' dir='ltr'><strong>ὲκ</strong></span> <span class='ocrx_word' id='word_1_428' title='bbox 1463 4670 1765 4742; x_wconf 79' lang='grc' dir='ltr'><strong>προοιμίων</strong></span> <span class='ocrx_word' id='word_1_429' title='bbox 1790 4670 1952 4724; x_wconf 89' lang='grc' dir='ltr'><strong>τοῦτο</strong></span> 
     </span>
    </p>
   </div>
   <div class='ocr_carea' id='block_1_51' title="bbox 276 4751 1950 4831">
    <p class='ocr_par' dir='ltr' id='par_1_51' title="bbox 276 4751 1950 4831">
     <span class='ocr_line' id='line_1_51' title="bbox 276 4751 1950 4831; baseline 0.005 -26"><span class='ocrx_word' id='word_1_430' title='bbox 276 4751 693 4805; x_wconf 87' lang='grc' dir='ltr'><strong>συνεϐούλευσεν</strong></span> <span class='ocrx_word' id='word_1_431' title='bbox 721 4755 750 4807; x_wconf 92' lang='lat'><strong>6</strong></span> <span class='ocrx_word' id='word_1_432' title='bbox 783 4752 1014 4817; x_wconf 85' lang='grc' dir='ltr'>Παῦλος,</span> <span class='ocrx_word' id='word_1_433' title='bbox 1050 4755 1165 4807; x_wconf 79' lang='grc' dir='ltr'>ἀλλ’</span> <span class='ocrx_word' id='word_1_434' title='bbox 1187 4757 1275 4809; x_wconf 87' lang='grc' dir='ltr'><strong>ὅτε</strong></span> <span class='ocrx_word' id='word_1_435' title='bbox 1301 4753 1441 4810; x_wconf 84' lang='grc' dir='ltr'><strong>εἶδεν</strong></span> <span class='ocrx_word' id='word_1_436' title='bbox 1466 4758 1950 4831; x_wconf 83' lang='grc' dir='ltr'><strong>καταϐεϐλημένην</strong></span> 
     </span>
    </p>
   </div>
   <div class='ocr_carea' id='block_1_52' title="bbox 271 4838 1950 4910">
    <p class='ocr_par' dir='ltr' id='par_1_52' title="bbox 271 4838 1950 4910">
     <span class='ocr_line' id='line_1_52' title="bbox 271 4838 1950 4910; baseline 0.004 -18"><span class='ocrx_word' id='word_1_437' title='bbox 271 4838 373 4910; x_wconf 84' lang='grc' dir='ltr'><strong>τὴν</strong></span> <span class='ocrx_word' id='word_1_438' title='bbox 407 4839 561 4910; x_wconf 81' lang='grc' dir='ltr'><strong>ίσχὺν</strong></span> <span class='ocrx_word' id='word_1_439' title='bbox 601 4838 853 4905; x_wconf 77' lang='grc' dir='ltr'><strong>ἃπασαν,</strong></span> <span class='ocrx_word' id='word_1_440' title='bbox 898 4841 1018 4895; x_wconf 89' lang='grc' dir='ltr'><strong>τότε</strong></span> <span class='ocrx_word' id='word_1_441' title='bbox 1068 4843 1455 4897; x_wconf 83' lang='grc' dir='ltr'><strong>συνεϐούλευσε</strong></span> <span class='ocrx_word' id='word_1_442' title='bbox 1482 4861 1497 4876; x_wconf 88' lang='grc'><strong>·</strong></span> <span class='ocrx_word' id='word_1_443' title='bbox 1538 4847 1632 4899; x_wconf 70' lang='grc' dir='ltr'><strong>καὶ</strong></span> <span class='ocrx_word' id='word_1_444' title='bbox 1668 4846 1790 4899; x_wconf 74' lang='grc' dir='ltr'><strong>οὑδὲ</strong></span> <span class='ocrx_word' id='word_1_445' title='bbox 1827 4846 1950 4899; x_wconf 89' lang='grc' dir='ltr'><strong>τότε</strong></span> 
     </span>
    </p>
   </div>
   <div class='ocr_carea' id='block_1_53' title="bbox 273 4926 1951 5005">
    <p class='ocr_par' dir='ltr' id='par_1_53' title="bbox 273 4926 1951 5005">
     <span class='ocr_line' id='line_1_53' title="bbox 273 4926 1951 5005; baseline 0.003 -24"><span class='ocrx_word' id='word_1_446' title='bbox 273 4926 479 4990; x_wconf 81' lang='grc' dir='ltr'><strong>ἁπλῶς,</strong></span> <span class='ocrx_word' id='word_1_447' title='bbox 508 4928 643 4982; x_wconf 83' lang='grc' dir='ltr'><strong>ἀλλά</strong></span> <span class='ocrx_word' id='word_1_448' title='bbox 662 4930 755 4983; x_wconf 79' lang='grc' dir='ltr'><strong>καὶ</strong></span> <span class='ocrx_word' id='word_1_449' title='bbox 786 4929 923 4999; x_wconf 83' lang='grc' dir='ltr'><strong>μετά</strong></span> <span class='ocrx_word' id='word_1_450' title='bbox 950 4931 1336 5002; x_wconf 88' lang='grc' dir='ltr'><strong>προδιορισμοῦ</strong></span> <span class='ocrx_word' id='word_1_451' title='bbox 1373 4948 1535 4995; x_wconf 91' lang='grc' dir='ltr'><strong>τινος.</strong></span> <span class='ocrx_word' id='word_1_452' title='bbox 1565 4934 1641 4986; x_wconf 89' lang='grc' dir='ltr'><strong>Οὑ</strong></span> <span class='ocrx_word' id='word_1_453' title='bbox 1670 4933 1779 5005; x_wconf 90' lang='grc' dir='ltr'><strong>γάρ</strong></span> <span class='ocrx_word' id='word_1_454' title='bbox 1797 4929 1951 4986; x_wconf 76' lang='grc' dir='ltr'><strong>εἶπεν</strong></span> 
     </span>
    </p>
   </div>
   <div class='ocr_carea' id='block_1_54' title="bbox 275 5013 1953 5094">
    <p class='ocr_par' dir='ltr' id='par_1_54' title="bbox 275 5013 1953 5094">
     <span class='ocr_line' id='line_1_54' title="bbox 275 5013 1953 5094; baseline 0.004 -25"><span class='ocrx_word' id='word_1_455' title='bbox 275 5013 482 5078; x_wconf 82' lang='grc' dir='ltr'><strong>ἁπλῶς,</strong></span> <span class='ocrx_word' id='word_1_456' title='bbox 530 5016 670 5085; x_wconf 78' lang='grc' dir='ltr'><strong>Οἴνῳ</strong></span> <span class='ocrx_word' id='word_1_457' title='bbox 715 5018 850 5087; x_wconf 81' lang='grc' dir='ltr'><strong>χρῶ,</strong></span> <span class='ocrx_word' id='word_1_458' title='bbox 883 5018 1019 5084; x_wconf 85' lang='grc' dir='ltr'><strong>ἀλλ’,</strong></span> <span class='ocrx_word' id='word_1_459' title='bbox 1041 5019 1196 5086; x_wconf 84' lang='grc' dir='ltr'><strong>Οἴνῳ</strong></span> <span class='ocrx_word' id='word_1_460' title='bbox 1210 5021 1419 5090; x_wconf 61' lang='grc' dir='ltr'><strong>ὀλίγῳ·</strong></span> <span class='ocrx_word' id='word_1_461' title='bbox 1445 5022 1545 5075; x_wconf 91' lang='grc' dir='ltr'><strong>οὑκ</strong></span> <span class='ocrx_word' id='word_1_462' title='bbox 1570 5021 1755 5094; x_wconf 79' lang='grc' dir='ltr'><strong>ἐπειδὴ</strong></span> <span class='ocrx_word' id='word_1_463' title='bbox 1784 5023 1953 5093; x_wconf 87' lang='grc' dir='ltr'>Τιμό-</span> 
     </span>
    </p>
   </div>
   <div class='ocr_carea' id='block_1_55' title="bbox 274 5102 1948 5183">
    <p class='ocr_par' dir='ltr' id='par_1_55' title="bbox 274 5102 1948 5183">
     <span class='ocr_line' id='line_1_55' title="bbox 274 5102 1948 5183; baseline 0.007 -28"><span class='ocrx_word' id='word_1_464' title='bbox 274 5102 396 5167; x_wconf 87' lang='grc' dir='ltr'><strong>θεος</strong></span> <span class='ocrx_word' id='word_1_465' title='bbox 426 5102 631 5173; x_wconf 84' lang='grc' dir='ltr'><strong>ταύτης</strong></span> <span class='ocrx_word' id='word_1_466' title='bbox 646 5103 818 5158; x_wconf 81' lang='grc' dir='ltr'><strong>ἐδεῖτο</strong></span> <span class='ocrx_word' id='word_1_467' title='bbox 836 5108 935 5176; x_wconf 80' lang='grc' dir='ltr'><strong>τῆς</strong></span> <span class='ocrx_word' id='word_1_468' title='bbox 959 5109 1339 5180; x_wconf 81' lang='grc' dir='ltr'><strong>παραινέσεως</strong></span> <span class='ocrx_word' id='word_1_469' title='bbox 1365 5110 1460 5164; x_wconf 73' lang='grc' dir='ltr'><strong>καὶ</strong></span> <span class='ocrx_word' id='word_1_470' title='bbox 1485 5112 1585 5182; x_wconf 80' lang='grc' dir='ltr'><strong>τῆς</strong></span> <span class='ocrx_word' id='word_1_471' title='bbox 1614 5112 1948 5183; x_wconf 78' lang='grc' dir='ltr'><strong>συμϐουλῆς,</strong></span> 
     </span>
    </p>
   </div>
   <div class='ocr_carea' id='block_1_56' title="bbox 273 5190 1949 5272">
    <p class='ocr_par' dir='ltr' id='par_1_56' title="bbox 273 5190 1949 5272">
     <span class='ocr_line' id='line_1_56' title="bbox 273 5190 1949 5272; baseline 0.006 -28"><span class='ocrx_word' id='word_1_472' title='bbox 273 5191 388 5244; x_wconf 81' lang='grc' dir='ltr'><strong>ἀλλ’</strong></span> <span class='ocrx_word' id='word_1_473' title='bbox 410 5190 597 5262; x_wconf 74' lang='grc' dir='ltr'>ἐπειδὴ</span> <span class='ocrx_word' id='word_1_474' title='bbox 622 5193 781 5262; x_wconf 83' lang='grc' dir='ltr'>ἡμεῖς</span> <span class='ocrx_word' id='word_1_475' title='bbox 799 5192 1049 5264; x_wconf 85' lang='grc' dir='ltr'><strong>δεόμεθα.</strong></span> <span class='ocrx_word' id='word_1_476' title='bbox 1081 5197 1181 5252; x_wconf 89' lang='grc' dir='ltr'><strong>Διά</strong></span> <span class='ocrx_word' id='word_1_477' title='bbox 1204 5198 1362 5253; x_wconf 86' lang='grc' dir='ltr'><strong>τοῦτο</strong></span> <span class='ocrx_word' id='word_1_478' title='bbox 1381 5198 1714 5253; x_wconf 76' lang='grc' dir='ltr'><strong>ἐπιστέλλων</strong></span> <span class='ocrx_word' id='word_1_479' title='bbox 1732 5201 1949 5272; x_wconf 72' lang='grc' dir='ltr'><strong>ἐκείνῳ,</strong></span> 
     </span>
    </p>
   </div>
   <div class='ocr_carea' id='block_1_57' title="bbox 277 5281 1953 5356">
    <p class='ocr_par' dir='ltr' id='par_1_57' title="bbox 277 5281 1953 5356">
     <span class='ocr_line' id='line_1_57' title="bbox 277 5281 1953 5356; baseline 0.008 -25"><span class='ocrx_word' id='word_1_480' title='bbox 277 5281 453 5352; x_wconf 80' lang='grc' dir='ltr'><strong>μέτρα</strong></span> <span class='ocrx_word' id='word_1_481' title='bbox 481 5282 576 5336; x_wconf 73' lang='grc' dir='ltr'><strong>καὶ</strong></span> <span class='ocrx_word' id='word_1_482' title='bbox 604 5282 764 5353; x_wconf 76' lang='grc' dir='ltr'><strong>ὄρους</strong></span> <span class='ocrx_word' id='word_1_483' title='bbox 789 5284 921 5353; x_wconf 80' lang='grc' dir='ltr'><strong>ἡμῖν</strong></span> <span class='ocrx_word' id='word_1_484' title='bbox 961 5284 1144 5353; x_wconf 84' lang='grc' dir='ltr'><strong>τίθησι</strong></span> <span class='ocrx_word' id='word_1_485' title='bbox 1180 5287 1283 5356; x_wconf 74' lang='grc' dir='ltr'><strong>τῆς</strong></span> <span class='ocrx_word' id='word_1_486' title='bbox 1318 5289 1649 5352; x_wconf 84' lang='grc' dir='ltr'><strong>οίνοποσίας,</strong></span> <span class='ocrx_word' id='word_1_487' title='bbox 1696 5289 1953 5344; x_wconf 82' lang='grc' dir='ltr'>τοσοῦτον</span> 
     </span>
    </p>
   </div>
   <div class='ocr_carea' id='block_1_58' title="bbox 274 5368 1954 5447">
    <p class='ocr_par' dir='ltr' id='par_1_58' title="bbox 274 5368 1954 5447">
     <span class='ocr_line' id='line_1_58' title="bbox 274 5368 1954 5447; baseline 0.007 -26"><span class='ocrx_word' id='word_1_488' title='bbox 274 5368 510 5422; x_wconf 82' lang='grc' dir='ltr'>κελεύων</span> <span class='ocrx_word' id='word_1_489' title='bbox 529 5370 727 5430; x_wconf 88' lang='grc' dir='ltr'><strong>πίνειν,</strong></span> <span class='ocrx_word' id='word_1_490' title='bbox 746 5371 871 5425; x_wconf 83' lang='grc' dir='ltr'><strong>ὅσον</strong></span> <span class='ocrx_word' id='word_1_491' title='bbox 896 5371 1143 5442; x_wconf 83' lang='grc' dir='ltr'>διορθοῦν</span> <span class='ocrx_word' id='word_1_492' title='bbox 1180 5373 1260 5446; x_wconf 79' lang='lat'><strong>[7]</strong></span> <span class='ocrx_word' id='word_1_493' title='bbox 1277 5375 1580 5439; x_wconf 87' lang='grc' dir='ltr'><strong>ἀσθένειαν,</strong></span> <span class='ocrx_word' id='word_1_494' title='bbox 1610 5377 1735 5431; x_wconf 81' lang='grc' dir='ltr'><strong>ὅσον</strong></span> <span class='ocrx_word' id='word_1_495' title='bbox 1766 5379 1954 5447; x_wconf 83' lang='grc' dir='ltr'><strong>ὑγείαν</strong></span> 
     </span>
    </p>
   </div>
   <div class='ocr_carea' id='block_1_59' title="bbox 276 5456 1951 5539">
    <p class='ocr_par' dir='ltr' id='par_1_59' title="bbox 276 5456 1951 5539">
     <span class='ocr_line' id='line_1_59' title="bbox 276 5456 1951 5539; baseline 0.008 -31"><span class='ocrx_word' id='word_1_496' title='bbox 276 5456 535 5528; x_wconf 76' lang='grc' dir='ltr'><strong>παρέχειν</strong></span> <span class='ocrx_word' id='word_1_497' title='bbox 561 5457 639 5529; x_wconf 80' lang='grc' dir='ltr'><strong>τῷ</strong></span> <span class='ocrx_word' id='word_1_498' title='bbox 672 5457 909 5531; x_wconf 81' lang='grc' dir='ltr'><strong>σώματι,</strong></span> <span class='ocrx_word' id='word_1_499' title='bbox 943 5458 1079 5514; x_wconf 82' lang='grc' dir='ltr'><strong>ἀλλά</strong></span> <span class='ocrx_word' id='word_1_500' title='bbox 1098 5460 1125 5499; x_wconf 79' lang='grc' dir='ltr'>ά</span> <span class='ocrx_word' id='word_1_501' title='bbox 1151 5463 1225 5533; x_wconf 84' lang='grc' dir='ltr'><strong>μὴ</strong></span> <span class='ocrx_word' id='word_1_502' title='bbox 1254 5464 1414 5518; x_wconf 84' lang='grc' dir='ltr'><strong>νόσον</strong></span> <span class='ocrx_word' id='word_1_503' title='bbox 1445 5466 1657 5539; x_wconf 80' lang='grc' dir='ltr'><strong>ἑτέραν.</strong></span> <span class='ocrx_word' id='word_1_504' title='bbox 1689 5468 1800 5538; x_wconf 84' lang='grc' dir='ltr'><strong>Τῆς</strong></span> <span class='ocrx_word' id='word_1_505' title='bbox 1842 5466 1951 5538; x_wconf 81' lang='grc' dir='ltr'><strong>γάρ</strong></span> 
     </span>
    </p>
   </div>
   <div class='ocr_carea' id='block_1_60' title="bbox 338 5674 1954 5758">
    <p class='ocr_par' dir='ltr' id='par_1_60' title="bbox 338 5674 1954 5758">
     <span class='ocr_line' id='line_1_60' title="bbox 338 5674 1954 5758; baseline 0.012 -36"><span class='ocrx_word' id='word_1_506' title='bbox 338 5674 371 5758; x_wconf 52' lang='grc' dir='ltr'><strong>ξ</strong></span> <span class='ocrx_word' id='word_1_507' title='bbox 387 5674 530 5758; x_wconf 43' lang='lat' dir='ltr'><strong>Tres”</strong></span> <span class='ocrx_word' id='word_1_508' title='bbox 552 5691 698 5758; x_wconf 48' lang='lat' dir='ltr'><strong>mfs.“</strong></span> <span class='ocrx_word' id='word_1_509' title='bbox 713 5682 857 5758; x_wconf 77' lang='grc' dir='ltr'><strong>σῶμα</strong></span> <span class='ocrx_word' id='word_1_510' title='bbox 885 5684 1050 5758; x_wconf 73' lang='grc' dir='ltr'><strong>λοιπὸν</strong></span> <span class='ocrx_word' id='word_1_511' title='bbox 1088 5682 1352 5758; x_wconf 67' lang='grc' dir='ltr'><strong>ἀχρηστον.</strong></span> <span class='ocrx_word' id='word_1_512' title='bbox 1388 5686 1531 5758; x_wconf 43' lang='grc' dir='ltr'><strong>,Ιηῆτι</strong></span> <span class='ocrx_word' id='word_1_513' title='bbox 1563 5703 1689 5758; x_wconf 65' lang='lat' dir='ltr'><strong>pnus</strong></span> <span class='ocrx_word' id='word_1_514' title='bbox 1719 5691 1830 5758; x_wconf 64' lang='grc' dir='ltr'><strong>ὅταν</strong></span> <span class='ocrx_word' id='word_1_515' title='bbox 1862 5693 1954 5757; x_wconf 83' lang='grc' dir='ltr'><strong>γὰρ</strong></span> 
     </span>
    </p>
   </div>
   <div class='ocr_carea' id='block_1_61' title="bbox 274 5734 1951 5808">
    <p class='ocr_par' dir='ltr' id='par_1_61' title="bbox 274 5734 1951 5808">
     <span class='ocr_line' id='line_1_61' title="bbox 274 5734 1951 5808; baseline 0.012 -25"><span class='ocrx_word' id='word_1_516' title='bbox 274 5734 444 5808; x_wconf 64' lang='grc' dir='ltr'><strong>ἐκεῖνοι</strong></span> <span class='ocrx_word' id='word_1_517' title='bbox 467 5740 645 5808; x_wconf 46' lang='grc' dir='ltr'><strong>σϐεσθ.-</strong></span> <span class='ocrx_word' id='word_1_518' title='bbox 662 5734 1033 5808; x_wconf 15' lang='grc' dir='ltr'><strong>Ραυιὸγρυςι-ὅτι</strong></span> <span class='ocrx_word' id='word_1_519' title='bbox 1056 5734 1351 5808; x_wconf 67' lang='grc' dir='ltr'><strong>εὑρῖπίστον,</strong></span> 
     </span>
    </p>
   </div>
   <div class='ocr_carea' id='block_1_62' title="bbox 275 5794 1951 5878">
    <p class='ocr_par' dir='ltr' id='par_1_62' title="bbox 275 5794 1951 5878">
     <span class='ocr_line' id='line_1_62' title="bbox 275 5794 1951 5878; baseline 0.012 -34"><span class='ocrx_word' id='word_1_520' title='bbox 275 5794 381 5878; x_wconf 56' lang='grc' dir='ltr'><strong>Ηρκ</strong></span> <span class='ocrx_word' id='word_1_521' title='bbox 402 5800 597 5878; x_wconf 53' lang='grc' dir='ltr'><strong>μμξάέιιη</strong></span> <span class='ocrx_word' id='word_1_522' title='bbox 626 5794 1081 5878; x_wconf 52' lang='grc' dir='ltr'><strong>ἐπελαμϐἶάπάντων</strong></span> <span class='ocrx_word' id='word_1_523' title='bbox 1110 5794 1315 5878; x_wconf 45' lang='grc' dir='ltr'><strong>ῥαδίως,</strong></span> 
     </span>
    </p>
   </div>
   <div class='ocr_carea' id='block_1_63' title="bbox 337 5859 1365 5933">
    <p class='ocr_par' dir='ltr' id='par_1_63' title="bbox 337 5859 1365 5933">
     <span class='ocr_line' id='line_1_63' title="bbox 337 5859 1365 5933; baseline 0.012 -26"><span class='ocrx_word' id='word_1_524' title='bbox 337 5859 363 5933; x_wconf 53' lang='grc' dir='ltr'><strong>ξ</strong></span> <span class='ocrx_word' id='word_1_525' title='bbox 509 5859 849 5933; x_wconf 57' lang='grc' dir='ltr'><strong>έμποριζέοςθω,</strong></span> <span class='ocrx_word' id='word_1_526' title='bbox 877 5859 1365 5933; x_wconf 45' lang='grc' dir='ltr'><strong>αίὶι-συμποδιζέσθω.</strong></span> 
     </span>
    </p>
   </div>
   <div class='ocr_carea' id='block_1_64' title="bbox 337 5923 1949 6002">
    <p class='ocr_par' dir='ltr' id='par_1_64' title="bbox 337 5923 1949 6002">
     <span class='ocr_line' id='line_1_64' title="bbox 337 5923 1949 6002; baseline 0.01 -30"><span class='ocrx_word' id='word_1_527' title='bbox 337 5924 360 6002; x_wconf 64' lang='grc' dir='ltr'><strong>ξ</strong></span> <span class='ocrx_word' id='word_1_528' title='bbox 509 5923 739 5999; x_wconf 61' lang='grc' dir='ltr'><strong>τοσοῦτόν</strong></span> <span class='ocrx_word' id='word_1_529' title='bbox 750 5926 891 5997; x_wconf 70' lang='grc' dir='ltr'><strong>ἐστιν.</strong></span> <span class='ocrx_word' id='word_1_530' title='bbox 909 5927 1029 6002; x_wconf 54' lang='grc' dir='ltr'><strong>Ιρςιηε</strong></span> <span class='ocrx_word' id='word_1_531' title='bbox 1043 5923 1190 5989; x_wconf 73' lang='grc' dir='ltr'><strong>ριιυοὶ</strong></span> <span class='ocrx_word' id='word_1_532' title='bbox 1215 5930 1293 5979; x_wconf 76' lang='grc' dir='ltr'><strong>ἐὰν</strong></span> <span class='ocrx_word' id='word_1_533' title='bbox 1308 5936 1340 5991; x_wconf 87' lang='grc' dir='ltr'><strong>ἡ</strong></span> <span class='ocrx_word' id='word_1_534' title='bbox 1362 5937 1488 6000; x_wconf 69' lang='grc' dir='ltr'><strong>ψυχή</strong></span> <span class='ocrx_word' id='word_1_535' title='bbox 1511 5939 1949 6002; x_wconf 70' lang='grc' dir='ltr'><strong>καταϐλκπτομένη.</strong></span> 
     </span>
    </p>
   </div>
   <div class='ocr_carea' id='block_1_65' title="bbox 339 5984 1458 6051">
    <p class='ocr_par' dir='ltr' id='par_1_65' title="bbox 339 5984 1458 6051">
     <span class='ocr_line' id='line_1_65' title="bbox 339 5984 1458 6051; baseline 0.001 -13"><span class='ocrx_word' id='word_1_536' title='bbox 339 5984 361 6022; x_wconf 69' lang='grc' dir='ltr'><strong><em>ἀ</em></strong></span> <span class='ocrx_word' id='word_1_537' title='bbox 387 5987 487 6038; x_wconf 74' lang='lat' dir='ltr'><strong>AM</strong></span> <span class='ocrx_word' id='word_1_538' title='bbox 510 5988 697 6038; x_wconf 72' lang='grc' dir='ltr'><strong>σώματι</strong></span> <span class='ocrx_word' id='word_1_539' title='bbox 724 5987 888 6051; x_wconf 83' lang='grc' dir='ltr'><strong>μόνον,</strong></span> <span class='ocrx_word' id='word_1_540' title='bbox 913 5984 1055 6039; x_wconf 62' lang='lat' dir='ltr'><strong>eum;</strong></span> <span class='ocrx_word' id='word_1_541' title='bbox 1330 5984 1339 5991; x_wconf 82' lang='grc'><em>’</em></span> <span class='ocrx_word' id='word_1_542' title='bbox 1374 5986 1383 5997; x_wconf 86' lang='grc'><em>’</em></span> <span class='ocrx_word' id='word_1_543' title='bbox 1426 5984 1458 6000; x_wconf 84' lang='grc'><em>’“</em></span> 
     </span>
    </p>
   </div>
   <div class='ocr_carea' id='block_1_66' title="bbox 2039 457 3718 544">
    <p class='ocr_par' dir='ltr' id='par_1_66' title="bbox 2039 457 3718 544">
     <span class='ocr_line' id='line_1_66' title="bbox 2039 457 3718 544; baseline -0.005 -14"><span class='ocrx_word' id='word_1_544' title='bbox 2039 457 2366 529; x_wconf 68' lang='grc' dir='ltr'><strong>ὐδροποσίας</strong></span> <span class='ocrx_word' id='word_1_545' title='bbox 2399 464 2499 535; x_wconf 73' lang='grc' dir='ltr'><strong>τῆς</strong></span> <span class='ocrx_word' id='word_1_546' title='bbox 2529 466 2739 537; x_wconf 80' lang='grc' dir='ltr'><strong>ἀφάτου</strong></span> <span class='ocrx_word' id='word_1_547' title='bbox 2771 469 2871 519; x_wconf 87' lang='grc' dir='ltr'><strong>οὑκ</strong></span> <span class='ocrx_word' id='word_1_548' title='bbox 2903 466 3179 533; x_wconf 73' lang='grc' dir='ltr'><strong>ἐλάττονα,</strong></span> <span class='ocrx_word' id='word_1_549' title='bbox 3238 468 3376 524; x_wconf 90' lang='grc' dir='ltr'><strong>ἀλλά</strong></span> <span class='ocrx_word' id='word_1_550' title='bbox 3409 471 3501 525; x_wconf 68' lang='grc' dir='ltr'><strong>καὶ</strong></span> <span class='ocrx_word' id='word_1_551' title='bbox 3534 470 3718 544; x_wconf 81' lang='grc' dir='ltr'><strong>πολλῷ</strong></span> 
     </span>
    </p>
   </div>
   <div class='ocr_carea' id='block_1_67' title="bbox 2039 548 3719 629">
    <p class='ocr_par' dir='ltr' id='par_1_67' title="bbox 2039 548 3719 629">
     <span class='ocr_line' id='line_1_67' title="bbox 2039 548 3719 629; baseline 0.01 -29"><span class='ocrx_word' id='word_1_552' title='bbox 2039 548 2263 604; x_wconf 85' lang='grc' dir='ltr'><strong>πλείονα</strong></span> <span class='ocrx_word' id='word_1_553' title='bbox 2291 553 2385 605; x_wconf 82' lang='grc' dir='ltr'><strong>καὶ</strong></span> <span class='ocrx_word' id='word_1_554' title='bbox 2416 555 2772 628; x_wconf 85' lang='grc' dir='ltr'><strong>χαλεπώτερα</strong></span> <span class='ocrx_word' id='word_1_555' title='bbox 2792 559 2824 628; x_wconf 79' lang='grc' dir='ltr'>ἡ</span> <span class='ocrx_word' id='word_1_556' title='bbox 2846 558 3079 629; x_wconf 78' lang='grc' dir='ltr'><strong>ἄμετρος</strong></span> <span class='ocrx_word' id='word_1_557' title='bbox 3098 560 3379 615; x_wconf 90' lang='grc' dir='ltr'><strong>οἰνοποσία</strong></span> <span class='ocrx_word' id='word_1_558' title='bbox 3415 564 3591 616; x_wconf 84' lang='grc' dir='ltr'><strong>τίκτει</strong></span> <span class='ocrx_word' id='word_1_559' title='bbox 3628 581 3719 617; x_wconf 85' lang='grc' dir='ltr'><strong>νο-</strong></span> 
     </span>
    </p>
   </div>
   <div class='ocr_carea' id='block_1_68' title="bbox 2040 637 3719 721">
    <p class='ocr_par' dir='ltr' id='par_1_68' title="bbox 2040 637 3719 721">
     <span class='ocr_line' id='line_1_68' title="bbox 2040 637 3719 721; baseline 0.011 -33"><span class='ocrx_word' id='word_1_560' title='bbox 2040 637 2259 707; x_wconf 82' lang='grc' dir='ltr'><strong>σήματα</strong></span> <span class='ocrx_word' id='word_1_561' title='bbox 2285 644 2378 693; x_wconf 79' lang='grc' dir='ltr'><strong>καὶ</strong></span> <span class='ocrx_word' id='word_1_562' title='bbox 2406 643 2485 713; x_wconf 88' lang='grc' dir='ltr'><strong>τῷ</strong></span> <span class='ocrx_word' id='word_1_563' title='bbox 2514 643 2727 714; x_wconf 87' lang='grc' dir='ltr'><strong>σώματι</strong></span> <span class='ocrx_word' id='word_1_564' title='bbox 2771 645 2865 699; x_wconf 70' lang='grc' dir='ltr'><strong>καὶ</strong></span> <span class='ocrx_word' id='word_1_565' title='bbox 2890 649 2957 718; x_wconf 78' lang='grc' dir='ltr'><strong>τῇ</strong></span> <span class='ocrx_word' id='word_1_566' title='bbox 3003 647 3171 719; x_wconf 77' lang='grc' dir='ltr'><strong>ψυχῇ,</strong></span> <span class='ocrx_word' id='word_1_567' title='bbox 3216 651 3307 703; x_wconf 84' lang='grc' dir='ltr'><strong>τὸν</strong></span> <span class='ocrx_word' id='word_1_568' title='bbox 3340 651 3575 721; x_wconf 88' lang='grc' dir='ltr'><strong>πόλεμον</strong></span> <span class='ocrx_word' id='word_1_569' title='bbox 3602 652 3719 707; x_wconf 77' lang='grc' dir='ltr'><strong>τῶν</strong></span> 
     </span>
    </p>
   </div>
   <div class='ocr_carea' id='block_1_69' title="bbox 2034 725 3716 811">
    <p class='ocr_par' dir='ltr' id='par_1_69' title="bbox 2034 725 3716 811">
     <span class='ocr_line' id='line_1_69' title="bbox 2034 725 3716 811; baseline 0.011 -34"><span class='ocrx_word' id='word_1_570' title='bbox 2034 725 2242 789; x_wconf 85' lang='grc' dir='ltr'><strong>παθῶν,</strong></span> <span class='ocrx_word' id='word_1_571' title='bbox 2291 730 2387 782; x_wconf 82' lang='grc' dir='ltr'><strong>καὶ</strong></span> <span class='ocrx_word' id='word_1_572' title='bbox 2413 730 2506 783; x_wconf 82' lang='grc' dir='ltr'><strong>τὸν</strong></span> <span class='ocrx_word' id='word_1_573' title='bbox 2555 732 2799 803; x_wconf 88' lang='grc' dir='ltr'><strong>χειμῶνα</strong></span> <span class='ocrx_word' id='word_1_574' title='bbox 2829 733 2937 787; x_wconf 90' lang='grc' dir='ltr'><strong>τῶν</strong></span> <span class='ocrx_word' id='word_1_575' title='bbox 2970 737 3186 790; x_wconf 81' lang='grc' dir='ltr'><strong>ἀτόπων</strong></span> <span class='ocrx_word' id='word_1_576' title='bbox 3213 737 3491 811; x_wconf 81' lang='grc' dir='ltr'><strong>λογισμῶν</strong></span> <span class='ocrx_word' id='word_1_577' title='bbox 3520 741 3716 795; x_wconf 79' lang='grc' dir='ltr'><strong>ἐπεισ-</strong></span> 
     </span>
    </p>
   </div>
   <div class='ocr_carea' id='block_1_70' title="bbox 2034 811 3719 899">
    <p class='ocr_par' dir='ltr' id='par_1_70' title="bbox 2034 811 3719 899">
     <span class='ocr_line' id='line_1_70' title="bbox 2034 811 3719 899; baseline 0.011 -35"><span class='ocrx_word' id='word_1_578' title='bbox 2034 811 2242 880; x_wconf 90' lang='grc' dir='ltr'><strong>άγουσα</strong></span> <span class='ocrx_word' id='word_1_579' title='bbox 2271 818 2338 887; x_wconf 78' lang='grc' dir='ltr'><strong>τῇ</strong></span> <span class='ocrx_word' id='word_1_580' title='bbox 2369 816 2597 890; x_wconf 78' lang='grc' dir='ltr'><strong>διανοίᾳ.</strong></span> <span class='ocrx_word' id='word_1_581' title='bbox 2616 820 2711 872; x_wconf 74' lang='grc' dir='ltr'><strong>καὶ</strong></span> <span class='ocrx_word' id='word_1_582' title='bbox 2737 820 2833 873; x_wconf 90' lang='grc' dir='ltr'><strong>τοῦ</strong></span> <span class='ocrx_word' id='word_1_583' title='bbox 2862 821 3112 890; x_wconf 81' lang='grc' dir='ltr'><strong>σώματος</strong></span> <span class='ocrx_word' id='word_1_584' title='bbox 3143 824 3242 895; x_wconf 83' lang='grc' dir='ltr'><strong>τὴν</strong></span> <span class='ocrx_word' id='word_1_585' title='bbox 3272 828 3425 896; x_wconf 80' lang='grc' dir='ltr'><strong>ίσχὺν</strong></span> <span class='ocrx_word' id='word_1_586' title='bbox 3455 826 3719 899; x_wconf 63' lang='grc' dir='ltr'><strong>χαυνοτὲυ</strong></span> 
     </span>
    </p>
   </div>
   <div class='ocr_carea' id='block_1_71' title="bbox 2035 901 3727 989">
    <p class='ocr_par' dir='ltr' id='par_1_71' title="bbox 2035 901 3727 989">
     <span class='ocr_line' id='line_1_71' title="bbox 2035 901 3727 989; baseline 0.011 -38"><span class='ocrx_word' id='word_1_587' title='bbox 2035 916 2137 989; x_wconf 88' lang='grc' dir='ltr'><strong>ραν</strong></span> <span class='ocrx_word' id='word_1_588' title='bbox 2174 901 2271 955; x_wconf 77' lang='grc' dir='ltr'><strong>καὶ</strong></span> <span class='ocrx_word' id='word_1_589' title='bbox 2314 902 2741 977; x_wconf 84' lang='grc' dir='ltr'><strong>πλαδαρωτέραν</strong></span> <span class='ocrx_word' id='word_1_590' title='bbox 2786 908 3156 981; x_wconf 71' lang='grc' dir='ltr'><strong>ἐργαζομένη.</strong></span> <span class='ocrx_word' id='word_1_591' title='bbox 3211 912 3287 965; x_wconf 85' lang='grc' dir='ltr'><strong>Οὑ</strong></span> <span class='ocrx_word' id='word_1_592' title='bbox 3310 913 3420 983; x_wconf 85' lang='grc' dir='ltr'><strong>γάρ</strong></span> <span class='ocrx_word' id='word_1_593' title='bbox 3475 913 3651 979; x_wconf 78' lang='grc' dir='ltr'><strong>οὑτως</strong></span> <span class='ocrx_word' id='word_1_594' title='bbox 3676 913 3727 989; x_wconf 60' lang='grc' dir='ltr'><strong>ἡ</strong></span> 
     </span>
    </p>
   </div>
   <div class='ocr_carea' id='block_1_72' title="bbox 2031 988 3723 1077">
    <p class='ocr_par' dir='ltr' id='par_1_72' title="bbox 2031 988 3723 1077">
     <span class='ocr_line' id='line_1_72' title="bbox 2031 988 3723 1077; baseline 0.011 -38"><span class='ocrx_word' id='word_1_595' title='bbox 2031 988 2132 1057; x_wconf 86' lang='grc' dir='ltr'><strong>τῆς</strong></span> <span class='ocrx_word' id='word_1_596' title='bbox 2170 990 2273 1057; x_wconf 87' lang='grc' dir='ltr'><strong>γῆς</strong></span> <span class='ocrx_word' id='word_1_597' title='bbox 2324 991 2485 1057; x_wconf 85' lang='grc' dir='ltr'><strong>φύσις</strong></span> <span class='ocrx_word' id='word_1_598' title='bbox 2522 994 2873 1063; x_wconf 80' lang='grc' dir='ltr'><strong>ὲνοχληθεῖσα</strong></span> <span class='ocrx_word' id='word_1_599' title='bbox 2909 1000 2974 1067; x_wconf 82' lang='grc' dir='ltr'><strong>τῇ</strong></span> <span class='ocrx_word' id='word_1_600' title='bbox 3014 997 3123 1051; x_wconf 90' lang='grc' dir='ltr'><strong>τῶν</strong></span> <span class='ocrx_word' id='word_1_601' title='bbox 3173 999 3382 1055; x_wconf 83' lang='grc' dir='ltr'>ὑδάτων</span> <span class='ocrx_word' id='word_1_602' title='bbox 3431 1001 3723 1077; x_wconf 60' lang='grc' dir='ltr'><strong>πλεονεξίᾳ</strong></span> 
     </span>
    </p>
   </div>
   <div class='ocr_carea' id='block_1_73' title="bbox 2034 1077 3713 1160">
    <p class='ocr_par' dir='ltr' id='par_1_73' title="bbox 2034 1077 3713 1160">
     <span class='ocr_line' id='line_1_73' title="bbox 2034 1077 3713 1160; baseline 0.01 -34"><span class='ocrx_word' id='word_1_603' title='bbox 2034 1077 2276 1145; x_wconf 77' lang='grc' dir='ltr'><strong>συνεχῶς</strong></span> <span class='ocrx_word' id='word_1_604' title='bbox 2299 1077 2592 1141; x_wconf 84' lang='grc' dir='ltr'><strong>διαλύεται,</strong></span> <span class='ocrx_word' id='word_1_605' title='bbox 2619 1081 2696 1145; x_wconf 83' lang='grc' dir='ltr'><strong>ὡς</strong></span> <span class='ocrx_word' id='word_1_606' title='bbox 2723 1085 2756 1153; x_wconf 86' lang='grc' dir='ltr'>ἠ</span> <span class='ocrx_word' id='word_1_607' title='bbox 2784 1082 2880 1136; x_wconf 90' lang='grc' dir='ltr'><strong>τοῦ</strong></span> <span class='ocrx_word' id='word_1_608' title='bbox 2905 1082 3159 1155; x_wconf 81' lang='grc' dir='ltr'><strong>σώματος</strong></span> <span class='ocrx_word' id='word_1_609' title='bbox 3172 1087 3403 1159; x_wconf 86' lang='grc' dir='ltr'>δύναμις</span> <span class='ocrx_word' id='word_1_610' title='bbox 3418 1090 3713 1160; x_wconf 81' lang='grc' dir='ltr'><strong>χαυνοῦται</strong></span> 
     </span>
    </p>
   </div>
   <div class='ocr_carea' id='block_1_74' title="bbox 2033 1163 3715 1246">
    <p class='ocr_par' dir='ltr' id='par_1_74' title="bbox 2033 1163 3715 1246">
     <span class='ocr_line' id='line_1_74' title="bbox 2033 1163 3715 1246; baseline 0.011 -31"><span class='ocrx_word' id='word_1_611' title='bbox 2033 1163 2127 1215; x_wconf 60' lang='grc' dir='ltr'><strong>καὶ⁵</strong></span> <span class='ocrx_word' id='word_1_612' title='bbox 2159 1164 2372 1237; x_wconf 79' lang='grc' dir='ltr'><strong>διαρρεί</strong></span> <span class='ocrx_word' id='word_1_613' title='bbox 2430 1170 2523 1222; x_wconf 75' lang='grc' dir='ltr'><strong>καὶ</strong></span> <span class='ocrx_word' id='word_1_614' title='bbox 2571 1169 2815 1240; x_wconf 73' lang='grc' dir='ltr'><strong>ἐξίτηλος</strong></span> <span class='ocrx_word' id='word_1_615' title='bbox 2869 1172 3079 1240; x_wconf 89' lang='grc' dir='ltr'><strong>γίνεται</strong></span> <span class='ocrx_word' id='word_1_616' title='bbox 3118 1176 3358 1246; x_wconf 88' lang='grc' dir='ltr'><strong>συνεχῶς</strong></span> <span class='ocrx_word' id='word_1_617' title='bbox 3380 1177 3715 1244; x_wconf 80' lang='grc' dir='ltr'><strong>οίνοποσῑαις</strong></span> 
     </span>
    </p>
   </div>
   <div class='ocr_carea' id='block_1_75' title="bbox 2032 1247 3712 1334">
    <p class='ocr_par' dir='ltr' id='par_1_75' title="bbox 2032 1247 3712 1334">
     <span class='ocr_line' id='line_1_75' title="bbox 2032 1247 3712 1334; baseline 0.012 -34"><span class='ocrx_word' id='word_1_618' title='bbox 2032 1247 2457 1324; x_wconf 76' lang='grc' dir='ltr'><strong>ὲπαντλουμένη.</strong></span> <span class='ocrx_word' id='word_1_619' title='bbox 2509 1255 2806 1326; x_wconf 71' lang='grc' dir='ltr'><strong>Φεύγωμεν</strong></span> <span class='ocrx_word' id='word_1_620' title='bbox 2842 1259 3020 1312; x_wconf 87' lang='grc' dir='ltr'><strong>τοίνυν</strong></span> <span class='ocrx_word' id='word_1_621' title='bbox 3063 1261 3163 1325; x_wconf 86' lang='grc' dir='ltr'><strong>τάς</strong></span> <span class='ocrx_word' id='word_1_622' title='bbox 3209 1264 3479 1334; x_wconf 85' lang='grc' dir='ltr'><strong>ἀμετρίας</strong></span> <span class='ocrx_word' id='word_1_623' title='bbox 3515 1264 3712 1319; x_wconf 80' lang='grc' dir='ltr'><strong>ἐκατέ-</strong></span> 
     </span>
    </p>
   </div>
   <div class='ocr_carea' id='block_1_76' title="bbox 2036 1336 3714 1421">
    <p class='ocr_par' dir='ltr' id='par_1_76' title="bbox 2036 1336 3714 1421">
     <span class='ocr_line' id='line_1_76' title="bbox 2036 1336 3714 1421; baseline 0.011 -33"><span class='ocrx_word' id='word_1_624' title='bbox 2036 1336 2229 1406; x_wconf 86' lang='grc' dir='ltr'><strong>ρωθεν,</strong></span> <span class='ocrx_word' id='word_1_625' title='bbox 2257 1341 2350 1393; x_wconf 76' lang='grc' dir='ltr'><strong>καὶ</strong></span> <span class='ocrx_word' id='word_1_626' title='bbox 2376 1351 2398 1377; x_wconf 74' lang='grc' dir='ltr'><strong>υ</strong></span> <span class='ocrx_word' id='word_1_627' title='bbox 2424 1340 2525 1411; x_wconf 87' lang='grc' dir='ltr'><strong>τῆς</strong></span> <span class='ocrx_word' id='word_1_628' title='bbox 2551 1345 2741 1410; x_wconf 83' lang='grc' dir='ltr'><strong>ὑγείας</strong></span> <span class='ocrx_word' id='word_1_629' title='bbox 2763 1347 3150 1417; x_wconf 78' lang='grc' dir='ltr'><strong>ἐπιμελώμεθα</strong></span> <span class='ocrx_word' id='word_1_630' title='bbox 3188 1350 3283 1403; x_wconf 92' lang='grc' dir='ltr'><strong>τοῦ</strong></span> <span class='ocrx_word' id='word_1_631' title='bbox 3316 1350 3589 1421; x_wconf 85' lang='grc' dir='ltr'><strong>σώματος,</strong></span> <span class='ocrx_word' id='word_1_632' title='bbox 3617 1352 3714 1407; x_wconf 75' lang='grc' dir='ltr'><strong>καὶ</strong></span> 
     </span>
    </p>
   </div>
   <div class='ocr_carea' id='block_1_77' title="bbox 2033 1426 3713 1513">
    <p class='ocr_par' dir='ltr' id='par_1_77' title="bbox 2033 1426 3713 1513">
     <span class='ocr_line' id='line_1_77' title="bbox 2033 1426 3713 1513; baseline 0.01 -36"><span class='ocrx_word' id='word_1_633' title='bbox 2033 1426 2103 1479; x_wconf 88' lang='grc' dir='ltr'><strong>τά</strong></span> <span class='ocrx_word' id='word_1_634' title='bbox 2135 1430 2482 1499; x_wconf 83' lang='grc' dir='ltr'>σκιρτήματα</span> <span class='ocrx_word' id='word_1_635' title='bbox 2515 1433 2682 1487; x_wconf 89' lang='grc' dir='ltr'><strong>αὑτοῦ</strong></span> <span class='ocrx_word' id='word_1_636' title='bbox 2724 1435 3171 1507; x_wconf 85' lang='grc' dir='ltr'><strong>περικόπτωμεν.</strong></span> <span class='ocrx_word' id='word_1_637' title='bbox 3205 1433 3365 1502; x_wconf 78' lang='grc' dir='ltr'><strong>Οἷνος</strong></span> <span class='ocrx_word' id='word_1_638' title='bbox 3409 1441 3519 1511; x_wconf 74' lang='grc' dir='ltr'><strong>γὰρ</strong></span> <span class='ocrx_word' id='word_1_639' title='bbox 3556 1440 3713 1513; x_wconf 71' lang='grc' dir='ltr'><strong>ἐδόθη</strong></span> 
     </span>
    </p>
   </div>
   <div class='ocr_carea' id='block_1_78' title="bbox 2037 1516 3718 1598">
    <p class='ocr_par' dir='ltr' id='par_1_78' title="bbox 2037 1516 3718 1598">
     <span class='ocr_line' id='line_1_78' title="bbox 2037 1516 3718 1598; baseline 0.009 -31"><span class='ocrx_word' id='word_1_640' title='bbox 2037 1516 2189 1585; x_wconf 84' lang='grc' dir='ltr'><strong>παρὰ</strong></span> <span class='ocrx_word' id='word_1_641' title='bbox 2211 1517 2369 1581; x_wconf 87' lang='grc' dir='ltr'>Θεοῦ,</span> <span class='ocrx_word' id='word_1_642' title='bbox 2419 1520 2518 1590; x_wconf 89' lang='grc' dir='ltr'><strong>οὑχ</strong></span> <span class='ocrx_word' id='word_1_643' title='bbox 2570 1521 2658 1574; x_wconf 81' lang='grc' dir='ltr'><strong>ἵνα</strong></span> <span class='ocrx_word' id='word_1_644' title='bbox 2690 1522 2997 1593; x_wconf 84' lang='grc' dir='ltr'><strong>μεθύωμεν,</strong></span> <span class='ocrx_word' id='word_1_645' title='bbox 3021 1524 3136 1577; x_wconf 87' lang='grc' dir='ltr'><strong>ἀλλ’</strong></span> <span class='ocrx_word' id='word_1_646' title='bbox 3166 1527 3255 1579; x_wconf 84' lang='grc' dir='ltr'><strong>ῖνα</strong></span> <span class='ocrx_word' id='word_1_647' title='bbox 3281 1529 3544 1598; x_wconf 72' lang='grc' dir='ltr'><strong>νήφωμεν</strong></span> <span class='ocrx_word' id='word_1_648' title='bbox 3563 1570 3577 1592; x_wconf 97' lang='grc'><strong>,</strong></span> <span class='ocrx_word' id='word_1_649' title='bbox 3624 1528 3718 1583; x_wconf 84' lang='grc' dir='ltr'><strong>ἶνα</strong></span> 
     </span>
    </p>
   </div>
   <div class='ocr_carea' id='block_1_79' title="bbox 2033 1601 3718 1683">
    <p class='ocr_par' dir='ltr' id='par_1_79' title="bbox 2033 1601 3718 1683">
     <span class='ocr_line' id='line_1_79' title="bbox 2033 1601 3718 1683; baseline 0.005 -29"><span class='ocrx_word' id='word_1_650' title='bbox 2033 1601 2474 1675; x_wconf 84' lang='grc' dir='ltr'>εὐφραινώμεθα,</span> <span class='ocrx_word' id='word_1_651' title='bbox 2504 1610 2601 1679; x_wconf 90' lang='grc' dir='ltr'><strong>οὑχ</strong></span> <span class='ocrx_word' id='word_1_652' title='bbox 2642 1610 2732 1663; x_wconf 75' lang='grc' dir='ltr'><strong>ἵνα</strong></span> <span class='ocrx_word' id='word_1_653' title='bbox 2759 1610 3038 1680; x_wconf 81' lang='grc' dir='ltr'><strong>ἀλγῶμεν.</strong></span> <span class='ocrx_word' id='word_1_654' title='bbox 3073 1609 3250 1680; x_wconf 77' lang='grc' dir='ltr'><strong>Οἶνος</strong></span> <span class='ocrx_word' id='word_1_655' title='bbox 3266 1613 3718 1683; x_wconf 62' lang='grc' dir='ltr'><strong>γάρεὺφρηίνει,</strong></span> 
     </span>
    </p>
   </div>
   <div class='ocr_carea' id='block_1_80' title="bbox 2036 1690 3719 1767">
    <p class='ocr_par' dir='ltr' id='par_1_80' title="bbox 2036 1690 3719 1767">
     <span class='ocr_line' id='line_1_80' title="bbox 2036 1690 3719 1767; baseline 0.004 -24"><span class='ocrx_word' id='word_1_656' title='bbox 2036 1690 2191 1760; x_wconf 67' lang='grc' dir='ltr'><strong>φησι,</strong></span> <span class='ocrx_word' id='word_1_657' title='bbox 2209 1690 2813 1761; x_wconf 80' lang='grc' dir='ltr'><strong>καρδιανάνθρώπου·</strong></span> <span class='ocrx_word' id='word_1_658' title='bbox 2836 1694 2903 1748; x_wconf 79' lang='grc' dir='ltr'><strong>σὺ</strong></span> <span class='ocrx_word' id='word_1_659' title='bbox 2920 1696 2976 1750; x_wconf 80' lang='grc' dir='ltr'><strong>δὲ</strong></span> <span class='ocrx_word' id='word_1_660' title='bbox 3003 1696 3167 1750; x_wconf 82' lang='grc' dir='ltr'><strong>αὑτὸν</strong></span> <span class='ocrx_word' id='word_1_661' title='bbox 3187 1696 3424 1767; x_wconf 82' lang='grc' dir='ltr'><strong>ἀθυμίας</strong></span> <span class='ocrx_word' id='word_1_662' title='bbox 3457 1698 3719 1751; x_wconf 84' lang='grc' dir='ltr'><strong>ὑπόθεσιν</strong></span> 
     </span>
    </p>
   </div>
   <div class='ocr_carea' id='block_1_81' title="bbox 2035 1778 3714 1857">
    <p class='ocr_par' dir='ltr' id='par_1_81' title="bbox 2035 1778 3714 1857">
     <span class='ocr_line' id='line_1_81' title="bbox 2035 1778 3714 1857; baseline 0.005 -28"><span class='ocrx_word' id='word_1_663' title='bbox 2035 1780 2207 1841; x_wconf 85' lang='grc' dir='ltr'><strong>ποιεῖς</strong></span> <span class='ocrx_word' id='word_1_664' title='bbox 2226 1794 2239 1807; x_wconf 73' lang='grc' dir='ltr'><strong><em>ο</em></strong></span> <span class='ocrx_word' id='word_1_665' title='bbox 2261 1779 2355 1831; x_wconf 74' lang='grc' dir='ltr'><strong>καὶ</strong></span> <span class='ocrx_word' id='word_1_666' title='bbox 2378 1778 2487 1850; x_wconf 83' lang='grc' dir='ltr'><strong>γὰρ</strong></span> <span class='ocrx_word' id='word_1_667' title='bbox 2514 1778 2819 1851; x_wconf 86' lang='grc' dir='ltr'><strong>βαρύθυμοι</strong></span> <span class='ocrx_word' id='word_1_668' title='bbox 2848 1784 2897 1835; x_wconf 81' lang='grc' dir='ltr'><strong>οἱ</strong></span> <span class='ocrx_word' id='word_1_669' title='bbox 2925 1784 3217 1853; x_wconf 85' lang='grc' dir='ltr'><strong>μεθύοντες</strong></span> <span class='ocrx_word' id='word_1_670' title='bbox 3241 1785 3359 1855; x_wconf 79' lang='grc' dir='ltr'><strong>μεθ’</strong></span> <span class='ocrx_word' id='word_1_671' title='bbox 3380 1784 3714 1857; x_wconf 76' lang='grc' dir='ltr'><strong>ὑπερϐολῆς,</strong></span> 
     </span>
    </p>
   </div>
   <div class='ocr_carea' id='block_1_82' title="bbox 2036 1865 3722 1943">
    <p class='ocr_par' dir='ltr' id='par_1_82' title="bbox 2036 1865 3722 1943">
     <span class='ocr_line' id='line_1_82' title="bbox 2036 1865 3722 1943; baseline 0.006 -27"><span class='ocrx_word' id='word_1_672' title='bbox 2036 1865 2228 1917; x_wconf 85' lang='grc' dir='ltr'>σκότου</span> <span class='ocrx_word' id='word_1_673' title='bbox 2250 1865 2445 1919; x_wconf 89' lang='grc' dir='ltr'>πολλοῦ</span> <span class='ocrx_word' id='word_1_674' title='bbox 2470 1868 3044 1939; x_wconf 77' lang='grc' dir='ltr'><strong>κατασκεδαννυμένου</strong></span> <span class='ocrx_word' id='word_1_675' title='bbox 3070 1870 3180 1923; x_wconf 91' lang='grc' dir='ltr'><strong>τῶν</strong></span> <span class='ocrx_word' id='word_1_676' title='bbox 3200 1871 3477 1943; x_wconf 83' lang='grc' dir='ltr'><strong>λογισμῶν</strong></span> <span class='ocrx_word' id='word_1_677' title='bbox 3507 1872 3552 1926; x_wconf 76' lang='grc' dir='ltr'><strong>ί.</strong></span> <span class='ocrx_word' id='word_1_678' title='bbox 3580 1873 3722 1943; x_wconf 77' lang='grc' dir='ltr'><strong>Φάρ-</strong></span> 
     </span>
    </p>
   </div>
   <div class='ocr_carea' id='block_1_83' title="bbox 2039 1953 3718 2030">
    <p class='ocr_par' dir='ltr' id='par_1_83' title="bbox 2039 1953 3718 2030">
     <span class='ocr_line' id='line_1_83' title="bbox 2039 1953 3718 2030; baseline 0.005 -25"><span class='ocrx_word' id='word_1_679' title='bbox 2039 1953 2212 2021; x_wconf 82' lang='grc' dir='ltr'><strong>μακόν</strong></span> <span class='ocrx_word' id='word_1_680' title='bbox 2232 1954 2382 2007; x_wconf 75' lang='grc' dir='ltr'><strong>ἐστιν</strong></span> <span class='ocrx_word' id='word_1_681' title='bbox 2406 1955 2645 2025; x_wconf 78' lang='grc' dir='ltr'><strong>ἄριστον,</strong></span> <span class='ocrx_word' id='word_1_682' title='bbox 2670 1957 2799 2009; x_wconf 86' lang='grc' dir='ltr'><strong>ὅταν</strong></span> <span class='ocrx_word' id='word_1_683' title='bbox 2836 1956 2934 2027; x_wconf 82' lang='grc' dir='ltr'><strong>τὴν</strong></span> <span class='ocrx_word' id='word_1_684' title='bbox 2969 1958 3313 2030; x_wconf 85' lang='grc' dir='ltr'><strong>συμμετρίαν</strong></span> <span class='ocrx_word' id='word_1_685' title='bbox 3345 1958 3443 2030; x_wconf 79' lang='grc' dir='ltr'><strong>ἔχῃ</strong></span> <span class='ocrx_word' id='word_1_686' title='bbox 3463 1958 3718 2030; x_wconf 83' lang='grc' dir='ltr'><strong>ἀρίστην.</strong></span> 
     </span>
    </p>
   </div>
   <div class='ocr_carea' id='block_1_84' title="bbox 2036 2040 3725 2118">
    <p class='ocr_par' dir='ltr' id='par_1_84' title="bbox 2036 2040 3725 2118">
     <span class='ocr_line' id='line_1_84' title="bbox 2036 2040 3725 2118; baseline 0.004 -25"><span class='ocrx_word' id='word_1_687' title='bbox 2036 2040 2207 2094; x_wconf 88' lang='grc' dir='ltr'><strong>Τοῦτο</strong></span> <span class='ocrx_word' id='word_1_688' title='bbox 2236 2042 2330 2095; x_wconf 77' lang='grc' dir='ltr'><strong>καὶ</strong></span> <span class='ocrx_word' id='word_1_689' title='bbox 2361 2041 2498 2112; x_wconf 85' lang='grc' dir='ltr'><strong>πρὸς</strong></span> <span class='ocrx_word' id='word_1_690' title='bbox 2532 2044 2657 2107; x_wconf 67' lang='grc' dir='ltr'><strong>τοὺς</strong></span> <span class='ocrx_word' id='word_1_691' title='bbox 2691 2046 3001 2115; x_wconf 79' lang='grc' dir='ltr'><strong>αίρετικοὺς</strong></span> <span class='ocrx_word' id='word_1_692' title='bbox 3041 2048 3174 2117; x_wconf 72' lang='grc' dir='ltr'><strong>ημῖν</strong></span> <span class='ocrx_word' id='word_1_693' title='bbox 3219 2048 3491 2118; x_wconf 87' lang='grc' dir='ltr'><strong>χρήσιμον</strong></span> <span class='ocrx_word' id='word_1_694' title='bbox 3522 2047 3583 2101; x_wconf 84' lang='grc' dir='ltr'><strong>τὸ</strong></span> <span class='ocrx_word' id='word_1_695' title='bbox 3610 2066 3725 2118; x_wconf 81' lang='grc' dir='ltr'><strong>χω·-</strong></span> 
     </span>
    </p>
   </div>
   <div class='ocr_carea' id='block_1_85' title="bbox 2040 2129 3723 2205">
    <p class='ocr_par' dir='ltr' id='par_1_85' title="bbox 2040 2129 3723 2205">
     <span class='ocr_line' id='line_1_85' title="bbox 2040 2129 3723 2205; baseline 0.004 -24"><span class='ocrx_word' id='word_1_696' title='bbox 2040 2130 2175 2199; x_wconf 89' lang='grc' dir='ltr'><strong>ρίον,</strong></span> <span class='ocrx_word' id='word_1_697' title='bbox 2209 2130 2335 2193; x_wconf 86' lang='grc' dir='ltr'><strong>τοὺς</strong></span> <span class='ocrx_word' id='word_1_698' title='bbox 2362 2129 2745 2196; x_wconf 89' lang='grc' dir='ltr'><strong>διαϐάλλοντας</strong></span> <span class='ocrx_word' id='word_1_699' title='bbox 2776 2131 2872 2184; x_wconf 90' lang='grc' dir='ltr'><strong>τοῦ</strong></span> <span class='ocrx_word' id='word_1_700' title='bbox 2904 2132 3040 2185; x_wconf 90' lang='grc' dir='ltr'><strong>Θεοῦ</strong></span> <span class='ocrx_word' id='word_1_701' title='bbox 3069 2134 3168 2205; x_wconf 82' lang='grc' dir='ltr'><strong>τὴν</strong></span> <span class='ocrx_word' id='word_1_702' title='bbox 3196 2136 3373 2188; x_wconf 88' lang='grc' dir='ltr'><strong>κτίσιν</strong></span> <span class='ocrx_word' id='word_1_703' title='bbox 3392 2153 3406 2165; x_wconf 91' lang='grc'><strong>·</strong></span> <span class='ocrx_word' id='word_1_704' title='bbox 3437 2136 3486 2188; x_wconf 84' lang='grc' dir='ltr'><strong>εί</strong></span> <span class='ocrx_word' id='word_1_705' title='bbox 3513 2134 3623 2205; x_wconf 83' lang='grc' dir='ltr'><strong>γάρ</strong></span> <span class='ocrx_word' id='word_1_706' title='bbox 3650 2131 3723 2204; x_wconf 80' lang='grc' dir='ltr'><strong>ἦν</strong></span> 
     </span>
    </p>
   </div>
   <div class='ocr_carea' id='block_1_86' title="bbox 2036 2215 3725 2289">
    <p class='ocr_par' dir='ltr' id='par_1_86' title="bbox 2036 2215 3725 2289">
     <span class='ocr_line' id='line_1_86' title="bbox 2036 2215 3725 2289; baseline 0.005 -22"><span class='ocrx_word' id='word_1_707' title='bbox 2036 2215 2145 2267; x_wconf 89' lang='grc' dir='ltr'><strong>τῶν</strong></span> <span class='ocrx_word' id='word_1_708' title='bbox 2174 2215 2594 2288; x_wconf 86' lang='grc' dir='ltr'><strong>κεκωλυμένων,</strong></span> <span class='ocrx_word' id='word_1_709' title='bbox 2633 2219 2736 2271; x_wconf 93' lang='grc' dir='ltr'><strong>οὑκ</strong></span> <span class='ocrx_word' id='word_1_710' title='bbox 2763 2218 2829 2272; x_wconf 82' lang='grc' dir='ltr'><strong>ἀν</strong></span> <span class='ocrx_word' id='word_1_711' title='bbox 2863 2220 3161 2289; x_wconf 76' lang='grc' dir='ltr'><strong>ἐπέτρεψεν</strong></span> <span class='ocrx_word' id='word_1_712' title='bbox 3199 2223 3229 2274; x_wconf 90' lang='lat'><strong>6</strong></span> <span class='ocrx_word' id='word_1_713' title='bbox 3250 2220 3484 2287; x_wconf 80' lang='grc' dir='ltr'>Παῦλος,</span> <span class='ocrx_word' id='word_1_714' title='bbox 3517 2222 3617 2274; x_wconf 88' lang='grc' dir='ltr'><strong>οὑκ</strong></span> <span class='ocrx_word' id='word_1_715' title='bbox 3650 2220 3725 2275; x_wconf 82' lang='grc' dir='ltr'><strong>ἂν</strong></span> 
     </span>
    </p>
   </div>
   <div class='ocr_carea' id='block_1_87' title="bbox 2039 2298 3727 2380">
    <p class='ocr_par' dir='ltr' id='par_1_87' title="bbox 2039 2298 3727 2380">
     <span class='ocr_line' id='line_1_87' title="bbox 2039 2298 3727 2380; baseline 0.005 -27"><span class='ocrx_word' id='word_1_716' title='bbox 2039 2298 2189 2355; x_wconf 81' lang='grc' dir='ltr'><strong>εἷπεν</strong></span> <span class='ocrx_word' id='word_1_717' title='bbox 2217 2302 2347 2373; x_wconf 75' lang='grc' dir='ltr'><strong>οἴνῳ</strong></span> <span class='ocrx_word' id='word_1_718' title='bbox 2377 2304 2789 2375; x_wconf 85' lang='grc' dir='ltr'><strong>κεχρῆσθαι.οὑ</strong></span> <span class='ocrx_word' id='word_1_719' title='bbox 2814 2307 2948 2378; x_wconf 86' lang='grc' dir='ltr'>πρὸς</span> <span class='ocrx_word' id='word_1_720' title='bbox 2967 2310 3277 2380; x_wconf 83' lang='grc' dir='ltr'><strong>αίρετικοὺς</strong></span> <span class='ocrx_word' id='word_1_721' title='bbox 3301 2308 3357 2361; x_wconf 87' lang='grc' dir='ltr'><strong>δὲ</strong></span> <span class='ocrx_word' id='word_1_722' title='bbox 3385 2310 3565 2379; x_wconf 90' lang='grc' dir='ltr'><strong>μόνον,</strong></span> <span class='ocrx_word' id='word_1_723' title='bbox 3584 2306 3727 2362; x_wconf 78' lang='grc' dir='ltr'><strong>ἀλλὰ</strong></span> 
     </span>
    </p>
   </div>
   <div class='ocr_carea' id='block_1_88' title="bbox 2039 2390 3725 2466">
    <p class='ocr_par' dir='ltr' id='par_1_88' title="bbox 2039 2390 3725 2466">
     <span class='ocr_line' id='line_1_88' title="bbox 2039 2390 3725 2466; baseline 0.005 -24"><span class='ocrx_word' id='word_1_724' title='bbox 2039 2390 2135 2442; x_wconf 75' lang='grc' dir='ltr'><strong>καὶ</strong></span> <span class='ocrx_word' id='word_1_725' title='bbox 2164 2391 2300 2461; x_wconf 81' lang='grc' dir='ltr'><strong>πρὸς</strong></span> <span class='ocrx_word' id='word_1_726' title='bbox 2333 2392 2458 2455; x_wconf 78' lang='grc' dir='ltr'><strong>τοῦς</strong></span> <span class='ocrx_word' id='word_1_727' title='bbox 2485 2393 2879 2465; x_wconf 80' lang='grc' dir='ltr'><strong>ἀφελεστέρους</strong></span> <span class='ocrx_word' id='word_1_728' title='bbox 2908 2394 3019 2447; x_wconf 90' lang='grc' dir='ltr'><strong>τῶν</strong></span> <span class='ocrx_word' id='word_1_729' title='bbox 3052 2397 3340 2466; x_wconf 73' lang='grc' dir='ltr'><strong>ἡμετέρων</strong></span> <span class='ocrx_word' id='word_1_730' title='bbox 3366 2396 3633 2465; x_wconf 82' lang='grc' dir='ltr'>ἀδελφῶν,</span> <span class='ocrx_word' id='word_1_731' title='bbox 3669 2398 3725 2451; x_wconf 84' lang='grc' dir='ltr'><strong>οἳ</strong></span> 
     </span>
    </p>
   </div>
   <div class='ocr_carea' id='block_1_89' title="bbox 2038 2477 3729 2554">
    <p class='ocr_par' dir='ltr' id='par_1_89' title="bbox 2038 2477 3729 2554">
     <span class='ocr_line' id='line_1_89' title="bbox 2038 2477 3729 2554; baseline 0.005 -25"><span class='ocrx_word' id='word_1_732' title='bbox 2038 2477 2177 2531; x_wconf 81' lang='grc' dir='ltr'><strong>ὲπάν</strong></span> <span class='ocrx_word' id='word_1_733' title='bbox 2207 2478 2357 2532; x_wconf 78' lang='grc' dir='ltr'><strong>ἴδωσί</strong></span> <span class='ocrx_word' id='word_1_734' title='bbox 2389 2496 2541 2544; x_wconf 90' lang='grc' dir='ltr'>τινας</span> <span class='ocrx_word' id='word_1_735' title='bbox 2587 2479 2692 2533; x_wconf 80' lang='grc' dir='ltr'><strong>ὑπὸ</strong></span> <span class='ocrx_word' id='word_1_736' title='bbox 2725 2480 2935 2552; x_wconf 70' lang='grc' dir='ltr'><strong>μέθης⁸</strong></span> <span class='ocrx_word' id='word_1_737' title='bbox 2985 2483 3450 2554; x_wconf 79' lang='grc' dir='ltr'><strong>ἀσχημονοῦντας,</strong></span> <span class='ocrx_word' id='word_1_738' title='bbox 3490 2484 3729 2552; x_wconf 80' lang='grc' dir='ltr'><strong>ἀφέντες</strong></span> 
     </span>
    </p>
   </div>
   <div class='ocr_carea' id='block_1_90' title="bbox 2040 2563 3728 2642">
    <p class='ocr_par' dir='ltr' id='par_1_90' title="bbox 2040 2563 3728 2642">
     <span class='ocr_line' id='line_1_90' title="bbox 2040 2563 3728 2642; baseline 0.004 -25"><span class='ocrx_word' id='word_1_739' title='bbox 2040 2563 2287 2628; x_wconf 78' lang='grc' dir='ltr'><strong>κακίζειν</strong></span> <span class='ocrx_word' id='word_1_740' title='bbox 2331 2567 2604 2631; x_wconf 72' lang='grc' dir='ltr'><strong>ἐκείνους,</strong></span> <span class='ocrx_word' id='word_1_741' title='bbox 2638 2568 2731 2620; x_wconf 77' lang='grc' dir='ltr'><strong>τὸν</strong></span> <span class='ocrx_word' id='word_1_742' title='bbox 2775 2567 2928 2639; x_wconf 86' lang='grc' dir='ltr'><strong>παρά</strong></span> <span class='ocrx_word' id='word_1_743' title='bbox 2968 2569 3062 2621; x_wconf 90' lang='grc' dir='ltr'><strong>τοῦ</strong></span> <span class='ocrx_word' id='word_1_744' title='bbox 3089 2569 3225 2623; x_wconf 86' lang='grc' dir='ltr'><strong>Θεοῦ</strong></span> <span class='ocrx_word' id='word_1_745' title='bbox 3254 2569 3479 2623; x_wconf 87' lang='grc' dir='ltr'><strong>δοθέντα</strong></span> <span class='ocrx_word' id='word_1_746' title='bbox 3509 2572 3728 2642; x_wconf 74' lang='grc' dir='ltr'><strong>καρπὸν</strong></span> 
     </span>
    </p>
   </div>
   <div class='ocr_carea' id='block_1_91' title="bbox 2039 2650 3729 2726">
    <p class='ocr_par' dir='ltr' id='par_1_91' title="bbox 2039 2650 3729 2726">
     <span class='ocr_line' id='line_1_91' title="bbox 2039 2650 3729 2726; baseline 0.002 -22"><span class='ocrx_word' id='word_1_747' title='bbox 2039 2650 2406 2714; x_wconf 89' lang='grc' dir='ltr'><strong>διαϐάλλουσι,</strong></span> <span class='ocrx_word' id='word_1_748' title='bbox 2455 2654 2723 2721; x_wconf 86' lang='grc' dir='ltr'><strong>λέγοντες,</strong></span> <span class='ocrx_word' id='word_1_749' title='bbox 2755 2655 2844 2724; x_wconf 84' lang='grc' dir='ltr'><strong>Μὴ</strong></span> <span class='ocrx_word' id='word_1_750' title='bbox 2876 2654 3017 2708; x_wconf 69' lang='grc' dir='ltr'>ἔστω</span> <span class='ocrx_word' id='word_1_751' title='bbox 3044 2651 3205 2719; x_wconf 76' lang='grc' dir='ltr'><strong>οἶνος.</strong></span> <span class='ocrx_word' id='word_1_752' title='bbox 3239 2656 3503 2726; x_wconf 86' lang='grc' dir='ltr'><strong>Δέγωμεν</strong></span> <span class='ocrx_word' id='word_1_753' title='bbox 3540 2653 3729 2707; x_wconf 86' lang='grc' dir='ltr'><strong>τοίνυν</strong></span> 
     </span>
    </p>
   </div>
   <div class='ocr_carea' id='block_1_92' title="bbox 2040 2738 3726 2814">
    <p class='ocr_par' dir='ltr' id='par_1_92' title="bbox 2040 2738 3726 2814">
     <span class='ocr_line' id='line_1_92' title="bbox 2040 2738 3726 2814; baseline 0.002 -24"><span class='ocrx_word' id='word_1_754' title='bbox 2040 2739 2176 2809; x_wconf 81' lang='grc' dir='ltr'>πρὸς</span> <span class='ocrx_word' id='word_1_755' title='bbox 2223 2738 2439 2803; x_wconf 79' lang='grc' dir='ltr'><strong>αὑτοὺς,</strong></span> <span class='ocrx_word' id='word_1_756' title='bbox 2496 2741 2585 2811; x_wconf 81' lang='grc' dir='ltr'><strong>Μὴ</strong></span> <span class='ocrx_word' id='word_1_757' title='bbox 2628 2740 2769 2793; x_wconf 71' lang='grc' dir='ltr'><strong>ἔστω</strong></span> <span class='ocrx_word' id='word_1_758' title='bbox 2810 2740 2947 2811; x_wconf 86' lang='grc' dir='ltr'><strong>μέθη</strong></span> <span class='ocrx_word' id='word_1_759' title='bbox 2974 2758 2989 2772; x_wconf 74' lang='grc' dir='ltr'><strong><em>ο</em></strong></span> <span class='ocrx_word' id='word_1_760' title='bbox 3040 2739 3181 2806; x_wconf 79' lang='grc' dir='ltr'><strong>οἶνος</strong></span> <span class='ocrx_word' id='word_1_761' title='bbox 3210 2743 3320 2814; x_wconf 86' lang='grc' dir='ltr'><strong>γάρ</strong></span> <span class='ocrx_word' id='word_1_762' title='bbox 3353 2742 3514 2810; x_wconf 73' lang='grc' dir='ltr'><strong>ἔργον</strong></span> <span class='ocrx_word' id='word_1_763' title='bbox 3558 2739 3726 2805; x_wconf 85' lang='grc' dir='ltr'><strong>Θεοῦ,</strong></span> 
     </span>
    </p>
   </div>
   <div class='ocr_carea' id='block_1_93' title="bbox 2044 2824 3728 2899">
    <p class='ocr_par' dir='ltr' id='par_1_93' title="bbox 2044 2824 3728 2899">
     <span class='ocr_line' id='line_1_93' title="bbox 2044 2824 3728 2899; baseline 0.002 -23"><span class='ocrx_word' id='word_1_764' title='bbox 2044 2824 2182 2895; x_wconf 84' lang='grc' dir='ltr'><strong>μέθη</strong></span> <span class='ocrx_word' id='word_1_765' title='bbox 2203 2825 2260 2878; x_wconf 81' lang='grc' dir='ltr'><strong>δὲ</strong></span> <span class='ocrx_word' id='word_1_766' title='bbox 2283 2825 2444 2896; x_wconf 79' lang='grc' dir='ltr'><strong>ἔργον</strong></span> <span class='ocrx_word' id='word_1_767' title='bbox 2461 2825 2711 2880; x_wconf 89' lang='grc' dir='ltr'><strong>διαϐόλου</strong></span> <span class='ocrx_word' id='word_1_768' title='bbox 2729 2844 2743 2856; x_wconf 85' lang='grc'><strong>·</strong></span> <span class='ocrx_word' id='word_1_769' title='bbox 2768 2830 2866 2898; x_wconf 84' lang='grc' dir='ltr'><strong>οὑχ</strong></span> <span class='ocrx_word' id='word_1_770' title='bbox 2886 2831 2914 2880; x_wconf 89' lang='grc' dir='ltr'>ό</span> <span class='ocrx_word' id='word_1_771' title='bbox 2938 2824 3080 2891; x_wconf 78' lang='grc' dir='ltr'><strong>οἶνος</strong></span> <span class='ocrx_word' id='word_1_772' title='bbox 3106 2829 3369 2899; x_wconf 83' lang='grc' dir='ltr'><strong>ποιεῖτὴν</strong></span> <span class='ocrx_word' id='word_1_773' title='bbox 3391 2826 3582 2899; x_wconf 82' lang='grc' dir='ltr'><strong>μέθην,</strong></span> <span class='ocrx_word' id='word_1_774' title='bbox 3604 2826 3728 2879; x_wconf 81' lang='grc' dir='ltr'><strong>ἀλλ’</strong></span> 
     </span>
    </p>
   </div>
   <div class='ocr_carea' id='block_1_94' title="bbox 2040 2914 3732 2986">
    <p class='ocr_par' dir='ltr' id='par_1_94' title="bbox 2040 2914 3732 2986">
     <span class='ocr_line' id='line_1_94' title="bbox 2040 2914 3732 2986; baseline 0.001 -22"><span class='ocrx_word' id='word_1_775' title='bbox 2040 2914 2072 2982; x_wconf 85' lang='grc' dir='ltr'>ή</span> <span class='ocrx_word' id='word_1_776' title='bbox 2111 2914 2320 2966; x_wconf 84' lang='grc' dir='ltr'><strong>ἀσωτία</strong></span> <span class='ocrx_word' id='word_1_777' title='bbox 2346 2915 2611 2985; x_wconf 82' lang='grc' dir='ltr'><strong>ποιεῖτὴν</strong></span> <span class='ocrx_word' id='word_1_778' title='bbox 2644 2914 2848 2984; x_wconf 74' lang='grc' dir='ltr'><strong>μέθηνο</strong></span> <span class='ocrx_word' id='word_1_779' title='bbox 2879 2914 2954 2986; x_wconf 83' lang='grc' dir='ltr'><strong>μὴ</strong></span> <span class='ocrx_word' id='word_1_780' title='bbox 2982 2915 3235 2970; x_wconf 87' lang='grc' dir='ltr'><strong>διάϐαλλε</strong></span> <span class='ocrx_word' id='word_1_781' title='bbox 3263 2916 3355 2969; x_wconf 90' lang='grc' dir='ltr'><strong>τοῦ</strong></span> <span class='ocrx_word' id='word_1_782' title='bbox 3386 2915 3522 2968; x_wconf 84' lang='grc' dir='ltr'><strong>Θεοῦ</strong></span> <span class='ocrx_word' id='word_1_783' title='bbox 3543 2915 3602 2966; x_wconf 76' lang='grc' dir='ltr'><strong>τὸ</strong></span> <span class='ocrx_word' id='word_1_784' title='bbox 3627 2915 3732 2985; x_wconf 78' lang='grc' dir='ltr'><strong>δη·-</strong></span> 
     </span>
    </p>
   </div>
   <div class='ocr_carea' id='block_1_95' title="bbox 2045 3001 3726 3074">
    <p class='ocr_par' dir='ltr' id='par_1_95' title="bbox 2045 3001 3726 3074">
     <span class='ocr_line' id='line_1_95' title="bbox 2045 3001 3726 3074; baseline 0.003 -22"><span class='ocrx_word' id='word_1_785' title='bbox 2045 3002 2384 3072; x_wconf 87' lang='grc' dir='ltr'><strong>μιούργημα,</strong></span> <span class='ocrx_word' id='word_1_786' title='bbox 2417 3001 2554 3055; x_wconf 88' lang='grc' dir='ltr'><strong>ἀλλά</strong></span> <span class='ocrx_word' id='word_1_787' title='bbox 2594 3003 2894 3074; x_wconf 84' lang='grc' dir='ltr'><strong>κατηγόρει</strong></span> <span class='ocrx_word' id='word_1_788' title='bbox 2931 3004 3032 3072; x_wconf 80' lang='grc' dir='ltr'><strong>τῆς</strong></span> <span class='ocrx_word' id='word_1_789' title='bbox 3062 3003 3156 3056; x_wconf 89' lang='grc' dir='ltr'><strong>τοῦ</strong></span> <span class='ocrx_word' id='word_1_790' title='bbox 3193 3003 3477 3057; x_wconf 89' lang='grc' dir='ltr'>συνδούλου</span> <span class='ocrx_word' id='word_1_791' title='bbox 3504 3002 3726 3073; x_wconf 83' lang='grc' dir='ltr'><strong>μανίας.</strong></span> 
     </span>
    </p>
   </div>
   <div class='ocr_carea' id='block_1_96' title="bbox 2042 3088 3728 3164">
    <p class='ocr_par' dir='ltr' id='par_1_96' title="bbox 2042 3088 3728 3164">
     <span class='ocr_line' id='line_1_96' title="bbox 2042 3088 3728 3164; baseline 0.001 -23"><span class='ocrx_word' id='word_1_792' title='bbox 2042 3089 2113 3142; x_wconf 82' lang='grc' dir='ltr'>Σὺ</span> <span class='ocrx_word' id='word_1_793' title='bbox 2133 3088 2192 3141; x_wconf 85' lang='grc' dir='ltr'><strong>δὲ</strong></span> <span class='ocrx_word' id='word_1_794' title='bbox 2218 3090 2380 3157; x_wconf 77' lang='grc' dir='ltr'><strong>ἀφεὶς</strong></span> <span class='ocrx_word' id='word_1_795' title='bbox 2410 3089 2502 3143; x_wconf 88' lang='grc' dir='ltr'><strong>τὸν</strong></span> <span class='ocrx_word' id='word_1_796' title='bbox 2524 3090 2911 3161; x_wconf 83' lang='grc' dir='ltr'><strong>ἁμαρτάνοντα</strong></span> <span class='ocrx_word' id='word_1_797' title='bbox 2944 3090 3193 3156; x_wconf 78' lang='grc' dir='ltr'><strong>κολάζειν</strong></span> <span class='ocrx_word' id='word_1_798' title='bbox 3223 3092 3322 3145; x_wconf 77' lang='grc' dir='ltr'><strong>καὶ</strong></span> <span class='ocrx_word' id='word_1_799' title='bbox 3355 3089 3728 3164; x_wconf 84' lang='grc' dir='ltr'>διορθοῦσθαι,</span> 
     </span>
    </p>
   </div>
   <div class='ocr_carea' id='block_1_97' title="bbox 2041 3175 2869 3249">
    <p class='ocr_par' dir='ltr' id='par_1_97' title="bbox 2041 3175 2869 3249">
     <span class='ocr_line' id='line_1_97' title="bbox 2041 3175 2869 3249; baseline 0.005 -21"><span class='ocrx_word' id='word_1_800' title='bbox 2041 3175 2134 3228; x_wconf 84' lang='grc' dir='ltr'><strong>τὸν</strong></span> <span class='ocrx_word' id='word_1_801' title='bbox 2164 3175 2556 3249; x_wconf 80' lang='grc' dir='ltr'><strong>εὐεργετοῦντα</strong></span> <span class='ocrx_word' id='word_1_802' title='bbox 2594 3176 2869 3249; x_wconf 79' lang='grc' dir='ltr'><strong>ὑϐρίζεις;</strong></span> 
     </span>
    </p>
   </div>
   <div class='ocr_carea' id='block_1_98' title="bbox 2110 3263 3731 3335">
    <p class='ocr_par' dir='ltr' id='par_1_98' title="bbox 2110 3263 3731 3335">
     <span class='ocr_line' id='line_1_98' title="bbox 2110 3263 3731 3335; baseline 0.002 -22"><span class='ocrx_word' id='word_1_803' title='bbox 2110 3269 2171 3315; x_wconf 83' lang='grc' dir='ltr'><strong>ε’.</strong></span> <span class='ocrx_word' id='word_1_804' title='bbox 2205 3263 2370 3315; x_wconf 77' lang='grc' dir='ltr'><strong>Ὅταν</strong></span> <span class='ocrx_word' id='word_1_805' title='bbox 2390 3263 2566 3316; x_wconf 90' lang='grc' dir='ltr'><strong>τοίνυν</strong></span> <span class='ocrx_word' id='word_1_806' title='bbox 2586 3263 2908 3335; x_wconf 86' lang='grc' dir='ltr'><strong>ἀκούσωμέν</strong></span> <span class='ocrx_word' id='word_1_807' title='bbox 2938 3281 3098 3319; x_wconf 84' lang='grc' dir='ltr'><strong>τινων</strong></span> <span class='ocrx_word' id='word_1_808' title='bbox 3111 3264 3280 3319; x_wconf 86' lang='grc' dir='ltr'><strong>ταῦτα</strong></span> <span class='ocrx_word' id='word_1_809' title='bbox 3299 3264 3584 3333; x_wconf 85' lang='grc' dir='ltr'><strong>λεγόντων,</strong></span> <span class='ocrx_word' id='word_1_810' title='bbox 3600 3266 3731 3319; x_wconf 72' lang='grc' dir='ltr'>ἑπι-</span> 
     </span>
    </p>
   </div>
   <div class='ocr_carea' id='block_1_99' title="bbox 2046 3349 3734 3424">
    <p class='ocr_par' dir='ltr' id='par_1_99' title="bbox 2046 3349 3734 3424">
     <span class='ocr_line' id='line_1_99' title="bbox 2046 3349 3734 3424; baseline 0.003 -24"><span class='ocrx_word' id='word_1_811' title='bbox 2046 3349 2390 3420; x_wconf 78' lang='grc' dir='ltr'><strong>στομίζωμεν</strong></span> <span class='ocrx_word' id='word_1_812' title='bbox 2419 3350 2614 3415; x_wconf 85' lang='grc' dir='ltr'><strong>αὑτούς</strong></span> <span class='ocrx_word' id='word_1_813' title='bbox 2637 3353 2662 3391; x_wconf 75' lang='grc' dir='ltr'><strong>ιι</strong></span> <span class='ocrx_word' id='word_1_814' title='bbox 2686 3369 2701 3383; x_wconf 67' lang='grc' dir='ltr'>ι</span> <span class='ocrx_word' id='word_1_815' title='bbox 2749 3353 2811 3405; x_wconf 88' lang='grc' dir='ltr'><strong>οὑ</strong></span> <span class='ocrx_word' id='word_1_816' title='bbox 2839 3351 2949 3422; x_wconf 80' lang='grc' dir='ltr'><strong>γὰρ</strong></span> <span class='ocrx_word' id='word_1_817' title='bbox 2974 3354 3006 3423; x_wconf 81' lang='grc' dir='ltr'>ἡ</span> <span class='ocrx_word' id='word_1_818' title='bbox 3034 3352 3251 3424; x_wconf 80' lang='grc' dir='ltr'><strong>χρῆσις,</strong></span> <span class='ocrx_word' id='word_1_819' title='bbox 3282 3352 3399 3405; x_wconf 75' lang='grc' dir='ltr'><strong>ἀλλ’</strong></span> <span class='ocrx_word' id='word_1_820' title='bbox 3428 3355 3460 3424; x_wconf 82' lang='grc' dir='ltr'>ἡ</span> <span class='ocrx_word' id='word_1_821' title='bbox 3488 3351 3734 3423; x_wconf 77' lang='grc' dir='ltr'><strong>ἀμετρία</strong></span> 
     </span>
    </p>
   </div>
   <div class='ocr_carea' id='block_1_100' title="bbox 2040 3434 3727 3510">
    <p class='ocr_par' dir='ltr' id='par_1_100' title="bbox 2040 3434 3727 3510">
     <span class='ocr_line' id='line_1_100' title="bbox 2040 3434 3727 3510; baseline 0.005 -23"><span class='ocrx_word' id='word_1_822' title='bbox 2040 3434 2141 3506; x_wconf 85' lang='grc' dir='ltr'><strong>τὴν</strong></span> <span class='ocrx_word' id='word_1_823' title='bbox 2184 3436 2357 3507; x_wconf 85' lang='grc' dir='ltr'><strong>μέθην</strong></span> <span class='ocrx_word' id='word_1_824' title='bbox 2397 3440 2570 3501; x_wconf 85' lang='grc' dir='ltr'>ποιεῖ,</span> <span class='ocrx_word' id='word_1_825' title='bbox 2621 3437 2814 3509; x_wconf 83' lang='grc' dir='ltr'><strong>μέθην,</strong></span> <span class='ocrx_word' id='word_1_826' title='bbox 2857 3440 2958 3510; x_wconf 78' lang='grc' dir='ltr'><strong>τὴν</strong></span> <span class='ocrx_word' id='word_1_827' title='bbox 3011 3440 3198 3493; x_wconf 86' lang='grc' dir='ltr'><strong>κακῶν</strong></span> <span class='ocrx_word' id='word_1_828' title='bbox 3241 3439 3399 3510; x_wconf 77' lang='grc' dir='ltr'><strong>ῥίζαν</strong></span> <span class='ocrx_word' id='word_1_829' title='bbox 3446 3440 3727 3495; x_wconf 83' lang='grc' dir='ltr'><strong>ἁπάντων.</strong></span> 
     </span>
    </p>
   </div>
   <div class='ocr_carea' id='block_1_101' title="bbox 2045 3520 3735 3599">
    <p class='ocr_par' dir='ltr' id='par_1_101' title="bbox 2045 3520 3735 3599">
     <span class='ocr_line' id='line_1_101' title="bbox 2045 3520 3735 3599; baseline 0.002 -24"><span class='ocrx_word' id='word_1_830' title='bbox 2045 3520 2199 3586; x_wconf 78' lang='grc' dir='ltr'>Οἶνος</span> <span class='ocrx_word' id='word_1_831' title='bbox 2230 3522 2408 3595; x_wconf 86' lang='grc' dir='ltr'>ὲδόθη,</span> <span class='ocrx_word' id='word_1_832' title='bbox 2451 3524 2538 3577; x_wconf 83' lang='grc' dir='ltr'><strong>ἵνα</strong></span> <span class='ocrx_word' id='word_1_833' title='bbox 2586 3526 2839 3597; x_wconf 86' lang='grc' dir='ltr'><strong>σώματος</strong></span> <span class='ocrx_word' id='word_1_834' title='bbox 2877 3526 3162 3581; x_wconf 87' lang='grc' dir='ltr'><strong>ἀσθένειαν</strong></span> <span class='ocrx_word' id='word_1_835' title='bbox 3209 3526 3592 3598; x_wconf 85' lang='grc' dir='ltr'><strong>διορθῶσηται,</strong></span> <span class='ocrx_word' id='word_1_836' title='bbox 3628 3527 3735 3599; x_wconf 82' lang='grc' dir='ltr'><strong>οὑχ</strong></span> 
     </span>
    </p>
   </div>
   <div class='ocr_carea' id='block_1_102' title="bbox 2045 3610 3730 3688">
    <p class='ocr_par' dir='ltr' id='par_1_102' title="bbox 2045 3610 3730 3688">
     <span class='ocr_line' id='line_1_102' title="bbox 2045 3610 3730 3688; baseline 0.002 -25"><span class='ocrx_word' id='word_1_837' title='bbox 2045 3611 2134 3664; x_wconf 81' lang='grc' dir='ltr'><strong>ἵνα</strong></span> <span class='ocrx_word' id='word_1_838' title='bbox 2165 3610 2346 3682; x_wconf 78' lang='grc' dir='ltr'><strong>ψυχῆς</strong></span> <span class='ocrx_word' id='word_1_839' title='bbox 2374 3613 2526 3682; x_wconf 75' lang='grc' dir='ltr'><strong>ἰσχὺν</strong></span> <span class='ocrx_word' id='word_1_840' title='bbox 2542 3614 2845 3688; x_wconf 79' lang='grc' dir='ltr'><strong>καταϐάλῃ,</strong></span> <span class='ocrx_word' id='word_1_841' title='bbox 2866 3615 2954 3668; x_wconf 84' lang='grc' dir='ltr'><strong>ἵνα</strong></span> <span class='ocrx_word' id='word_1_842' title='bbox 2976 3617 3176 3687; x_wconf 84' lang='grc' dir='ltr'>σαρκὸς</span> <span class='ocrx_word' id='word_1_843' title='bbox 3196 3615 3508 3687; x_wconf 77' lang='grc' dir='ltr'><strong>ἀρρωστίαν</strong></span> <span class='ocrx_word' id='word_1_844' title='bbox 3536 3614 3730 3685; x_wconf 80' lang='grc' dir='ltr'><strong>ἀνέλῃ,</strong></span> 
     </span>
    </p>
   </div>
   <div class='ocr_carea' id='block_1_103' title="bbox 2045 3698 3733 3773">
    <p class='ocr_par' dir='ltr' id='par_1_103' title="bbox 2045 3698 3733 3773">
     <span class='ocr_line' id='line_1_103' title="bbox 2045 3698 3733 3773; baseline 0.002 -23"><span class='ocrx_word' id='word_1_845' title='bbox 2045 3698 2143 3768; x_wconf 88' lang='grc' dir='ltr'><strong>οὑχ</strong></span> <span class='ocrx_word' id='word_1_846' title='bbox 2178 3698 2263 3751; x_wconf 80' lang='grc' dir='ltr'><strong>ἵνα</strong></span> <span class='ocrx_word' id='word_1_847' title='bbox 2295 3698 2473 3769; x_wconf 81' lang='grc' dir='ltr'><strong>ψυχῆς</strong></span> <span class='ocrx_word' id='word_1_848' title='bbox 2507 3700 2697 3767; x_wconf 84' lang='grc' dir='ltr'><strong>ὑγείαν</strong></span> <span class='ocrx_word' id='word_1_849' title='bbox 2729 3701 3078 3773; x_wconf 89' lang='grc' dir='ltr'><strong>λυμαίνηται.</strong></span> <span class='ocrx_word' id='word_1_850' title='bbox 3124 3702 3216 3773; x_wconf 84' lang='grc' dir='ltr'><strong>Μὴ</strong></span> <span class='ocrx_word' id='word_1_851' title='bbox 3252 3703 3431 3755; x_wconf 88' lang='grc' dir='ltr'><strong>τοίνυν</strong></span> <span class='ocrx_word' id='word_1_852' title='bbox 3471 3702 3733 3773; x_wconf 84' lang='grc' dir='ltr'><strong>ἀμέτρως</strong></span> 
     </span>
    </p>
   </div>
   <div class='ocr_carea' id='block_1_104' title="bbox 2046 3784 3733 3860">
    <p class='ocr_par' dir='ltr' id='par_1_104' title="bbox 2046 3784 3733 3860">
     <span class='ocr_line' id='line_1_104' title="bbox 2046 3784 3733 3860; baseline 0.003 -24"><span class='ocrx_word' id='word_1_853' title='bbox 2046 3784 2385 3856; x_wconf 85' lang='grc' dir='ltr'><strong>κεχρημένος</strong></span> <span class='ocrx_word' id='word_1_854' title='bbox 2404 3787 2471 3857; x_wconf 77' lang='grc' dir='ltr'><strong>τῇ</strong></span> <span class='ocrx_word' id='word_1_855' title='bbox 2488 3786 2582 3839; x_wconf 91' lang='grc' dir='ltr'><strong>τοῦ</strong></span> <span class='ocrx_word' id='word_1_856' title='bbox 2614 3786 2748 3840; x_wconf 90' lang='grc' dir='ltr'><strong>Θεοῦ</strong></span> <span class='ocrx_word' id='word_1_857' title='bbox 2772 3788 2950 3860; x_wconf 78' lang='grc' dir='ltr'><strong>δωρεᾷ</strong></span> <span class='ocrx_word' id='word_1_858' title='bbox 2986 3790 3194 3860; x_wconf 83' lang='grc' dir='ltr'><strong>πάρεχε</strong></span> <span class='ocrx_word' id='word_1_859' title='bbox 3227 3789 3399 3853; x_wconf 85' lang='grc' dir='ltr'><strong>λαϐάς</strong></span> <span class='ocrx_word' id='word_1_860' title='bbox 3426 3792 3539 3851; x_wconf 86' lang='grc' dir='ltr'><strong>τοῖς</strong></span> <span class='ocrx_word' id='word_1_861' title='bbox 3564 3788 3733 3858; x_wconf 76' lang='grc' dir='ltr'><strong>ἀνοή-</strong></span> 
     </span>
    </p>
   </div>
   <div class='ocr_carea' id='block_1_105' title="bbox 2045 3873 3735 3948">
    <p class='ocr_par' dir='ltr' id='par_1_105' title="bbox 2045 3873 3735 3948">
     <span class='ocr_line' id='line_1_105' title="bbox 2045 3873 3735 3948; baseline 0.003 -24"><span class='ocrx_word' id='word_1_862' title='bbox 2045 3889 2159 3936; x_wconf 89' lang='grc' dir='ltr'><strong>τοις</strong></span> <span class='ocrx_word' id='word_1_863' title='bbox 2181 3873 2276 3927; x_wconf 75' lang='grc' dir='ltr'><strong>καὶ</strong></span> <span class='ocrx_word' id='word_1_864' title='bbox 2299 3873 2703 3946; x_wconf 84' lang='grc' dir='ltr'><strong>ἀναιδεστέροις</strong></span> <span class='ocrx_word' id='word_1_865' title='bbox 2726 3875 2835 3930; x_wconf 90' lang='grc' dir='ltr'><strong>τῶν</strong></span> <span class='ocrx_word' id='word_1_866' title='bbox 2859 3875 3180 3948; x_wconf 86' lang='grc' dir='ltr'><strong>ἀνθρώπων.</strong></span> <span class='ocrx_word' id='word_1_867' title='bbox 3217 3877 3283 3929; x_wconf 89' lang='grc' dir='ltr'><strong>Τί</strong></span> <span class='ocrx_word' id='word_1_868' title='bbox 3310 3878 3420 3948; x_wconf 77' lang='grc' dir='ltr'><strong>γὰρ</strong></span> <span class='ocrx_word' id='word_1_869' title='bbox 3446 3876 3735 3930; x_wconf 75' lang='grc' dir='ltr'><strong>ἐλεεινότεο</strong></span> 
     </span>
    </p>
   </div>
   <div class='ocr_carea' id='block_1_106' title="bbox 2050 3959 3736 4035">
    <p class='ocr_par' dir='ltr' id='par_1_106' title="bbox 2050 3959 3736 4035">
     <span class='ocr_line' id='line_1_106' title="bbox 2050 3959 3736 4035; baseline 0.002 -23"><span class='ocrx_word' id='word_1_870' title='bbox 2050 3976 2140 4031; x_wconf 81' lang='grc' dir='ltr'>ρον</span> <span class='ocrx_word' id='word_1_871' title='bbox 2182 3959 2384 4031; x_wconf 85' lang='grc' dir='ltr'><strong>μέθης;</strong></span> <span class='ocrx_word' id='word_1_872' title='bbox 2417 3960 2609 4032; x_wconf 88' lang='grc' dir='ltr'><strong>νεκρός</strong></span> <span class='ocrx_word' id='word_1_873' title='bbox 2665 3964 2811 4015; x_wconf 77' lang='grc' dir='ltr'><strong>ἐστιν</strong></span> <span class='ocrx_word' id='word_1_874' title='bbox 2856 3962 3099 4034; x_wconf 70' lang='grc' dir='ltr'><strong>ἔμψυχος</strong></span> <span class='ocrx_word' id='word_1_875' title='bbox 3129 3965 3159 4016; x_wconf 92' lang='lat'><strong>6</strong></span> <span class='ocrx_word' id='word_1_876' title='bbox 3206 3963 3422 4035; x_wconf 89' lang='grc' dir='ltr'><strong>μεθύων</strong></span> <span class='ocrx_word' id='word_1_877' title='bbox 3450 3981 3464 3994; x_wconf 74' lang='grc' dir='ltr'><strong>ο</strong></span> <span class='ocrx_word' id='word_1_878' title='bbox 3516 3963 3736 4033; x_wconf 87' lang='grc' dir='ltr'><strong>δαίμων</strong></span> 
     </span>
    </p>
   </div>
   <div class='ocr_carea' id='block_1_107' title="bbox 2047 4047 3734 4123">
    <p class='ocr_par' dir='ltr' id='par_1_107' title="bbox 2047 4047 3734 4123">
     <span class='ocr_line' id='line_1_107' title="bbox 2047 4047 3734 4123; baseline 0.001 -23"><span class='ocrx_word' id='word_1_879' title='bbox 2047 4048 2193 4100; x_wconf 73' lang='grc' dir='ltr'><strong>ἐστὶν</strong></span> <span class='ocrx_word' id='word_1_880' title='bbox 2231 4047 2575 4118; x_wconf 81' lang='grc' dir='ltr'><strong>αὐθαίρετος,</strong></span> <span class='ocrx_word' id='word_1_881' title='bbox 2603 4049 2817 4122; x_wconf 87' lang='grc' dir='ltr'><strong>νόσημα</strong></span> <span class='ocrx_word' id='word_1_882' title='bbox 2854 4050 3186 4123; x_wconf 82' lang='grc' dir='ltr'><strong>συγγνώμην</strong></span> <span class='ocrx_word' id='word_1_883' title='bbox 3215 4052 3314 4105; x_wconf 86' lang='grc' dir='ltr'><strong>οὑκ</strong></span> <span class='ocrx_word' id='word_1_884' title='bbox 3354 4051 3498 4122; x_wconf 72' lang='grc' dir='ltr'><strong>ἔχον,</strong></span> <span class='ocrx_word' id='word_1_885' title='bbox 3525 4049 3734 4120; x_wconf 82' lang='grc' dir='ltr'><strong>πτῶμα</strong></span> 
     </span>
    </p>
   </div>
   <div class='ocr_carea' id='block_1_108' title="bbox 2047 4135 3737 4211">
    <p class='ocr_par' dir='ltr' id='par_1_108' title="bbox 2047 4135 3737 4211">
     <span class='ocr_line' id='line_1_108' title="bbox 2047 4135 3737 4211; baseline 0.001 -22"><span class='ocrx_word' id='word_1_886' title='bbox 2047 4135 2345 4204; x_wconf 86' lang='grc' dir='ltr'><strong>ἀπολογίας</strong></span> <span class='ocrx_word' id='word_1_887' title='bbox 2364 4136 2754 4208; x_wconf 79' lang='grc' dir='ltr'><strong>ἐστερημένον,</strong></span> <span class='ocrx_word' id='word_1_888' title='bbox 2796 4138 2951 4211; x_wconf 87' lang='grc' dir='ltr'><strong>κοινὴ</strong></span> <span class='ocrx_word' id='word_1_889' title='bbox 2979 4139 3073 4192; x_wconf 89' lang='grc' dir='ltr'><strong>τοῦ</strong></span> <span class='ocrx_word' id='word_1_890' title='bbox 3103 4140 3293 4208; x_wconf 81' lang='grc' dir='ltr'><strong>γένους</strong></span> <span class='ocrx_word' id='word_1_891' title='bbox 3316 4138 3471 4211; x_wconf 78' lang='grc' dir='ltr'><strong>ἡμῶν</strong></span> <span class='ocrx_word' id='word_1_892' title='bbox 3492 4140 3737 4208; x_wconf 82' lang='grc' dir='ltr'><strong>ἀσχημο-</strong></span> 
     </span>
    </p>
   </div>
   <div class='ocr_carea' id='block_1_109' title="bbox 2050 4222 3733 4299">
    <p class='ocr_par' dir='ltr' id='par_1_109' title="bbox 2050 4222 3733 4299">
     <span class='ocr_line' id='line_1_109' title="bbox 2050 4222 3733 4299; baseline 0.003 -24"><span class='ocrx_word' id='word_1_893' title='bbox 2050 4222 2205 4294; x_wconf 91' lang='grc' dir='ltr'><strong>σύνη.</strong></span> <span class='ocrx_word' id='word_1_894' title='bbox 2229 4224 2306 4276; x_wconf 87' lang='grc' dir='ltr'><strong>Οὑ</strong></span> <span class='ocrx_word' id='word_1_895' title='bbox 2334 4223 2445 4295; x_wconf 85' lang='grc' dir='ltr'><strong>γὰρ</strong></span> <span class='ocrx_word' id='word_1_896' title='bbox 2474 4226 2532 4278; x_wconf 85' lang='grc' dir='ltr'><strong>ὲν</strong></span> <span class='ocrx_word' id='word_1_897' title='bbox 2558 4225 2907 4290; x_wconf 78' lang='grc' dir='ltr'><strong>συνουσίαιςί</strong></span> <span class='ocrx_word' id='word_1_898' title='bbox 2944 4227 3104 4299; x_wconf 89' lang='grc' dir='ltr'>μόνον</span> <span class='ocrx_word' id='word_1_899' title='bbox 3136 4228 3412 4298; x_wconf 81' lang='grc' dir='ltr'><strong>ἄχρηστος</strong></span> <span class='ocrx_word' id='word_1_900' title='bbox 3434 4230 3463 4281; x_wconf 92' lang='lat'><strong>6</strong></span> <span class='ocrx_word' id='word_1_901' title='bbox 3491 4227 3733 4298; x_wconf 87' lang='grc' dir='ltr'><strong>μεθύων,</strong></span> 
     </span>
    </p>
   </div>
   <div class='ocr_carea' id='block_1_110' title="bbox 2047 4311 3738 4386">
    <p class='ocr_par' dir='ltr' id='par_1_110' title="bbox 2047 4311 3738 4386">
     <span class='ocr_line' id='line_1_110' title="bbox 2047 4311 3738 4386; baseline 0.001 -21"><span class='ocrx_word' id='word_1_902' title='bbox 2047 4311 2154 4365; x_wconf 84' lang='grc' dir='ltr'>οὐδ’</span> <span class='ocrx_word' id='word_1_903' title='bbox 2191 4314 2250 4365; x_wconf 82' lang='grc' dir='ltr'><strong>ὲν</strong></span> <span class='ocrx_word' id='word_1_904' title='bbox 2287 4313 2576 4378; x_wconf 77' lang='grc' dir='ltr'><strong>ἰδιωτικοῖς</strong></span> <span class='ocrx_word' id='word_1_905' title='bbox 2609 4315 2704 4367; x_wconf 79' lang='grc' dir='ltr'><strong>καὶ</strong></span> <span class='ocrx_word' id='word_1_906' title='bbox 2726 4314 3008 4385; x_wconf 87' lang='grc' dir='ltr'><strong>δημοσίοις</strong></span> <span class='ocrx_word' id='word_1_907' title='bbox 3038 4314 3363 4386; x_wconf 88' lang='grc' dir='ltr'><strong>πράγμασιν</strong></span> <span class='ocrx_word' id='word_1_908' title='bbox 3387 4354 3401 4380; x_wconf 98' lang='grc'><strong>,</strong></span> <span class='ocrx_word' id='word_1_909' title='bbox 3464 4313 3599 4368; x_wconf 87' lang='grc' dir='ltr'><strong>ἀλλά</strong></span> <span class='ocrx_word' id='word_1_910' title='bbox 3635 4315 3738 4369; x_wconf 76' lang='grc' dir='ltr'><strong>καὶ</strong></span> 
     </span>
    </p>
   </div>
   <div class='ocr_carea' id='block_1_111' title="bbox 2050 4398 3739 4473">
    <p class='ocr_par' dir='ltr' id='par_1_111' title="bbox 2050 4398 3739 4473">
     <span class='ocr_line' id='line_1_111' title="bbox 2050 4398 3739 4473; baseline 0.001 -21"><span class='ocrx_word' id='word_1_911' title='bbox 2050 4400 2109 4452; x_wconf 79' lang='grc' dir='ltr'><strong>ὲν</strong></span> <span class='ocrx_word' id='word_1_912' title='bbox 2157 4399 2285 4470; x_wconf 74' lang='grc' dir='ltr'><strong>ψιλῇ</strong></span> <span class='ocrx_word' id='word_1_913' title='bbox 2340 4398 2546 4473; x_wconf 85' lang='grc' dir='ltr'><strong>θεωρίᾳ</strong></span> <span class='ocrx_word' id='word_1_914' title='bbox 2594 4401 2812 4455; x_wconf 87' lang='grc' dir='ltr'><strong>πάντων</strong></span> <span class='ocrx_word' id='word_1_915' title='bbox 2857 4402 3005 4455; x_wconf 76' lang='grc' dir='ltr'><strong>ἐστὶν</strong></span> <span class='ocrx_word' id='word_1_916' title='bbox 3057 4401 3414 4473; x_wconf 87' lang='grc' dir='ltr'><strong>ἀηδέστερος,</strong></span> <span class='ocrx_word' id='word_1_917' title='bbox 3468 4401 3739 4464; x_wconf 84' lang='grc' dir='ltr'><strong>δυσωδίας</strong></span> 
     </span>
    </p>
   </div>
   <div class='ocr_carea' id='block_1_112' title="bbox 2050 4485 3737 4559">
    <p class='ocr_par' dir='ltr' id='par_1_112' title="bbox 2050 4485 3737 4559">
     <span class='ocr_line' id='line_1_112' title="bbox 2050 4485 3737 4559; baseline 0.001 -21"><span class='ocrx_word' id='word_1_918' title='bbox 2050 4485 2228 4540; x_wconf 83' lang='grc' dir='ltr'><strong>πνέων</strong></span> <span class='ocrx_word' id='word_1_919' title='bbox 2251 4503 2265 4517; x_wconf 81' lang='lat'><strong><em>°</em></strong></span> <span class='ocrx_word' id='word_1_920' title='bbox 2299 4487 2496 4558; x_wconf 75' lang='grc' dir='ltr'><strong>ὲρυγαὶ</strong></span> <span class='ocrx_word' id='word_1_921' title='bbox 2524 4488 2619 4541; x_wconf 76' lang='grc' dir='ltr'><strong>καὶ</strong></span> <span class='ocrx_word' id='word_1_922' title='bbox 2646 4489 2973 4559; x_wconf 78' lang='grc' dir='ltr'><strong>χασμήσεις,</strong></span> <span class='ocrx_word' id='word_1_923' title='bbox 3026 4490 3120 4541; x_wconf 76' lang='grc' dir='ltr'><strong>καὶ</strong></span> <span class='ocrx_word' id='word_1_924' title='bbox 3156 4491 3214 4542; x_wconf 79' lang='grc' dir='ltr'><strong>αἱ</strong></span> <span class='ocrx_word' id='word_1_925' title='bbox 3263 4487 3439 4557; x_wconf 78' lang='grc' dir='ltr'><strong>φωναὶ</strong></span> <span class='ocrx_word' id='word_1_926' title='bbox 3482 4486 3592 4541; x_wconf 91' lang='grc' dir='ltr'><strong>τῶν</strong></span> <span class='ocrx_word' id='word_1_927' title='bbox 3632 4503 3737 4557; x_wconf 91' lang='grc' dir='ltr'><strong>με-</strong></span> 
     </span>
    </p>
   </div>
   <div class='ocr_carea' id='block_1_113' title="bbox 2052 4572 3740 4647">
    <p class='ocr_par' dir='ltr' id='par_1_113' title="bbox 2052 4572 3740 4647">
     <span class='ocr_line' id='line_1_113' title="bbox 2052 4572 3740 4647; baseline -0.001 -20"><span class='ocrx_word' id='word_1_928' title='bbox 2052 4572 2286 4627; x_wconf 89' lang='grc' dir='ltr'><strong>θυόντων</strong></span> <span class='ocrx_word' id='word_1_929' title='bbox 2316 4575 2576 4645; x_wconf 84' lang='grc' dir='ltr'><strong>ἀτερπεῖς</strong></span> <span class='ocrx_word' id='word_1_930' title='bbox 2609 4577 2704 4629; x_wconf 84' lang='grc' dir='ltr'><strong>καὶ</strong></span> <span class='ocrx_word' id='word_1_931' title='bbox 2734 4576 2941 4647; x_wconf 84' lang='grc' dir='ltr'><strong>ἀηδεῖς,</strong></span> <span class='ocrx_word' id='word_1_932' title='bbox 2983 4574 3312 4647; x_wconf 80' lang='grc' dir='ltr'><strong>βδελυγμίας</strong></span> <span class='ocrx_word' id='word_1_933' title='bbox 3339 4576 3577 4645; x_wconf 71' lang='grc' dir='ltr'><strong>ἐσχάτης</strong></span> <span class='ocrx_word' id='word_1_934' title='bbox 3597 4573 3740 4643; x_wconf 87' lang='grc' dir='ltr'><strong>πλη-</strong></span> 
     </span>
    </p>
   </div>
   <div class='ocr_carea' id='block_1_114' title="bbox 2056 4659 3740 4735">
    <p class='ocr_par' dir='ltr' id='par_1_114' title="bbox 2056 4659 3740 4735">
     <span class='ocr_line' id='line_1_114' title="bbox 2056 4659 3740 4735; baseline 0.002 -22"><span class='ocrx_word' id='word_1_935' title='bbox 2056 4659 2246 4732; x_wconf 91' lang='grc' dir='ltr'>ροῦσαι</span> <span class='ocrx_word' id='word_1_936' title='bbox 2279 4663 2407 4725; x_wconf 82' lang='grc' dir='ltr'><strong>τοὺς</strong></span> <span class='ocrx_word' id='word_1_937' title='bbox 2438 4662 2684 4734; x_wconf 85' lang='grc' dir='ltr'><strong>ὁρῶντας</strong></span> <span class='ocrx_word' id='word_1_938' title='bbox 2729 4666 2825 4717; x_wconf 76' lang='grc' dir='ltr'><strong>καὶ</strong></span> <span class='ocrx_word' id='word_1_939' title='bbox 2864 4664 3316 4735; x_wconf 71' lang='grc' dir='ltr'><strong>συγγινομένουςο</strong></span> <span class='ocrx_word' id='word_1_940' title='bbox 3342 4665 3435 4719; x_wconf 59' lang='grc' dir='ltr'><strong>καὶ¹</strong></span> <span class='ocrx_word' id='word_1_941' title='bbox 3461 4663 3523 4717; x_wconf 81' lang='grc' dir='ltr'><strong>τὸ</strong></span> <span class='ocrx_word' id='word_1_942' title='bbox 3558 4663 3740 4732; x_wconf 87' lang='grc' dir='ltr'><strong>κεφά-</strong></span> 
     </span>
    </p>
   </div>
   <div class='ocr_carea' id='block_1_115' title="bbox 2051 4747 3741 4822">
    <p class='ocr_par' dir='ltr' id='par_1_115' title="bbox 2051 4747 3741 4822">
     <span class='ocr_line' id='line_1_115' title="bbox 2051 4747 3741 4822; baseline 0.002 -23"><span class='ocrx_word' id='word_1_943' title='bbox 2051 4747 2201 4802; x_wconf 87' lang='grc' dir='ltr'><strong>λαιον</strong></span> <span class='ocrx_word' id='word_1_944' title='bbox 2229 4748 2339 4802; x_wconf 90' lang='grc' dir='ltr'><strong>τῶν</strong></span> <span class='ocrx_word' id='word_1_945' title='bbox 2361 4748 2566 4814; x_wconf 85' lang='grc' dir='ltr'><strong>κακῶν,</strong></span> <span class='ocrx_word' id='word_1_946' title='bbox 2603 4751 2685 4803; x_wconf 84' lang='grc' dir='ltr'><strong>ὅτι</strong></span> <span class='ocrx_word' id='word_1_947' title='bbox 2714 4750 2807 4804; x_wconf 81' lang='grc' dir='ltr'><strong>τὸν</strong></span> <span class='ocrx_word' id='word_1_948' title='bbox 2839 4751 3066 4822; x_wconf 82' lang='grc' dir='ltr'><strong>οὐρανὸν</strong></span> <span class='ocrx_word' id='word_1_949' title='bbox 3086 4750 3290 4805; x_wconf 81' lang='grc' dir='ltr'><strong>ἄϐατον</strong></span> <span class='ocrx_word' id='word_1_950' title='bbox 3329 4752 3474 4805; x_wconf 88' lang='grc' dir='ltr'><strong>ποιεῖ</strong></span> <span class='ocrx_word' id='word_1_951' title='bbox 3491 4753 3606 4813; x_wconf 87' lang='grc' dir='ltr'><strong>τοῖς</strong></span> <span class='ocrx_word' id='word_1_952' title='bbox 3635 4766 3741 4820; x_wconf 88' lang='grc' dir='ltr'><strong>με-</strong></span> 
     </span>
    </p>
   </div>
   <div class='ocr_carea' id='block_1_116' title="bbox 2052 4834 3740 4909">
    <p class='ocr_par' dir='ltr' id='par_1_116' title="bbox 2052 4834 3740 4909">
     <span class='ocr_line' id='line_1_116' title="bbox 2052 4834 3740 4909; baseline 0.001 -21"><span class='ocrx_word' id='word_1_953' title='bbox 2052 4834 2241 4889; x_wconf 89' lang='grc' dir='ltr'><strong>θύουσι</strong></span> <span class='ocrx_word' id='word_1_954' title='bbox 2276 4836 2436 4890; x_wconf 88' lang='grc' dir='ltr'><strong>τοῦτο</strong></span> <span class='ocrx_word' id='word_1_955' title='bbox 2477 4836 2538 4890; x_wconf 79' lang='grc' dir='ltr'><strong>τὸ</strong></span> <span class='ocrx_word' id='word_1_956' title='bbox 2569 4836 2807 4909; x_wconf 90' lang='grc' dir='ltr'><strong>νόσημα,</strong></span> <span class='ocrx_word' id='word_1_957' title='bbox 2854 4840 2952 4891; x_wconf 79' lang='grc' dir='ltr'><strong>καὶ</strong></span> <span class='ocrx_word' id='word_1_958' title='bbox 2982 4839 3091 4892; x_wconf 88' lang='grc' dir='ltr'><strong>τῶν</strong></span> <span class='ocrx_word' id='word_1_959' title='bbox 3111 4839 3347 4893; x_wconf 82' lang='grc' dir='ltr'><strong>αἰωνίων</strong></span> <span class='ocrx_word' id='word_1_960' title='bbox 3371 4836 3595 4907; x_wconf 88' lang='grc' dir='ltr'><strong>ἀγαθῶν</strong></span> <span class='ocrx_word' id='word_1_961' title='bbox 3634 4837 3740 4890; x_wconf 85' lang='grc' dir='ltr'><strong>οὑκ</strong></span> 
     </span>
    </p>
   </div>
   <div class='ocr_carea' id='block_1_117' title="bbox 2052 4923 3738 4998">
    <p class='ocr_par' dir='ltr' id='par_1_117' title="bbox 2052 4923 3738 4998">
     <span class='ocr_line' id='line_1_117' title="bbox 2052 4923 3738 4998; baseline 0.001 -22"><span class='ocrx_word' id='word_1_962' title='bbox 2052 4923 2277 4995; x_wconf 83' lang='grc' dir='ltr'><strong>ἀφίησιν</strong></span> <span class='ocrx_word' id='word_1_963' title='bbox 2300 4925 2604 4996; x_wconf 69' lang='grc' dir='ltr'><strong>ἐπιτυχεῖν,</strong></span> <span class='ocrx_word' id='word_1_964' title='bbox 2624 4926 2760 4980; x_wconf 83' lang='grc' dir='ltr'><strong>ἀλλά</strong></span> <span class='ocrx_word' id='word_1_965' title='bbox 2787 4926 2927 4997; x_wconf 88' lang='grc' dir='ltr'><strong>μετά</strong></span> <span class='ocrx_word' id='word_1_966' title='bbox 2948 4927 3050 4998; x_wconf 81' lang='grc' dir='ltr'><strong>τῆς</strong></span> <span class='ocrx_word' id='word_1_967' title='bbox 3080 4925 3315 4981; x_wconf 75' lang='grc' dir='ltr'><strong>ἐνταῦθα</strong></span> <span class='ocrx_word' id='word_1_968' title='bbox 3340 4924 3738 4998; x_wconf 84' lang='grc' dir='ltr'><strong>ἀσχημοσύνης</strong></span> 
     </span>
    </p>
   </div>
   <div class='ocr_carea' id='block_1_118' title="bbox 2053 5012 3741 5086">
    <p class='ocr_par' dir='ltr' id='par_1_118' title="bbox 2053 5012 3741 5086">
     <span class='ocr_line' id='line_1_118' title="bbox 2053 5012 3741 5086; baseline 0.001 -21"><span class='ocrx_word' id='word_1_969' title='bbox 2053 5012 2148 5066; x_wconf 72' lang='grc' dir='ltr'><strong>καὶ</strong></span> <span class='ocrx_word' id='word_1_970' title='bbox 2181 5014 2298 5067; x_wconf 77' lang='grc' dir='ltr'><strong>ἐκεῖ</strong></span> <span class='ocrx_word' id='word_1_971' title='bbox 2329 5013 2551 5077; x_wconf 87' lang='grc' dir='ltr'><strong>κόλασις</strong></span> <span class='ocrx_word' id='word_1_972' title='bbox 2587 5014 2862 5086; x_wconf 86' lang='grc' dir='ltr'><strong>ἀφόρητος</strong></span> <span class='ocrx_word' id='word_1_973' title='bbox 2903 5016 3030 5078; x_wconf 84' lang='grc' dir='ltr'><strong>τοὺς</strong></span> <span class='ocrx_word' id='word_1_974' title='bbox 3072 5015 3143 5068; x_wconf 79' lang='grc' dir='ltr'><strong>τά</strong></span> <span class='ocrx_word' id='word_1_975' title='bbox 3180 5012 3405 5069; x_wconf 89' lang='grc' dir='ltr'><strong>τοιαῦτα</strong></span> <span class='ocrx_word' id='word_1_976' title='bbox 3445 5012 3741 5077; x_wconf 87' lang='grc' dir='ltr'><strong>νοσοῦντας</strong></span> 
     </span>
    </p>
   </div>
   <div class='ocr_carea' id='block_1_119' title="bbox 2053 5100 3744 5174">
    <p class='ocr_par' dir='ltr' id='par_1_119' title="bbox 2053 5100 3744 5174">
     <span class='ocr_line' id='line_1_119' title="bbox 2053 5100 3744 5174; baseline 0 -21"><span class='ocrx_word' id='word_1_977' title='bbox 2053 5101 2335 5171; x_wconf 86' lang='grc' dir='ltr'><strong>ἀναμένει.</strong></span> <span class='ocrx_word' id='word_1_978' title='bbox 2363 5101 2760 5173; x_wconf 80' lang='grc' dir='ltr'><strong>Περικόψωμεν</strong></span> <span class='ocrx_word' id='word_1_979' title='bbox 2786 5103 2966 5157; x_wconf 90' lang='grc' dir='ltr'><strong>τοίνυν</strong></span> <span class='ocrx_word' id='word_1_980' title='bbox 2986 5101 3083 5174; x_wconf 83' lang='grc' dir='ltr'><strong>τὴν</strong></span> <span class='ocrx_word' id='word_1_981' title='bbox 3105 5100 3352 5172; x_wconf 78' lang='grc' dir='ltr'><strong>πονηράν</strong></span> <span class='ocrx_word' id='word_1_982' title='bbox 3379 5100 3583 5172; x_wconf 88' lang='grc' dir='ltr'><strong>ταύτην</strong></span> <span class='ocrx_word' id='word_1_983' title='bbox 3610 5117 3744 5154; x_wconf 89' lang='grc' dir='ltr'><strong>συν-</strong></span> 
     </span>
    </p>
   </div>
   <div class='ocr_carea' id='block_1_120' title="bbox 2055 5187 3743 5260">
    <p class='ocr_par' dir='ltr' id='par_1_120' title="bbox 2055 5187 3743 5260">
     <span class='ocr_line' id='line_1_120' title="bbox 2055 5187 3743 5260; baseline 0 -19"><span class='ocrx_word' id='word_1_984' title='bbox 2055 5188 2269 5259; x_wconf 86' lang='grc' dir='ltr'><strong>ήθειαν,</strong></span> <span class='ocrx_word' id='word_1_985' title='bbox 2329 5188 2426 5243; x_wconf 76' lang='grc' dir='ltr'><strong>καὶ</strong></span> <span class='ocrx_word' id='word_1_986' title='bbox 2449 5189 2773 5260; x_wconf 89' lang='grc' dir='ltr'><strong>ἀκούσωμεν</strong></span> <span class='ocrx_word' id='word_1_987' title='bbox 2812 5190 3026 5245; x_wconf 88' lang='grc' dir='ltr'><strong>Παύλου</strong></span> <span class='ocrx_word' id='word_1_988' title='bbox 3067 5187 3339 5259; x_wconf 78' lang='grc' dir='ltr'><strong>λέγοντος,</strong></span> <span class='ocrx_word' id='word_1_989' title='bbox 3371 5191 3529 5255; x_wconf 82' lang='grc' dir='ltr'><strong>Οίνῳ</strong></span> <span class='ocrx_word' id='word_1_990' title='bbox 3554 5189 3743 5258; x_wconf 73' lang='grc' dir='ltr'><strong>ὀλίγῳ</strong></span> 
     </span>
    </p>
   </div>
   <div class='ocr_carea' id='block_1_121' title="bbox 2053 5276 3743 5350">
    <p class='ocr_par' dir='ltr' id='par_1_121' title="bbox 2053 5276 3743 5350">
     <span class='ocr_line' id='line_1_121' title="bbox 2053 5276 3743 5350; baseline -0.002 -16"><span class='ocrx_word' id='word_1_991' title='bbox 2053 5276 2209 5347; x_wconf 80' lang='grc' dir='ltr'><strong>χρῶ’</strong></span> <span class='ocrx_word' id='word_1_992' title='bbox 2245 5276 2326 5349; x_wconf 85' lang='grc'><strong>[8]</strong></span> <span class='ocrx_word' id='word_1_993' title='bbox 2369 5279 2464 5332; x_wconf 77' lang='grc' dir='ltr'><strong>καὶ</strong></span> <span class='ocrx_word' id='word_1_994' title='bbox 2509 5278 2620 5350; x_wconf 85' lang='grc' dir='ltr'><strong>γὰρ</strong></span> <span class='ocrx_word' id='word_1_995' title='bbox 2651 5280 2814 5333; x_wconf 71' lang='grc' dir='ltr'><strong>αὑτὸν</strong></span> <span class='ocrx_word' id='word_1_996' title='bbox 2854 5279 2946 5333; x_wconf 82' lang='grc' dir='ltr'><strong>τὸν</strong></span> <span class='ocrx_word' id='word_1_997' title='bbox 2975 5279 3154 5348; x_wconf 85' lang='grc' dir='ltr'><strong>ὀλίγον</strong></span> <span class='ocrx_word' id='word_1_998' title='bbox 3193 5278 3282 5334; x_wconf 82' lang='grc' dir='ltr'><strong>διὰ</strong></span> <span class='ocrx_word' id='word_1_999' title='bbox 3307 5279 3407 5349; x_wconf 83' lang='grc' dir='ltr'><strong>τὴν</strong></span> <span class='ocrx_word' id='word_1_1000' title='bbox 3452 5278 3743 5333; x_wconf 87' lang='grc' dir='ltr'><strong>ἀσθένειαν</strong></span> 
     </span>
    </p>
   </div>
   <div class='ocr_carea' id='block_1_122' title="bbox 2054 5364 3744 5439">
    <p class='ocr_par' dir='ltr' id='par_1_122' title="bbox 2054 5364 3744 5439">
     <span class='ocr_line' id='line_1_122' title="bbox 2054 5364 3744 5439; baseline 0.002 -20"><span class='ocrx_word' id='word_1_1001' title='bbox 2054 5366 2389 5438; x_wconf 72' lang='grc' dir='ltr'><strong>ἐπέτρεψεν·</strong></span> <span class='ocrx_word' id='word_1_1002' title='bbox 2417 5367 2493 5431; x_wconf 85' lang='grc' dir='ltr'><strong>ὼς</strong></span> <span class='ocrx_word' id='word_1_1003' title='bbox 2533 5369 2582 5421; x_wconf 84' lang='grc' dir='ltr'><strong>εί</strong></span> <span class='ocrx_word' id='word_1_1004' title='bbox 2627 5370 2703 5439; x_wconf 85' lang='grc' dir='ltr'><strong>μὴ</strong></span> <span class='ocrx_word' id='word_1_1005' title='bbox 2730 5364 2799 5439; x_wconf 83' lang='grc' dir='ltr'><strong>ἦν</strong></span> <span class='ocrx_word' id='word_1_1006' title='bbox 2827 5367 3081 5423; x_wconf 65' lang='grc' dir='ltr'><strong>ἀσθένεια.</strong></span> <span class='ocrx_word' id='word_1_1007' title='bbox 3120 5366 3486 5439; x_wconf 88' lang='grc' dir='ltr'>διενοχλοῦσα,</span> <span class='ocrx_word' id='word_1_1008' title='bbox 3535 5368 3638 5421; x_wconf 89' lang='grc' dir='ltr'><strong>οὑκ</strong></span> <span class='ocrx_word' id='word_1_1009' title='bbox 3674 5367 3744 5422; x_wconf 82' lang='grc' dir='ltr'><strong>ἂν</strong></span> 
     </span>
    </p>
   </div>
   <div class='ocr_carea' id='block_1_123' title="bbox 2125 5505 3743 5585">
    <p class='ocr_par' dir='ltr' id='par_1_123' title="bbox 2125 5505 3743 5585">
     <span class='ocr_line' id='line_1_123' title="bbox 2125 5505 3743 5585; baseline 0.002 -31"><span class='ocrx_word' id='word_1_1010' title='bbox 2125 5505 2146 5528; x_wconf 83' lang='grc'><strong><em>⁸</em></strong></span> <span class='ocrx_word' id='word_1_1011' title='bbox 2168 5506 2378 5585; x_wconf 54' lang='grc' dir='ltr'><strong>ριιὶιιεεω</strong></span> <span class='ocrx_word' id='word_1_1012' title='bbox 2412 5507 2587 5568; x_wconf 86' lang='grc' dir='ltr'><strong>τοίνυν,</strong></span> <span class='ocrx_word' id='word_1_1013' title='bbox 2626 5509 2911 5573; x_wconf 84' lang='grc' dir='ltr'><strong>παρακαλῶ,</strong></span> <span class='ocrx_word' id='word_1_1014' title='bbox 2934 5508 3018 5565; x_wconf 81' lang='grc' dir='ltr'><strong>τὰς</strong></span> <span class='ocrx_word' id='word_1_1015' title='bbox 3039 5508 3271 5573; x_wconf 78' lang='grc' dir='ltr'><strong>ἁμαρτίας</strong></span> <span class='ocrx_word' id='word_1_1016' title='bbox 3294 5508 3601 5572; x_wconf 79' lang='grc' dir='ltr'><strong>ἑκατέρωθεν,</strong></span> <span class='ocrx_word' id='word_1_1017' title='bbox 3621 5508 3743 5570; x_wconf 77' lang='grc' dir='ltr'><strong>ἀγα⁶</strong></span> 
     </span>
    </p>
   </div>
   <div class='ocr_carea' id='block_1_124' title="bbox 2053 5584 2348 5619">
    <p class='ocr_par' dir='ltr' id='par_1_124' title="bbox 2053 5584 2348 5619">
     <span class='ocr_line' id='line_1_124' title="bbox 2053 5584 2348 5619; baseline -0.003 0"><span class='ocrx_word' id='word_1_1018' title='bbox 2053 5584 2221 5619; x_wconf 70' lang='grc' dir='ltr'>πητοι.</span> <span class='ocrx_word' id='word_1_1019' title='bbox 2249 5586 2348 5618; x_wconf 87' lang='grc' dir='ltr'><strong>και.</strong></span> 
     </span>
    </p>
   </div>
   <div class='ocr_carea' id='block_1_125' title="bbox 2112 5606 3151 5695">
    <p class='ocr_par' dir='ltr' id='par_1_125' title="bbox 2112 5606 3151 5695">
     <span class='ocr_line' id='line_1_125' title="bbox 2112 5606 3151 5695; baseline 0.002 -16"><span class='ocrx_word' id='word_1_1020' title='bbox 2112 5606 2149 5669; x_wconf 50' lang='grc' dir='ltr'><strong>’ί</strong></span> <span class='ocrx_word' id='word_1_1021' title='bbox 2159 5606 2777 5695; x_wconf 52' lang='grc' dir='ltr'><strong>Ἇῖἱῖκατασκεδαννύμενοι</strong></span> <span class='ocrx_word' id='word_1_1022' title='bbox 2805 5632 2887 5681; x_wconf 86' lang='grc' dir='ltr'><strong>τὸν</strong></span> <span class='ocrx_word' id='word_1_1023' title='bbox 2908 5632 3151 5695; x_wconf 82' lang='grc' dir='ltr'>λογισμόν.</span> 
     </span>
    </p>
   </div>
   <div class='ocr_carea' id='block_1_126' title="bbox 2120 5691 3740 5756">
    <p class='ocr_par' dir='ltr' id='par_1_126' title="bbox 2120 5691 3740 5756">
     <span class='ocr_line' id='line_1_126' title="bbox 2120 5691 3740 5756; baseline 0 -13"><span class='ocrx_word' id='word_1_1024' title='bbox 2120 5695 2145 5733; x_wconf 73' lang='grc' dir='ltr'><strong><em>Β</em></strong></span> <span class='ocrx_word' id='word_1_1025' title='bbox 2167 5694 2267 5756; x_wconf 77' lang='lat' dir='ltr'><strong>Alii</strong></span> <span class='ocrx_word' id='word_1_1026' title='bbox 2292 5695 2337 5741; x_wconf 88' lang='grc' dir='ltr'><strong>οἳ</strong></span> <span class='ocrx_word' id='word_1_1027' title='bbox 2360 5691 2789 5756; x_wconf 16' lang='grc' dir='ltr'><strong>ἐπάνγῖδωσίτινας</strong></span> <span class='ocrx_word' id='word_1_1028' title='bbox 2817 5695 2911 5742; x_wconf 83' lang='grc' dir='ltr'><strong>ὑπὸ</strong></span> <span class='ocrx_word' id='word_1_1029' title='bbox 2935 5691 3094 5756; x_wconf 75' lang='grc' dir='ltr'><strong>μέθης,</strong></span> <span class='ocrx_word' id='word_1_1030' title='bbox 3121 5695 3205 5744; x_wconf 80' lang='lat' dir='ltr'><strong>alii</strong></span> <span class='ocrx_word' id='word_1_1031' title='bbox 3228 5694 3274 5742; x_wconf 84' lang='grc' dir='ltr'><strong>οἳ</strong></span> <span class='ocrx_word' id='word_1_1032' title='bbox 3297 5693 3492 5756; x_wconf 48' lang='grc' dir='ltr'><strong>ἐπειδᾶνῄ</strong></span> <span class='ocrx_word' id='word_1_1033' title='bbox 3507 5691 3652 5741; x_wconf 77' lang='grc' dir='ltr'><strong>ἴδωσί</strong></span> <span class='ocrx_word' id='word_1_1034' title='bbox 3669 5709 3740 5743; x_wconf 83' lang='grc' dir='ltr'><strong>τι·</strong></span> 
     </span>
    </p>
   </div>
   <div class='ocr_carea' id='block_1_127' title="bbox 2054 5754 3727 5826">
    <p class='ocr_par' dir='ltr' id='par_1_127' title="bbox 2054 5754 3727 5826">
     <span class='ocr_line' id='line_1_127' title="bbox 2054 5754 3727 5826; baseline 0.001 -24"><span class='ocrx_word' id='word_1_1035' title='bbox 2054 5772 2137 5826; x_wconf 77' lang='grc' dir='ltr'>νας</span> <span class='ocrx_word' id='word_1_1036' title='bbox 2158 5755 2255 5826; x_wconf 67' lang='grc' dir='ltr'><strong>ἀπὸ</strong></span> <span class='ocrx_word' id='word_1_1037' title='bbox 2278 5757 2434 5826; x_wconf 63' lang='grc' dir='ltr'><strong>μέθης.</strong></span> <span class='ocrx_word' id='word_1_1038' title='bbox 2455 5755 2773 5826; x_wconf 43' lang='grc' dir='ltr'><strong>Μοξιίιιξὶόειω</strong></span> <span class='ocrx_word' id='word_1_1039' title='bbox 2792 5754 3327 5826; x_wconf 53' lang='grc' dir='ltr'><strong>κακίζεινέκείνουςκαὶ</strong></span> <span class='ocrx_word' id='word_1_1040' title='bbox 3350 5754 3608 5826; x_wconf 62' lang='grc' dir='ltr'><strong>ὀνειδίζειν,</strong></span> <span class='ocrx_word' id='word_1_1041' title='bbox 3619 5757 3727 5826; x_wconf 73' lang='grc' dir='ltr'><strong>μᾶλ-</strong></span> 
     </span>
    </p>
   </div>
   <div class='ocr_carea' id='block_1_128' title="bbox 2056 5816 3741 5879">
    <p class='ocr_par' dir='ltr' id='par_1_128' title="bbox 2056 5816 3741 5879">
     <span class='ocr_line' id='line_1_128' title="bbox 2056 5816 3741 5879; baseline 0.002 -14"><span class='ocrx_word' id='word_1_1042' title='bbox 2056 5818 2137 5865; x_wconf 88' lang='grc' dir='ltr'>λον</span> <span class='ocrx_word' id='word_1_1043' title='bbox 2159 5818 2211 5866; x_wconf 82' lang='grc' dir='ltr'><strong>δὲ</strong></span> <span class='ocrx_word' id='word_1_1044' title='bbox 2235 5816 2511 5872; x_wconf 85' lang='grc' dir='ltr'><strong>ταλανίζειν.</strong></span> <span class='ocrx_word' id='word_1_1045' title='bbox 2544 5816 2666 5866; x_wconf 85' lang='lat' dir='ltr'><strong>Ibid.</strong></span> <span class='ocrx_word' id='word_1_1046' title='bbox 2691 5832 2819 5866; x_wconf 87' lang='lat' dir='ltr'><strong>unus</strong></span> <span class='ocrx_word' id='word_1_1047' title='bbox 2840 5818 2933 5866; x_wconf 78' lang='grc' dir='ltr'><strong>εἴθε</strong></span> <span class='ocrx_word' id='word_1_1048' title='bbox 2957 5818 3021 5879; x_wconf 82' lang='grc' dir='ltr'><strong>μὴ</strong></span> <span class='ocrx_word' id='word_1_1049' title='bbox 3046 5818 3172 5865; x_wconf 78' lang='grc' dir='ltr'><strong>ἔστω</strong></span> <span class='ocrx_word' id='word_1_1050' title='bbox 3197 5818 3377 5879; x_wconf 42' lang='grc' dir='ltr'><strong>οἶνοςξ..</strong></span> <span class='ocrx_word' id='word_1_1051' title='bbox 3402 5817 3515 5879; x_wconf 31' lang='grc' dir='ltr'><strong>εἴθε,</strong></span> <span class='ocrx_word' id='word_1_1052' title='bbox 3525 5817 3589 5878; x_wconf 77' lang='grc' dir='ltr'><strong>μὴ</strong></span> <span class='ocrx_word' id='word_1_1053' title='bbox 3615 5819 3741 5868; x_wconf 74' lang='grc' dir='ltr'><strong>ἔστω</strong></span> 
     </span>
    </p>
   </div>
   <div class='ocr_carea' id='block_1_129' title="bbox 2059 5877 3533 5949">
    <p class='ocr_par' dir='ltr' id='par_1_129' title="bbox 2059 5877 3533 5949">
     <span class='ocr_line' id='line_1_129' title="bbox 2059 5877 3533 5949; baseline 0.001 -24"><span class='ocrx_word' id='word_1_1054' title='bbox 2217 5878 2373 5949; x_wconf 71' lang='lat' dir='ltr'><strong>_P_aulp</strong></span> <span class='ocrx_word' id='word_1_1055' title='bbox 2397 5886 2508 5949; x_wconf 56' lang='lat' dir='ltr'><strong>pogt</strong></span> <span class='ocrx_word' id='word_1_1056' title='bbox 2538 5880 2784 5949; x_wconf 55' lang='lat' dir='ltr'><strong>quigamﬁ</strong></span> <span class='ocrx_word' id='word_1_1057' title='bbox 2807 5877 2997 5928; x_wconf 76' lang='grc' dir='ltr'><strong>ἀσωτία</strong></span> <span class='ocrx_word' id='word_1_1058' title='bbox 3015 5879 3096 5926; x_wconf 84' lang='grc' dir='ltr'><strong>καὶ</strong></span> <span class='ocrx_word' id='word_1_1059' title='bbox 3115 5882 3145 5936; x_wconf 84' lang='grc' dir='ltr'>ἡ</span> <span class='ocrx_word' id='word_1_1060' title='bbox 3171 5877 3375 5949; x_wconf 68' lang='grc' dir='ltr'><strong>ἀμετρία</strong></span> <span class='ocrx_word' id='word_1_1061' title='bbox 3385 5877 3533 5946; x_wconf 62' lang='grc' dir='ltr'><strong>ποιεῖ,</strong></span> 
     </span>
    </p>
   </div>
   <div class='ocr_carea' id='block_1_130' title="bbox 2121 5940 3491 6004">
    <p class='ocr_par' dir='ltr' id='par_1_130' title="bbox 2121 5940 3491 6004">
     <span class='ocr_line' id='line_1_130' title="bbox 2121 5940 3491 6004; baseline 0.002 -14"><span class='ocrx_word' id='word_1_1062' title='bbox 2121 5942 2146 5980; x_wconf 82' lang='lat' dir='ltr'><strong>h</strong></span> <span class='ocrx_word' id='word_1_1063' title='bbox 2201 5940 2379 6004; x_wconf 75' lang='grc' dir='ltr'><strong>Αὑτούς</strong></span> <span class='ocrx_word' id='word_1_1064' title='bbox 2411 5940 2589 6001; x_wconf 77' lang='lat' dir='ltr'><strong>adjecit</strong></span> <span class='ocrx_word' id='word_1_1065' title='bbox 2622 5942 2792 6003; x_wconf 77' lang='lat' dir='ltr'><strong>Savil.,</strong></span> <span class='ocrx_word' id='word_1_1066' title='bbox 2823 5953 3010 6003; x_wconf 82' lang='lat' dir='ltr'><strong>nosque</strong></span> <span class='ocrx_word' id='word_1_1067' title='bbox 3028 5940 3332 6004; x_wconf 78' lang='lat' dir='ltr'><strong>recepimus.</strong></span> <span class='ocrx_word' id='word_1_1068' title='bbox 3358 5940 3491 5993; x_wconf 75' lang='grc' dir='ltr'><strong>Ευιτ.</strong></span> 
     </span>
    </p>
   </div>
   <div class='ocr_carea' id='block_1_131' title="bbox 2124 6001 2606 6068">
    <p class='ocr_par' dir='ltr' id='par_1_131' title="bbox 2124 6001 2606 6068">
     <span class='ocr_line' id='line_1_131' title="bbox 2124 6001 2606 6068; baseline -0.002 -15"><span class='ocrx_word' id='word_1_1069' title='bbox 2124 6006 2139 6037; x_wconf 75' lang='grc' dir='ltr'><strong>ί</strong></span> <span class='ocrx_word' id='word_1_1070' title='bbox 2162 6001 2263 6053; x_wconf 71' lang='lat' dir='ltr'><strong>Alii</strong></span> <span class='ocrx_word' id='word_1_1071' title='bbox 2290 6004 2337 6051; x_wconf 82' lang='grc' dir='ltr'><strong>ἐν</strong></span> <span class='ocrx_word' id='word_1_1072' title='bbox 2362 6004 2606 6068; x_wconf 58' lang='grc' dir='ltr'><strong>συνεδρίῳ.</strong></span> 
     </span>
    </p>
   </div>
  </div>
