3998 6430
264 334 320 389 21
1217 330 1310 386 AD
1349 328 1674 386 POPULUM
1705 328 2192 387 ANTIOCHENUM
2256 332 2482 389 IIOMIL.
2529 334 2567 388 Ι.
3489 333 3562 386 ‘29.

267 449 410 504 enim
431 458 490 501 et
518 446 760 517 abiectus
789 443 1002 501 etiamsi
1043 444 1416 514 supplantatus
1454 442 1618 498 fuerit
1642 449 1692 497 et
1722 442 1865 496 ceci-

269 543 432 605 derit,
464 554 577 595 non
608 549 824 593 tantam
854 537 1128 592 communi
1161 536 1288 590 vitae
1328 534 1536 590 cladem
1582 532 1780 588 infert:
1814 531 1867 586 in

274 635 381 689 alta
438 647 573 687 vero
625 629 852 701 quadam
905 635 1175 698 tamquam
1203 629 1417 682 virtutis
1472 627 1688 696 specula
1745 639 1869 678 cum

271 727 430 781 multa
450 725 701 779 claritate
717 723 1060 788 constitutus,
1088 729 1142 775 et
1167 721 1256 790 qui
1274 720 1526 774 omnibus
1552 717 1869 772 manifestus

271 828 326 873 et
350 817 605 885 cognitus
631 815 719 879 sit,
751 823 808 869 et
847 814 914 867 ab
935 813 1184 867 omnibus
1211 812 1262 865 in
1290 811 1645 866 admiratione
1673 809 1869 863 habea-

273 923 377 974 tur,
419 909 639 978 quando
688 916 924 961 tentatus
961 905 1238 968 ceciderit,
1273 919 1518 973 magnam
1571 903 1776 955 ruinam
1816 908 1873 954 et

268 1003 530 1072 jacturam
563 1000 724 1055 facit:
757 1014 861 1053 non
890 1008 1095 1052 tantum
1127 997 1378 1066 quoniam
1412 1011 1476 1050 ex
1507 995 1613 1049 alto
1641 994 1868 1059 cecidit,

276 1095 367 1150 sed
390 1095 648 1165 quoniam
677 1100 732 1148 et
754 1092 888 1145 alios
911 1091 1113 1144 multos
1131 1090 1183 1143 in
1214 1091 1386 1159 ipsum
1406 1089 1760 1158 respicientes
1786 1100 1872 1139 se-

278 1189 494 1258 gniores
525 1183 782 1241 reddidit.
827 1183 896 1238 Et
933 1184 1072 1237 sicut
1108 1183 1160 1235 in
1201 1195 1460 1250 corpore,
1503 1180 1608 1232 alio
1655 1177 1871 1248 quidem

272 1279 520 1333 membro
571 1284 859 1344 corrupto,
912 1289 1022 1328 non
1066 1288 1315 1343 magnum
1365 1272 1655 1326 damnum:
1705 1268 1874 1321 oculis

273 1380 450 1422 autem
503 1367 807 1429 excmcatis,
853 1364 938 1418 vel
991 1364 1165 1432 capite
1204 1363 1439 1431 graviter
1490 1362 1650 1426 larso,
1703 1367 1873 1413 totum

272 1473 473 1528 corpus
519 1458 709 1512 inutile
753 1455 1035 1510 redditur:
1065 1455 1142 1508 sic
1169 1463 1223 1507 et
1261 1453 1315 1507 in
1358 1453 1561 1508 sanctis
1599 1461 1652 1504 et
1685 1463 1873 1517 magna

277 1550 519 1604 emeritis
550 1548 834 1602 dicendum
864 1557 948 1601 est
973 1563 986 1598 :
1011 1545 1226 1615 quando
1253 1545 1328 1598 illi
1369 1543 1622 1598 exstincti
1653 1542 1872 1605 fuerint,

278 1657 394 1694 cum
436 1639 703 1694 maculam
737 1637 1041 1707 quampiam
1083 1635 1434 1697 admiserint,
1471 1643 1640 1687 totum
1669 1643 1724 1688 et
1753 1632 1878 1687 reli-

279 1749 438 1802 quum
461 1744 663 1800 corpus
687 1727 1020 1783 intolerabile
1041 1726 1420 1781 detrimentum
1445 1726 1658 1792 patitur.

347 1827 400 1879 4.
435 1824 562 1878 llzec
597 1823 756 1892 igitur
786 1822 965 1875 omnia
1005 1831 1128 1874 nota
1162 1819 1367 1873 habens
1398 1817 1743 1880 Timotheus,
1773 1831 1875 1869 un-

279 1919 435 1984 dique
463 1932 524 1970 se
554 1914 826 1968 muniebat
855 1932 866 1965 :
899 1915 1102 1968 sciebat
1128 1912 1271 1982 quod
1302 1911 1536 1966 difficilis
1570 1925 1658 1964 res
1686 1920 1764 1964 est
1785 1910 1876 1978 ju-

280 2020 488 2065 ventus.
525 2006 668 2073 quod
697 2005 986 2074 jactahilis,
1017 2004 1246 2074 deceptu
1276 2002 1466 2064 facilis,
1500 2002 1673 2056 labilis
1695 2009 1796 2063 est,
1824 2008 1879 2054 et

279 2098 678 2154 vehementiori
711 2096 911 2164 indiget
942 2096 1150 2150 frmno:
1181 2110 1313 2164 pyra
1353 2095 1494 2147 enim
1525 2093 1765 2162 quaedam
1797 2098 1880 2144 est

280 2194 548 2247 exteriora
577 2191 986 2260 apprehendens
1008 2189 1211 2251 omnia,
1245 2187 1510 2256 facileque
1538 2201 1601 2240 ac
1629 2184 1879 2239 celeriter

281 2285 618 2341 succendens
643 2285 684 2338 ‘.
722 2283 923 2338 Idcirco
963 2283 1131 2351 ipsam
1161 2281 1395 2349 undique
1435 2277 1781 2338 obstruebat,
1822 2282 1881 2328 ut

283 2389 671 2450 compesceret,
703 2391 757 2433 et
795 2379 933 2433 hanc
974 2377 1244 2432 flammant
1287 2374 1431 2428 omni
1479 2372 1641 2427 modo
1679 2369 1880 2424 exstin-

281 2489 441 2544 guere
471 2471 725 2527 studebat
751 2489 763 2526 :
787 2479 948 2539 atque
965 2485 1161 2539 equum
1186 2467 1457 2522 effr-agnem
1474 2475 1528 2520 et
1551 2466 1636 2518 vix
1661 2461 1883 2517 habenis

282 2575 566 2636 parentem
613 2563 783 2618 multa
834 2577 955 2616 cum
1005 2559 1342 2614 vehementia
1396 2557 1662 2627 angebat,
1711 2554 1884 2608 donec

283 2657 448 2725 ipsius
478 2655 730 2710 lascivias
750 2650 1182 2716 circumcideret,
1207 2648 1379 2704 donec
1399 2647 1736 2702 obedientem
1761 2643 1885 2698 red-

286 2749 470 2809 deret,
502 2755 564 2801 et
587 2745 826 2800 traderet
855 2760 1045 2814 magna
1077 2758 1201 2797 cum
1243 2749 1514 2811 potestate
1553 2737 1778 2793 rationis
1807 2736 1887 2805 ip-

284 2855 400 2898 sum
432 2838 686 2893 ducentis
713 2837 962 2907 imperio.
996 2835 1323 2898 lnfirmetur,
1358 2831 1552 2900 inquit,
1581 2843 1798 2898 corpus,
1831 2835 1887 2881 et

286 2949 387 2987 non
432 2931 740 2986 infirmetur
766 2928 977 2983 animus
1007 2944 1019 2980 :
1049 2926 1369 2981 refraenetur
1405 2938 1570 2987 caro,
1607 2932 1662 2976 et
1690 2920 1885 2974 anima:

285 3025 349 3080 ad
376 3026 572 3081 coelum
611 3037 802 3078 cursus
829 3037 935 3075 non
965 3019 1306 3090 impediatur.
1349 3017 1430 3071 Ad
1468 3017 1583 3072 hazc
1611 3023 1788 3069 autem
1830 3022 1886 3068 et

287 3118 410 3172 illud
434 3116 674 3172 maxime
700 3116 926 3186 quisque
950 3115 1002 3168 in
1035 3113 1154 3182 ipso
1185 3111 1369 3166 mirari
1397 3117 1598 3181 posset,
1623 3108 1766 3177 quod
1795 3107 1885 3160 tali

292 3210 546 3264 laborans
592 3207 935 3273 infirmitate,
969 3217 1022 3260 et
1063 3214 1210 3259 tanta
1253 3219 1374 3258 cum
1419 3202 1758 3272 mgritudine,
1795 3200 1888 3254 Dei

291 3302 501 3369 negotia
549 3315 654 3355 non
685 3298 1008 3369 negligebat,
1057 3296 1151 3352 sed
1200 3296 1427 3365 amplius
1455 3310 1615 3365 quam
1646 3294 1916 3372 valentes.

291 3401 345 3446 et
390 3407 632 3461 corpore
682 3392 926 3460 vigentes
971 3389 1387 3458 circumquaque
1441 3388 1731 3453 volitabat,
1778 3387 1888 3457 jam

293 3484 587 3553 Ephesum,
629 3483 740 3552 jam
778 3481 1125 3546 Corinthum,
1175 3482 1228 3535 in
1277 3480 1588 3536 Macedonia
1624 3495 1788 3549 saepe,
1835 3480 1889 3534 in

299 3573 464 3637 ltalia,
497 3573 698 3641 ubique
729 3579 1016 3636 terrarum,
1047 3572 1246 3642 ubique
1278 3573 1506 3626 marium
1536 3587 1657 3625 cum
1689 3587 1888 3642 praece-

296 3675 446 3734 ptore
471 3679 774 3733 apparens;
797 3662 1047 3718 omnibus
1072 3664 1124 3716 in
1147 3663 1529 3717 certaminibus
1553 3661 1890 3717 etcontinuis

299 3757 549 3826 periculis
576 3772 697 3811 cum
729 3756 846 3824 ipso
875 3754 1344 3819 communicabat;
1373 3769 1474 3808 nec
1514 3754 1679 3808 animi
1712 3753 1890 3822 philo-

297 3850 539 3919 sophiam
584 3847 877 3918 prostravit
925 3846 1170 3917 corporis
1219 3845 1560 3901 imbecillitas
1615 3861 1630 3898 :
1683 3854 1890 3899 tantum

296 3943 436 3997 valet
465 3943 521 3996 in
544 3941 712 3996 Deum
737 3940 905 4004 zelus,
930 3947 1037 3994 tam
1059 3940 1207 3995 leves
1227 3937 1395 3993 efficit
1419 3938 1550 3992 alas.
1581 3937 1730 3992 Sicut
1747 3937 1892 3992 enim

297 4048 520 4102 corpora
549 4030 875 4086 habentibus
918 4031 1132 4101 pinguia
1159 4039 1216 4086 et
1242 4030 1420 4085 valida
1448 4030 1652 4084 nullum
1675 4029 1780 4084 erit
1803 4043 1894 4082 va-

299 4124 551 4179 letudinis
590 4123 1047 4189 emolumentum,
1080 4121 1126 4176 si
1174 4123 1387 4177 animus
1430 4121 1670 4191 dejeetus
1712 4120 1890 4185 fuerit,

300 4217 480 4288 segnis
510 4224 565 4270 et
588 4215 771 4270 tardus
799 4232 813 4267 :
846 4216 926 4270 sic
951 4222 1008 4269 et
1033 4213 1300 4270 confectis
1331 4215 1538 4270 nullum
1568 4216 1672 4269 erit
1696 4230 1760 4268 ex
1791 4215 1894 4268 im-

306 4309 598 4364 becillitate
627 4315 1033 4369 nocumeutum,
1066 4306 1108 4361 si
1154 4306 1366 4362 animus
1392 4321 1682 4377 generosus
1715 4313 1770 4360 et
1805 4320 1898 4360 ex-

302 4399 640 4470 pergefactus
689 4398 866 4454 fuerit.
920 4397 1148 4454 Videtur
1190 4407 1371 4454 autem
1412 4397 1729 4467 quibusdam
1783 4397 1899 4452 hmc

304 4490 605 4546 admonitio
660 4499 714 4544 et
754 4489 1038 4545 consilium
1084 4488 1351 4544 liberioris
1399 4489 1508 4542 vini
1555 4499 1712 4557 potus
1752 4497 1901 4557 pote-

304 4593 502 4641 statem
548 4583 826 4655 indulgere
859 4602 871 4637 :
912 4592 968 4637 at
1014 4597 1120 4638 non
1160 4582 1233 4636 ita
1277 4591 1379 4638 est.
1421 4581 1527 4638 Sed
1567 4582 1614 4637 si
1661 4581 1780 4652 quis
1818 4581 1901 4636 di-

307 4681 542 4733 ctionem
565 4676 702 4731 bane
728 4676 1014 4746 diligenter
1042 4673 1391 4746 exquirat,de
1415 4673 1706 4730 sobrietate
1731 4674 1901 4744 magis

309 4780 387 4825 est
413 4768 730 4824 admonitio.
761 4766 945 4838 Cogita
971 4767 1115 4822 enim
1142 4766 1411 4836 quomodo
1441 4780 1548 4820 non
1581 4781 1612 4820 a
1642 4766 1902 4835 principio

313 4877 492 4932 neque
515 4861 582 4916 ab
602 4859 844 4916 exordiis
871 4859 975 4916 hoc
999 4859 1284 4914 consilium
1317 4858 1514 4912 Paulus
1532 4856 1775 4922 dederit,
1805 4856 1900 4913 sed

310 4963 593 5024 postquam
624 4952 756 5006 vidit
792 4966 1006 5006 omnem
1029 4951 1282 5006 virtutem
1309 4949 1595 5018 deiectam,
1625 4957 1754 5002 tunc
1773 4962 1903 5002 con-

311 5046 515 5098 suluit:
557 5058 733 5113 neque
765 5043 867 5096 hoc
911 5042 1246 5113 simpliciter,
1275 5040 1370 5096 sed
1396 5055 1518 5094 cum
1550 5039 1904 5108 praefinitione

311 5137 581 5195 quadam:
609 5151 717 5191 non
738 5135 884 5192 enim
912 5133 1226 5204 simpliciter
1245 5132 1401 5198 dixit,
1429 5131 1568 5185 Vino
1593 5143 1760 5196 utere,
1787 5131 1904 5193 sed.

323 5226 453 5282 Vino
475 5229 674 5282 modico
698 5243 718 5281 :
744 5240 852 5282 non
871 5225 1015 5295 quod
1055 5225 1156 5278 hac
1196 5223 1563 5279 admonitione
1601 5231 1656 5277 et
1679 5221 1905 5276 consilio

317 5320 637 5376 Timetheus
663 5329 870 5390 egeret,
901 5318 996 5374 sed
1022 5317 1163 5388 quod
1195 5331 1293 5370 nos
1319 5316 1672 5387 indigeamus.
1703 5313 1906 5370 Idcirco

317 5415 383 5468 ad
431 5415 576 5468 illum
601 5413 869 5478 scribens,
918 5411 1074 5465 nobis
1109 5408 1331 5464 bibendi
1368 5408 1478 5462 vini
1511 5421 1816 5462 mensuram
1851 5415 1905 5462 et

323 5508 582 5563 terminos
610 5507 824 5569 statuit;
850 5515 1055 5560 tantum
1085 5503 1270 5558 bibere
1291 5501 1507 5571 jnbens,
1529 5510 1786 5570 quantum
1817 5515 1908 5552 va-

323 5597 617 5654 letudinem
651 5598 890 5668 adjuvet,
921 5605 1180 5666 quantum
1216 5591 1426 5660 corpori
1461 5593 1744 5647 sanitatem
1773 5605 1910 5660 pra:-

317 5737 636 5847 ceJdggidam
660 5751 673 5787 :
702 5731 1072 5799 apprehendens
1083 5729 1246 5782 omnia
1268 5727 1478 5794 faciliter
1494 5731 1541 5780 et
1563 5725 1783 5778 celeriter
1805 5739 1913 5778 sue-

1975 443 2119 506 bcat,
2149 454 2205 499 et
2237 461 2342 498 non
2385 445 2613 499 alterunt
2646 444 2894 499 morbum
2928 462 2940 498 :
2975 459 3080 499 non
3115 445 3391 513 pauciores
3418 447 3563 499 enim

1975 551 2134 606 quam
2165 538 2549 594 immoderatus
2577 554 2728 608 aqua:
2760 549 2938 608 potus,
2971 537 3066 593 sed
3108 537 3280 592 multo
3308 538 3485 608 plures
3514 553 3569 593 et

1978 629 2312 685 difficiliores
2338 633 2501 685 animi
2531 641 2584 686 et
2613 633 2858 703 corporis
2889 632 3106 687 morbos
3148 633 3431 686 immodica
3461 633 3570 687 vini

1976 723 2116 790 parit
2161 722 2386 793 potatio,
2431 724 2739 792 passionum
2780 724 3013 788 bellum,
3038 723 3392 778 absurdarum
3421 725 3568 794 cogi-

1978 818 2239 870 tationum
2271 819 2557 887 procellam
2587 821 2640 872 in
2664 829 2898 873 mentem
2929 819 3212 885 inducens,
3247 829 3301 873 et
3327 819 3571 888 corporis

1977 910 2084 964 vim
2135 911 2434 964 molliorem
2471 921 2526 966 et
2561 912 2930 966 solubiliorem
2973 912 3233 968 efficiens.
3275 912 3392 967 Non
3429 913 3571 966 enim

1979 1001 2052 1055 ita
2097 1012 2259 1057 terra:
2304 1013 2492 1058 natura
2538 1014 2729 1059 vexata
2769 1020 3027 1074 aquarum
3085 1005 3572 1074 superabundantia

1979 1094 2234 1151 continue
2272 1095 2616 1162 dissolvitur,
2671 1105 2732 1151 ut
2779 1096 3023 1164 corporis
3079 1095 3161 1149 vis
3202 1096 3471 1150 mollescit
3520 1103 3574 1148 et

1981 1186 2174 1242 diffluit
2198 1196 2252 1241 et
2280 1187 2597 1254 dissipatur,
2636 1185 2744 1240 vini
2777 1195 2901 1255 potu
2933 1187 3188 1240 continuo
3233 1187 3571 1256 ingurgitata.
3603 1171 3606 1175 ’

1981 1281 2267 1350 Fugiamus
2312 1280 2470 1348 igrtur
2499 1281 2746 1349 utrinque
2773 1280 3238 1347 intemperantiam
3265 1280 3280 1309 ¹
3312 1289 3420 1331 ιυηι
3452 1293 3574 1331 cor-

1982 1375 2126 1444 poris
2155 1373 2519 1428 valetudinem
2555 1373 2826 1436 curando,
2871 1381 2979 1426 tum
3009 1371 3174 1440 ipsius
3213 1370 3462 1424 lascivias
3491 1384 3576 1423 re-

1980 1465 2227 1520 cidendo.
2265 1465 2457 1518 Vinum
2495 1465 2637 1517 enim
2680 1481 2707 1515 ιι
2740 1463 2849 1516 Deo
2880 1461 3063 1515 datum
3093 1469 3196 1520 est,
3244 1477 3348 1513 non
3379 1468 3438 1513 ut
3465 1461 3573 1512 ine-

1985 1556 2243 1619 briemur,
2275 1556 2368 1609 sed
2398 1564 2455 1607 ut
2478 1553 2642 1608 sobrii
2667 1554 2834 1607 simus
2860 1571 2870 1604 :
2906 1561 2964 1606 ut
2997 1552 3351 1616 delectemur,
3382 1565 3487 1601 non
3524 1559 3578 1602 ut

1983 1648 2278 1702 doleamus.
2343 1646 2526 1698 Vinum
2566 1646 2710 1699 enim
2759 1645 3004 1712 laetiﬁcat,
3043 1643 3212 1712 inquit
3255 1641 3455 1704 David,
3492 1655 3579 1692 cur

1984 1743 2200 1795 hominis
2221 1739 2396 1809 (Pani.
2430 1739 2553 1794 105.
2587 1739 2676 1808 15)
2704 1754 2718 1790 :
2755 1747 2808 1790 tu
2843 1753 2969 1790 vero
3000 1736 3172 1804 ipsum
3205 1734 3436 1788 tristitiae
3467 1747 3580 1784 ma-

1984 1834 2170 1888 teriam
2186 1832 2335 1887 facis.
2364 1833 2572 1887 Etenim
2596 1833 2776 1884 animo
2792 1840 3018 1898 gravato
3040 1835 3166 1881 sunt
3181 1842 3340 1894 supra
3359 1825 3580 1880 modum

1982 1929 2147 1990 ebrii,
2177 1927 2413 1982 tenebris
2443 1926 2626 1980 multis
2659 1924 2824 1978 menti
2851 1922 3058 1976 offusis.
3092 1920 3351 1974 Medicina
3381 1917 3580 1987 Optima

1985 2026 2088 2080 est,
2118 2018 2330 2086 quando
2367 2014 2944 2069 commensurationem
2978 2012 3137 2067 habet
3180 2009 3460 2080 optimam.
3488 2008 3585 2068 Hic

1985 2110 2135 2166 locus
2174 2119 2229 2163 et
2266 2120 2450 2164 contra
2499 2109 2781 2161 hmreticos
2827 2105 2971 2159 utilis
3006 2115 3106 2168 est,
3149 2103 3242 2158 Dei
3284 2111 3580 2157 creaturam

1984 2209 2296 2254 accusantes
2327 2217 2340 2252 :
2373 2199 2417 2251 si
2445 2198 2587 2251 enim
2613 2197 2682 2251 de
2706 2195 2884 2251 vetitis
2909 2205 3086 2257 esset,
3120 2208 3226 2246 non
3254 2190 3584 2260 permisi~set

1987 2292 2202 2357 Paulus,
2236 2305 2340 2344 non
2368 2289 2493 2342 vino
2514 2287 2768 2342 utendum
2796 2285 3039 2340 dixisset.
3066 2283 3180 2338 Non
3207 2282 3378 2336 solum
3406 2294 3581 2332 autent

1986 2395 2172 2438 contra
2217 2381 2530 2444 haereticos,
2559 2378 2654 2434 sed
2698 2387 2752 2432 et
2791 2387 2977 2432 contra
3018 2376 3241 2430 fratrum
3271 2382 3580 2427 nostrorum

1988 2478 2367 2550 simpliciores,
2391 2476 2482 2546 qui
2510 2485 2792 2544 postquam
2833 2472 3040 2541 aliquos
3071 2484 3182 2539 prae
3227 2469 3489 2523 ebrietate
3529 2480 3583 2518 se

1987 2572 2339 2638 deturpantes
2379 2568 2643 2631 viderint,
2684 2565 2806 2619 illos
2850 2564 3156 2630 vituperare
3211 2558 3519 2612 amittentes
3544 2556 3584 2619 ’,

1990 2663 2220 2717 fructum
2253 2675 2281 2714 a
2314 2661 2422 2713 Deo
2448 2659 2627 2712 datum
2650 2654 3065 2712 calumniantur.
3092 2649 3354 2712 dicentes,
3378 2647 3492 2702 Non
3519 2646 3595 2699 sit

1991 2757 2197 2810 vinum.
2226 2753 2360 2822 lpsis
2383 2753 2558 2820 itaque
2586 2749 2852 2813 dicamus,
2882 2745 2994 2799 Non
3021 2744 3091 2798 sit
3115 2743 3364 2796 ebrietas.
3395 2738 3586 2792 Vinum

1991 2849 2133 2904 enim
2159 2847 2274 2912 Dei,
2306 2845 2537 2900 ebrietas
2563 2840 2758 2896 diaboli
2786 2854 2920 2908 opus
2941 2845 3054 2901 est;
3077 2851 3183 2889 non
3207 2834 3385 2886 vinum
3409 2829 3590 2886 ebrie-

1994 2950 2156 2995 tatem
2200 2938 2358 3001 facit,
2389 2936 2483 2991 sed
2527 2930 2936 3001 intemperantia
2968 2927 3281 2983 ebrietatem
3321 2920 3448 2977 facit
3481 2937 3493 2973 :
3522 2934 3592 2973 ne

1993 3033 2088 3089 Dei
2117 3042 2419 3086 creaturam
2446 3042 2688 3090 accuses,
2708 3024 2802 3079 sed
2829 3020 3075 3078 conservi
3108 3017 3368 3072 insaniam
3397 3026 3582 3082 argue.

1993 3125 2072 3179 Tu
2095 3138 2226 3178 vero
2252 3127 2559 3192 peccantem
2593 3117 2783 3186 punire
2803 3122 2859 3169 et
2884 3113 3153 3182 corrigere
3179 3107 3458 3170 amittens,
3486 3103 3586 3158 be-

1993 3217 2318 3272 nefactorem
2345 3212 2515 3267 afficis
2545 3206 2911 3265 contumelia?

2065 3311 2118 3366 5.
2154 3309 2270 3362 Vim'
2310 3306 2596 3360 moderatus
2635 3317 2758 3355 usus
2803 3297 3124 3368 permittitur.
3152 3322 3224 3333 —
3249 3290 3384 3344 Cum
3433 3287 3592 3357 igitur

1997 3402 2254 3472 quosdam
2300 3399 2418 3454 haec
2453 3396 2694 3451 dicentes
2723 3390 3079 3452 audierimus,
3111 3385 3486 3438 obmutescere
3514 3377 3595 3432 fa-

1995 3497 2200 3550 ciamus
2225 3509 2237 3544 :
2270 3505 2377 3544 non
2405 3495 2546 3543 enim
2579 3500 2729 3552 usus,
2752 3483 2847 3537 sed
2879 3476 3250 3534 immoderatio
3279 3474 3591 3528 ebrietatem

1997 3586 2120 3640 facit
2141 3603 2153 3637 :
2173 3582 2509 3646 ebrietatem,
2530 3580 2769 3647 inquam,
2792 3573 3054 3628 malorum
3076 3569 3312 3624 omnium
3333 3563 3586 3620 radicem.

1998 3677 2191 3730 Vinum
2219 3673 2404 3728 datum
2433 3680 2537 3735 est,
2578 3679 2636 3722 ut
2681 3664 2986 3736 languidum
3030 3673 3227 3729 corpus
3268 3657 3457 3725 erigat,
3486 3666 3594 3706 non

1997 3775 2057 3820 ut
2083 3766 2277 3818 anima:
2318 3763 2483 3817 robur
2519 3760 2823 3830 opprimat:
2858 3763 2915 3809 ut
2951 3752 3130 3808 carnis
3171 3747 3592 3804 imbecillitatem

2001 3859 2170 3921 tollat,
2198 3871 2304 3910 non
2331 3863 2390 3908 ut
2417 3853 2582 3908 animi
2598 3851 2881 3907 sanitatem
2903 3844 3242 3902 exterminet.
3266 3839 3384 3894 Noli
3413 3837 3592 3906 igitur,

1998 3950 2350 4005 immoderate
2374 3947 2464 4000 Dei
2487 3958 2708 3998 munere
2728 3949 2906 4002 utens,
2938 3937 3114 3991 stultis
3138 3943 3194 3989 et
3212 3929 3596 4001 imprudentio—

1999 4041 2150 4096 ribus
2170 4037 2477 4093 hominibus
2495 4033 2804 4088 occasiones
2818 4029 3081 4099 pratbere.
3101 4023 3237 4091 Quid
3256 4023 3400 4078 enim
3419 4018 3596 4075 ebrie-

2007 4142 2116 4187 tate
2157 4125 2557 4186 miserabilius?
2597 4131 2844 4180 mortuus
2886 4127 2971 4174 est
3013 4118 3308 4180 animatus,
3356 4112 3538 4167 ebrius
3579 4128 3593 4165 :

2001 4226 2212 4281 daemon
2240 4231 2325 4278 est
2349 4218 2685 4276 voluntarius
2715 4233 2730 4270 :
2757 4213 2979 4269 morbus
2999 4209 3210 4266 veniam
3239 4223 3345 4262 non
3371 4205 3595 4268 habens,

2005 4319 2159 4374 ruina
2207 4312 2552 4370 excusatione
2591 4321 2800 4369 carens,
2847 4315 3131 4359 commune
3172 4298 3388 4369 generis
3428 4295 3598 4350 nostri

2011 4406 2378 4478 Opprobrium.
2409 4402 2526 4457 Non
2556 4399 2698 4454 enim
2727 4397 2781 4452 in
2809 4392 3160 4452 conventibus
3180 4397 3383 4444 tantum
3400 4385 3602 4441 inutilis

2005 4500 2206 4562 ebrius,
2234 4505 2326 4552 aut
2351 4496 2406 4549 in
2435 4491 2661 4565 privatis
2684 4492 2743 4544 'et
2771 4487 2995 4557 publicis
3034 4481 3292 4553 negotiis,
3320 4478 3414 4534 sed
3440 4478 3598 4532 etiam

2005 4592 2122 4646 solo
2165 4599 2249 4645 est
2287 4595 2509 4657 aspectu
2547 4583 2786 4639 omnium
2825 4576 3194 4648 gravissimus,
3243 4572 3466 4628 timores
3506 4584 3600 4624 ex-

2005 4685 2194 4739 halans
2237 4680 2584 4737 teterrimos:
2631 4674 2992 4731 eructationes
3037 4677 3092 4725 et
3133 4667 3500 4730 oscitationes,
3551 4671 3603 4715 et

2009 4792 2174 4833 voces
2203 4775 2473 4831 ebriorum
2497 4772 2745 4826 insuaves
2769 4775 2930 4836 atque
2958 4763 3198 4819 molesta:
3223 4774 3335 4824 eos,
3363 4757 3453 4826 qui
3479 4769 3604 4825 Spe—

2010 4877 2156 4923 ctant
2183 4875 2238 4922 et
2269 4863 2430 4921 simul
2456 4870 2602 4927 sunt,
2639 4868 2880 4915 extrema
2909 4852 3309 4909 abominatione
3339 4847 3561 4916 implent
3587 4862 3600 4898 :

2007 4969 2065 5013 et
2088 4956 2232 5029 quod
2263 4956 2527 5011 malorum
2557 4959 2714 5022 caput
2733 4957 2837 5014 est,
2868 4945 3058 5001 caelum
3084 4942 3251 4999 ebriis
3271 4941 3604 4995 inaccessum

2011 5051 2100 5105 hic
2144 5049 2365 5105 morbus
2409 5045 2607 5108 efficit,
2658 5055 2761 5096 nec
2804 5047 3006 5094 aeterna
3047 5035 3186 5090 bona
3227 5031 3439 5101 assequi
3481 5044 3607 5098 per-

2012 5143 2195 5204 mittit,
2223 5139 2316 5194 sed
2343 5146 2543 5209 praeter
2566 5134 2689 5188 vitae
2714 5131 2872 5200 hujus
2899 5127 3269 5198 opprobrium,
3291 5131 3348 5178 et
3373 5123 3484 5176 illic
3513 5119 3608 5174 tali

2014 5232 2205 5287 morbo
2256 5230 2562 5284 laborantes
2618 5238 2776 5292 pinna
2827 5228 3008 5276 manet
3057 5215 3409 5273 intoleranda.
3464 5211 3610 5266 lianc

2015 5327 2176 5396 igitur
2192 5323 2488 5393 improbam
2513 5316 2954 5374 consuetudinem
2972 5312 3294 5375 recidamus,
3312 5317 3367 5362 et
3388 5305 3606 5360 Paulum

2017 5417 2294 5473 audiamus
2322 5414 2612 5477 dicentem,
2652 5407 2781 5463 Vino
2825 5408 3024 5460 modico
3069 5414 3246 5457 ntere:
3286 5401 3460 5465 ipsum
3489 5403 3605 5449 ele-

2019 5514 2128 5567 nim
2171 5508 2438 5562 modicum
2484 5512 2704 5574 propter
2749 5500 3116 5554 infirmitatem
3153 5487 3428 5562 permisit:
3461 5487 3604 5557 quod

2085 5602 2102 5633 ι
2136 5598 2332 5671 Quidam
2355 5594 2656 5671 :‘Fugz'amus
2685 5589 2850 5653 igitur,
2876 5586 3088 5645 obsecro,
3120 5585 3318 5646 peccata
3360 5575 3608 5639 utrinque,

2021 5661 2687 5781 ὡς’ῗρδιῗῖίῖξῐῖιῗιῗὶιαρενανβ
2709 5718 2764 5781 ¹ει
2804 5705 3186 5781 animadvertere
3218 5718 3296 5755 eos
3331 5699 3610 5754 amittentes.

2023 5772 2308 5846 minimeque
2331 5794 2475 5844 super
2498 5772 2622 5839 ipsos
2639 5772 2832 5827 dotauit
2853 5781 3102 5820 memores.
