3998 6418
357 341 430 396 23

359 447 456 501 nisi
493 444 832 499 imbecillitas
862 448 1122 504 vexasset,
1161 454 1333 508 neque
1361 436 1626 492 modicum
1655 435 1938 489 admittere

359 539 675 608 discipulum
722 537 1001 605 coegisset.
1059 533 1281 601 Oportet
1327 531 1468 584 enim
1514 530 1666 583 nobis
1717 528 1939 581 traditos

357 631 506 686 cibos
543 641 599 684 et
632 640 788 698 potus
830 625 1156 696 temporibus
1195 635 1248 678 et
1284 624 1689 678 necessitatibus
1728 636 1940 690 semper

359 722 555 785 metiri,
599 731 652 776 et
695 721 992 774 nullatenus
1036 717 1404 770 necessitatem
1441 713 1720 775 excedere,
1768 727 1939 779 neque

359 813 725 883 imprudenter
751 820 803 866 et
822 818 1023 864 temere
1044 807 1168 875 quid
1197 806 1370 861 facere
1397 813 1625 873 Oportet.
1658 802 1761 857 Sed
1790 814 1939 872 post-

359 920 517 974 quam
547 903 694 956 Pauli
724 917 906 957 curam
951 911 1008 955 et
1043 899 1310 955 Timothei
1336 899 1584 951 virtutem
1623 895 1904 949 didicimus
1924 935 1939 961 ,

361 996 441 1050 eia
470 995 722 1062 deinceps
752 993 817 1047 ad
849 994 1016 1062 ipsam
1053 992 1404 1060 quznstionum
1433 990 1752 1042 solutionem
1781 987 1945 1040 duca-

361 1094 448 1139 tur
476 1086 666 1140 oratio.
696 1086 950 1151 Quaenam
997 1083 1155 1152 igitur
1191 1079 1542 1151 quaeruntur?
1571 1079 1762 1133 Iterum
1801 1079 1942 1133 enim

361 1175 540 1230 dicere
569 1175 926 1229 necessarium
957 1181 1060 1238 est,
1085 1183 1143 1227 ut
1169 1172 1366 1225 solutio
1387 1169 1715 1224 manifestior
1737 1167 1946 1222 efﬁcia-

362 1274 466 1320 tur.
499 1265 613 1332 Qua
641 1264 708 1319 de
745 1279 904 1318 causa
943 1273 1185 1317 sanctum
1225 1263 1404 1327 talem,
1452 1271 1594 1315 tanta
1631 1269 1943 1314 tractantem

364 1357 596 1427 negotia,
621 1356 673 1409 in
700 1355 942 1408 morbum
973 1355 1112 1407 Deus
1142 1353 1377 1407 incidere
1407 1351 1668 1420 permisit,
1697 1359 1752 1405 et
1775 1365 1946 1420 neque

364 1445 497 1515 ipse,
523 1460 697 1514 neque
719 1452 1013 1514 praeceptor
1033 1442 1395 1512 aegritudinem
1425 1458 1612 1496 curare
1642 1451 1944 1511 potuerunt,

363 1536 458 1591 sed
489 1535 704 1591 bibendi
732 1537 838 1590 vini
880 1536 1075 1590 auxilio
1101 1550 1234 1604 Opus
1273 1534 1606 1589 habuerunt?
1633 1534 1698 1588 Et
1725 1535 1945 1604 quaesita

365 1627 580 1695 quidem
609 1627 724 1683 hare
749 1635 937 1682 erant:
965 1634 1177 1697 oportet
1197 1635 1371 1680 autem
1401 1628 1566 1694 ipsam
1595 1626 1788 1680 inferre
1807 1626 1948 1679 solu-

365 1717 596 1781 tionem,
625 1728 684 1771 ut
711 1733 816 1771 non
859 1727 1063 1770 tantum
1103 1718 1146 1771 si
1178 1719 1266 1786 qui
1300 1716 1350 1770 in
1380 1717 1622 1771 morbum
1655 1727 1705 1771 et
1736 1717 1949 1786 mgritu-

366 1810 548 1864 dinem
575 1811 756 1876 talem,
791 1809 882 1864 sed
913 1820 966 1865 et
991 1811 1308 1880 quicumque
1337 1811 1388 1864 in
1419 1811 1719 1879 pauperiem
1751 1811 1950 1864 incide-

366 1901 476 1954 rint
500 1910 556 1955 et
577 1902 792 1964 famem,
815 1909 870 1954 et
895 1901 1122 1962 vincula.
1148 1911 1202 1955 et
1223 1910 1507 1965 tormenta,
1529 1910 1580 1955 et
1607 1901 1946 1962 tentationes,

364 2000 420 2046 ct
443 1993 759 2058 calumnias,
801 2002 1100 2060 cmteraque
1130 1993 1404 2061 praesentis
1432 1993 1552 2047 vitae
1592 1993 1946 2060 incommoda,

365 2083 532 2136 sancti
581 2083 737 2136 etiam
783 2082 958 2151 magni
999 2093 1054 2138 et
1102 2083 1442 2138 admirabiles
1489 2084 1624 2149 viri,
1675 2099 1742 2139 ex
1791 2086 1950 2140 rebus

365 2175 524 2229 hodie
566 2175 806 2229 dicendis
849 2176 1092 2230 idoneam
1123 2185 1177 2231 et
1215 2176 1700 2232 manifestissimam
1753 2178 1805 2231 in
1846 2178 1951 2232 illis

364 2281 577 2337 quoque
617 2267 982 2323 defensionem
1025 2277 1209 2323 contra
1264 2284 1515 2323 accusare
1573 2269 1811 2324 volentes
1867 2271 1950 2324 iu-

365 2358 548 2411 venire
576 2359 800 2428 possint.
832 2359 1025 2413 Multos
1068 2360 1208 2413 enim
1249 2360 1527 2414 audivistis
1563 2361 1684 2414 talia
1711 2377 1954 2430 quaeren-

369 2457 448 2502 tes
483 2448 660 2514 :Quid
689 2449 900 2503 tandem
934 2449 1023 2503 ille
1054 2449 1327 2504 modestus
1368 2460 1419 2504 et
1446 2461 1754 2506 mansuetus
1792 2453 1953 2507 homo

366 2538 435 2593 ab
457 2539 562 2592 alio
589 2539 820 2608 quodam
843 2539 1005 2609 impio
1031 2548 1087 2594 et
1112 2541 1352 2610 improbo
1373 2555 1470 2610 per
1497 2542 1734 2612 singulos
1761 2543 1874 2598 dies
1901 2543 1952 2598 in

364 2628 621 2698 judicium
649 2630 904 2696 trahitur,
934 2639 990 2685 et
1015 2631 1322 2686 innumeras
1353 2634 1550 2701 patitur
1578 2635 1867 2700 molestias,
1901 2644 1956 2689 et

371 2719 512 2772 Deus
544 2720 837 2788 permittit?
865 2735 1028 2790 quare
1065 2722 1199 2776 alter
1238 2732 1536 2789 accusatus,
1579 2723 1773 2792 injuste
1807 2741 1954 2780 mor-

370 2819 494 2866 tuus
522 2813 636 2866 est?
675 2812 770 2866 ille
807 2813 1118 2868 submersus
1165 2825 1267 2881 est,
1305 2815 1504 2885 inquit,
1535 2817 1672 2870 alius
1716 2820 1956 2888 praecipi-

372 2911 512 2958 tatus
542 2923 556 2958 :
584 2913 638 2958 et
666 2906 862 2960 multos
891 2921 1167 2976 possemus
1191 2906 1396 2962 referre
1425 2918 1639 2963 sanctos
1667 2920 1722 2964 et
1755 2914 1955 2966 nostris

373 3005 429 3051 et
458 2997 718 3067 majorum
765 3010 1069 3055 nostrorum
1110 3001 1459 3070 temporibus,
1489 3005 1578 3074 qui
1608 3005 1802 3060 multas
1836 3021 1956 3060 sus-

372 3088 645 3144 tinuerunt
706 3091 1112 3159 tribulationes,
1164 3093 1474 3150 differentes
1531 3107 1586 3151 et
1639 3097 1834 3152 varias.
1885 3097 1956 3153 Ut

369 3177 528 3247 igitur
558 3178 745 3234 horum
783 3182 1020 3236 omnium
1057 3183 1317 3238 rationem
1356 3185 1664 3252 videamus,
1696 3194 1750 3242 et
1781 3203 1955 3256 neque

369 3268 470 3337 ipsi
501 3272 873 3338 perturbemur
891 3314 908 3340 ,
937 3289 1109 3344 neque
1137 3275 1271 3330 alios
1297 3277 1685 3332 scandalizatos
1719 3280 1956 3350 negliga-

372 3376 512 3426 mus,
541 3378 682 3418 nunc
701 3363 942 3419 dicendis
969 3365 1375 3435 diligentissime
1403 3369 1760 3425 attendamus.

441 3451 493 3506 6.
519 3451 698 3508 Causa:
733 3460 888 3510 uariae
915 3473 1005 3510 cur
1031 3455 1170 3511 Deus
1192 3468 1392 3513 sanctos
1421 3461 1557 3514 mala
1583 3465 1776 3534 perpeti
1798 3465 1952 3520 sinat.

369 3541 616 3598 —Variae
659 3545 802 3598 enim
847 3556 902 3600 et
939 3547 1260 3604 omnimoda:
1305 3560 1610 3606 sanctorum
1655 3553 1954 3611 afﬂictionis

368 3648 559 3688 causas
593 3650 816 3690 numero
831 3641 957 3690 octo
977 3633 1222 3694 charitati
1259 3650 1450 3696 vestra:
1489 3643 1669 3699 dicere
1713 3661 1950 3714 possum.

370 3724 574 3781 idcirco
601 3741 787 3784 omnes
810 3743 929 3782 cum
955 3730 1223 3802 diligentia
1243 3733 1478 3788 animum
1499 3735 1956 3803 adhibete,scien-

370 3827 453 3874 tes
473 3820 612 3890 quod
641 3821 783 3876 nulla
808 3821 1059 3894 deinceps
1088 3825 1240 3883 nobis
1263 3827 1417 3880 venia
1439 3837 1493 3883 et
1516 3831 1790 3885 excusatio
1813 3831 1956 3887 dabi-

369 3921 476 3979 tur,
490 3911 534 3966 si
550 3911 616 3967 de
627 3913 1052 3983 contingentibus
1067 3917 1507 3983 scandalizemur,
1522 3921 1715 3992 quippe
1729 3923 1952 3992 quicum

367 4002 475 4056 sint
504 4011 608 4057 tam
630 4004 809 4060 multa:
829 4008 1080 4073 rationes,
1106 4017 1372 4079 tamquam
1395 4011 1537 4065 nulla
1557 4013 1645 4079 sit,
1669 4015 1739 4068 ita
1759 4016 1955 4070 tumui-

370 4101 579 4149 tuemur
597 4102 654 4150 et
665 4097 1056 4165 perturbemur.
1077 4098 1256 4168 itaque
1279 4101 1450 4168 prima
1469 4103 1681 4171 quidem
1707 4116 1786 4160 est
1808 4107 1952 4176 quod

369 4202 437 4241 ne
448 4186 600 4242 facile
612 4188 664 4242 in
680 4191 1033 4259 arrogantiam
1052 4199 1270 4260 propter
1284 4193 1594 4248 meritorum
1611 4204 1666 4249 et
1679 4196 1956 4252 miraculo-

370 4295 488 4332 rum
521 4281 933 4351 magnitudinem
965 4284 1236 4351 toiiantur,
1266 4285 1410 4355 ipsos
1439 4287 1580 4342 Deus
1605 4288 1745 4343 sinat
1767 4288 1948 4360 affligi.

370 4369 633 4436 Secunda,
662 4388 730 4426 ne
757 4375 935 4428 caeteri
965 4376 1221 4444 majorem
1251 4377 1481 4433 habeant
1507 4379 1574 4434 de
1594 4380 1722 4450 ipsis
1747 4381 1954 4451 opinio-

373 4477 512 4527 nem,
542 4479 700 4533 quam
732 4464 960 4519 humana
986 4468 1184 4535 patitur
1208 4478 1415 4536 natura,
1435 4473 1646 4541 etipsos
1666 4474 1817 4541 deos,
1845 4491 1950 4530 non

368 4561 549 4607 autem
590 4552 832 4609 homines
865 4571 984 4610 esse
1025 4558 1367 4614 arbitrentur.
1417 4560 1615 4629 Tertia,
1662 4575 1720 4620 ut
1759 4576 1813 4620 et
1857 4567 1952 4622 Dei

374 4642 542 4696 virtus
578 4653 832 4710 appareat
861 4659 956 4714 per
980 4656 1300 4715 aegrotantes
1330 4658 1386 4704 et
1408 4653 1758 4722 compeditos,
1790 4671 1954 4710 exsu-

375 4749 566 4803 perans
587 4735 888 4802 etvincens,
902 4752 966 4792 ac
979 4739 1408 4807 praedicationem
1421 4759 1639 4814 augens.
1659 4747 1877 4816 Quarta,
1895 4758 1954 4803 ut

373 4826 606 4892 ipsorum
635 4827 884 4896 patientia
913 4829 1242 4885 manifestior
1270 4832 1379 4897 ﬁat,
1400 4849 1503 4888 non
1525 4849 1740 4907 propter
1758 4855 1955 4896 merce-

370 4916 492 4970 dem
507 4915 779 4972 hominum
799 4920 907 4975 Deo
923 4921 1390 4990 servientium,sed
1408 4934 1460 4980 et
1479 4934 1674 4982 tantam
1699 4930 1956 4986 exhiben-

371 5005 502 5059 tium
530 5007 926 5076 gratitudinem,
945 5019 1002 5065 ut
1021 5020 1075 5066 et
1098 5021 1218 5081 post
1241 5021 1317 5067 tot
1340 5015 1479 5069 mala
1495 5016 1702 5072 sincera
1717 5021 1766 5073 in
1783 5021 1952 5089 ipsum

373 5096 739 5152 benevolentia
779 5101 1104 5157 ostendatur.
1139 5103 1352 5172 Quinta,
1387 5108 1531 5163 utde
1564 5113 1954 5170 resurrectione

370 5189 666 5258 cogitemus
687 5207 702 5244 :
723 5203 843 5244 cum
875 5193 1015 5247 enim
1040 5195 1211 5250 virum
1237 5197 1438 5266 justum
1463 5211 1517 5255 et
1543 5201 1705 5257 multa
1738 5205 1950 5274 plenum

375 5281 590 5346 virtute,
618 5280 892 5336 innumera
918 5301 1129 5354 passum
1149 5289 1305 5354 mala,
1329 5300 1385 5345 et
1411 5292 1494 5365 sic,
1515 5292 1636 5349 hinc
1655 5295 1950 5364 digressum

373 5371 590 5436 videris,
620 5373 704 5427 vel
736 5373 928 5429 invitus
956 5377 1023 5432 de
1047 5377 1225 5434 futuro
1251 5381 1321 5435 ibi
1344 5382 1544 5451 judicio
1569 5385 1770 5453 cogites
1795 5401 1952 5456 opor-

378 5465 471 5513 tet.
515 5460 570 5515 Si
608 5463 750 5518 enim
779 5480 876 5534 pro
907 5481 966 5522 se
987 5468 1142 5527 homo
1173 5471 1472 5527 laborantes
1492 5473 1608 5529 sine
1636 5478 1870 5545 prazmiis
1899 5487 1954 5533 ct

379 5549 722 5610 retributione
748 5556 894 5612 abire
935 5575 1040 5615 non
1081 5562 1339 5630 permittit
1372 5580 1386 5617 :
1415 5563 1583 5618 multo
1625 5567 1792 5634 magis
1835 5583 1948 5634 eos,

383 5641 470 5708 qui
489 5648 690 5697 tantum
715 5647 1106 5719 laboraverunt,
1126 5669 1412 5724 numquam
1439 5657 1776 5712 incoronatos
1790 5673 1962 5713 rema-

383 5741 509 5780 nere
528 5728 666 5784 Deus
695 5735 960 5796 decernet.
979 5743 1034 5799 Si
1057 5751 1234 5800 autem
1272 5747 1414 5819 ipsos
1446 5747 1686 5806 laborum
1729 5763 1945 5807 suorum

1085 326 1144 382 S.
1183 324 1458 381 JOANNIS
1495 321 1967 380 CHRYSOSTom
2006 319 2319 376 .-\l'tClllEP.
2361 321 2886 378 CONSTANTINOP.

3561 330 3634 384 24

2049 431 2396 488 retributione
2411 431 2622 502 privare
2656 433 2810 498 nolit,
2834 432 3055 487 omnino
3087 447 3308 489 necesse
3342 442 3424 490 est
3456 439 3632 506 quod-

2046 524 2167 578 dam
2209 524 2352 578 aliud
2399 535 2606 594 tempus
2641 541 2762 580 csse
2795 534 2916 594 post
2945 529 3288 595 prmsentium
3321 530 3500 595 finem,
3529 547 3637 600 quo

2047 616 2324 685 prmsentis
2342 617 2464 669 vita:
2485 616 2724 670 laborum
2745 617 3121 672 retributiones
3143 619 3420 685 recipiant.
3445 621 3633 683 Sexta,

2049 714 2108 760 ut
2132 721 2318 760 omnes
2338 707 2388 760 in
2411 722 2498 761 res
2522 707 2776 762 adversas
2796 707 3109 773 incidentes,
3135 710 3486 765 sufficientem
3507 727 3641 764 con-

2049 798 2365 852 solationem
2387 809 2441 852 et
2462 799 2844 867 mitigationem
2935 800 3186 866 habeant,
3219 801 3272 855 in
3302 817 3396 856 eos
3419 803 3639 872 respici-

2049 897 2218 952 entes,
2251 890 2592 944 etmalorum
2621 906 2740 960 qua:
2776 891 2905 960 ipsis
2943 892 3185 946 accidere
3223 909 3508 949 memores.
3542 896 3639 950 Se-

2051 979 2233 1047 ptima,
2254 995 2319 1034 ne
2344 980 2554 1048 quando
2575 983 2920 1035 exhortamur
2941 995 3034 1035 vos
3051 981 3116 1036 ad
3133 981 3344 1035 illorum
3363 986 3636 1052 virtutem,

2049 1077 2104 1122 et
2125 1070 2317 1138 cuique
2342 1070 2590 1137 dicimus,
2621 1069 2834 1126 Imitare
2860 1071 3079 1126 Paulum
3101 1114 3116 1139 ,
3150 1073 3358 1128 imitare
3393 1075 3634 1143 Petrum,

2051 1171 2268 1231 propter
2307 1172 2576 1232 gestorum
2613 1163 2995 1218 sublimitatem
3022 1164 3246 1220 alterius
3271 1167 3414 1236 ipsos
3431 1177 3638 1224 naturae

2053 1253 2342 1323 participes
2364 1253 2527 1310 fuisse
2551 1256 2866 1324 cogitantes,
2884 1256 2951 1310 ad
2978 1257 3325 1312 imitationem
3357 1261 3633 1329 torpeatis.

2051 1343 2268 1410 Octava,
2285 1345 2565 1414 utquando
2583 1346 2766 1400 beatos
2791 1347 2872 1402 vel
2895 1348 3121 1402 miseros
3141 1363 3362 1404 censere
3385 1359 3634 1418 oportet,

2051 1435 2317 1490 discamus
2338 1452 2472 1507 quos
2485 1437 2688 1503 beatos,
2712 1454 2845 1508 quos
2864 1441 3091 1496 miseros
3113 1451 3166 1496 et
3183 1458 3514 1498 aerumnosos
3535 1459 3636 1514 pu-

2053 1537 2166 1583 tare
2184 1529 2492 1585 debeamus.
2515 1531 2673 1601 Igitur
2685 1532 2766 1585 hac
2779 1527 2991 1602 quidem
3005 1543 3312 1589 suntcausae
3333 1553 3346 1589 :
3365 1535 3456 1590 sed
3477 1552 3641 1606 opor-

2056 1630 2128 1675 tet
2151 1637 2242 1675 eas
2271 1637 2460 1678 omnes
2486 1639 2553 1678 ex
2574 1624 2862 1695 Scripturis
2888 1626 3210 1681 confirmare
3233 1666 3248 1691 ,
3273 1636 3328 1682 et
3351 1627 3637 1698 diligenter

2053 1711 2421 1768 demonstrare
2440 1716 2616 1768 omnia
2640 1729 2797 1785 supra
2820 1715 2960 1771 dicta
2983 1733 3091 1772 non
3114 1717 3464 1773 humanarum
3486 1721 3637 1790 cogi-

2056 1804 2312 1858 tationum
2356 1805 2588 1872 inventa,
2619 1807 2714 1862 sed
2762 1808 3060 1862 divinarum
3098 1809 3490 1880 Scripturarum
3512 1826 3640 1865 seno

2057 1897 2246 1949 tentias
2270 1910 2407 1951 esse.
2440 1898 2528 1952 Sic
2551 1898 2691 1952 enim
2716 1909 2770 1954 et
2789 1900 2960 1954 oratio
2983 1901 3084 1954 erit
3104 1901 3257 1954 nobis
3283 1901 3386 1956 fide
3406 1901 3636 1972 dignior,

2054 1995 2108 2040 et
2147 1988 2337 2042 melius
2378 1989 2570 2044 animis
2617 1992 2810 2046 vestris
2853 1991 3122 2047 insidebit.
3168 1992 3321 2060 Quod
3368 1995 3640 2050 tribulatio

2054 2079 2266 2148 quidem
2311 2081 2548 2136 conferat
2590 2081 2693 2137 hoc
2730 2084 2950 2150 sanctis,
2978 2093 3035 2138 ut
3074 2085 3298 2139 modesti
3324 2085 3432 2140 sint
3460 2097 3515 2141 et
3537 2085 3642 2140 hu-

2057 2169 2230 2236 miles,
2271 2186 2366 2226 nec
2408 2172 2660 2228 inﬂentur
2702 2190 2769 2229 ex
2805 2175 2970 2245 gestis
3015 2184 3070 2230 et
3109 2176 3294 2246 signis,
3341 2189 3394 2231 et
3419 2187 3642 2248 propter

2058 2263 2160 2318 hoc
2185 2265 2354 2333 ipsam
2377 2269 2594 2323 evenire
2623 2268 2762 2323 Deus
2793 2269 3082 2337 permittat,
3127 2271 3442 2340 pr0phctam
3476 2271 3641 2325 David

2056 2365 2111 2408 et
2152 2355 2373 2410 Paulum
2423 2359 2607 2413 eadem
2656 2359 2895 2414 dicentes
2944 2361 3237 2416 audiamus.
3287 2362 3380 2416 ille
3425 2363 3639 2432 quidem

2057 2446 2186 2502 dicit
2216 2449 2450 2503 :Bonum
2497 2453 2640 2517 mihi,
2689 2452 2923 2519 Domine,
2968 2455 3086 2523 quia
3128 2455 3406 2508 humiliasti
3449 2472 3548 2520 me,
3585 2466 3643 2508 ut

2059 2537 2252 2592 discam
2265 2541 2656 2610 justi/icationes
2694 2553 2806 2596 tuas
2833 2542 2998 2613 (Psal.
3037 2545 3157 2598 “8.
3185 2544 3278 2611 7i)
3309 2562 3320 2597 :
3357 2544 3441 2598 hic
3461 2553 3640 2599 autem

2060 2630 2329 2698 praefatus,
2382 2632 2580 2704 Raptus
2623 2650 2734 2687 sum
2774 2635 2826 2687 in
2871 2635 3072 2688 tertium
3115 2636 3313 2700 caelum,
3341 2645 3385 2689 et
3415 2637 3466 2688 in
3491 2653 3644 2706 para-

2059 2719 2224 2774 disum
2259 2723 2768 2791 elatus;subintulit,
2792 2724 2856 2778 Et
2876 2742 2939 2778 ne
2955 2727 3312 2778 revelatiouum
3348 2727 3644 2797 magnitudo

2060 2811 2366 2866 extollatme
2391 2852 2406 2879 ,
2447 2813 2598 2868 datus
2641 2824 2712 2867 est
2743 2815 2866 2867 mihi
2914 2815 3148 2868 stimulus
3183 2817 3348 2870 carnis
3373 2857 3387 2879 ,
3433 2817 3644 2887 angelus

2063 2911 2272 2967 satame,
2298 2913 2350 2956 ut
2389 2920 2468 2956 me
2515 2906 2795 2974 colapltizet
2842 2906 2917 2978 (2.
2941 2905 3057 2961 Cor.
3116 2908 3202 2961 12.
3235 2907 3288 2961 2.
3319 2909 3370 2961 4.
3407 2908 3484 2974 7).
3509 2908 3643 2976 Quid

2062 2993 2163 3048 hoc
2195 2997 2462 3065 apertius?
2488 2997 2563 3051 Ne
2593 2999 2840 3064 extollar,
2890 2999 3076 3067 inquit.
3111 3009 3328 3068 propter
3373 2999 3474 3054 hoc
3519 3015 3642 3068 per-

2060 3087 2203 3140 misit
2235 3087 2371 3142 Deus
2401 3089 2618 3158 angelos
2659 3098 2861 3143 satanze
2906 3089 3245 3159 coiaphizare
3276 3106 3380 3144 me.
3408 3091 3647 3161 Angelos

2060 3186 2236 3232 autem
2264 3188 2482 3244 satanas,
2510 3195 2615 3234 non
2637 3179 2909 3235 dmmoncs
2937 3181 3142 3250 aliquos
3161 3182 3313 3246 dicit,
3345 3182 3437 3237 sed
3467 3182 3645 3236 homi-

2059 3284 2156 3322 nes
2179 3268 2393 3323 diabolo
2419 3271 2802 3337 ministrantes,
2827 3271 3068 3326 infideles
3097 3280 3371 3342 tyrannos,
3389 3273 3639 3343 gentiles,

2029 3337 2148 3428 .qui
2187 3361 2398 3415 assidue
2428 3361 2526 3430 ipsi
2568 3363 2776 3416 molesti
2814 3373 2985 3428 erant,
3029 3363 3307 3432 ipsumque
3351 3365 3636 3418 vexabant.

2060 3452 2211 3520 Quod
2259 3462 2435 3508 autem
2476 3455 2606 3508 dicit
2649 3453 2951 3524 hujusmodi
3000 3465 3084 3509 est
3118 3474 3131 3510 :
3164 3452 3406 3520 Poterat,
3450 3455 3645 3526 inquit,

2064 3545 2202 3598 Deus
2225 3546 2502 3600 continere
2524 3548 2964 3615 persequutiones
2991 3557 3045 3602 et
3071 3563 3337 3602 aerumnas
3365 3548 3643 3611 assiduas;

2059 3633 2154 3688 sed
2183 3635 2432 3704 quoniam
2464 3635 2516 3689 in
2544 3637 2759 3690 tertium
2787 3646 2970 3706 raptus
2999 3637 3071 3690 fui
3096 3639 3305 3700 caelum,
3336 3648 3390 3692 et
3417 3639 3468 3692 in
3499 3653 3649 3708 para-

2059 3723 2233 3778 disum
2258 3724 2486 3791 delatus,
2512 3742 2579 3781 ne
2623 3727 2812 3782 harum
2853 3729 3217 3797 magnitudine
3261 3731 3643 3787 revelationum

2058 3817 2282 3872 extollar
2309 3827 2363 3873 et
2387 3819 2548 3874 altum
2572 3820 2796 3889 sapiam,
2817 3822 3508 3892 permisitpersequutiones
3525 3825 3642 3890 has,

2057 3917 2110 3964 et
2133 3909 2322 3979 angelo
2348 3919 2548 3965 satana:
2586 3927 2684 3982 per
2727 3915 3168 3982 persequutiones
3195 3924 3251 3969 et
3277 3916 3646 3974 tribulatiooes

2057 4014 2145 4053 me
2174 3999 2531 4068 colaphizarc,
2565 4017 2633 4056 ne
2657 4002 2902 4056 extollar.
2935 4002 3049 4056 Etsi
3078 4003 3221 4058 enim
3265 4008 3436 4060 sancti
3465 4017 3520 4062 et
3547 4008 3646 4063 ad-

2057 4092 2332 4147 mirabiles
2357 4094 2463 4148 sint
2490 4095 2683 4149 Paulus
2705 4105 2758 4150 et
2789 4095 2996 4163 Petrus,
3022 4105 3078 4150 et
3105 4112 3294 4152 omnes
3319 4100 3646 4170 quicumque

2057 4187 2211 4251 tales,
2260 4196 2438 4242 tamen
2488 4189 2731 4244 homines
2753 4197 2896 4255 sunt,
2939 4199 2995 4244 et
3042 4190 3222 4245 multa)
3265 4191 3544 4258 cautionis,
3576 4209 3647 4249 ne.

2060 4276 2214 4333 facile
2242 4279 2593 4346 extollantur,
2628 4280 2886 4350 indigent,
2907 4289 2958 4336 et
2987 4281 3223 4336 maxime
3253 4283 3489 4336 omnium
3517 4299 3644 4338 san-

2056 4369 2128 4422 cti
2157 4387 2171 4422 :
2202 4369 2330 4424 nihil
2371 4371 2518 4425 enim
2559 4371 2636 4426 sic
2664 4371 2718 4426 in
2749 4373 3105 4442 arrogantiam
3133 4373 3392 4428 extollere
3417 4388 3647 4429 consue-

2055 4459 2151 4525 vit,
2201 4470 2260 4514 ut
2295 4464 2606 4517 meritorum
2655 4464 2807 4532 plena
2850 4463 3200 4530 conscientia,
3223 4474 3278 4519 et
3299 4465 3475 4520 anima
3519 4482 3644 4522 cum

2057 4551 2249 4606 ﬁducia
2279 4555 2481 4608 vivens.
2507 4554 2584 4610 Ne
2603 4555 2728 4624 quid
2771 4555 2930 4624 igitur
2967 4555 3071 4609 tale
3097 4556 3169 4609 illi
3202 4556 3490 4624 patiantur,
3522 4565 3644 4611 ten-

2058 4647 2286 4702 tationes
2313 4655 2368 4701 et
2395 4647 2764 4723 tribulationes
2791 4663 2912 4703 esse
2949 4648 3235 4712 concessit,
3278 4663 3396 4716 qua:
3424 4659 3647 4717 possent

2059 4738 2201 4807 ipsos
2243 4740 2512 4810 corripere
2556 4741 2789 4812 ipsisque
2832 4740 3186 4810 persuadere,
3210 4749 3268 4794 ut
3307 4740 3358 4795 in
3393 4742 3647 4798 omnibus

2057 4832 2330 4888 moderate
2354 4844 2594 4904 agerent.
3043 4908 3049 4915 _

2130 4927 2181 4980 7.
2212 4927 2364 4994 Quod
2393 4936 2573 4983 autem
2623 4929 2691 4984 ad
2742 4928 3210 4984 demonSIrandam
3247 4929 3338 4984 Dei
3381 4929 3633 4983 virtutem

2060 5017 2161 5071 hoc
2204 5034 2525 5088 magnopere
2567 5019 2836 5086 conferat,
2868 5030 2922 5075 et
2954 5021 3053 5073 hoc
3091 5021 3160 5074 ab
3185 5019 3373 5074 eodem
3403 5020 3649 5089 apostolo

2057 5108 2231 5173 disce,
2258 5111 2346 5179 qui
2376 5110 2519 5178 prius
2547 5110 2647 5164 hoc
2671 5110 2896 5164 dixerat.
2925 5111 3002 5164 Ne
3026 5111 3169 5165 enim
3195 5110 3370 5175 dicas,
3403 5111 3542 5180 quod
3567 5111 3648 5168 iu.-

2058 5199 2242 5255 ﬁdeies
2263 5209 2465 5270 putant,
2493 5202 2655 5255 Deum
2688 5202 2808 5256 talia
2833 5203 3223 5272 permittentem
3245 5201 3474 5256 debilem
3501 5217 3644 5266 esse,

2061 5309 2160 5348 nec
2186 5308 2312 5349 suos
2343 5295 2590 5363 periculis
2630 5296 2838 5365 eripere
2882 5310 3073 5363 posse,
3105 5294 3249 5364 quod
3301 5295 3446 5364 ipsos
3483 5293 3648 5364 afﬂigi

2057 5385 2307 5440 continue
2331 5387 2506 5440 sinat:
2535 5386 2638 5442 hoc
2661 5387 2936 5442 considera
2954 5429 2969 5453 ,
3001 5387 3271 5456 quomodo
3299 5403 3391 5456 per
3416 5386 3530 5442 base
3551 5386 3648 5442 de-

2060 5481 2366 5534 monstrarit
2392 5479 2586 5536 Paulus
2604 5524 2619 5547 ,
2644 5497 2746 5537 non
2769 5491 2969 5536 tantum
2996 5499 3113 5552 qua:
3139 5483 3326 5538 fierent
3355 5483 3518 5552 ipsius
3547 5483 3649 5536 im-

2059 5571 2401 5627 becillitatem
2425 5588 2529 5627 non
2554 5589 2808 5645 arguere,
2834 5576 2926 5630 sed
2955 5576 3181 5647 amplius
3205 5577 3494 5646 potentiam
3521 5592 3644 5631 om-

2058 5665 2214 5720 nibus
2248 5674 2533 5720 ostentare.
2565 5665 2698 5721 Cum
2743 5668 2882 5721 enim
2928 5668 3149 5723 dixisset
3182 5687 3195 5723 :
3226 5669 3391 5722 Datus
3420 5677 3492 5722 est
3518 5669 3643 5721 mihi

2068 5755 2300 5810 stimulus
2322 5759 2507 5825 carnis,
2527 5757 2733 5830 angelus
2753 5768 2961 5826 satana,
2990 5769 3043 5813 ut
3061 5775 3139 5813 me
3157 5758 3460 5831 colaphum,-
3482 5769 3534 5814 et
3557 5757 3641 5814 his
