3998 6430
240 342 319 398 93
1034 334 1092 389 S.
1129 329 1414 388 JOANNIS
1454 323 1951 384 CllllYSOSTOﬂl
1991 323 2316 380 ARClllEP.
2364 318 2918 379 CONSTANTINOP.
3640 319 3715 375 εδ

241 455 527 522 ἀπέδειξεν
576 455 606 506 6
652 452 881 517 Παῦλος,
930 450 1160 514 δεικνὺς,
1212 449 1294 501 ὅτι
1339 448 1400 501 οὑ
1440 446 1601 518 μόνον
1635 442 1921 499 ἀσθένειαν

242 542 410 597 αὐτοῦ
432 542 492 596 οὑ
508 540 882 613 κατηγορεῖτά
902 537 1179 607 γινόμενα,
1202 534 1338 588 ἀλλά
1360 534 1454 588 καὶ
1473 531 1733 604 μειζόνως
1754 528 1921 584 αὐτοῦ

241 631 345 701 τὴν
381 629 612 700 δύναμιν
644 626 1005 682 ἐπιδείκνυται
1033 625 1226 676 πᾶσινο
1253 621 1422 676 εἰπὼν
1442 622 1571 693 γὰρ,
1590 621 1672 673 ὅτι
1713 613 1919 684 Ἐδόθη

236 734 344 787 μοι
375 716 620 783 σκόλοψ¹
646 712 720 783 τῇ
744 712 944 781 σαρκί,
977 710 1234 779 ἄγγελος
1265 708 1483 770 σατᾶν,
1510 707 1611 760 ἵνα
1633 721 1712 774 με
1744 707 1925 759 κολα-

241 802 404 873 φίζῃ·
428 804 520 857 καὶ
541 803 665 865 τοὺς
687 800 1021 871 ἐπαλλήλους
1064 798 1402 868 πειρασμοὺς
1422 795 1509 848 διὰ
1538 794 1728 848 τούτου
1754 791 1927 864 δηλώο

246 883 369 955 σας,
398 892 706 962 ἐπήγαγεν·
750 888 808 940 Ὺ
807 886 919 955 πὲρ
965 887 1180 939 τούτου
1212 885 1342 952 τρὶς
1381 882 1490 936 τὸν
1525 883 1744 949 Κύριον
1773 894 1922 947 παρα

241 978 527 1040 ἐκάλεσα,
559 977 660 1030 ἵνα
682 973 925 1042 ἀποστῇ
944 975 1046 1028 ἀπ’
1073 971 1248 1042 ἐμοῦ·
1286 971 1383 1025 καί
1409 968 1542 1026 εἶπέ
1562 984 1692 1039 μοι’
1737 966 1928 1037 Ἀρκεῖ

241 1080 341 1120 σοι
364 1066 401 1132 ἡ
427 1064 598 1134 χάρις
608 1079 747 1135 μου·
770 1063 809 1131 ἠ
834 1064 942 1133 γὰρ
959 1061 1212 1131 δύναμίς
1225 1078 1343 1130 μου
1363 1060 1435 1114 ἐν
1445 1059 1730 1125 ἀσθενείᾳ
1741 1060 1926 1111 τελει-

240 1151 433 1207 οῦται.
462 1152 506 1203 Τ
509 1152 597 1204 ότε
626 1169 726 1221 μου
751 1150 1024 1203 δείκνυται
1048 1150 1081 1220 ή
1109 1149 1358 1219 δύναμις,
1391 1146 1575 1218 φησὶν,
1615 1147 1743 1199 ὅταν
1766 1144 1926 1214 ὑμεῖς

240 1240 302 1290 ἐν
322 1237 578 1308 ἀσθενείᾳ
606 1233 703 1310 ἦτε
726 1254 740 1269 ο
775 1238 872 1291 καὶ¹
894 1237 960 1290 δι’
990 1235 1143 1307 ὑμῶν
1162 1236 1272 1289 τῶν
1298 1235 1601 1289 δοκούντων
1625 1232 1871 1288 ἀσθενεῖν
1896 1235 1927 1287 6

241 1324 335 1378 τοῦ
371 1325 720 1397 κηρύγματος
755 1325 978 1391 αὑξεται
999 1325 1173 1393 λόγος,
1209 1325 1303 1378 καὶ
1330 1322 1603 1394 πανταχοῦ
1634 1319 1928 1376 κατασπείο

244 1428 417 1481 ρεται.
442 1420 445 1423 ’
465 1417 565 1466 υτε
587 1412 716 1482 γοῦν
732 1416 810 1477 εἰς
827 1414 886 1467 τὸ
901 1414 1271 1484 δεσμωτήριον
1292 1413 1491 1482 μυρίας
1512 1410 1689 1463 λαϐὼν
1706 1408 1923 1479 πληγὰς

244 1497 563 1568 εἰσηνέχθη,
603 1498 694 1553 τὸν
730 1499 1116 1569 δεσμοφύλακα
1144 1500 1330 1570 ἔδησεν
1351 1515 1364 1528 ο
1400 1500 1458 1551 ἐν
1503 1496 1582 1568 τῷ
1615 1495 1757 1567 ξύλῳ
1783 1491 1923 1565 ἦσαν

241 1584 293 1636 οἱ
326 1584 503 1649 πόδες.
555 1586 613 1639 ὲν
652 1588 719 1657 τῇ
752 1586 940 1639 ἁλύσει
983 1588 1038 1639 αἰ
1073 1590 1272 1657 χεῖρες,
1319 1586 1411 1638 καὶ
1446 1584 1505 1638 τὸ
1547 1584 1922 1655 δεσμωτήριον

241 1672 450 1725 ἐσείετο
494 1672 637 1727 κατὰ
668 1674 839 1746 μέσην
876 1674 974 1745 τὴν
1002 1673 1195 1736 νύκτα,
1232 1672 1543 1745 ὑμνούντων
1572 1671 1773 1726 αὐτῶν.

324 1757 486 1831 Ὁρᾷς
521 1759 639 1824 πῶς
669 1765 702 1831 ή
738 1761 967 1832 δύναμις
1001 1761 1165 1816 αὐτοῦ
1210 1764 1269 1814 ἐν
1303 1760 1554 1832 ἀσθενείᾳ
1589 1757 1918 1825 ἐτελειοῦτο;

240 1845 305 1898 Εἰ
324 1841 392 1918 ἦν
419 1847 707 1919 λελυμένος
729 1853 755 1902 6
774 1849 1004 1913 Παῦλος,
1025 1851 1116 1903 καὶ
1135 1850 1343 1903 ἔσεισεν
1359 1861 1385 1889 ι
1411 1852 1588 1903 ἐκεῖνο
1608 1848 1668 1902 τὸ
1691 1848 1927 1919 οἴκημα,

239 1933 341 1986 οὐκ
368 1930 433 2006 ἦν
465 1936 606 1988 οὕτω
645 1936 956 2008 θαυμαστὸν
983 1937 1044 1990 τὸ
1085 1938 1388 2007 γινόμενον.
1421 1938 1521 1989 Διά
1547 1936 1723 1999 τοῦτο,
1763 1935 1918 2007 φησὶ,

245 2021 372 2089 μένε
409 2023 714 2092 δεδεμένος,
760 2024 855 2077 καὶ
911 2024 1323 2078 σαλευέσθωσαν
1358 2026 1407 2078 οἱ
1434 2028 1604 2095 τοῖχοι
1631 2022 1916 2088 πάντοθεν,

240 2109 335 2161 καὶ
363 2108 672 2164 λυέσθωσαν
697 2114 745 2165 οί
772 2112 1068 2183 δεσμῶται,
1100 2113 1186 2167 ἴνα
1215 2111 1531 2184 μειζόνωςή
1557 2111 1784 2181 δύναμίς
1815 2127 1918 2181 μου

240 2197 495 2269 φαίνηται
516 2199 603 2253 διὰ
628 2204 722 2254 σοῦ
743 2202 836 2255 τοῦ
861 2205 1228 2276 κατεχομένου
1252 2204 1347 2258 καὶ
1385 2202 1915 2274 συμπεποδισμένου,

237 2284 348 2339 τῶν
373 2285 672 2358 δεδεμένων
698 2289 974 2363 λυομένων
1012 2291 1291 2345 ἀπάντων.
1331 2292 1503 2345 Τοῦτο
1537 2287 1630 2345 οῦν
1669 2290 1801 2344 αὐτὸ
1824 2291 1920 2344 καὶ

236 2374 328 2426 τὸν
355 2373 741 2444 δεσμοφύλακα
764 2377 1026 2449 ἐξέπληξε
1048 2379 1193 2439 τότε,
1221 2380 1303 2432 δτι
1328 2379 1464 2449 μετά
1487 2377 1758 2449 τοσαύτης
1786 2392 1921 2429 κατέ

237 2460 497 2531 εχόμενος
533 2465 799 2535 ἀνάγκης,
855 2464 920 2518 δι’
947 2466 1112 2536 εὐχῆς
1145 2467 1314 2536 μόνης
1341 2468 1524 2536 ἴσχυσε
1568 2466 1667 2535 μὲν
1705 2464 1919 2530 τινάξαι

236 2548 304 2600 τὰ
333 2546 576 2617 θεμέλια,
605 2550 942 2605 ἀναπετάσαι
968 2552 1023 2605 δὲ
1058 2554 1156 2616 τὰς
1189 2551 1360 2624 θύρας
1388 2552 1481 2605 τοῦ
1515 2551 1914 2624 δεσμωτηρίου,

236 2635 329 2688 καὶ
346 2635 502 2691 λῦσαι
520 2639 647 2702 τοὺς
658 2639 970 2711 δεδεμένους
988 2640 1253 2705 ἅπαντας.
1271 2642 1384 2694 Οὐκ
1405 2640 1638 2694 ἐνταῦθα
1656 2640 1711 2693 δέ
1733 2641 1914 2711 μόνον,

235 2725 370 2778 ἀλλά
396 2728 489 2780 καλ¹
514 2729 608 2782 ἐπὶ
637 2729 865 2797 Πέτρου,
891 2730 987 2783 καὶ
1012 2730 1101 2783 ἐπ’
1130 2730 1295 2783 αὐτοῦ
1320 2729 1413 2782 τοῦ
1438 2728 1676 2792 Παύλου,
1706 2730 1798 2783 καὶ
1825 2730 1917 2783 ἐπὶ

233 2814 343 2867 τῶν
384 2814 559 2869 ἄλλων
593 2816 650 2869 δὲ
684 2818 996 2871 ἀποστόλων
1032 2818 1129 2871 ἴδοι
1176 2835 1260 2881 τις
1306 2816 1372 2871 ἂν
1414 2817 1712 2888 συμϐαῖνον
1758 2815 1916 2871 τοῦτο

235 2902 493 2972 συνεχῶς,
525 2906 619 2957 καὶ
645 2907 760 2968 τοῖς
783 2905 1042 2977 διωγμοῖς
1064 2907 1164 2976 τὴν
1182 2905 1341 2977 χάριν
1365 2905 1459 2959 τοῦ
1483 2904 1620 2959 Θεοῦ
1646 2906 1734 2959 ἀεὶ
1757 2906 1917 2960 ἐπαν-

234 2986 457 3055 θοῦσαν,
480 2992 574 3046 καὶ
596 2995 716 3058 ταῖς
741 2984 953 3063 θλίψεσι
982 2994 1493 3065 παραφαινομένην,
1522 2996 1616 3047 καὶ
1643 2993 1786 3048 οὕτω
1814 2995 1914 3066 τὴν

232 3076 461 3149 δύναμιν
494 3080 660 3135 αὐτοῦ
686 3082 1082 3153 κηρύττουσαν.
1118 3083 1319 3155 Διόπερ
1353 3083 1562 3153 ἔλεγεν,
1600 3084 1789 3154 Ἀρκεῖ
1812 3100 1913 3139 σοι

235 3163 272 3232 ἡ
298 3163 471 3234 χάρις
483 3185 625 3237 μου·
648 3170 687 3237 ἡ
705 3169 813 3238 γὰρ
839 3169 1091 3239 δύναμίς
1112 3188 1232 3240 μου
1255 3170 1326 3224 ἐν
1347 3172 1631 3239 ἀσθενείᾳ
1653 3172 1915 3227 τελειοῦ-

232 3268 347 3309 ται.
384 3253 505 3307 Ὅτι
536 3255 593 3309 δὲ
618 3257 710 3310 καὶ
733 3256 957 3329 μείζονα
989 3258 1088 3329 τῆς
1116 3258 1463 3331 ἀνθρωπίνης
1492 3259 1707 3328 φύσεως
1728 3260 1913 3314 πολλοὶ

232 3340 491 3408 πολλάκις
521 3344 743 3416 ἔμελλον
774 3348 1100 3402 ὑποπτεύειν
1123 3350 1251 3420 περὶ
1270 3349 1471 3413 αὐτῶν,
1505 3351 1552 3402 εί
1576 3350 1650 3422 μὴ
1675 3352 1913 3405 τοσαῦτα

232 3428 543 3500 πάσχοντας
564 3433 771 3507 ἐώρων,
801 3434 1033 3489 ἄκουσον
1068 3435 1187 3499 πῶς
1208 3437 1341 3489 αὐτὸ
1363 3435 1598 3492 δέδοικεν
1625 3440 1653 3492 6
1680 3439 1910 3505 Παῦλος.

244 3519 382 3574 Ἐὰν
397 3520 507 3592 γὰρ
521 3521 617 3574 καὶ
635 3524 893 3593 θελήσω,
921 3527 1074 3597 φησι,
1099 3526 1548 3597 καυχήσασθαι,
1572 3532 1682 3584 οὐκ
1699 3530 1915 3601 ἔσομαι

230 3605 454 3676 ἄφρων·
488 3609 759 3681 φείδομαι
786 3612 873 3676 δὲ,
895 3612 1089 3683 μήτις
1115 3618 1204 3682 εἰς
1220 3615 1326 3685 ἐμὲ
1356 3618 1676 3687 ,λογίσηται
1699 3619 1852 3689 ὑπὲρ
1878 3620 1911 3675 δ

225 3693 447 3758 βλέπει
476 3713 574 3764 με,
615 3697 655 3767 ἣ
686 3699 891 3754 ἀκούει
931 3718 987 3754 τι
1017 3702 1088 3766 ἐξ
1110 3701 1280 3772 ἐμοῦ.
1318 3702 1382 3755 Τί
1410 3704 1466 3757 δέ
1495 3706 1643 3759 ἐστιν
1670 3706 1698 3759 ὃ
1726 3707 1908 3776 λέγεις

246 3781 573 3854 Ἠδυνάμην,
621 3788 776 3856 φησὶ,
818 3788 997 3860 πολλῷ
1024 3790 1246 3855 μείζονα
1282 3790 1538 3864 θαύματα
1571 3798 1763 3859 εἰπεῖν,
1796 3797 1910 3852 ἀλλ’

229 3869 291 3922 οὑ
314 3867 595 3944 βούλομαι,
621 3875 828 3946 μήποτε
853 3875 899 3948 [l
916 3877 968 3951 l]
988 3877 1048 3932 τὸ
1066 3878 1294 3950 μέγεθος
1309 3880 1418 3935 τῶν
1435 3883 1677 3955 σημείων
1690 3884 1912 3956 μείζονα

229 3959 362 4029 περὶ
377 3958 510 4030 ἐμοῦ
527 3964 638 4026 τοῖς
658 3963 965 4035 ἀνθρώποις
992 3967 1248 4024 ὑπόνοιαν
1264 3974 1614 4045 παραστήσῃ.
1638 3975 1736 4028 Διὰ
1753 3975 1912 4029 τοῦτο

228 4045 323 4098 καὶ
354 4046 404 4099 οἱ
433 4049 563 4119 περὶ
589 4050 681 4104 τὸν
705 4053 934 4124 Πέτρον,
974 4057 1165 4127 ἐπειδὴ
1190 4058 1283 4111 τὸν
1304 4059 1476 4128 χωλὸν
1502 4060 1787 4132 ῶρθωσαν,
1815 4065 1912 4119 καὶ

227 4135 430 4200 πάντες
451 4132 594 4208 ἦσαν
621 4142 909 4211 κεχηνότες
932 4144 1069 4215 πρὸς
1089 4146 1307 4211 αὐτοὺς,
1334 4148 1789 4214 καταστέλλοντες
1808 4153 1910 4205 αὐ-

227 4222 376 4286 τοὺς,
406 4225 502 4277 καὶ
528 4226 806 4293 πείθοντες
833 4229 909 4293 ῶς
937 4231 1090 4285 οὐδὲν
1122 4232 1253 4304 παρ’
1283 4233 1512 4299 ἑαυτῶν,
1557 4236 1679 4289 οὐδέ
1700 4236 1911 4297 οἴκοθεν

228 4309 590 4379 ἐπεδείξαντο.
618 4315 858 4386 λέγουσι·
896 4320 958 4375 Τι
984 4319 1130 4390 ἡμῖν
1154 4319 1461 4383 ἀτενίζὲτε,
1487 4323 1566 4390 ὡς
1597 4324 1714 4393 ἰδίᾳ
1738 4325 1910 4381 δυνά-

228 4412 322 4464 μει
356 4397 396 4467 ἢ
429 4401 704 4470 εὐσεϐείᾳ
747 4408 1109 4474 πεποιηκόσι
1153 4409 1261 4464 τοῦ
1301 4411 1649 4479 περιπατεῖν
1686 4415 1909 4481 αὐτόν;

227 4481 335 4536 Καὶ
373 4485 534 4540 πάλιν
567 4491 625 4541 ἐν
664 4490 930 4562 Λύστροις
973 4495 1034 4546 οὐ
1082 4495 1242 4564 μόνον
1277 4491 1418 4567 ἦσαν
1443 4498 1906 4572 ἐκπεπληγμένοι,

226 4575 367 4631 ἀλλὰ
407 4579 503 4630 καὶ
546 4578 784 4648 ταύρους
821 4581 1266 4649 στεφανώσαντες
1305 4583 1565 4654 ἤνεγκαν,
1604 4590 1701 4642 καὶ
1745 4591 1907 4648 θῦσαι

226 4664 548 4738 ἐπεχείρουν
590 4666 669 4738 τῷ
704 4667 903 4741 Παύλῳ
936 4671 1031 4723 καὶ
1061 4671 1138 4741 τῷ
1171 4672 1447 4746 Βαρνάϐᾳ.
1485 4675 1630 4746 Ὅρα
1660 4677 1905 4735 διαϐόλου

225 4754 594 4827 κακουργίαν·
632 4757 700 4811 δι’
744 4751 820 4811 ὧν
867 4761 896 4812 6
936 4759 1141 4831 Κύριος
1176 4760 1476 4828 ἐσπούδαζε
1511 4763 1613 4837 τὴν
1651 4767 1907 4825 ἀσέϐειαν

223 4843 670 4919 ἐκκαθάραι,τῆς
706 4850 1066 4922 οἰκουμένης,
1108 4850 1199 4905 διὰ
1236 4850 1441 4907 τούτων
1477 4854 1648 4926 αὐτὴν
1700 4857 1906 4924 ἐκεῖνος

222 4936 538 5004 εἰσαγαγεῖν
572 4937 891 5019 ἐσπούδαζε,
940 4942 1103 4997 πάλιν
1140 4943 1343 4999 πείθων
1383 4945 1707 5019 ἀνθρώπους
1747 4952 1905 5017 θεοὺς

221 5021 479 5110 νομίζειν,
506 5022 537 5076 δ
574 5011 669 5079 καὶ
701 5028 760 5083 ἐν
790 5031 906 5094 τοῖς
933 5029 1243 5103 ἔμπροσθεν
1282 5011 1503 5104 χρόνοις
1519 5011 1761 5110 ἐποίησε.
1792 5011 1903 5096 Καί

219 5108 394 5202 τοῦτοΔ
418 5112 654 5202 μάλιστά
696 5116 863 5183 ἐστιν,
899 5118 927 5171 ὃ
967 5120 1067 5191 τῆς
1102 5121 1547 5199 εἰδωλολατρείας
1727 5129 1901 5202 ἀρχὴν

220 5197 316 5289 καὶ
343 5197 444 5271 τὴν
466 5200 622 5273 ῥίζαν
649 5203 934 5274 εἰσήγαγε.
952 5207 1145 5263 Πολλοὶ
1167 5210 1276 5284 γὰρ
1302 5197 1406 5268 καὶὴ
1417 5197 1687 5287 πολέμους

220 5284 514 5354 θώσαντες,
545 5290 640 5345 καὶ
672 5292 904 5363 τρόπαια
939 5296 1254 5367 στήσαντες,
1280 5302 1377 5356 καὶ
1405 5284 1590 5369 πόλεις
1612 5284 1901 5379 οἰκοδομή-

220 5391 431 5446 σαντες,
463 5379 559 5433 καὶ
589 5379 752 5452 ἓτερά
779 5399 900 5436 τινα
915 5384 1137 5441 τοιαῦτα
1158 5390 1270 5453 τοῖς
1305 5391 1426 5444 τότε
1452 5391 1481 5431 δ
1514 5394 1902 5466 εὐεργετήσαν-

216 5476 328 5525 τες,
361 5464 472 5518 θεοὶ
502 5469 653 5540 παρά
676 5472 789 5533 τοῖς
820 5470 1035 5536 πολλοῖς
1063 5475 1445 5548 ἐνομίσθησαν,
1492 5481 1588 5535 καὶ
1614 5464 1772 5547 ναοῖς
1791 5485 1898 5538 ἐτι-

221 5550 473 5640 μήθησαν
505 5555 600 5608 καὶ
632 5557 856 5628 βωμοῖς,
889 5561 985 5615 καὶ
1035 5565 1143 5627 πᾶς
1176 5567 1205 5618 6
1242 5566 1352 5621 τῶν
1391 5568 1722 5640 Ἑλληνικῶν
1759 5570 1898 5626 θεῶν

217 5638 519 5708 κατάλογος
539 5645 645 5698 ἀπὸ
676 5647 881 5703 τούτων
912 5650 1197 5720 σύγκειται
1225 5653 1334 5707 τῶν
1356 5656 1679 5729 ἀνθρώπων.

289 5727 406 5783 Ἵνα
420 5724 513 5783 οῦν
545 5733 619 5804 μὴ
647 5735 739 5787 καὶ
764 5735 858 5789 ἐπὶ
884 5738 991 5791 τῶν
1009 5740 1181 5809 ἁγίων
1205 5740 1361 5797 τοῦτο
1387 5744 1632 5817 γένηται,
1657 5750 1913 5820 συνεχώ·’

215 5829 384 5887 ρησεν
426 5817 625 5882 αὐτοὺς
662 5820 976 5878 ἐλαύνεσθαι
1011 5826 1272 5896 συνεχῶς,
1305 5831 1686 5904 μαστίζεσθαι,
1710 5817 1893 5910 ἀρρω-

283 5939 308 5966 .
335 5938 430 5989 Alii
453 5942 534 5990 καὶ
556 5942 756 5994 ἐσείετο.

160 6000 165 6003 λ
279 5997 307 6038 δ
329 6000 427 6051 Alli
451 6004 558 6060 τοὺς
578 6007 703 6055 τότε.

2031 438 2206 502 στίαις
2253 438 2637 511 περιπίπτειν,
2680 436 2768 491 ἵνα
2809 437 2844 508 ἡ
2882 434 2984 503 τῆς
3035 434 3353 505 σωματικῆς
3400 434 3717 505 ἀρρωστίας

2030 526 2303 598 ὑπερϐολὴ
2337 537 2358 565 ο
2404 525 2638 581 καὶτῶν
2682 521 3007 595 πειρασμῶν
3054 521 3115 575 τὸ
3156 521 3358 592 πλῆθος
3390 521 3555 595 πείσῃ
3584 522 3713 586 τοὺς

2032 615 2301 688 παρόντας
2346 614 2486 676 τότε,
2524 615 2607 668 ὃτι
2647 614 2741 667 καὶ
2786 611 3063 682 ἄνθρωποι
3108 606 3247 681 ἦσαν
3275 612 3326 664 οἱ
3372 612 3441 666 τά
3486 610 3715 665 τοιαῦτα

2029 700 2603 774 θαυματουργοῦντες,
2641 702 2737 756 καὶ
2793 700 2946 754 οὐδὲν
2997 699 3126 770 παρ’
3163 698 3375 753 ἑαυτῶν
3407 699 3712 770 εἰσέφερον,

2027 788 2165 842 ἀλλά
2191 791 2374 861 γυμνὴ
2397 792 2431 862 ή
2459 790 2619 863 χάρις
2642 789 2708 842 δι’
2737 788 2961 842 ἐκείνων
2982 788 3161 842 πάντα
3184 785 3489 858 εἰργάζετο.
3518 787 3583 840 Εἰ
3604 787 3715 861 γὰρ

2024 881 2153 942 τοὺς
2198 878 2372 951 μικρά
2418 882 2515 934 καὶ
2562 877 2755 947 εὐτελῆ
2810 879 3184 947 πεποιηκότας
3238 876 3395 940 θεοὺς
3431 876 3713 947 ἐνόμισαν,

2028 966 2209 1037 πολλῷ
2253 968 2477 1039 μᾶλλον,
2525 969 2574 1021 εἰ
2610 965 2775 1038 μηδὲν
2814 966 3053 1036 ἔπασχον
3085 966 3449 1038 ἀνθρώπινον,
3490 966 3714 1031 τούτους

2025 1054 2388 1109 ὑπώπτευσαν
2421 1054 2507 1120 ἂν,
2530 1054 2755 1109 τοιαῦτα
2787 1054 3219 1125 ἐργασαμένους,
3253 1048 3341 1108 οἶα
3359 1054 3533 1119 οὐδεὶς
3559 1055 3715 1108 οὐδέ-

2027 1160 2160 1196 ποτε
2186 1144 2287 1197 οὐκ
2317 1140 2487 1209 εἶδεν,
2530 1143 2651 1196 οὐδὲ
2681 1144 2934 1214 ἤκουσεν.
2964 1143 3138 1196 Ὅπου
3162 1141 3272 1214 γὰρ
3300 1143 3716 1214 μαστιζομένων

2024 1230 2227 1293 αὐτῶν.
2271 1231 2746 1303 κρημνιζομένων,
2793 1230 3181 1302 δεσμουμένων
3214 1229 3262 1296 ά,
3313 1230 3713 1302 ἐλαυνομένων,

2025 1322 2147 1376 καθ’
2192 1322 2429 1393 ἑκάστην
2472 1322 2890 1376 κινδυνευόντων
2935 1320 3172 1392 ἡμέραν,
3215 1320 3365 1390 ὅμως
3409 1319 3718 1375 κατέπεσόν

2023 1427 2169 1475 τινες
2213 1412 2294 1475 εἰς
2325 1411 2424 1482 τὴν
2461 1410 2631 1479 ἀσεϐῆ
2676 1411 2881 1481 ταύτην
2934 1408 3214 1473 ὑπόνοιαν,
3273 1408 3454 1480 πολλῷ
3490 1409 3714 1480 μᾶλλον,

2024 1500 2072 1551 εἰ
2109 1497 2276 1570 μηδὲν
2304 1498 2537 1568 ἔπασχον
2565 1496 2925 1569 ἀνθρώπινον,
2962 1495 3120 1551 τοῦτο
3144 1495 3212 1550 ἀν
3251 1496 3717 1568 ὑπωπτεύθησαν.

2091 1587 2163 1656 η’.
2197 1585 2364 1656 Τρίτη
2383 1586 2479 1655 μὲν
2506 1581 2598 1639 οῦν
2616 1588 2762 1639 ἐστιν
2791 1584 3395 1656 αὑτηήτῆςκακώσεως
3420 1585 3596 1639 αἰτία’
3628 1602 3716 1639 τε·

2021 1671 2197 1743 τάρτη
2227 1672 2305 1737 δὲ,
2348 1673 2410 1725 τὸ
2437 1672 2512 1744 μὴ
2547 1671 2863 1743 νομίζεσθαι
2902 1674 3029 1737 τοὺς
3068 1671 3257 1742 ἁγίους
3282 1674 3369 1727 ἐπ’
3403 1673 3579 1727 ἐλπίδι
3613 1674 3721 1746 τῆς

2023 1758 2307 1830 παρούσης
2323 1759 2629 1831 εὐπραγίας
2651 1760 2743 1812 τὸν
2766 1759 2898 1813 Θεὸν
2920 1759 3262 1832 θεραπεύειν.
3280 1760 3510 1834 Καὶγὰρ
3528 1761 3722 1816 πολλοὶ

2021 1845 2132 1898 τῶν
2192 1847 2249 1899 ἐν
2298 1846 2556 1917 ἀσελγείᾳ
2593 1845 2810 1909 ζώντων
2857 1847 3011 1919 παρά
3059 1847 3270 1902 πολλῶν
3324 1848 3718 1921 ἐγκαλούμενοι

2023 1932 2305 2000 πολλάκις,
2338 1933 2435 1986 καὶ
2463 1933 2599 2005 πρὸς
2628 1933 2755 1997 τοὺς
2784 1933 2882 2005 τῆς
2908 1935 3110 2008 ἀρετῆς
3143 1935 3465 2007 καλούμενοι
3490 1937 3716 2002 πόνους,

2023 2020 2118 2073 καὶ
2157 2019 2270 2073 τῶν
2311 2021 2480 2088 ἀγίων
2516 2020 3014 2091 ἐγκωμιαζομένων
3051 2021 3340 2086 ἀκούοντες
3377 2023 3472 2076 ἐπὶ
3503 2026 3569 2093 τῇ
3605 2024 3720 2080 τῶν

2020 2107 2209 2161 δεινῶν
2241 2107 2496 2179 εὐψυχίᾳ,
2530 2108 2639 2161 ἀπὸ
2667 2108 2874 2161 τούτοιν
2911 2108 3220 2163 διαϐάλλειν
3261 2111 3461 2175 αὐτοὺς
3502 2114 3719 2182 ἐπιχει-

2023 2194 2210 2268 ροῦσι·
2250 2197 2346 2250 καὶ
2381 2198 2482 2249 οὐκ
2524 2195 2801 2269 ἄνθρωποι
2837 2197 3019 2269 μόνον,
3052 2198 3189 2254 ἀλλά
3219 2200 3315 2253 καὶ
3351 2199 3514 2264 αὐτὸς
3540 2203 3568 2255 6
3591 2202 3717 2255 διά-

2021 2282 2173 2347 ϐολος
2200 2284 2332 2337 αὐτὸ
2350 2282 2509 2338 τοῦτο
2538 2283 2913 2339 ὑπώπτευσεν.
2944 2286 3162 2358 Ἐπειδὴ
3188 2288 3296 2359 γὰρ
3325 2289 3355 2342 6
3393 2287 3514 2342 Ἰὼϐ
3544 2290 3718 2345 πολὺν

2020 2371 2411 2443 περιεϐέϐλητο
2442 2371 2693 2437 πλοῦτον,
2739 2375 2835 2427 καὶ
2876 2374 3079 2445 πολλῆς
3113 2377 3392 2449 ἀπήλαυεν
3423 2379 3714 2450 εὐπορίας,

2018 2458 2409 2529 ὀνειδιζόμενος
2450 2460 2558 2513 ὑπὸ
2589 2462 2685 2513 τοῦ
2711 2460 2845 2516 Θεοῦ
2870 2463 2938 2515 δι’
2968 2464 3130 2517 αὐτὸν
3172 2467 3201 2518 6
3244 2466 3481 2538 πονηρὸς
3501 2466 3717 2538 δαίμων

2017 2546 2247 2610 ἐκεῖνος,
2280 2546 2433 2600 οὐδὲν
2470 2546 2609 2618 έχων
2646 2550 2844 2613 εἰπεῖν,
2891 2550 3011 2605 οὐδέ
3046 2551 3189 2623 ὑπὲρ
3220 2552 3328 2607 τῶν
3361 2554 3479 2609 καθ’
3520 2556 3716 2612 ἑαυτὸν

2016 2632 2468 2705 ἀπολογήσασθαι
2497 2635 2884 2707 ἐγκλημάτων,
2931 2638 3056 2692 οὐδὲ
3083 2643 3205 2704 ταῖς
3227 2642 3452 2714 ἀρεταῖς
3475 2644 3716 2717 ἐπισκῆ-

2015 2722 2114 2793 ψαι
2129 2724 2224 2778 τοῦ
2246 2724 2478 2788 δικαίου,
2496 2726 2632 2798 πρὸς
2655 2726 2858 2799 ταύτην
2880 2728 3085 2792 εὐθέως
3105 2731 3441 2803 καταφεύγει
3459 2733 3556 2804 τὴν
3571 2735 3716 2789 ἀπο-

2015 2809 2222 2880 λογίαν,
2244 2812 2388 2867 οὖτω
2419 2812 2622 2882 λέγων·
2657 2814 2755 2883 Μὴ
2789 2815 3019 2885 δωρεὰν
3047 2819 3169 2872 Ἰὼϐ
3192 2818 3435 2875 σέϐεταί
3458 2836 3534 2876 σε
3551 2837 3570 2886 ;
3604 2839 3715 2878 πει

2007 2901 2339 2971 ριέςοραξας
2352 2902 2423 2957 τὰ
2437 2905 2564 2958 ἔσω
2581 2906 2769 2961 αὐτοῦ
2792 2908 2891 2961 καὶ
2914 2907 3134 2974 τὰέξω.
3161 2910 3284 2963 Ἐπὶ
3302 2911 3503 2985 μισθῷ,
3518 2915 3710 2985 φησιν,

2015 2988 2164 3043 ἐστὶν
2203 2991 2407 3054 ἐκεῖνος
2456 2991 2744 3063 ἐνάρετος,
2790 2994 3060 3066 τοσαύτης
3098 2996 3360 3071 εὐπορίας
3393 3000 3710 3060 ἀπολαύων.

2014 3076 2080 3131 Τί
2104 3072 2197 3131 οῦν
2215 3081 2245 3134 6
2263 3079 2426 3147 Θεός;
2454 3079 2787 3150 Βουλόμενος
2816 3082 3008 3150 δεῖξαι,
3034 3085 3115 3138 ὃτι
3146 3087 3245 3140 οὐκ
3266 3088 3359 3141 ἐπὶ
3380 3087 3495 3163 [12]
3528 3090 3713 3163 μισθῷ

2015 3165 2412 3238 θεραπεύουσιν
2452 3169 2616 3223 αὑτὸν
2657 3181 2681 3210 ο
2718 3172 2766 3224 οί
2803 3172 2968 3241 ἆγιοι,
2997 3174 3269 3246 περιεῖλεν
3296 3177 3460 3231 αὐτοῦ
3494 3178 3592 3251 τήν
3622 3181 3714 3233 εὑ-

2013 3256 2209 3327 πορίαν
2258 3254 2499 3323 ἅπασαν,
2550 3258 2649 3312 καὶ
2700 3258 2862 3331 πενίᾳ
2914 3261 3237 3334 παρέδωκε,
3293 3266 3388 3319 καὶ
3433 3270 3711 3339 νοσήματι

2013 3340 2236 3412 χαλεπῷ
2260 3346 2578 3414 περιπεσεῖν
2603 3345 3005 3419 συνεχώρησεν.
3022 3347 3156 3403 Εἶτα
3181 3351 3420 3422 ἐλέγχων
3440 3354 3601 3408 αὐτὸν
3628 3356 3710 3420 ὡς

2012 3428 2136 3499 εἰκῆ
2169 3428 2345 3483 ταῦτα
2373 3430 2810 3496 ὑποπτεύσαντα,
2838 3436 3025 3506 φησὶν,
3065 3438 3147 3491 δτι
3180 3439 3310 3493 Ἔτι
3332 3439 3532 3511 ἔχεται
3559 3443 3712 3498 ἀκα-

2014 3515 2182 3582 κίας·
2226 3516 2310 3571 σὺ
2360 3517 2431 3572 δὲ
2481 3516 2657 3588 εἶπας
2699 3520 2982 3591 διακενῆς
3027 3523 3100 3580 τὰ
3131 3525 3481 3598 ὑπάρχοντα
3514 3532 3709 3588 αὐτοῦ

2013 3604 2330 3660 ἀπολέσαι.
2369 3607 2494 3671 Τοῖς
2522 3610 2631 3681 γὰρ
2662 3610 2839 3680 ἀγίοις
2869 3613 3032 3683 ἀρκεῖ
3054 3613 3214 3668 τοῦτο
3239 3618 3320 3680 εἰς
3349 3618 3583 3689 ἀμοιϐὴν
3608 3621 3710 3675 καὶ

2011 3691 2299 3757 ἀντίδοσιν,
2320 3694 2384 3749 τὸ
2409 3694 2734 3769 θεραπεύειν
2767 3699 2858 3753 τὸν
2886 3700 3049 3754 Θεόν·
3084 3703 3209 3756 ἐπεὶ
3230 3704 3324 3757 καὶ
3352 3704 3432 3776 τῷ
3459 3707 3707 3776 φιλοῦντι

2009 3780 2168 3834 τοῦτο
2213 3782 2375 3855 ἀρκεῖ
2419 3785 2500 3848 εἰς
2544 3785 2780 3858 ἀμοιϐὴν
2824 3787 2885 3841 τὸ
2926 3788 3101 3858 φιλεῖν
3144 3790 3237 3845 τὸν
3289 3791 3566 3865 ἐρώμενον
3608 3796 3707 3851 τὸν

2011 3868 2225 3933 ἐαυτοῦ,
2262 3872 2357 3925 καὶ
2383 3872 2543 3926 πλέον
2567 3873 2718 3927 οὐδὲν
2750 3876 3019 3948 ἐπιζητεῖ,
3045 3878 3165 3932 οὐδὲ
3201 3881 3415 3951 ήγεῖταί
3436 3899 3491 3935 τι
3516 3883 3707 3953 μεῖζον

2011 3951 2150 4010 εἶναι
2186 3958 2402 4013 τούτου.
2430 3960 2492 4013 Εἰ
2516 3959 2574 4013 δὲ
2599 3962 2686 4014 ἐπ’
2713 3964 3005 4035 ἀνθρώπου
3035 3963 3055 4004 ί
3087 3965 3265 4032 τοῦτο,
3289 3968 3470 4041 πολλῷ
3499 3951 3705 4041 μᾶλλον

2013 4045 2107 4097 ἐπὶ
2144 4045 2238 4129 τοῦ
2274 4046 2439 4100 Θεοῦτ
2482 4048 2620 4121 ὅπερ
2650 4045 2744 4103 οῦν
2777 4052 2874 4105 καί¹
2914 4055 2943 4107 6
2973 4052 3105 4117 Θεὸς
3143 4055 3312 4120 δεῖξαι
3351 4057 3702 4129 βουλόμενος,

2013 4131 2176 4186 πλέον
2204 4126 2279 4187 ὧν
2317 4134 2518 4206 ᾔτησεν
2554 4138 2583 4190 6
2629 4137 2876 4204 διάϐολος
2901 4138 3123 4196 ἔδωκεν.
3179 4126 3415 4209 Ἐκεῖνος
3461 4126 3561 4216 μέν
3590 4147 3704 4220 γάρ

2013 4237 2178 4291 φησιν
2202 4238 2215 4253 ·
2264 4222 2736 4288 Ἐξαπόστειλον
2768 4226 2882 4295 τὴν
2906 4227 3077 4298 χεῖρά
3108 4245 3249 4296 σου,
3284 4232 3379 4286 καὶ
3409 4232 3561 4302 ἅψαι
3592 4239 3703 4291 αὑ-

2010 4307 2139 4363 τοῦ’
2170 4311 2199 4364 6
2230 4309 2285 4364 δὲ
2312 4311 2444 4375 Θεὸς
2477 4313 2576 4383 οὐχ
2603 4312 2797 4379 οὕτως,
2826 4315 2984 4383 ἀλλά,
3018 4318 3109 4372 Σοὶ
3138 4320 3300 4375 αὐτὸν
3331 4323 3699 4395 παραδίδωμι,

2011 4396 2194 4467 φησίν.
2214 4398 2484 4472 Καθάπερ
2506 4400 2617 4473 γὰρ
2632 4402 2725 4455 ἐπὶ
2754 4403 2862 4457 τῶν
2881 4403 3079 4470 ἔξωθεν
3106 4406 3332 4476 ἀγώνων
3354 4411 3404 4463 οί
3422 4413 3702 4482 σφριγῶν-

2007 4502 2101 4549 τες
2131 4485 2202 4541 τὰ
2230 4486 2461 4559 σώματα
2481 4489 2576 4543 καὶ
2601 4490 2951 4557 εὐεκτοῦντες
2983 4492 3092 4548 τῶν
3121 4494 3371 4568 ἀθλητῶν
3398 4499 3497 4570 οὐχ
3521 4499 3669 4554 οὕτω

2009 4576 2310 4663 φαίνονται,
2342 4579 2563 4635 ἐπειδὰν
2588 4581 2651 4636 τὸ
2678 4581 2963 4655 διάϐροχον
2992 4584 3158 4657 ἐλαίῳ
3185 4588 3452 4645 πάντοθεν
3480 4592 3698 4663 ἱμάτιον

2006 4657 2109 4717 ὦσι
2138 4665 2625 4739 περιϐεϐλημένοι,
2686 4670 2802 4725 ἀλλ’
2848 4673 2978 4726 ὅταν
3022 4675 3154 4729 αὐτὸ
3203 4677 3459 4749 ῥίψαντες
3493 4657 3699 4752 γυμνοὶ

2008 4752 2145 4825 πρὸς
2175 4754 2246 4808 τὰ
2281 4757 2583 4828 σκάμματα
2606 4758 2893 4826 ἓλκωνται,
2922 4763 3045 4817 τότε
3076 4765 3312 4834 μάλιστα
3337 4770 3464 4834 τοὺς
3492 4770 3696 4839 θεατὰς

2004 4844 2072 4912 τῇ
2102 4841 2213 4895 τῶν
2249 4844 2426 4914 μελῶν
2461 4847 2724 4921 ἀναλογίᾳ
2748 4850 3013 4906 πάντοθεν
3033 4854 3447 4927 ἐκπλήττουσιν,
3477 4860 3696 4928 οὐδενὸς

2006 4928 2178 5001 αὐτὴν
2204 4932 2523 5016 ἐπισκιάσαι
2571 4934 2873 5007 δυναμένου
2915 4936 3134 4992 λοιπόνο
3161 4942 3305 4996 οὕτω
3339 4947 3433 4999 καὶ
3472 4948 3503 4999 6
3546 4949 3692 5016 Ἰὼϐ,

1987 5012 2167 5087 ’ήνίκα
2197 5019 2297 5089 μὲν
2324 5014 2394 5091 ἦν
2421 5021 2514 5074 τὸν
2545 5021 2777 5078 πλοῦτον
2800 5023 3016 5080 ἅπαντα
3052 5029 3518 5103 περιϐεϐλημένος
3546 5012 3696 5091 ὲκεῖξ

2003 5121 2114 5169 νον,
2143 5106 2246 5160 οὐκ
2277 5103 2347 5179 ἧν
2375 5109 2677 5182 κατάδηλος
2714 5114 2829 5178 τοῖς
2860 5114 3074 5179 πολλοῖς
3103 5117 3253 5182 ὅστις
3280 5115 3377 5191 ἢν·
3412 5123 3601 5195 ἐπειδὴ
3630 5124 3693 5180 δὲ

2003 5193 2186 5285 αὐτὸν,
2215 5195 2469 5268 καθάπερ
2501 5198 2714 5270 ἱμάτιον
2745 5202 3156 5275 ἀποδυσάμενος
3188 5209 3217 5260 6
3252 5207 3509 5282 ἀθλητὴς,
3534 5193 3692 5285 566:.-

2001 5279 2091 5349 ψε,
2127 5281 2222 5334 καὶ
2251 5283 2387 5354 πρὸς
2415 5284 2541 5348 τοὺς
2568 5286 2668 5357 τῆς
2698 5288 2984 5353 εὐσεϐείας
3013 5291 3231 5360 ἀγῶνας
3264 5279 3471 5366 γυμνὸς
3498 5279 3693 5367 είσῆλσι

2003 5367 2094 5422 θεν
2115 5409 2131 5434 ,
2172 5368 2314 5423 οὓτω
2348 5372 2656 5443 γυμνωθεὶς
2692 5377 2819 5440 τοὺς
2850 5376 3051 5442 θεατὰς
3084 5380 3378 5452 ἐξέπληξεν
3413 5384 3686 5451 ἅπαντας,

2001 5456 2077 5520 ὡς
2109 5457 2201 5512 καὶ
2229 5458 2363 5513 αὐτὸ
2393 5459 2454 5514 τὸ
2485 5462 2595 5515 τῶν
2624 5463 2879 5531 ἀγγέλων
2915 5465 3143 5538 θέατρον
3176 5470 3270 5524 ἐπὶ
3297 5472 3362 5542 τῇ
3386 5472 3485 5543 τῆς
3506 5473 3690 5547 ψυχῆς

2000 5544 2166 5598 αὐτοῦ
2190 5547 2456 5619 καρτερίᾳ
2479 5549 2624 5618 μέγα
2647 5551 3085 5625 ἀνακεκραγέναι
3109 5558 3156 5621 Β,
3179 5559 3274 5612 καὶ
3295 5559 3561 5631 κροτῆσαι
3586 5544 3688 5616 τὸν

1990 5703 2020 5731 ,ί
2038 5730 2043 5731 γ
2064 5653 2089 5727 ξ
2114 5653 2210 5703 Alii
2234 5661 2512 5717 σωματικῆς
2532 5656 2773 5715 ἀσθενείας
2793 5661 3051 5725 ὑπερϐολή,
3067 5661 3175 5712 Mox
3189 5663 3386 5725 quidam
3409 5665 3553 5731 πείσῃ
3572 5666 3690 5726 τοὺς

2056 5733 2223 5772 ωντας.

1997 5715 2223 5779 ὁρῶντας.
2316 5715 2323 5717 ἡ

2060 5776 2088 5851 οξ
2108 5780 2206 5851 élii
2222 5781 2605 5851 δεσμευομένων.

2068 5842 2088 5917 ς
2112 5841 2194 5917 ξίο
2216 5841 2373 5917 §avi_l.
2400 5841 2452 5917 εἰ
2481 5846 2679 5917 ειιξημοι
2706 5861 2820 5917 mss.
2843 5855 3003 5909 recte,
3030 5864 3119 5912 pro
3140 5853 3232 5914 θερ.
3267 5851 3415 5917 αὐτῷ.
3446 5853 3584 5903 Eutr.

2066 5901 2087 5974 ξ
2117 5903 2264 5974 ξυχίὶ.
2293 5912 2346 5954 ει
2369 5908 2450 5974 {alii
2475 5907 2548 5955 ἐπ’
2575 5901 2857 5974 ἀνθρώπων.

2062 5966 2332 6045 ε-ᾼιίἱ.
2361 5971 2515 6045 ψυχῆς
2555 5966 2704 6045 αὐτοῦ
2742 5974 3027 6045 καθαρότητι
3056 5975 3189 6045 ,μέγα
3234 5976 3529 6041 ἀνακραγεῖν.
3565 5977 3678 6029 Πυκ

1999 6026 2152 6080 Sum.
2180 6034 2232 6078 et
2251 6029 2333 6079 alii
2364 6026 2555 6080 ἕκὲἷνον.
2580 6034 2739 6099 ’Ὅπερ
2759 6036 2848 6100 γὰρ
2870 6026 3011 6099 ’ἔφθη-ι
3034 6026 3193 6085 εἶ’πώκ.
