3998 6424
249 342 315 399 25
491 343 497 349 ‘
1263 335 1354 389 AD
1383 332 1700 391 I’OPULUM
1748 327 2237 389 ANTIOCHENUM
2305 336 2535 394 llUlllL.
2579 333 2619 392 l.
3496 334 3565 389 id

260 464 559 534 lrequentes
589 459 920 518 tentationes
935 457 1374 517 demonstrasset,
1398 451 1569 507 intulit
1599 446 1853 518 :Propter

265 561 393 630 quod
419 568 492 611 ter
516 556 801 612 Dominum
826 553 1021 626 rogavi,
1053 560 1107 604 ut
1143 567 1175 604 a
1219 566 1297 603 me
1330 546 1698 625 discederet;et
1727 541 1856 596 (limit

268 651 390 705 mihi
419 649 658 719 :Suﬂicit
682 647 773 702 tibi
802 646 968 717 gratia
992 658 1136 708 mea;
1170 658 1287 696 nam
1316 641 1474 695 virtus
1502 654 1615 690 mea
1641 636 1694 689 in
1718 634 1858 703 inﬁr-

268 745 441 798 mitate
467 743 730 814 perﬁcitur
756 740 832 812 (2.
851 740 970 794 Cor.
1002 737 1090 792 12.
1121 739 1175 791 8.
1203 727 1283 799 9)-
1305 734 1455 788 Tunc
1482 745 1599 786 mea
1619 771 1634 797 ,
1664 728 1855 798 inquit,

270 835 506 905 petentia
520 832 939 895 demonstratur,
954 827 1167 899 quando
1186 840 1283 880 Vos
1308 826 1358 878 in
1385 823 1691 877 inﬁrmitate
1705 820 1856 884 estis,

267 936 323 982 et
350 942 444 995 per
483 940 580 979 vos
618 924 705 993 qui
733 921 986 977 videmini
1024 934 1145 973 esse
1184 916 1422 981 debiles,
1470 913 1860 984 prmdicationis

275 1019 491 1074 verbum
516 1026 760 1086 augetur,
788 1022 842 1069 et
862 1013 1057 1081 ubique
1086 1010 1425 1079 dispergitur.
1450 1005 1673 1074 Quando
1701 1003 1862 1073 igitur

269 1128 323 1167 .n
352 1125 651 1174 carcerem,
685 1105 980 1162 innumeris
1017 1102 1280 1173 susceptis
1320 1100 1659 1162 verberibus,
1689 1096 1861 1151 dedu-

264 1213 388 1259 ctus
410 1201 527 1268 fuit,
546 1199 777 1255 carceris
816 1196 1094 1253 custodem
1123 1195 1291 1248 vinxit
1311 1194 1448 1264 (Act.
1474 1190 1562 1261 16)
1589 1207 1604 1244 :
1640 1190 1689 1243 in
1719 1190 1862 1260 ligno

266 1304 422 1349 erant
450 1294 612 1365 pedes
631 1334 646 1360 ,
681 1293 730 1346 in
757 1290 959 1345 catenis
988 1304 1206 1352 manus,
1229 1297 1284 1342 et
1308 1300 1491 1340 carcer
1511 1284 1609 1340 sub
1635 1282 1860 1338 mediam

265 1400 483 1445 noctem
513 1388 873 1458 quatiebatur,
907 1386 1035 1456 ipsis
1062 1386 1228 1439 Deum
1259 1381 1617 1437 laudantibus.

339 1482 442 1536 Dei
462 1482 686 1553 potentia
715 1481 879 1552 magis
903 1479 1281 1533 demonstratur
1304 1476 1357 1530 in
1397 1473 1637 1529 (erumnis
1662 1479 1864 1525 sancto-

264 1591 403 1629 rum.
442 1603 516 1616 —-
560 1573 748 1629 Cernis
776 1570 1045 1643 quomodo
1073 1570 1240 1640 ipsius
1278 1568 1445 1623 virtus
1470 1567 1521 1620 in
1552 1565 1865 1620 inﬁrmitate

265 1665 687 1737 perﬁciebatur?
711 1665 767 1721 Si
795 1665 978 1719 fuisset
1006 1663 1209 1717 solutus
1228 1660 1422 1716 Paulus
1438 1702 1453 1727 ,
1476 1667 1531 1714 et
1550 1657 1680 1713 illud
1708 1656 1864 1712 habi-

267 1759 501 1814 taculum
529 1759 920 1821 concussisset,
936 1772 1042 1811 non
1062 1754 1249 1810 fuisset
1264 1763 1370 1807 tam
1400 1751 1698 1806 mirandum
1721 1748 1862 1820 quod

267 1855 449 1912 ﬁebat.
482 1854 685 1909 Idcirco
704 1895 718 1918 ,
748 1852 952 1923 inquit,
1002 1865 1221 1907 remane
1248 1849 1457 1903 vinctus
1480 1886 1497 1913 ,
1522 1854 1601 1901 ‘et
1626 1859 1866 1901 commo-

264 1957 493 2001 veantur
520 1946 751 2016 parietes
772 1944 1006 2013 undique
1024 1985 1039 2010 ,
1070 1952 1124 1998 et
1144 1941 1419 1996 solvantur
1445 1937 1606 1993 vincti
1628 1955 1641 1992 :
1667 1945 1728 1991 ut
1751 1950 1864 1990 ma-

263 2042 346 2111 gis
373 2042 543 2095 virtus
568 2054 683 2094 mea
710 2038 929 2094 evidens
954 2039 1052 2103 sit,
1077 2036 1203 2091 dum
1230 2051 1327 2105 per
1354 2043 1405 2089 te
1432 2031 1782 2088 constrictum
1809 2037 1864 2084 et

265 2132 571 2202 colligatum
602 2145 792 2186 omnes
820 2129 979 2184 vincti
1008 2128 1302 2182 solvuntur.
1333 2124 1446 2180 Hoc
1492 2124 1662 2193 ipsum
1706 2120 1863 2191 igitur

266 2236 319 2280 et
348 2226 580 2280 carceris
609 2224 885 2279 custodem
917 2232 1042 2277 tunc
1070 2219 1332 2290 perculit,
1375 2216 1516 2288 quod
1551 2230 1672 2270 cum
1717 2222 1861 2267 tanta

265 2328 543 2375 teneretur
565 2317 903 2382 necessitate,
924 2331 1017 2385 per
1042 2315 1337 2369 orationem
1365 2311 1531 2365 Solam
1557 2309 1724 2379 potuit
1745 2306 1863 2360 fun-

264 2411 512 2466 damenta
528 2410 739 2481 quidem
757 2423 1009 2481 quassare
1024 2452 1040 2475 ,
1066 2407 1205 2461 fores
1226 2422 1354 2461 vero
1373 2405 1603 2459 carceris
1626 2403 1857 2470 aperire,

266 2513 319 2557 et
343 2517 534 2557 omnes
562 2512 768 2556 vmctos
794 2501 1021 2555 Solvere.
1053 2498 1167 2555 Non
1196 2499 1284 2553 hic
1322 2507 1497 2551 autem
1527 2496 1732 2561 solum,
1766 2494 1859 2548 sed

262 2595 425 2650 etiam
454 2596 507 2648 in
533 2595 720 2659 Petro,
759 2602 812 2648 et
838 2594 889 2648 in
919 2594 1033 2664 ipso
1060 2592 1252 2657 Paulo,
1279 2597 1334 2645 et
1359 2589 1475 2643 aliis
1497 2604 1708 2659 quoque
1730 2604 1859 2658 apo~

262 2688 415 2742 stolis
442 2688 622 2742 videro
652 2687 915 2756 quispiam
939 2695 1119 2756 posset
1140 2684 1240 2739 hoc
1263 2684 1462 2754 jugiter
1479 2683 1783 2747 evenire,et
1807 2680 1858 2735 in

262 2781 769 2852 persequutionibus
794 2780 887 2835 Dei
918 2779 1141 2848 gratiam
1173 2777 1546 2842 efﬂorescere,
1597 2790 1859 2845 apparere

262 2873 315 2925 in
342 2871 792 2935 tribulationibus,
823 2880 875 2925 et
895 2873 971 2926 sic
986 2871 1237 2924 virtutem
1264 2885 1411 2924 suam
1441 2869 1751 2938 prmdicare.
1777 2867 1861 2923 ld-

263 2963 407 3017 circo
434 2962 643 3017 dicebat
677 2980 690 3017 :
716 2961 915 3033 Sufﬁcit
939 2963 1027 3016 tibi
1055 2963 1221 3032 gratia
1241 2978 1352 3014 mea
1377 2976 1395 3013 :
1413 2961 1571 3014 virtus
1591 2961 1723 3013 enim
1746 2976 1858 3013 mea

261 3056 313 3109 in
339 3056 636 3124 inﬁrmitate
661 3056 920 3125 per/icitur
952 3053 1026 3127 (‘2.
1052 3053 1168 3109 Cor.
1196 3054 1283 3109 12.
1311 3052 1392 3123 9).
1419 3052 1571 3121 Quod
1595 3062 1772 3105 autem
1803 3059 1858 3107 et

264 3152 494 3203 humana
521 3157 707 3202 natura
737 3149 937 3217 majora
965 3148 1115 3201 multi
1144 3146 1338 3215 srepius
1369 3145 1435 3200 de
1461 3147 1592 3215 ipsis
1619 3143 1862 3214 suspica-

263 3240 365 3294 tnri
393 3249 562 3300 erant.
582 3240 681 3294 nisi
705 3240 825 3294 talia
856 3241 1117 3309 patientes
1142 3238 1418 3301 vidissent,
1435 3236 1557 3290 attdi
1586 3235 1856 3305 quomodo

264 3330 438 3384 timuit
459 3331 675 3385 Paulus.
702 3327 843 3383 Nam
870 3340 916 3384 et
942 3330 986 3384 si
1011 3330 1213 3384 voluero
1232 3371 1246 3393 ,
1275 3327 1472 3395 inquit,
1491 3327 1725 3399 gloriari,
1756 3343 1858 3380 non

263 3437 346 3475 ero
365 3422 608 3490 insipiens
631 3437 649 3474 :
681 3437 834 3489 parco
865 3432 1064 3487 autem,
1096 3437 1158 3474 ne
1184 3420 1297 3489 quis
1327 3435 1407 3472 me
1431 3419 1678 3473 existimet
1699 3434 1859 3489 supra

261 3513 316 3566 id
340 3513 475 3583 quod
504 3513 635 3567 videt
660 3513 713 3566 in
736 3530 832 3578 me,
853 3522 941 3566 aut
962 3512 1101 3565 audit
1127 3511 1320 3581 aliquid
1336 3527 1398 3564 ea:
1421 3526 1502 3564 me
1520 3510 1596 3581 (9..
1621 3508 1740 3564 Cor.
1766 3508 1852 3563 12.

262 3604 342 3675 6).
388 3604 525 3672 Quid
575 3613 756 3660 autem
806 3615 888 3660 est
929 3604 1071 3675 quod
1111 3603 1282 3658 dicit?
1322 3604 1604 3669 Poteram,
1647 3603 1854 3673 inquit,

265 3699 430 3754 multo
460 3699 662 3770 majora
686 3699 867 3754 dicere
895 3697 1150 3753 miracula
1167 3739 1182 3762 ,
1213 3697 1308 3752 sed
1334 3697 1461 3752 nolo
1479 3738 1495 3763 ,
1522 3712 1591 3751 ne
1616 3695 1754 3751 forte
1779 3696 1854 3751 si-

262 3806 483 3861 gnorum
513 3790 824 3862 magnitudo
852 3790 1110 3861 majorem
1137 3789 1205 3845 de
1233 3805 1322 3845 me
1346 3788 1654 3844 hominibus
1679 3788 1858 3859 suspi-

261 3884 465 3937 cioncm
496 3883 731 3938 inducat.
767 3884 1052 3953 Propterea
1080 3891 1135 3938 et
1177 3883 1366 3938 Petrus
1398 3891 1677 3951 postquam
1708 3882 1856 3936 clau-

260 3974 386 4029 dum
418 3977 622 4039 erexit,
652 3987 707 4032 et
744 3990 932 4031 omnes
955 3976 1129 4046 ipsum
1167 3975 1588 4039 admirabantur,
1618 3984 1675 4029 ut
1700 3973 1851 4029 cohi-

264 4066 412 4123 beret
434 4083 529 4122 eos
550 4068 783 4138 ipsisque
813 4068 1163 4138 persuaderet
1186 4083 1246 4125 se
1266 4069 1399 4123 nihil
1427 4084 1492 4123 ex
1511 4068 1708 4123 virtute
1734 4083 1857 4138 pro-

265 4159 376 4228 pria
423 4159 756 4224 exhibuisse,
800 4161 930 4216 dicit
964 4180 977 4214 :
1015 4161 1153 4226 Quid
1182 4179 1275 4216 nos
1304 4162 1571 4216 intuemini
1597 4172 1854 4231 tamquam

262 4251 468 4320 propria
513 4254 696 4305 uirtute
734 4253 813 4306 vel
860 4254 1044 4325 pietate
1085 4255 1353 4326 fecerimus
1404 4257 1539 4309 hunc
1592 4255 1856 4310 ambulare

263 4340 395 4410 (Act.
426 4342 481 4397 5.
510 4342 597 4414 12)
628 4343 650 4395 ?
683 4343 752 4398 Et
779 4361 963 4399 rursus
993 4345 1198 4417 Lystris
1227 4361 1333 4400 non
1364 4347 1537 4401 solum
1578 4358 1730 4401 crant
1754 4348 1853 4402 ob-

261 4431 567 4501 stupefacti,
596 4435 688 4489 sed
718 4445 772 4489 et
798 4445 978 4492 tauros
998 4449 1280 4493 coronatos
1303 4438 1603 4505 duxerunt,
1621 4449 1674 4493 et
1691 4439 1855 4494 Paulo

260 4535 312 4580 et
354 4526 611 4581 Barnabtc
661 4529 939 4585 immolare
980 4531 1427 4601 aggrediebantur
1456 4532 1593 4604 (Act.
1625 4533 1852 4603 14.12).

262 4614 393 4671 Vide
420 4616 616 4672 diaboli
644 4618 898 4672 malitiam
926 4639 939 4674 :
981 4636 1077 4689 per
1101 4637 1234 4691 quos
1261 4622 1516 4678 Dominus
1560 4639 1627 4678 ex
1654 4624 1855 4679 mttndo

264 4705 591 4776 impietatem
628 4724 927 4781 expurgare
976 4711 1258 4780 Studebat,
1292 4729 1389 4781 per
1435 4713 1533 4768 hos
1566 4715 1734 4783 ipsam
1765 4715 1855 4770 ille

263 4797 513 4856 inducere
537 4802 783 4857 studebat
806 4845 817 4867 ,
843 4818 1053 4859 rursum
1078 4805 1425 4874 persuadens,
1441 4816 1501 4859 ut
1524 4805 1657 4861 deos
1675 4806 1852 4861 homi-

263 4910 358 4951 nes
373 4911 494 4951 esse
520 4906 765 4966 putarent
788 4898 958 4968 :quod
976 4908 1030 4954 et
1053 4900 1315 4969 prioribus
1335 4900 1459 4955 fecit
1480 4899 1810 4968 temporibus
1835 4917 1848 4953 :

259 4997 315 5041 et
344 4987 447 5042 hoc
476 4989 707 5043 maxime
728 4997 810 5043 est
831 4990 972 5059 quod
1004 4988 1317 5045 idololatriae
1341 4992 1658 5062 principium
1685 5002 1740 5047 et
1768 5008 1850 5047 ra-

260 5079 432 5134 dicem
453 5081 762 5137 introduxit.
782 5081 931 5136 Multi
954 5082 1096 5137 enim
1119 5083 1209 5152 qui
1233 5083 1368 5137 bella
1384 5083 1520 5139 bene
1540 5094 1848 5155 gesserant,

257 5183 543 5228 erexerant
572 5182 768 5243 trepzca
794 5216 808 5238 ,
842 5175 1002 5230 urbes
1032 5175 1466 5241 aedificaverant,
1496 5188 1551 5230 et
1581 5177 1700 5232 aliis
1744 5178 1851 5232 hu-

256 5263 489 5332 jusmodi
532 5264 911 5321 demeruerant
961 5267 1044 5321 sui
1093 5267 1349 5336 temporis
1389 5268 1664 5334 homines,
1712 5269 1785 5325 dii
1819 5285 1850 5325 a

260 5356 441 5411 multis
465 5357 747 5412 existimati
776 5367 936 5424 sunt,
965 5367 1022 5414 et
1043 5359 1258 5428 templis
1284 5370 1336 5415 et
1357 5359 1466 5415 aris
1488 5360 1768 5429 honorati,
1796 5371 1852 5417 et

256 5448 434 5499 omnis
459 5449 732 5517 gentilium
760 5448 981 5505 deorum
1006 5465 1266 5505 numerus
1296 5466 1362 5505 ex
1391 5451 1699 5508 hominibus
1734 5453 1851 5507 istis

256 5540 513 5595 conﬂatus
539 5551 642 5596 est.

325 5629 431 5686 Cur
450 5629 593 5685 Deus
635 5643 839 5686 sanctos
865 5633 986 5702 pelli
1005 5643 1053 5688 et
1082 5635 1303 5689 cruciari
1329 5636 1628 5707 permiserit.
1654 5668 1727 5678 —
1766 5637 1845 5694 Ne

255 5720 416 5792 igitur
444 5723 549 5778 hoc
584 5731 637 5777 et
681 5723 734 5777 in
782 5725 983 5780 sanctis
1012 5725 1181 5793 ﬁeret,
1223 5727 1470 5798 permisit
1512 5728 1658 5798 ipsos
1706 5729 1849 5786 Deus

255 5814 505 5877 continue
533 5814 682 5887 pelli,
725 5815 1001 5890 ﬂagellari,
1025 5819 1077 5874 in
1103 5821 1283 5875 varios
1320 5820 1559 5879 incidere
1585 5822 1841 5880 morbos:

577 5913 850 5976 ΡΑτιιοι..
898 5917 1012 5976 Gn.
1062 5914 1288 5975 XLlX.

1968 451 2024 496 ut
2054 443 2215 498 nimia
2241 447 2482 514 corporis
2507 445 2865 511 imbecillitas,
2917 454 2971 500 et
3003 445 3352 500 tentationum
3404 446 3557 499 turba

1966 536 2318 605 praesentibus
2342 538 2710 605 persuaderet,
2745 538 2994 592 homines
3025 552 3145 591 esse
3176 551 3292 602 eos,
3329 536 3419 607 qni
3443 537 3563 592 taiia

1964 626 2191 683 ederent
2217 629 2495 696 miracula,
2524 631 2762 701 nihilque
2786 630 2855 685 de
2879 646 2978 685 suo
3005 631 3218 697 afferre,
3245 631 3339 685 sed
3366 629 3560 686 nudam

1964 720 2187 789 gratiam
2211 737 2308 791 per
2341 723 2463 777 illos
2491 724 2670 777 omnia
2723 725 2955 794 operari.
3005 724 3059 780 Si
3110 725 3252 780 enim
3305 740 3465 795 parva
3510 736 3560 780 et

1966 811 2092 865 vilia
2121 824 2397 883 operatos,
2427 814 2563 870 deos
2590 826 2934 886 putaverunt,
2960 818 3128 871 multo
3160 818 3329 888 magis
3359 820 3402 871 si
3430 818 3566 875 nihil

1970 904 2113 974 passi
2137 903 2363 960 fuissent
2393 906 2707 976 humanum,
2743 909 2841 963 hos
2886 910 3138 979 suspicati
3169 908 3415 975 fuissent,
3475 910 3565 979 qui

1971 996 2091 1051 talia
2118 998 2362 1064 fecerint,
2388 1001 2565 1070 qualia
2591 1018 2750 1057 nemo
2772 1018 3023 1072 umquam
3048 1019 3218 1074 neque
3242 1004 3373 1057 vidit
3394 1020 3566 1074 neque

1969 1090 2191 1144 audivit.
2223 1091 2279 1144 Si
2305 1094 2450 1147 enim
2505 1109 2626 1148 cum
2660 1095 2760 1164 ipsi
2801 1095 3223 1166 ﬁagellarentnr,
3278 1098 3571 1167 pnecipita-

1969 1193 2177 1249 rentur,
2201 1183 2514 1253 ligarentur,
2548 1186 2896 1256 pellerentur,
2960 1188 3391 1257 periclitarcntur
3438 1204 3572 1258 quo-

1973 1272 2122 1341 tidie,
2153 1281 2329 1328 tamen
2354 1276 2405 1328 itt
2436 1276 2571 1331 hanc
2593 1277 2812 1347 impiam
2842 1278 3149 1347 opinionem
3178 1279 3395 1348 quidam
3423 1280 3565 1333 ceci-

1970 1363 2167 1419 derunt
2190 1382 2203 1417 :
2229 1366 2395 1420 multo
2425 1368 2594 1438 magis
2616 1369 2659 1423 si
2685 1368 2818 1422 nihil
2843 1369 3132 1424 humanum
3159 1372 3298 1440 passi
3324 1370 3569 1437 fuissent,

1975 1454 2283 1525 hujusmodi
2309 1456 2538 1513 fuissent
2561 1460 2875 1515 existimati.

2041 1548 2096 1602 8.
2137 1547 2301 1619 igitur
2344 1550 2461 1605 haec
2500 1551 2715 1620 quidem
2771 1553 2925 1607 tertia
2972 1551 3278 1607 afﬂiCtionis
3335 1569 3499 1609 causa
3554 1573 3567 1608 :

1969 1650 2159 1709 quarta
2187 1656 2338 1707 vero,
2366 1657 2438 1697 ne
2466 1644 2635 1697 sancti
2692 1652 2912 1713 propter
2964 1646 3248 1715 praesentis
3294 1645 3569 1701 felicitatis

1969 1747 2120 1801 spem
2149 1733 2311 1787 Deum
2341 1735 2522 1789 colere
2549 1744 2820 1804 putentur.
2853 1737 3063 1790 Etenim
3091 1736 3325 1791 multi'tu
3356 1738 3567 1790 lascivia

1970 1825 2263 1879 viventium
2296 1842 2324 1878 a
2358 1826 2540 1881 multis
2584 1827 2781 1897 saepius
2823 1829 3083 1895 accusati,
3138 1838 3192 1882 et
3245 1827 3312 1882 ad
3359 1829 3572 1884 virtutis

1970 1917 2143 1970 vocati
2166 1916 2401 1985 labores,
2434 1928 2488 1973 et
2508 1930 2725 1974 sanctos
2750 1921 2817 1976 de
2838 1920 2995 1975 hilari
3027 1922 3394 1975 molestiarum
3435 1923 3570 1977 tole-

1973 2009 2147 2064 rantia
2168 2010 2373 2066 laudari
2404 2012 2706 2081 audientes,
2736 2029 2804 2069 ex
2826 2013 2909 2069 his
2932 2014 3077 2085 ipsos
3101 2030 3355 2071 accusare
3385 2031 3572 2086 aggre-

1968 2099 2189 2155 diuntur
2215 2120 2228 2156 :
2260 2110 2318 2157 et
2346 2118 2451 2158 non
2477 2104 2725 2160 homines
2749 2106 3083 2171 tantum,sed
3107 2117 3161 2162 et
3188 2108 3302 2177 ipse
3328 2107 3569 2162 diabolus

1971 2192 2075 2248 hoc
2096 2194 2272 2263 ipsum
2297 2197 2599 2265 suspicatus
2630 2206 2732 2252 est.
2777 2197 3043 2266 Quoniam
3076 2199 3218 2254 enim
3246 2199 3428 2253 multis
3455 2211 3571 2254 erat

1970 2288 2333 2343 circumdatus
2360 2289 2558 2344 divitiis
2583 2290 2704 2357 Job,
2738 2299 2793 2346 et
2823 2292 2986 2346 multa
3017 2291 3324 2362 potiebatur
3345 2292 3573 2361 opulen-

1969 2380 2062 2443 tia,
2091 2380 2445 2448 exprobratus
2472 2397 2502 2435 a
2535 2383 2643 2435 Deo
2666 2390 2884 2453 propter
2915 2382 3087 2452 ipsum
3113 2384 3285 2438 malus
3328 2384 3416 2437 ille
3463 2384 3570 2438 dte-

1969 2488 2117 2537 mon,
2141 2488 2262 2528 cum
2285 2474 2415 2528 nihil
2443 2474 2669 2531 haberet
2689 2476 2833 2546 quod
2860 2476 3085 2544 diceret,
3122 2492 3295 2547 neque
3347 2494 3453 2549 quo
3501 2479 3568 2533 de

1970 2568 2084 2621 suis
2105 2579 2463 2623 excusaretur
2489 2570 2824 2635 criminibus,
2854 2586 3030 2641 neque
3058 2571 3197 2641 quod
3238 2572 3370 2641 justi
3396 2571 3568 2625 virtu-

1975 2661 2113 2715 tibus
2134 2662 2474 2733 impingeret,
2531 2662 2598 2717 ad
2625 2663 2764 2718 hanc
2788 2665 2967 2719 statim
3017 2664 3257 2736 confugit
3295 2664 3565 2729 defensio-

1972 2768 2118 2818 nem,
2142 2754 2326 2809 dicens
2357 2773 2370 2808 :
2408 2755 2673 2826 Numquid
2702 2757 2861 2827 gratis
2887 2755 2987 2810 Job
3032 2758 3153 2810 colit
3209 2759 3296 2812 te?
3347 2760 3568 2811 circum-

1972 2846 2174 2901 uallasti
2209 2849 2451 2902 interiora
2487 2859 2532 2903 et
2558 2836 2943 2923 exteriora'ejus
2969 2848 3102 2921 (Job
3158 2853 3206 2904 l.
3235 2850 3572 2920 9.10);pro—

1970 2948 2093 3012 pter
2119 2941 2443 3007 mercedem,
2474 2942 2665 3012 inquit,
2697 2942 2786 2997 ille
2830 2942 3083 2997 virtutem
3132 2944 3393 3012 sequitur,
3423 2952 3567 2997 tanta

1972 3030 2157 3086 fruens
2185 3031 2481 3101 epulentia.
2511 3033 2650 3116 Quid
2700 3032 2859 3102 igitur
2881 3032 3012 3088 fecit
3033 3033 3215 3088 Deus?
3247 3033 3315 3088 Ut
3339 3032 3569 3087 demou-

1970 3133 2167 3179 Straret
2207 3134 2422 3180 sanctos
2473 3141 2578 3180 non
2621 3125 2886 3181 mercedis
2931 3140 3091 3180 causa
3126 3127 3299 3195 ipsum
3342 3127 3520 3182 colere
3551 3169 3567 3191 ,

1969 3231 2183 3271 omnem
2213 3216 2378 3285 ipsius
2405 3218 2755 3273 substantiam
2783 3217 3025 3279 abstulit,
3057 3218 3355 3286 paupertati
3404 3218 3565 3272 tradi-

1970 3309 2066 3373 dit,
2108 3318 2164 3364 et
2204 3311 2258 3364 in
2310 3325 2527 3380 gravem
2558 3309 2807 3365 morbum
2846 3309 3086 3364 incidere
3132 3310 3390 3378 permisit.
3446 3310 3562 3365 Mox

1970 3400 2121 3455 illum
2146 3400 2477 3471 redarguens
2508 3412 2778 3472 tamquam
2810 3410 3013 3456 temere
3045 3401 3168 3455 talia
3192 3400 3517 3472 suspicatum
3548 3443 3563 3467 ,

1966 3494 2174 3563 inquit:
2211 3495 2390 3550 Adhuc
2429 3496 2769 3550 innocentiam
2798 3497 2978 3549 retinet
3010 3512 3028 3549 :
3069 3506 3121 3549 tu
3168 3512 3285 3550 vero
3339 3512 3565 3550 commo-

1968 3587 2080 3640 visti
2103 3603 2183 3641 me
2210 3597 2263 3639 ut
2292 3590 2485 3658 [rustra
2506 3588 2668 3658 ipsius
2695 3587 3031 3642 substantiam
3053 3587 3313 3657 perderem
3358 3586 3480 3659 (Job
3498 3586 3556 3641 2.

1968 3680 2003 3734 5
2028 3677 2068 3750 ).
2095 3678 2307 3734 Sanctis
2327 3680 2471 3734 enim
2492 3680 2595 3734 hoe
2617 3682 2672 3734 in
2696 3680 3184 3734 remunerationem
3231 3687 3284 3734 et
3327 3679 3562 3734 retribu-

1970 3770 2167 3826 tionem
2197 3769 2413 3837 sufﬁcit,
2466 3771 2632 3826 Deum
2658 3771 2907 3826 venerari
2937 3786 2951 3823 :
2980 3771 3233 3840 quoniam
3265 3780 3318 3825 et
3363 3772 3562 3824 amanti

1969 3865 2074 3921 hoc
2120 3866 2173 3919 in
2226 3866 2637 3921 retributionem
2683 3865 2902 3931 sufﬁcit,
2936 3880 2996 3920 se
3028 3874 3298 3919 amantem
3354 3879 3559 3929 amare,

1966 3967 2019 4012 et
2047 3957 2178 4011 nihil
2211 3958 2445 4027 amplius
2496 3957 2741 4026 requirit,
2770 3971 2872 4011 nec
2901 3955 3175 4025 quidpiam
3233 3955 3337 4010 hnc
3386 3960 3561 4025 majus

1964 4063 2086 4103 esse
2112 4057 2280 4118 putat.
2314 4048 2372 4104 Si
2392 4062 2521 4102 vero
2552 4063 2677 4117 erga
2707 4047 2983 4102 hominem
3014 4046 3137 4111 hoc,
3183 4047 3352 4100 multo
3397 4048 3564 4115 magis

1966 4157 2092 4211 erga
2122 4140 2287 4196 Deum
2317 4159 2330 4195 :
2360 4140 2502 4212 quod
2528 4149 2585 4194 ut
2608 4140 3004 4194 demonstraret
3031 4138 3192 4204 Deus,
3224 4138 3374 4208 plura
3402 4154 3559 4208 quam

1963 4235 2206 4288 diabolus
2223 4234 2469 4303 petierat,
2500 4234 2790 4307 concessit.
2818 4231 2911 4287 Ille
2940 4232 3110 4301 inquit
3139 4249 3153 4285 :
3187 4230 3334 4283 Mitte
3354 4247 3561 4283 manum

1962 4338 2121 4392 luant,
2165 4337 2211 4379 et
2253 4338 2402 4396 tange
2444 4327 2612 4395 ipsum
2643 4323 2762 4396 (Job
2782 4324 2836 4378 2.
2873 4325 2976 4396 5):
3035 4325 3174 4378 lleus
3227 4332 3405 4377 autem
3457 4339 3561 4376 non

1961 4419 2053 4477 ita,
2073 4418 2189 4482 sed,
2218 4418 2333 4471 Tibi
2359 4418 2555 4488 ipsum,
2582 4417 2771 4486 inquit,
2797 4415 2950 4471 trado
2981 4414 3086 4487 (Ib.
3118 4430 3173 4468 v.
3191 4414 3268 4485 6).
3294 4415 3563 4481 Quemad-

1960 4510 2176 4565 modum
2211 4511 2354 4567 enim
2384 4512 2440 4564 in
2484 4510 2842 4566 exterioribus
2896 4508 3280 4564 certaminibus
3335 4522 3563 4577 corpore

1962 4605 2229 4674 vigentes,
2256 4614 2311 4659 et
2338 4607 2493 4659 bonae
2525 4603 2854 4659 habitudinis
2875 4603 3119 4667 athletm,
3153 4619 3261 4657 non
3287 4603 3364 4657 sic
3392 4619 3561 4673 appa-

1960 4704 2101 4759 rent,
2132 4711 2252 4749 cum
2287 4697 2668 4751 vestimentum
2694 4695 2927 4765 undique
2968 4696 3090 4749 oleo
3120 4695 3391 4749 madidum
3445 4696 3562 4749 fne-

1959 4787 2067 4841 rint
2090 4787 2281 4853 induti,
2314 4788 2411 4842 sed
2456 4788 2671 4859 quando
2714 4788 2804 4842 illo
2829 4787 3040 4857 abjccto
3069 4787 3197 4842 nudi
3230 4787 3281 4841 in
3326 4786 3559 4841 stadium

1960 4878 2229 4945 feruntur,
2256 4890 2384 4935 tunc
2415 4881 2651 4943 maxime
2677 4888 3009 4950 spectatores
3033 4880 3396 4939 membrorum
3424 4894 3553 4948 pro-

1961 4973 2211 5041 portione
2241 4973 2458 5041 penitus
2513 4971 2968 5042 obstupefaciunt,
3025 4987 3146 5025 cum
3201 4970 3336 5025 nihil
3388 4971 3558 5040 ipsam

1962 5064 2192 5133 amplius
2223 5065 2548 5120 obumbrare
2569 5065 2777 5134 possit:
2802 5063 2881 5117 sie
2907 5062 3100 5130 etJob,
3136 5063 3350 5132 quando
3380 5063 3558 5117 omni-

1964 5158 2066 5212 bus
2118 5158 2335 5228 quidem
2383 5159 2490 5214 illis
2514 5158 2713 5213 divitiis
2746 5157 3105 5213 circumfusus
3135 5165 3272 5221 erat.
3325 5157 3443 5228 quis
3472 5170 3561 5211 es-

1961 5259 2066 5313 set,
2127 5265 2233 5305 non
2286 5251 2468 5306 multis
2517 5250 2862 5305 manifestum
2903 5262 3052 5317 erat;
3103 5260 3382 5322 postquam
3431 5261 3560 5305 vero

1960 5343 2106 5410 ipsas
2131 5344 2277 5398 velut
2298 5342 2676 5398 vestimentum
2707 5343 2907 5399 athleta
2933 5343 3152 5414 abiecit,
3181 5354 3234 5399 et
3258 5343 3322 5397 ad
3341 5342 3559 5412 pietatis

1958 5435 2257 5489 certamina
2275 5433 2450 5489 nudus
2503 5435 2740 5501 intravit,
2791 5434 2870 5490 sic
2921 5433 3178 5506 spoliatus
3224 5440 3555 5502 spectatores

1959 5542 2150 5583 omnes
2190 5527 2441 5598 perculit,
2494 5538 2554 5582 ut
2604 5537 2660 5583 et
2715 5529 2888 5599 ipsum
2928 5527 3239 5599 angelorum
3286 5525 3555 5583 theatrum

1958 5635 2121 5693 super
2148 5621 2313 5675 animi
2337 5622 2454 5691 ejus
2479 5621 2760 5676 tolerantia
2782 5623 2800 5653 ί
2832 5620 3184 5676 vehementer
3205 5617 3555 5686 acclamaret,

1958 5724 2015 5771 et
2043 5716 2231 5770 victori
2262 5715 2337 5771 illi
2365 5713 2733 5786 applauderet.
2768 5712 2920 5780 Quod
2963 5711 3106 5766 enim
3151 5711 3398 5785 superius
3437 5704 3547 5776 iam

2023 5840 2043 5866 δ
2078 5832 2162 5884 alii
2186 5847 2199 5883 :
2219 5841 2371 5896 Super
2394 5830 2543 5883 mimi
2558 5829 2665 5892 ejus
2686 5827 2914 5892 pta-itote,
2942 5834 3037 5879 etc.

3197 5916 3238 5972 ‘2
