3998 6476
440 326 507 376 27
1180 329 1235 386 S.
1277 329 1552 387 JOANNIS
1590 328 2068 388 CllRYSOSTOMI
2109 328 2425 389 ARCHIEP.
2465 331 2997 390 CONSTANTINOP.
3657 337 3728 395 9.3

442 445 685 513 tlixt,non
714 445 785 502 ita
813 447 1110 503 hominibus
1128 448 1417 518 apparebat
1445 447 1547 503 illis
1560 447 1808 503 omnibus
1827 445 2024 501 divitiis

438 536 893 604 circumamictus,
920 549 977 593 ut
1002 539 1213 608 quando
1235 539 1338 594 illis
1367 549 1633 609 tamquam
1664 539 1883 609 pallium
1913 554 2026 607 pro-

439 627 596 697 iectis
636 628 808 684 nudus
833 630 1051 697 exsiliit,
1104 630 1155 685 in
1202 631 1381 685 medio
1406 631 1557 693 orbe,
1590 640 1862 700 tamquam
1887 631 2029 684 thea-

452 732 535 775 tro
559 739 573 776 :
602 730 655 776 et
681 737 867 777 omnes
895 722 1083 777 bonam
1114 723 1280 793 ipsius
1308 723 1476 778 animi
1506 722 1874 777 habitudinem
1931 722 2029 776 ad-

442 811 618 865 mirati
648 821 765 866 sunt
794 830 806 865 :
838 829 941 865 non
968 813 1141 867 solum
1165 822 1342 868 autem
1380 830 1447 866 ex
1477 829 1655 867 rerum
1689 812 1894 882 jactura
1936 827 2028 866 su-

448 902 793 971 spicit-batur,
828 903 922 957 sed
946 906 1107 957 etiam
1138 920 1200 959 ex
1238 904 1505 973 patientiae
1530 904 1669 959 lucta
1697 904 1838 958 circa
1868 904 2025 974 aegri-

438 991 703 1047 tudinem.

517 1085 619 1140 Cur
651 1084 786 1139 Deus
812 1084 930 1140 Jobi
953 1103 1139 1154 corpus
1163 1087 1214 1141 in
1242 1097 1536 1158 potestatem
1563 1087 1752 1140 diaboli
1799 1085 2027 1138 tradide-

442 1178 534 1231 rit.
562 1206 634 1217 —
653 1177 804 1232 Sicut
827 1179 968 1233 enim
993 1191 1117 1233 ante
1146 1179 1280 1243 dixi,
1314 1193 1419 1234 non
1451 1180 1596 1233 illum
1626 1180 1737 1247 ipse
1771 1179 2031 1245 percussit

448 1267 608 1333 Deus,
639 1283 706 1322 ne
732 1284 943 1324 rursum
966 1270 1206 1324 diabolus
1226 1270 1432 1326 diceret
1461 1288 1473 1321 :
1509 1270 1821 1339 Pepercisti,
1847 1277 1903 1324 ct
1924 1284 2028 1323 non

440 1370 668 1427 tantam,
712 1372 965 1432 quantam
1013 1364 1314 1433 oportebat,
1365 1364 1586 1419 intulisti
1639 1365 2026 1417 tentationem:

446 1452 541 1506 sed
567 1452 665 1521 ipsi
699 1453 916 1507 tradidit
942 1455 1155 1510 diabolo
1199 1465 1255 1509 ct
1307 1470 1527 1525 gregum
1578 1454 1928 1524 perditionem
1977 1461 2032 1507 et

449 1545 627 1595 carnis
653 1552 992 1611 potestatem.
1025 1543 1254 1600 Confido
1279 1545 1346 1600 de
1370 1555 1657 1610 certatore,
1718 1544 1902 1613 inquit,
1962 1541 2033 1597 id-

440 1633 593 1688 circo
617 1650 722 1689 non
782 1636 1041 1704 prohibeo
1092 1637 1191 1706 ipsi
1247 1653 1596 1707 quaecumque
1644 1637 1777 1692 \elis
1835 1634 2035 1689 inferre

444 1728 761 1784 certamina.
794 1728 900 1783 Sed
940 1729 1390 1800 quemadmodum
1435 1730 1659 1799 spectati
1707 1730 2029 1799 palmstritm,

448 1828 502 1872 et
534 1826 652 1875 arte
677 1828 732 1875 et
751 1820 995 1890 corporis
1024 1821 1217 1876 robore
1245 1821 1493 1886 lidentes,
1523 1838 1625 1874 non
1661 1821 1791 1875 recti
1836 1820 2032 1875 adver-

452 1910 606 1964 sariis
644 1919 705 1964 ut
727 1911 1042 1981 plurimum,
1077 1911 1520 1982 congrediuntur,
1565 1927 1737 1980 neque
1776 1911 1843 1965 de
1887 1911 2031 1981 pari,

447 2000 540 2055 sed
566 2001 775 2071 seipsos
801 2002 906 2056 illis
936 2002 1141 2057 medios
1170 2002 1661 2073 apprehendendus
1683 2002 1943 2072 praebent,
1976 2010 2037 2057 ut

450 2094 799 2151 illustriorem
825 2096 1108 2150 victoriam
1133 2096 1405 2152 referant:
1456 2098 1533 2152 sic
1559 2109 1613 2151 et
1635 2098 1775 2151 Deus
1797 2098 2033 2152 medium

448 2184 669 2242 tradidit
693 2197 938 2242 sanctum
970 2186 1188 2243 diabolo
1210 2188 1748 2258 apprehendendum,
1803 2197 1862 2243 ut
1913 2204 2035 2245 cum

448 2285 570 2347 post
595 2287 793 2333 tantam
811 2278 1089 2334 conﬂictus
1110 2280 1519 2351 prmrogativam
1549 2280 1838 2350 superarit,
1884 2280 2036 2335 solo-

452 2384 556 2439 que
601 2373 968 2439 prostraverit,
1021 2372 1218 2427 clarior
1247 2388 1446 2427 corona
1497 2372 1776 2428 reddatur.
1830 2374 2035 2428 Aurum

451 2468 537 2514 est
563 2459 842 2528 probatum
874 2479 887 2510 :
916 2477 1013 2531 pro
1039 2461 1208 2517 lubito
1239 2462 1421 2532 proba,
1446 2473 1503 2516 ut
1534 2463 1708 2531 placet
1750 2462 1994 2517 examina
2020 2503 2036 2529 ,

455 2550 642 2607 sordes
671 2552 723 2606 in
753 2552 869 2621 ipso
899 2568 1003 2607 non
1031 2552 1293 2609 invenies.
1321 2552 1436 2607 Non
1462 2554 1688 2608 aliorum
1712 2569 1841 2609 vero
1886 2554 2040 2610 nobis

458 2650 659 2695 tantum
685 2641 1049 2698 fortitudinem
1076 2644 1410 2699 demonstrat
1439 2661 1453 2699 :
1509 2644 1604 2699 sed
1646 2655 1699 2699 et
1740 2645 1897 2699 aliam
1929 2660 2043 2700 ma—

455 2745 614 2800 gnam
641 2733 795 2789 offert
812 2736 1399 2803 consolationem.Quid
1422 2736 1565 2791 enim
1582 2736 1754 2805 inquit
1768 2734 2042 2791 Christus?

460 2823 603 2879 Beati
630 2826 786 2889 eritis,
812 2842 925 2880 cum
950 2825 1305 2880 malediazeriut
1331 2827 1467 2880 vobis
1516 2826 1741 2880 homines
1790 2837 1836 2880 et
1868 2843 2040 2897 perse-

457 2919 599 2987 quuti
630 2935 716 2973 vos
740 2921 949 2990 fuerint,
989 2929 1035 2974 et
1064 2920 1282 2975 dixerint
1313 2937 1461 2975 omne
1482 2921 1670 2974 malum
1699 2920 1901 2975 verbum
1941 2922 2041 2976 ad-

459 3024 655 3064 versum
679 3025 767 3065 vos
806 3012 1099 3066 mentientes
1139 3021 1343 3082 propter
1374 3029 1453 3067 me
1479 3028 1498 3067 :
1524 3013 1738 3083 gaudete
1783 3023 1832 3068 et
1875 3012 2047 3069 exsul-

460 3109 581 3167 tate,
600 3102 836 3171 quoniam
858 3118 1045 3159 merces
1065 3113 1230 3157 vestra
1250 3108 1435 3175 magna
1461 3115 1531 3158 est
1553 3105 1606 3158 in
1631 3104 1768 3160 caelis
1788 3121 1807 3159 :
1826 3106 1899 3159 sic
1909 3107 2045 3161 enim

456 3196 681 3263 fecerunt
703 3194 963 3266 prophetis
980 3206 1146 3265 patres
1170 3212 1342 3251 eorum
1369 3195 1585 3267 (Matth.
1620 3197 1672 3253 5.
1702 3198 1787 3252 11.
1815 3197 1928 3269 12).
1980 3198 2047 3253 Et

458 3300 667 3341 rursum
690 3286 886 3342 Paulus
911 3287 1505 3344 Macedonasconsolari
1524 3290 1708 3343 volens
1734 3307 1747 3343 :
1775 3288 1874 3344 Vos
1889 3291 2043 3357 enim,

459 3376 648 3448 inquit,
675 3378 952 3432 imitatores
983 3380 1106 3448 facti
1125 3380 1243 3434 estis
1291 3379 1477 3449 fratres
1522 3378 1875 3434 Ecclesiarum
1925 3380 2044 3450 Dei,

457 3484 571 3537 qua:
593 3477 708 3522 sunt
734 3470 786 3522 in
810 3467 1032 3524 Juda’a:
1062 3470 1299 3541 quoniam
1320 3471 1497 3525 eadem
1526 3471 1664 3542 passi
1694 3472 1812 3525 estis
1848 3488 1881 3524 a
1921 3488 2049 3526 con-

461 3556 724 3612 tribulibus
751 3560 947 3621 vestris,
975 3561 1399 3629 quemadmodum
1427 3569 1473 3615 et
1518 3562 1597 3615 illi
1641 3579 1672 3616 a
1713 3560 1913 3618 Judteis
1949 3562 2042 3636 (1.

464 3648 639 3704 Thess.
672 3650 726 3703 2.
773 3651 882 3720 14).
916 3650 987 3705 Et
1037 3651 1289 3707 Hebraeos
1327 3668 1539 3708 rursum
1588 3654 1659 3708 ita
1713 3655 2044 3722 consolatur,

462 3741 941 3811 reccnsensjustos
971 3758 1157 3799 omnes
1182 3745 1233 3799 in
1263 3744 1586 3808 fornacibus,
1632 3749 1683 3799 in
1725 3747 1960 3813 lacubus,
1991 3749 2044 3804 in

461 3833 853 3902 solitudinibus,
886 3837 939 3890 in
963 3835 1256 3904 montibus,
1282 3837 1334 3891 ia
1365 3837 1656 3907 speluncis,
1709 3839 1762 3893 in
1795 3839 1952 3906 fame,
1993 3841 2045 3895 in

458 3929 697 3999 anguStia
723 3929 978 3999 degentes
1003 3928 1185 4003 (Ilebr.
1215 3932 1301 3985 11.
1326 3931 1396 3986 56
1421 3961 1492 3971 -
1530 3933 1654 4002 5‘3):
1684 3933 2048 3991 molestiarum

459 4021 599 4075 enim
623 4020 1034 4076 communicatio
1051 4022 1333 4091 quamdam
1362 4023 1523 4092 lapsis
1543 4023 1697 4078 affert
1720 4024 2046 4079 consolatio-

460 4128 601 4167 nem.
654 4112 806 4181 Quod
848 4126 1024 4167 autem
1062 4122 1118 4169 et
1145 4113 1212 4168 de
1241 4115 1633 4170 resurrectione
1683 4130 1894 4186 quoque
1946 4118 2050 4172 hoc

458 4206 631 4277 ipsum
652 4222 928 4262 sermones
947 4206 1178 4274 inducat,
1213 4207 1599 4263 audieumdem
1618 4208 1840 4263 Paulum
1868 4208 2049 4264 dicen-

460 4308 565 4351 tem
594 4315 606 4350 :
639 4296 700 4353 Si
725 4299 1001 4353 secundum
1029 4299 1282 4354 hominem
1309 4316 1426 4353 cum
1444 4299 1564 4369 [eris
1595 4301 1812 4371 pugnavi
1830 4298 2044 4371 Ephesi,

458 4392 578 4463 quid
607 4392 729 4445 mihi
760 4392 983 4461 prodest,
1015 4392 1061 4445 si
1083 4393 1267 4446 mortui
1294 4408 1392 4446 non
1417 4401 1684 4464 resurgunt
1771 4391 1793 4466 (
1819 4393 1868 4447 1.
1927 4390 2043 4448 Cor.

462 4482 551 4537 15.
575 4481 705 4543 52)?
734 4482 800 4536 Et
828 4483 1022 4538 iterum
1048 4499 1061 4535 :
1096 4481 1157 4537 Si
1185 4484 1238 4536 in
1267 4483 1362 4535 hac
1399 4484 1499 4537 vita
1524 4492 1717 4537 tantum
1741 4487 1795 4537 in
1846 4481 2048 4538 Christo

461 4582 718 4642 sperantes
740 4591 932 4638 sumus,
958 4574 1342 4629 miserabiliores
1360 4592 1534 4629 sumus
1552 4576 1783 4631 omnibus
1826 4576 2047 4630 homini-

464 4671 553 4723 bus
579 4667 688 4740 (Ib.
709 4689 764 4723 ν.
801 4669 909 4742 19).
945 4669 1226 4725 lnnumera
1261 4669 1493 4739 patimur
1520 4669 1658 4722 mala
1689 4670 1741 4723 in
1798 4670 2047 4739 prtcsenti

462 4762 587 4827 vita,
622 4761 827 4831 inquit:
858 4761 901 4817 si
936 4761 1096 4831 igitur
1121 4776 1229 4816 non
1256 4768 1505 4831 speratur
1529 4761 1696 4815 altera
1727 4760 1866 4826 vita,
1921 4762 2046 4831 quid

460 4856 612 4910 nobis
636 4870 758 4911 esse
781 4856 949 4926 possit
995 4854 1395 4911 miserabilius?

528 4948 583 5003 9.
662 4948 761 5003 Res
790 4962 977 5005 nostrte
1000 4960 1117 5005 sunt
1143 4950 1297 5021 hujus
1329 4950 1444 5003 vitis
1465 4949 1703 5004 limitibus
1728 4950 2049 5005 circumscri-

461 5051 577 5111 ptae.
599 5070 670 5083 ——
697 5041 849 5097 Unde
874 5041 1210 5098 manifestum
1236 5050 1319 5098 est
1339 5057 1444 5095 non
1465 5055 1586 5097 esse
1612 5056 1699 5096 res
1720 5051 1930 5095 nostras
1957 5039 2054 5094 Im-

459 5134 541 5202 ius
584 5133 681 5187 sevi
725 5132 981 5188 limitibus
1031 5133 1482 5203 circumscriptas.
1533 5131 1602 5186 Et
1644 5131 1747 5187 hoc
1786 5131 1952 5202 liquet
1984 5146 2051 5185 ex

461 5226 843 5283 tentationibus
872 5244 885 5280 :
914 5242 1199 5296 numquam
1231 5227 1371 5281 enim
1406 5227 1544 5281 Deus
1586 5233 1857 5295 pateretur
1892 5232 1969 5278 tot
1998 5232 2054 5278 et

460 5321 583 5375 talia
608 5333 795 5390 passos
826 5320 986 5384 mala,
1008 5327 1062 5374 et
1084 5329 1403 5389 prmsentem
1432 5320 1593 5375 vitam
1618 5334 1830 5374 omnem
1858 5317 1909 5372 in
1933 5327 2052 5371 ten-

461 5411 749 5466 tatiOnibus
779 5419 832 5465 et
859 5410 1078 5466 infinitis
1105 5413 1358 5481 degentes
1388 5411 1659 5482 periculis,
1692 5412 1859 5467 multo
1885 5411 2054 5481 majo-

461 5504 611 5559 ribus
639 5520 745 5559 non
774 5504 1107 5560 remunerari
1136 5505 1466 5560 muneribus.
1495 5505 1553 5562 Si
1578 5521 1708 5561 vero
1734 5506 1786 5561 id
1815 5507 1919 5575 pati
1946 5522 2063 5562 non.

463 5605 654 5662 potest,
687 5605 894 5652 certum
921 5597 1062 5669 quod
1094 5599 1368 5654 meliorem
1398 5607 1454 5654 et
1479 5598 1817 5654 illustriorem
1848 5600 2053 5669 paravit

467 5687 686 5739 alteram
732 5688 928 5755 vitam,
969 5690 1022 5743 in
1060 5704 1161 5760 qua
1197 5689 1408 5758 pietatis
1451 5690 1657 5761 pugiles
1700 5704 1957 5745 coronare
1998 5698 2055 5745 et

465 5774 682 5829 laudare
715 5784 826 5829 toto
847 5777 1004 5835 debet
1029 5781 1158 5837 orbe
1182 5790 1474 5851 spectante.
1509 5782 1689 5852 Itaque
1713 5797 1833 5836 cum
1859 5782 2054 5837 videris

2131 445 2331 515 justum
2358 447 2679 518 angustiari,
2707 448 2904 518 afﬂigi,
2932 448 2986 501 in
3011 445 3372 505 imbecillitate
3390 490 3407 515 ,
3437 453 3726 520 pauperie,

2133 545 2189 591 et
2209 538 2503 595 innumeris
2523 540 2640 594 aliis
2659 541 2911 595 arumnis
2936 552 3246 608 praesentem
3268 542 3428 596 vitam
3448 543 3723 608 claudere,

2133 626 2219 682 dic
2246 628 2383 683 intra
2412 638 2464 683 te
2490 630 2662 699 ipsum
2691 648 2703 682 :
2728 629 2837 685 Nisi
2864 631 3185 686 resurrectio
3207 641 3350 687 esset
3370 641 3424 688 et
3442 634 3724 703 judicium,

2134 735 2421 791 numquam
2453 722 2592 778 Deus
2625 731 2765 776 tanta
2804 731 3019 791 propter
3046 737 3106 777 se
3135 724 3272 777 mala
3304 738 3518 793 petasum
3539 766 3553 789 ,
3581 725 3729 780 nullo

2137 814 2358 880 potitum
2392 813 2533 870 bono
2559 814 2682 868 hinc
2709 816 2940 883 migrare
2972 815 3301 883 permisisset
3327 832 3342 869 :
3372 816 3515 871 unde
3541 826 3686 887 patet
3707 858 3721 880 ,

2135 903 2308 973 ipsum
2339 905 2560 958 alteram
2603 906 2682 959 eis
2724 906 2884 959 vitam
2932 906 3184 975 praesenti
3218 906 3628 976 jucundiorem,
3673 917 3730 964 et

2133 998 2302 1051 multo
2354 999 2630 1052 meliorem
2686 1014 2894 1067 parare.
2947 998 3060 1053 Nisi
3086 999 3229 1053 enim
3255 1000 3357 1054 hoc
3381 1009 3544 1064 esset,
3573 1017 3728 1054 num-

2132 1104 2290 1158 quam
2321 1089 2531 1143 sivisset
2567 1088 2837 1158 improbos
2862 1089 3075 1159 quidem
3116 1089 3311 1144 multos
3354 1106 3449 1159 per
3481 1090 3619 1145 hanc
3648 1092 3729 1145 vi-

2136 1187 2241 1233 tam
2264 1180 2518 1249 gaudere,
2537 1180 2800 1249 iustorum
2822 1194 2952 1234 vero
2973 1179 3168 1234 multos
3194 1179 3244 1233 in
3268 1181 3507 1249 plurimis
3528 1197 3728 1236 :erum—

2138 1270 2220 1323 nis
2265 1271 2503 1333 versari;
2544 1270 2638 1324 sed
2676 1271 2927 1339 quoniam
2971 1279 3320 1339 praeparatum
3358 1280 3442 1325 est
3474 1273 3727 1326 sa'culum

2136 1353 2298 1418 aliud,
2324 1355 2374 1408 in
2402 1369 2508 1425 quo
2534 1355 2823 1409 secandum
2850 1354 3122 1421 meritum,
3147 1354 3271 1409 huic
3295 1356 3504 1425 quidem
3527 1356 3729 1425 impro-

2138 1446 2316 1501 bitatis
2337 1488 2352 1507 .
2379 1448 2457 1501 illi
2490 1462 2617 1502 vero
2645 1448 2859 1502 virtutis
2883 1449 3098 1518 praemia
3126 1448 3349 1503 reddere
3375 1449 3534 1504 debet
3563 1468 3575 1503 :
3608 1450 3731 1505 ideo

2137 1542 2267 1598 sinit
2292 1541 2433 1597 hunc
2453 1541 2669 1613 quidem
2697 1542 2880 1613 afﬂigi,
2908 1542 3056 1596 illum
3084 1558 3210 1596 vero
3232 1542 3437 1596 deliciis
3459 1543 3727 1600 difﬂuere.

2137 1635 2334 1692 Verum
2361 1646 2414 1691 et
2433 1637 2591 1690 aliam
2613 1651 2677 1691 ex
2703 1634 2990 1704 Scripturis
3016 1649 3229 1689 causam
3255 1634 3447 1690 aﬂ'erre
3471 1636 3726 1690 conabor.

2137 1727 2319 1794 Qualis
2342 1742 2469 1783 vero
2494 1727 2608 1781 hanc
2631 1726 2751 1781 est?
2779 1726 2857 1781 Ne
2882 1725 3118 1781 dicamus
3145 1741 3242 1779 nos
3270 1726 3334 1780 ad
3359 1726 3601 1780 eamdem
3622 1727 3731 1781 vir—

2140 1830 2307 1876 tutem
2344 1821 2568 1884 invitati,
2600 1820 2821 1874 alterius
2852 1830 3055 1873 naturae
3083 1818 3363 1887 participes
3395 1819 3510 1872 illos
3540 1818 3727 1885 fuisse,

2139 1921 2230 1967 aut
2257 1912 2501 1966 homines
2526 1926 2631 1966 non
2658 1911 2841 1966 fuisse.
2893 1908 3096 1965 Idcirco
3143 1909 3357 1980 quidam
3408 1908 3476 1964 de
3527 1924 3725 1979 magno

2140 2003 2362 2073 loquens
2393 2002 2564 2068 Helia,
2590 2001 2669 2057 sic
2695 2001 2864 2071 inquit
2891 2017 2904 2053 :
2939 1998 3114 2054 Helias
3142 2000 3292 2053 homo
3320 2009 3429 2053 erat
3456 2002 3509 2054 in
3535 2001 3732 2070 passio-

2140 2094 2286 2149 nibus
2310 2094 2488 2149 similis
2513 2093 2655 2147 nobis
2681 2091 2883 2163 (Iacob.
2909 2092 2959 2146 5.
2982 2092 3092 2159 17).
3120 2090 3280 2145 Vides
3302 2090 3440 2160 quod
3469 2107 3496 2143 a
3530 2091 3735 2160 passio.

2143 2200 2270 2239 num
2315 2183 2691 2240 communione
2728 2182 3061 2237 demonstrat
3104 2182 3276 2251 ipsum
3315 2181 3581 2236 hominem
3611 2197 3735 2236 esse

2142 2285 2200 2330 ut
2230 2277 2365 2330 nos?
2395 2275 2461 2330 Et
2485 2275 2677 2330 iterum
2707 2292 2720 2328 :
2752 2273 2952 2328 Etenim
2982 2291 3072 2345 ego
3101 2275 3250 2328 homo
3277 2290 3390 2329 sum
3418 2274 3471 2328 in
3496 2274 3737 2346 patiendo

2141 2366 2277 2420 vobis
2304 2366 2482 2419 similis
2508 2365 2527 2437 (
2552 2364 2783 2436 Sapient.
2816 2366 2868 2420 7.
2898 2366 2925 2421 1
2950 2365 2990 2436 ).
3024 2366 3091 2420 Et
3121 2366 3221 2420 hoc
3247 2376 3451 2421 natura:
3487 2381 3733 2421 comma-

2144 2463 2358 2518 nionem
2380 2461 2626 2532 spondet.
2654 2461 2720 2517 Ut
2738 2471 2914 2517 autem
2937 2462 3113 2516 discas
3137 2476 3258 2514 eum
3282 2460 3371 2516 hic
3389 2460 3580 2515 docere
3598 2475 3734 2528 quos

2145 2563 2387 2623 oporteat
2414 2563 2599 2623 putare
2627 2554 2831 2617 beatos,
2857 2552 2909 2607 id
2936 2551 3059 2606 inde
3082 2551 3285 2606 clarum
3310 2562 3391 2606 est
3414 2568 3428 2605 :
3450 2566 3570 2606 cum
3589 2553 3734 2605 enim

2145 2644 2377 2701 audieris
2417 2644 2636 2699 Paulum
2679 2644 2979 2710 dicentem,
3015 2640 3184 2713 Usque
3210 2644 3263 2695 in
3302 2643 3433 2696 hanc
3472 2643 3649 2696 horam
3687 2653 3736 2696 et

2146 2740 2412 2804 esurimus,
2442 2747 2487 2792 et
2514 2738 2730 2801 sitimus,
2750 2747 2796 2791 et
2825 2736 2950 2789 nudi
2977 2751 3172 2798 sumus,
3197 2744 3243 2789 et
3267 2735 3666 2804 colaphizamur,
3688 2744 3738 2788 et

2147 2830 2403 2885 instabiles
2428 2847 2622 2893 sumus,
2641 2838 2687 2884 et
2714 2828 3001 2883 laboramus
3023 2826 3083 2896 (l.
3106 2826 3293 2882 σοι-,1.
3312 2826 3398 2898 11)
3424 2842 3441 2893 ;
3465 2835 3538 2893 et,
3573 2825 3737 2893 Quem

2148 2924 2312 2995 diligit
2332 2921 2603 2985 Dominus,
2631 2922 2843 2991 castigat
2866 2936 2884 2974 :
2906 2919 3135 2991 ﬂagellat
3160 2928 3326 2972 autem
3353 2935 3550 2972 omnem
3572 2918 3739 2986 ﬁlium

2146 3032 2293 3088 quem
2320 3014 2527 3083 suscipit
2560 3010 2741 3084 (Hebr.
2774 3010 2857 3065 12.
2888 3011 2982 3078 6);
3014 3020 3218 3063 certum
3249 3016 3331 3064 est
3357 3023 3477 3073 nos,
3509 3022 3614 3062 non
3638 3021 3742 3061 eos

2148 3109 2238 3179 qui
2269 3100 2528 3178 in'quiete
2555 3107 2774 3176 degunt,
2803 3104 2897 3159 sed
2926 3119 3020 3159 eos
3048 3103 3135 3173 qui
3170 3111 3387 3171 propter
3414 3101 3577 3157 Deum
3602 3098 3739 3153 affli-

2145 3212 2346 3274 guntur
2387 3208 2443 3256 et
2484 3207 2749 3254 vexantur
2775 3240 2790 3263 ,
2835 3197 3034 3266 quique
3075 3197 3327 3249 virtutem
3378 3193 3743 3262 pietatemque

2149 3292 2333 3348 colunt
2355 3290 2663 3345 laudaturos
2684 3300 2736 3344 et
2757 3287 3103 3341 mmulaturos
3123 3300 3266 3340 esse.
3300 3281 3389 3337 Sic
3402 3281 3740 3352 etPropheta

2149 3382 2279 3439 dicit
2309 3401 2321 3436 :
2354 3380 2575 3437 Dextera
2604 3381 2829 3450 ipsorum
2856 3378 3061 3432 dextera
3090 3375 3391 3447 iniquitatis,
3418 3374 3539 3443 ﬁlia:
3566 3389 3743 3426 eorum

2150 3477 2461 3547 compositas,
2494 3474 2910 3537 circumoruatae,
2938 3480 2992 3524 ut
3017 3468 3296 3524 similitudo
3326 3465 3518 3535 templi.
3555 3463 3745 3517 Prom-

2152 3570 2355 3642 ptuaria
2392 3585 2566 3623 eorum
2594 3568 2743 3639 plena
2765 3606 2781 3631 ,
2810 3564 3094 3620 eructantia
3121 3580 3184 3617 ea:
3210 3566 3305 3617 hoc
3341 3563 3393 3617 in
3422 3561 3551 3615 illud
3578 3576 3598 3614 :
3625 3576 3746 3614 oves

2152 3680 2325 3719 eorum
2356 3666 2531 3735 fetosa:
2550 3703 2565 3725 ,
2593 3658 2907 3714 abundantes
2931 3658 2984 3711 in
3014 3656 3293 3727 egressibus
3316 3656 3423 3710 suis
3445 3697 3459 3719 .
3486 3654 3630 3708 boves
3654 3669 3747 3707 eo-

2151 3771 2264 3808 rum
2301 3768 2500 3807 crassae.
2538 3749 2659 3805 Non
2689 3760 2758 3805 est
2787 3753 2937 3803 ruina
2964 3748 3194 3802 maceria:
3220 3789 3237 3812 ,
3267 3763 3423 3817 neque
3458 3745 3697 3799 transitus
3722 3785 3743 3811 ,

2152 3861 2309 3916 neque
2346 3844 2535 3897 clamor
2566 3842 2618 3896 in
2645 3840 2823 3911 plateis
2847 3855 3038 3893 eorum.
3084 3836 3293 3891 Beatum
3317 3837 3552 3890 dixerunt
3579 3852 3748 3906 popu-

2153 3938 2262 3991 lum
2284 3937 2367 3994 cui
2397 3935 2504 3989 haec
2537 3943 2652 3988 sunt
2705 3931 2723 4005 (
2752 3930 2892 3986 Psal.
2926 3930 3049 3985 145.
3082 3930 3251 3985 11-15
3277 3929 3315 3999 ).
3350 3932 3429 3987 Tu
3453 3946 3580 3986 vero
3604 3930 3747 3982 Pro-

2154 4029 2315 4100 pheta
2343 4026 2470 4097 quid
2495 4024 2665 4080 dicis?
2695 4023 2915 4090 Beatus,
2948 4022 3151 4091 inquit,
3185 4022 3432 4091 populus,
3459 4020 3606 4088 cujus
3641 4018 3749 4072 Do-

2152 4123 2318 4175 minus
2348 4119 2482 4173 Deus
2510 4120 2619 4188 ejus
2646 4115 2797 4189 (lb.v
2817 4155 2830 4167 .
2857 4116 2972 4184 15).
3004 4113 3118 4168 Non
3148 4112 3386 4183 pecuniis
3409 4110 3749 4178 afﬂuentem,

2153 4213 2250 4269 sed
2282 4214 2479 4283 pietate
2502 4220 2748 4265 ornatum
2771 4249 2786 4271 ,
2817 4207 2957 4262 hunc
2983 4221 3080 4275 ego
3111 4204 3323 4260 beatum
3349 4213 3499 4273 puto,
3536 4202 3707 4272 inquit
3727 4245 3748 4267 ,

2153 4303 2253 4361 etsi
2284 4306 2563 4359 innumera
2586 4301 2813 4370 patiatur
2834 4298 2992 4353 mala.
3019 4297 3074 4354 Si
3097 4312 3225 4352 vero
3245 4304 3457 4367 oportet
3472 4305 3526 4350 et
3547 4310 3747 4349 nonam

2153 4398 2330 4454 dicere
2360 4410 2573 4450 causam
2595 4436 2610 4460 ,
2642 4392 2772 4448 illud
2801 4392 2997 4446 addere
3025 4405 3303 4460 possemus
3326 4430 3342 4454 ,
3373 4388 3512 4458 quod
3550 4388 3753 4458 proba-

2153 4493 2318 4546 tiores
2345 4488 2615 4545 tribulatio
2654 4485 2807 4540 faciat
2834 4483 3133 4539 tribulatos.
3181 4480 3458 4536 Tribulatio
3487 4480 3621 4534 enim
3651 4495 3750 4550 pa-

2154 4584 2379 4638 tientiam
2407 4588 2647 4650 aperatur
2667 4619 2682 4643 ,
2710 4576 2952 4649 patientia
2976 4591 3091 4628 vero
3116 4573 3456 4645 probationem
3477 4613 3491 4634 ,
3519 4570 3753 4642 probatio

2154 4687 2324 4729 autent
2351 4690 2489 4743 spent
2511 4714 2526 4737 ,
2558 4687 2671 4741 spes
2695 4686 2810 4723 vero
2835 4685 2936 4722 non
2962 4666 3227 4737 confundit
3254 4665 3427 4736 (Rom.
3452 4664 3506 4720 5.
3537 4663 3750 4734 5-5).

2157 4768 2320 4822 Vides
2345 4764 2486 4835 quod
2516 4778 2585 4817 ex
2621 4760 2961 4815 tribulatione
2989 4758 3232 4828 probatio
3261 4756 3558 4811 futurorum
3595 4768 3751 4824 spem

2160 4859 2315 4913 nobis
2340 4856 2528 4911 aﬂerat
2552 4896 2566 4921 ,
2598 4863 2652 4908 et
2679 4855 2730 4907 in
2763 4850 3141 4906 teutationibus
3170 4863 3386 4903 manere
3410 4890 3426 4913 ,
3457 4846 3526 4902 de
3559 4846 3753 4902 futuris

2160 4954 2294 5006 bene
2322 4964 2539 5020 sperare
2568 4946 2762 5002 faciat?
2792 4946 2970 5014 Itaque
2994 4958 3103 4998 non
3133 4952 3334 4998 temere
3357 4940 3622 5006 dicebam,
3649 4939 3752 4995 has

2159 5043 2529 5100 tribulatioues
2557 5038 2963 5095 resurrectionis
2996 5052 3147 5107 spem
3178 5036 3332 5091 nobis
3360 5035 3662 5105 designare,
3694 5044 3753 5089 et

2158 5144 2376 5191 vexatos
2415 5123 2663 5188 meliores
2690 5130 2925 5186 efficere.
2960 5126 3420 5198 Quemadmodum
3448 5125 3628 5191 enim,
3662 5124 3750 5182 iu-

2159 5229 2266 5298 quit
2290 5268 2306 5293 ,
2334 5227 2387 5280 in
2416 5225 2633 5280 fornace
2657 5238 2842 5277 aurum
2872 5221 3207 5277 examinatur
3227 5261 3243 5284 ,
3274 5219 3351 5274 sic
3382 5227 3437 5273 et
3464 5217 3628 5272 homo
3653 5231 3744 5270 ac-

2159 5327 2345 5389 ceptus
2367 5317 2419 5372 in
2441 5315 2821 5370 lmmiliationis
2842 5313 3051 5368 camino
3073 5310 3258 5381 (Eccli.
3277 5309 3334 5364 2.
3357 5307 3434 5381 5).
3461 5308 3754 5363 Possumus

2160 5421 2215 5468 et
2240 5411 2508 5469 decimam
2530 5407 2707 5464 dicere
2727 5421 2964 5461 causam.
2992 5405 3213 5473 Qualem
3234 5418 3363 5457 vero
3382 5402 3553 5457 hanc?
3578 5401 3749 5469 Quam

2160 5514 2214 5558 et
2230 5503 2341 5573 jam
2364 5500 2559 5572 saepius
2578 5499 2690 5555 dixi
2707 5499 2951 5568 superius
2969 5540 2983 5563 ,
3005 5495 3149 5568 quod
3171 5496 3214 5550 si
3236 5495 3443 5565 aliquas
3459 5488 3757 5548 habeamus

2161 5594 2417 5661 maculas,
2442 5600 2496 5648 et
2518 5590 2603 5646 hic
2622 5605 2714 5646 eas
2737 5589 3088 5658 deponemus.
3117 5587 3183 5642 Et
3203 5586 3304 5641 hoc
3331 5585 3628 5655 patriarcha
3652 5583 3753 5638 de—

2161 5687 2368 5743 clarans
2406 5682 2473 5739 ad
2506 5683 2723 5738 divitem
2751 5680 2961 5735 dicebat
2991 5697 3003 5732 :
3036 5678 3286 5749 quoniam
3314 5676 3541 5730 Lazarus
3565 5675 3757 5739 recepit

2162 5794 2258 5833 sua
2284 5777 2420 5832 mala
2447 5818 2461 5843 ,
2493 5775 2628 5830 unde
2655 5773 3046 5829 consolationem
3076 5770 3259 5840 accipit
3288 5770 3308 5840 (
3336 5767 3461 5823 Luc.
3497 5769 3581 5824 16.
3614 5767 3687 5824 25
3708 5772 3753 5839 ).
