3998 6436
205 402 273 459 Ἠ
1262 391 1352 446 AD
1391 387 1720 446 POPULUM
1759 384 2261 443 ANTIOCHENUM
2299 385 2534 441 HOMIL.
2579 385 2620 439 1.
3619 388 3690 442 ες

206 514 520 587 στεφανίτην
547 514 774 567 ἐκεῖνον.
807 511 1021 581 Ὠσπερ
1049 507 1159 580 γάρ
1183 506 1354 577 ἔφθην
1370 506 1564 574 εἰπὼν,
1587 507 1686 577 οὐχ
1709 503 1884 568 οὕτως

205 603 442 674 ἐφαίνετο
485 603 603 665 τοῖς
633 598 942 672 ἀνθρώποις
962 597 1142 650 πάντα
1172 597 1264 648 τόν
1295 595 1526 649 πλοῦτον
1561 592 1889 666 περιϐεϐλη-

208 691 355 764 μένος
394 691 638 750 ἐκεῖνον,
672 687 750 751 ὡς
791 688 880 740 ὅτε
935 684 1186 755 καθάπερ
1226 685 1440 754 ἱμάτιον
1485 681 1646 752 ῥίψας
1690 680 1884 746 αὐτὸν,

206 777 396 848 γυμνὸς
421 776 663 846 ἐδείχθη,
691 773 881 846 ὥσπερ
905 775 962 826 ἐν
987 773 1200 844 θεάτρῳ
1225 785 1273 834 α,
1305 771 1444 842 μέσῃ
1474 773 1540 840 τῇ
1569 769 1886 840 οἰκουμένῃ,

209 868 291 920 καὶ
322 866 520 928 πάντες
553 862 720 918 αὐτοῦ
751 862 848 934 τὴν
875 862 1088 928 εὐεξίαν
1121 862 1220 932 τῆς
1249 859 1432 931 ψυχῆς
1471 858 1884 930 ἐξεπλάγησαν·

209 957 296 1009 οὐκ
341 953 448 1007 ἀπὸ
475 953 580 1024 τῆς
621 951 957 1024 γυμνώσεως
1005 950 1061 1003 δέ
1097 949 1257 1020 μόνον
1299 947 1594 1012 ἐδείκνυτο,
1630 947 1767 1000 ἀλλά
1795 947 1890 1000 καὶ

211 1044 304 1098 ἀπὸ
324 1043 421 1112 τῆς
449 1041 632 1112 πάλης
665 1041 760 1094 καὶ
786 1041 886 1111 τῆς
923 1038 1066 1092 κατά
1097 1037 1194 1109 τὴν
1227 1037 1543 1109 ἀρρωστίαν
1585 1035 1886 1106 ὑπομονῆς.

273 1131 476 1200 Ὠσπερ
505 1129 616 1200 γὰρ
642 1128 812 1199 ἔφθην
856 1125 1047 1189 εἰπὼν,
1082 1127 1181 1180 οὐκ
1209 1127 1373 1190 αὐτὸς
1421 1125 1584 1178 αὐτὸν
1617 1123 1891 1189 ἐπάταξεν

210 1217 236 1270 ὁ
253 1217 391 1281 Θεὸς,
419 1217 510 1271 ἵνα
541 1217 617 1287 μὴ
641 1216 804 1270 πάλιν
831 1217 859 1268 6
879 1213 1126 1278 διάϐολος
1142 1213 1297 1284 λέγῃ,
1319 1213 1401 1266 ὅτι
1425 1211 1648 1280 ἐφείσω,
1672 1213 1766 1266 καί
1793 1212 1891 1284 οὐχ

210 1306 318 1358 ὅσον
343 1303 467 1370 ἔδει,
489 1303 744 1358 τοσοῦτον
767 1304 1046 1372 ἐπήγαγες
1070 1301 1372 1372 πειρασμόν
1391 1315 1407 1330 ο
1439 1299 1556 1354 ἀλλ’
1576 1299 1724 1370 αὐτῷ
1751 1316 1894 1370 παρη

212 1392 365 1446 ἐδωκε
397 1391 478 1462 τῷ
511 1391 746 1462 διαϐόλῳ
789 1390 885 1444 καὶ
928 1391 1027 1460 τὴν
1059 1389 1168 1442 τῶν
1203 1388 1537 1460 θρεμμάτων
1588 1387 1889 1448 ἀπώλειαν,

213 1481 298 1534 καὶ
319 1481 416 1551 τὴν
441 1480 545 1550 τῆς
580 1480 785 1552 σαρκὸς
813 1478 1084 1544 ἐξουσίαν.
1118 1477 1320 1550 Θαρῤῶ
1347 1478 1429 1548 τῷ
1459 1476 1687 1548 ἀθλητῇ,
1722 1476 1888 1546 φησί·

213 1568 289 1622 διὰ
309 1568 464 1622 τοῦτο
496 1568 559 1621 οὐ
589 1567 784 1621 κωλύω
813 1570 1184 1639 προσαγαγεῖν
1209 1566 1360 1636 αὐτῷ
1391 1567 1492 1620 ὅσα
1514 1567 1580 1620 ἂν
1602 1565 1762 1638 θέλῃς
1787 1582 1893 1619 πα-

213 1656 494 1728 λαίσματα.
536 1656 700 1710 Ἀλλά
729 1656 984 1728 καθάπερ
1010 1657 1060 1710 οἱ
1085 1656 1299 1728 δόκιμοι
1321 1655 1432 1710 τῶν
1455 1655 1770 1709 παλαιστῶν
1798 1656 1893 1710 καὶ

213 1748 270 1816 τῇ
304 1745 465 1816 τέχνῃ
497 1745 598 1798 καὶ
635 1747 701 1816 τῇ
744 1743 904 1818 ῥώμῃ
945 1743 1042 1798 τοῦ
1080 1745 1332 1816 σώματος
1381 1746 1606 1818 θαρρεῖν
1653 1744 1890 1814 ἔχοντες,

212 1834 300 1886 οὐκ
333 1833 483 1904 ὀρθοὶ
523 1833 930 1904 συμπλέκονται
971 1837 1086 1898 τοῖς
1130 1835 1562 1903 ἀνταγωνισταῖς
1607 1832 1891 1896 πολλάκις,

213 1921 322 1975 οὐδέ
353 1921 410 1989 ἐξ
449 1921 599 1990 ἴσης,
646 1921 784 1976 ἀλλά
824 1922 1026 1993 μέσους
1067 1923 1294 1986 ἐαυτούς
1338 1923 1638 1994 παρέχουσι
1669 1923 1698 1963 b
1725 1938 1896 1976 κατα-

218 2013 349 2079 σχεῖν
376 2009 632 2074 ἐκείνοις.
659 2009 800 2063 ὥστε
821 2010 1208 2082 λαμπροτέραν
1229 2011 1557 2082 ποιήσασθαι
1585 2013 1686 2082 τὴν
1711 2010 1891 2078 νίκηνο

214 2093 344 2148 οὓτω
373 2095 468 2149 καὶ
497 2098 527 2149 6
558 2095 695 2160 Θεὸς
729 2095 890 2167 μέσον
914 2097 1082 2151 ἔδωκε
1122 2096 1203 2168 τῷ
1223 2097 1456 2169 διαϐόλῳ
1485 2099 1775 2168 κατασχεῖν
1802 2097 1895 2150 τὸν

219 2182 376 2250 ἅγιον,
408 2184 496 2237 ἵνα
526 2184 663 2238 ὅταν
697 2184 860 2238 αὐτοῦ
891 2185 1030 2256 μετὰ
1065 2186 1164 2256 τὴν
1192 2185 1462 2252 τοσαύτην
1495 2187 1594 2256 τῆς
1620 2186 1895 2256 συμϐολῆς

219 2273 513 2341 πλεονεξίαν
544 2277 819 2349 κρατήσῃ,
851 2277 944 2330 καὶ
973 2277 1067 2329 ἐπὶ
1097 2278 1195 2344 τῆς
1235 2277 1341 2347 γῆς
1377 2277 1614 2350 ἐκτείνῃ,
1641 2277 1894 2348 λαμπρό-

216 2379 356 2434 τερος
379 2365 405 2417 6
429 2365 702 2432 στέφανος
728 2365 970 2434 γένηται.
994 2366 1037 2418 Χ
1047 2367 1230 2436 ρυσίον
1256 2366 1375 2418 ἐστὶ
1393 2363 1642 2436 δόκιμον·
1675 2365 1750 2428 ὡς
1776 2365 1896 2436 βού-

215 2449 285 2503 λει
323 2450 657 2523 δοκίμασον,
697 2452 773 2516 ὼς
817 2452 996 2524 βούλει
1035 2454 1346 2524 βασάνισον,
1399 2454 1500 2526 οὐχ
1541 2454 1793 2524 εὑρήσεις
1837 2457 1896 2508 ἐν

217 2539 351 2611 αὐτῷ
388 2541 614 2612 κηλῖδα.
642 2543 717 2596 Οὐ
750 2545 850 2614 τὴν
889 2543 1094 2616 ἐτέρων
1124 2544 1182 2597 δέ
1216 2545 1349 2616 ἡμῖν
1378 2545 1627 2616 ἀνδρείαν
1658 2545 1896 2600 δείκνυσι

221 2629 386 2696 μόνον,
436 2629 584 2684 ἀλλά
625 2631 720 2683 καὶ
747 2630 940 2701 ἐτέραν
970 2631 1326 2704 παραμυθίαν
1362 2644 1384 2672 ο
1415 2633 1632 2698 κομίζει
1670 2633 1893 2706 πολλήν.

219 2715 257 2767 Τ
263 2716 277 2768 ί
290 2715 392 2790 γάρ
407 2733 581 2788 φησιν
597 2720 625 2770 ό
640 2718 871 2789 Χριστός
888 2735 902 2784 ;
945 2719 1237 2788 Μακάριοι
1255 2719 1271 2792 ί
1286 2717 1372 2790 I5]
1407 2720 1568 2786 ἐστε,
1589 2721 1735 2775 ὅταν
1747 2723 1899 2776 ὀνει-

218 2803 458 2860 δίσωσιν
501 2805 668 2876 ὑμᾶς
727 2806 1044 2876 ἄνθρωποι,
1104 2809 1202 2862 καὶ
1248 2808 1524 2876 διώξωσι,
1557 2811 1652 2864 καὶ
1684 2811 1899 2865 εἴπωσι

220 2891 330 2946 πᾶν
366 2894 644 2961 πονηρὸν
679 2892 847 2963 ῥῆμα
879 2897 1012 2950 καθ’
1055 2895 1224 2966 ὑμῶν
1260 2897 1644 2966 ψευδόμενοι,
1688 2898 1900 2952 ἕνεκεν

221 2980 352 3049 ἐμοῦ
381 2981 431 3021 τι·
501 2982 741 3053 χαίρετε
772 2981 872 3036 καὶ
899 2985 1291 3054 ἀγαλλιᾶσθε,
1323 2987 1412 3040 ὅτι
1447 2989 1478 3040 ό
1496 2987 1716 3056 μισθὸς
1735 2985 1901 3054 ὑμῶν

221 3070 402 3136 πολὺς
425 3070 500 3125 ἐν
537 3071 664 3137 τοῖς
693 3071 971 3140 οὐρανοῖς
991 3089 1004 3103 ·
1037 3073 1193 3127 οὕτω
1215 3074 1324 3144 γὰρ
1359 3075 1610 3128 ἐποίουν
1647 3073 1744 3126 καὶ
1775 3073 1900 3142 τοῖς

225 3161 550 3227 προφήταις
573 3161 626 3212 οἱ
653 3158 902 3229 πατέρες
925 3161 1142 3216 αὐτῶν.
1167 3163 1278 3215 Καὶ
1299 3161 1464 3216 πάλιν
1489 3165 1517 3216 ὁ
1538 3161 1749 3225 Παῦλος
1774 3159 1899 3232 βου-

223 3245 432 3314 λόμενος
461 3245 974 3318 παραμυθήσασθαι
1005 3249 1132 3312 τοὺς
1167 3249 1508 3314 Μακεδόνας,
1543 3249 1732 3320 Ὑμεῖς
1763 3250 1897 3319 γὰρ,

223 3336 366 3404 φησὶ,
409 3333 663 3404 μιμηταὶ
703 3334 1025 3404 ἐγενήθητε
1067 3335 1318 3404 ἀδελφοὶ
1365 3336 1484 3391 τῶν
1533 3337 1902 3405 Ἐκκλησιῶν

223 3421 318 3474 τοῦ
361 3422 515 3476 Θεοῦ
560 3421 681 3474 τῶν
725 3421 928 3477 οὐσῶν
963 3424 1033 3478 ἐν
1068 3423 1145 3492 τῇ
1195 3424 1466 3492 Ἰουδαίᾳ,
1505 3425 1592 3478 ὅτι
1638 3426 1712 3479 τὰ
1749 3425 1902 3480 αὐτὰ

223 3510 455 3566 ἐπάθετε
479 3511 584 3564 καὶ
611 3511 782 3580 ὑμεῖς
800 3511 916 3566 ὑπὸ
946 3511 1064 3566 τῶν
1087 3512 1250 3566 ἰδίων
1270 3513 1691 3584 συμφυλετῶν,
1722 3513 1904 3569 καθά-

224 3612 325 3666 περ
360 3598 629 3654 κάκεῖνοι
666 3599 788 3654 ὑπὸ
821 3601 940 3652 τῶν
974 3601 1288 3656 Ἰουδαίων.
1337 3604 1448 3657 Καὶ
1481 3603 1768 3674 Ἑϐραίους
1805 3603 1904 3657 πά-

225 3685 300 3738 λιν
334 3685 477 3740 οὕτω
507 3686 834 3757 παρακαλεῖ,
880 3689 1198 3757 καταλέγων
1226 3689 1354 3754 τοὺς
1385 3690 1626 3754 δικαίους
1655 3693 1902 3756 ἅπαντας

226 3773 340 3837 τούς
367 3776 424 3826 ἐν
449 3774 728 3844 καμίνοις,
756 3776 882 3838 τοὺς
907 3777 963 3828 ἐν
989 3775 1235 3843 λάκκοις,
1262 3779 1388 3842 τοὺς
1414 3781 1472 3831 ἐν
1501 3779 1750 3850 ἐρήμοις,
1775 3782 1903 3844 τοὺς

226 3861 278 3912 ἐν
303 3862 474 3932 δρεσι,
507 3863 634 3926 τοὺς
663 3865 722 3915 ἐν
751 3863 1056 3934 σπηλαίοις,
1083 3866 1210 3930 τοὺς
1239 3865 1298 3918 ἐν
1337 3863 1502 3936 λιμῷ.
1533 3867 1660 3930 τοὺς
1695 3869 1751 3918 ἐν
1783 3884 1904 3920 στε-

227 3951 449 4022 νοχωρίᾳ.
482 3950 807 4018 διάγοντας·
842 3953 875 4024 ή
933 3952 1040 4024 γάρ
1076 3953 1331 4007 κοινωνία
1369 3953 1477 4006 τῶν
1519 3953 1706 4006 παθῶν
1746 3955 1903 4026 φέρει

225 4037 338 4091 τινὰ
374 4037 733 4110 παραμυθίαν
762 4042 876 4103 τοῖς
917 4041 1349 4095 ἐκπεπτωκόσιν.
1389 4041 1512 4096 ’Ότι
1549 4041 1606 4094 δὲ
1648 4043 1740 4095 καὶ
1778 4043 1903 4102 τοὺς

229 4129 347 4198 περὶ
388 4129 742 4193 ἀναστάσεως
770 4128 931 4184 πάλιν
971 4127 1132 4184 τοῦτο
1169 4130 1381 4200 εἰσάγει
1425 4129 1635 4198 λόγους,
1671 4130 1903 4185 ἄκουσον

228 4214 382 4270 αὐτοῦ
414 4216 512 4271 τοῦ
539 4215 750 4270 Παύλου
795 4217 1044 4287 λέγοντος
1069 4235 1083 4249 ·
1125 4220 1195 4272 El
1231 4219 1382 4273 κατὰ
1412 4219 1726 4288 ἄνθρωπον
1767 4221 1902 4288 ἐθη-

224 4305 561 4373 ριομάχησα
607 4305 678 4360 ἐν
714 4306 956 4376 Ἐφέσῳ,
1005 4307 1066 4360 τί
1096 4325 1198 4376 μοι
1236 4307 1303 4361 τὸ
1334 4307 1575 4378 ὄφελος,
1609 4311 1663 4363 εὶ
1703 4309 1902 4378 νεκροὶ

228 4392 331 4444 οὐκ
357 4393 724 4464 ἐγείρονται;
755 4395 865 4449 Καὶ
887 4393 1068 4460 πάλιν,
1093 4396 1163 4448 El
1187 4394 1258 4448 ἐν
1279 4393 1354 4463 τῇ
1379 4393 1492 4463 ζωῇ
1515 4396 1700 4464 ταύτῃ
1729 4398 1858 4465 ἠλπ
1879 4427 1907 4438 -

231 4479 394 4547 κότες
423 4479 618 4549 ἐσμὲν
648 4482 720 4534 ἐν·
748 4481 982 4550 Χριστῷ
1007 4482 1220 4552 μόνον.
1246 4482 1636 4550 ἐλεεινότεροι
1665 4483 1906 4536 πάντων

229 4564 960 4640 ἀνθριῦπωνέσμένῶίυρία
986 4569 1270 4641 πάσχομεν
1300 4569 1452 4623 δεινά
1477 4570 1619 4623 κατὰ
1648 4570 1740 4624 τὸν
1770 4588 1908 4642 παρ-

229 4653 348 4707 όντα
387 4655 524 4727 βίον,
559 4655 758 4728 φησίν·
819 4659 868 4711 εἰ
894 4657 1076 4710 τοίνυν
1119 4658 1220 4711 οὐκ
1257 4656 1406 4710 ἐστιν
1444 4657 1663 4712 ἐλπίσαι
1711 4659 1905 4732 ἑτέραν

231 4737 390 4813 ζωὴν,
421 4743 476 4796 τί
505 4742 700 4812 γένοιτ’
738 4743 804 4798 ἂν
836 4742 992 4814 ἡμῶν
1030 4743 1394 4816 ἀθλιώτερον;

295 4830 358 4886 θ’.
377 4832 542 4886 Ὅθεν
567 4831 744 4903 δῆλον.
779 4832 862 4886 ὅτι
893 4833 952 4886 οὐ
987 4833 1147 4905 μέχρι
1179 4833 1274 4886 τοῦ
1317 4833 1584 4904 παρόντος
1601 4832 1802 4906 ἕστηκε
1839 4835 1908 4886 τά

233 4919 390 4988 ἡμέτε
401 4937 468 4992 ρα
491 4935 508 4952 ·
536 4921 630 4974 καὶ
653 4919 811 4973 τοῦτο
845 4919 1004 4992 δῆλον
1033 4921 1141 4976 άπὸ
1167 4920 1276 4975 τῶν
1317 4921 1640 4992 πειρασμῶν
1675 4924 1902 4991 γίνεται.

234 5007 303 5058 ὓύ
325 5007 436 5078 γὰρ
461 5005 527 5061 άν
555 5024 685 5060 ποτε
715 5007 1002 5078 ἀνάσχοιτο
1025 5009 1054 5062 6
1075 5008 1207 5074 Θεὸς
1231 5011 1357 5074 τοὺς
1379 5011 1621 5066 τοσαῦτα
1649 5013 1744 5065 καὶ
1760 5010 1909 5082 τηλι-

235 5097 406 5152 καῦτα
427 5098 762 5162 πεπονθότας
783 5099 948 5163 κακὰ,
971 5099 1176 5153 καὶτὸν
1200 5100 1445 5172 παρόντα
1475 5100 1590 5171 βίον
1613 5102 1826 5156 ἅπαντα
1849 5103 1908 5155 ἐν

237 5188 556 5256 πειρασμοῖς
583 5187 677 5242 καὶ
721 5187 947 5260 μυρίοις
970 5187 1256 5256 διάγοντας
1294 5188 1580 5252 κινδύνοις,
1619 5187 1693 5260 μὴ
1729 5187 1907 5260 πολλῷ

240 5271 473 5339 μείζοσιν
498 5273 828 5344 ἀμείψασθαι
853 5275 1083 5345 δωρεαῖς
1103 5291 1115 5306 ’
1141 5279 1190 5328 εί
1218 5275 1275 5329 δὲ
1295 5276 1396 5330 οὐκ
1418 5275 1724 5347 ἀνάσχοιτο.
1752 5274 1909 5346 εὔδη-

238 5355 320 5410 λον
347 5359 430 5412 ὃτι
459 5359 653 5430 βελτίω
681 5360 802 5414 τινά
840 5361 936 5414 καὶ
967 5361 1352 5434 λαμπροτέραν
1385 5363 1683 5435 ἡτοίμασεν
1712 5362 1907 5435 ἑτέραν

240 5444 398 5516 ζωὴν,
427 5447 548 5501 καθ’
574 5447 641 5519 ἦν
676 5447 858 5518 μέλλει
899 5449 1026 5512 τοὺς
1053 5449 1155 5519 τῆς
1195 5449 1478 5513 εὐσεϐείας
1519 5449 1760 5518 ἀθλητὰς
1789 5468 1909 5503 στε-

241 5533 433 5600 φανοῦν
464 5537 558 5590 καὶ
586 5537 1005 5609 ἀνακηρύττειν,
1034 5539 1133 5611 τῆς
1167 5538 1494 5610 οἰκουμένης
1517 5539 1732 5610 δρώσης
1768 5539 1909 5592 ἁπά-

304 5673 331 5704 ⁸
353 5675 550 5738 Aliquot
573 5690 690 5726 mss.
717 5678 926 5742 καθάπερ
950 5678 998 5727 ἐν
1017 5677 1214 5789 θεάτρῳ.
1243 5677 1428 5728 Ibidem
1453 5677 1604 5727 Savil.
1633 5683 1684 5726 et
1706 5679 1908 5739 quidam

304 5748 353 5783 IS.
375 5739 754 5789 κατεπλάγησαν.
783 5737 910 5788 Infra
936 5741 1132 5789 quidam
1187 5756 1276 5789 πεο
1298 5757 1344 5789 γ.
1372 5739 1528 5789 Eoo-av.

245 5747 353 5804 ωξε.
364 5737 754 5804 κατεπλάγησαν.
783 5737 1142 5804 Illj'raiquidam'
1160 5737 1276 5804 ὅπερ
1298 5757 1344 5802 γ.
1372 5739 1528 5798 ἔφθην.

245 5793 440 5917 ΰέοὲέἐί
459 5793 790 5864 παρεχόμενοι.
819 5793 972 5851 Pauld
1015 5809 1127 5864 post.
1153 5793 1351 5864 quidain
1393 5793 1510 5850 ἠλεέ.
1543 5805 1628 5858 τῆς
1666 5801 1907 5862 συντονία,

306 5923 1028 5998 ξεηίιίτέροιςπσεραιιυθίειε
1197 5985 1227 5998 -
1468 5989 1505 5998 ί.
1549 5981 1589 5998 .,
1635 5982 1676 5998 ..
1847 5986 1882 5998 ..

253 5977 330 6092 Ed
352 5981 482 6044 ηας,
518 5977 674 6032 cum
704 5977 838 6046 ἐμοῦ,
867 5985 1160 6045 addidimus,
1197 5985 1433 6034 Savilium
1457 5989 1511 6034 et
1548 5981 1608 6032 N.
1635 5982 1693 6032 Τ.
1723 5986 1902 6034 seculi.

287 6059 380 6098 DIT.

1997 517 2116 572 σης.
2151 500 2314 554 Ὥστε
2339 501 2468 554 ὅταν
2493 501 2610 574 ίδῃς
2635 487 2847 555 δίκαιον
2870 501 3394 574 στενοχωρούμενον,
3411 501 3692 572 κακούμε-

1996 607 2108 652 νον,
2129 590 2188 643 ἐν
2217 589 2503 661 ἀρρωστίᾳ
2533 589 2627 642 καὶ
2662 590 2822 661 πενίᾳ
2853 591 2949 644 καὶ
2994 591 3212 662 μυρίοις
3248 591 3458 663 ἑτέροις
3499 593 3691 654 δεινοῖς

1995 677 2088 730 τὸν
2111 677 2354 748 παρόντα
2395 676 2508 746 βίον
2537 675 2938 742 καταλύσαντα,
2973 679 3096 731 εἰπέ
3132 679 3268 750 πρὸς
3293 680 3510 741 ἐαυτδν,
3533 679 3612 732 ὅτι
3645 681 3693 732 εξ

1998 763 2073 836 μὴ
2105 764 2403 828 ἀνάστασις
2431 757 2498 833 ἦν
2529 765 2625 818 καὶ
2651 765 2855 835 κρίσις,
2886 767 2986 818 οὐκ
3021 767 3088 820 ἂν
3123 768 3152 819 6
3175 767 3312 831 Θεὸς
3336 767 3427 820 τὸν
3457 767 3692 820 τοσαῦτα

1995 853 2060 906 δι’
2093 853 2256 907 αὐτὸν
2290 853 2601 907 πεπονθότα
2647 854 2795 907 κακὰ
2827 855 3006 926 ἀφῆκε
3040 855 3269 927 μηδενὸς
3302 855 3692 910 ἀπολαύσαντα

1996 939 2205 1008 ἀγαθοῦ
2227 941 2485 996 ἀπελθεῖν
2505 941 2754 995 ἐντεῦθεν
2775 959 2788 972 ο
2815 942 2939 995 ὅθεν
2963 944 3139 1008 δῆλον,
3167 947 3250 999 ὅτι
3282 945 3372 998 ἑτέ
3383 961 3480 1016 ραν
3511 945 3693 1005 αὐτοῖς

1995 1029 2266 1100 ἡτοίμασε
2319 1028 2464 1100 ζωὴν
2508 1030 2646 1100 ἡδίω
2693 1030 2796 1100 τῆς
2837 1030 3123 1103 παρούσης
3170 1033 3266 1086 καὶ
3325 1031 3694 1102 ἀνεκτοτέραν

1997 1116 2198 1187 πολλῷ.
2240 1117 2314 1170 Οὐ
2355 1119 2464 1188 γὰρ
2497 1117 2584 1182 ἂν,
2614 1120 2664 1172 εί
2708 1118 2783 1190 μὴ
2817 1119 2977 1172 τοῦτο
3019 1115 3109 1190 ἦν,
3133 1121 3243 1174 τῶν
3294 1121 3393 1192 μὲν
3435 1119 3694 1190 πονηρῶν

1997 1205 2148 1258 εἴασε
2177 1203 2406 1268 πολλοὺς
2428 1207 2640 1276 τρυφᾷν
2664 1207 2806 1260 κατά
2827 1207 2918 1260 τὸν
2945 1208 3192 1276 παρόντα
3225 1208 3360 1278 βίον,
3389 1208 3500 1262 τῶν
3530 1209 3588 1262 δέ
3614 1207 3692 1260 δι-

1997 1293 2170 1346 καίων
2193 1291 2421 1357 πολλοὺς
2445 1295 2504 1346 ἐν
2537 1293 2752 1366 μυρίοις
2771 1293 2921 1364 ἠφίει
2953 1299 3144 1360 κακοῖς
3162 1311 3177 1325 ·
3209 1296 3327 1350 ἀλλ’
3347 1295 3537 1368 ἐπειδὴ
3555 1313 3692 1370 παρ·

1997 1379 2326 1434 εσκεύασται
2366 1381 2502 1435 αἰὼν
2536 1382 2746 1454 ἕτερος,
2815 1385 2874 1437 ἐν
2912 1376 2958 1452 ᾧ
2983 1386 3104 1438 κατ’
3143 1383 3302 1450 ἀξίαν
3341 1385 3580 1456 ἐκάστῳ,
3617 1385 3694 1457 τῷ

2001 1469 2100 1540 μὲν
2130 1469 2233 1540 τῆς
2271 1470 2558 1542 πονηρίας,
2593 1470 2673 1542 τῷ
2699 1471 2758 1524 δέ
2783 1471 2882 1543 τῆς
2912 1473 3113 1544 ἀρετῆς
3141 1472 3452 1527 ἀποδιδόναι
3489 1474 3693 1544 μέλλει,

1997 1556 2088 1610 διὰ
2107 1557 2268 1612 τοῦτο
2288 1559 2544 1630 ἀνέχεται
2569 1560 2662 1614 τὸν
2693 1561 2792 1631 μὲν
2810 1561 3172 1634 κακούμενον,
3195 1564 3287 1618 τὸν
3314 1565 3373 1618 δὲ
3400 1567 3694 1636 τρυφῶντα

1997 1645 2159 1717 ὁρῶν.
2179 1647 2291 1701 Καὶ
2319 1648 2418 1720 τὴν
2447 1649 2642 1720 ἐτέραν
2671 1649 2730 1702 δέ
2761 1651 2942 1705 αἰτίαν
2973 1653 3082 1706 ἀπὸ
3102 1653 3213 1707 τῶν
3247 1655 3482 1726 Γραφῶν
3515 1673 3695 1726 παρα-

2001 1735 2196 1806 στῆσαι
2225 1737 2584 1808 πειράσομαι.
2613 1737 2750 1792 Ποία
2774 1738 2830 1792 δὲ
2849 1734 2918 1809 ἦν
2947 1739 3088 1810 αὐτη
3110 1757 3125 1806 ;
3144 1741 3217 1794 Τὸ
3241 1742 3316 1812 μὴ
3343 1742 3524 1811 λέγειν
3550 1745 3698 1814 ἡμᾶς

1999 1823 2080 1886 είς
2112 1822 2210 1894 τὴν
2234 1823 2404 1896 αὐτὴν
2431 1825 2634 1897 ἀρετὴν
2663 1826 3216 1900 παρακαλουμένους,
3255 1833 3339 1884 ὅτι
3367 1832 3570 1886 ἐκεῖνοι
3599 1832 3696 1901 φύ-

2002 1925 2141 1974 σεως
2180 1910 2374 1982 ἐτέρας
2406 1915 2687 1983 μετεῖχον,
2715 1913 2748 1984 ἢ
2781 1915 2884 1968 οὐκ
2910 1910 3053 1986 ἦσαν
3079 1916 3379 1988 ἄνθρωποι.
3409 1919 3512 1972 Διά
3541 1919 3698 1972 τοῦτό

1999 2013 2081 2061 τις
2117 1997 2245 2070 περὶ
2283 1999 2376 2053 τοῦ
2415 2001 2655 2071 μεγάλου
2690 2001 3074 2074 διαλεγόμενος
3119 2004 3300 2059 Ἠλίου
3335 2006 3544 2070 ε,οὖτω
3579 2006 3698 2072 πώς

2001 2101 2186 2156 φησιν,
2207 2086 2413 2152 Ἠλίας
2429 2085 2744 2155 ἄνθρωπος
2766 2085 2846 2160 ἦν
2856 2091 3220 2160 ὁμοιοπαθὴς
3240 2093 3406 2162 ἡμῖν.
3424 2095 3588 2167 Ὁρᾷς
3613 2095 3698 2150 ὃτι

2000 2173 2108 2226 ἀπὸ
2135 2175 2238 2242 τῆς
2281 2174 2391 2226 τῶν
2437 2175 2627 2228 παθῶν
2661 2177 2947 2242 κοινωνίας
2977 2179 3251 2234 δείκνυσιν
3279 2181 3444 2237 αὐτὸν
3481 2183 3698 2255 ἀνθρω-

2001 2277 2102 2312 πον
2129 2260 2255 2315 ὄντα
2279 2260 2401 2315 καθ’
2423 2263 2592 2333 ἡμᾶς.
2621 2264 2732 2318 Καὶ
2761 2263 2926 2318 πάλιν
2942 2283 2956 2296 ο
2975 2266 3084 2320 Καὶ
3111 2267 3222 2336 γὰρ
3244 2268 3360 2337 ἐγὼ
3382 2269 3698 2338 ἅνθρωπός

2001 2349 2116 2416 εἰμι
2137 2349 2506 2417 ὁμοιοπαθὴς
2539 2350 2710 2419 ὐμῖνο
2740 2352 2835 2405 καὶ
2869 2352 3026 2406 τοῦτο
3053 2353 3152 2425 τὴν
3174 2357 3458 2410 κοινωνίαν
3489 2359 3694 2426 ἐγγυᾶ-

2001 2452 2091 2487 ται
2141 2435 2240 2506 τῆς
2289 2436 2526 2504 φύσεως.
2569 2439 2686 2491 Ἵνα
2721 2438 2779 2492 δὲ
2839 2439 3056 2513 μάθῃς,
3103 2443 3188 2496 ὅτι
3231 2445 3328 2497 καὶ
3370 2445 3698 2517 μακαρίζειν

2003 2523 2174 2593 ἡμᾶς,
2213 2523 2308 2588 οὓς
2357 2525 2463 2596 χρὴ
2502 2523 2620 2598 [14]
2659 2527 3005 2600 μακαρίζειν,
3035 2531 3194 2584 τοῦτο
3227 2533 3496 2600 παιδεύει,
3537 2535 3695 2604 δῆλον

2003 2609 2232 2664 ἐκεῖθεν.
2255 2611 2426 2665 Ὅταν
2447 2612 2556 2683 γὰρ
2589 2612 2608 2652 τ
2630 2615 2874 2686 ἀκούσῃς
2892 2616 3108 2672 Παύλου
3123 2617 3395 2689 λέγοντος,
3413 2622 3495 2676 ὅτι
3526 2623 3694 2690 Ἄχρι

2003 2697 2110 2766 τῆς
2133 2699 2265 2766 ἄρτι
2289 2697 2447 2769 ὥρας
2467 2701 2567 2755 καὶ
2589 2701 2888 2773 πεινῶμεν
2907 2705 3007 2758 καὶ
3035 2705 3326 2776 διψῶμεν,
3348 2709 3450 2763 καὶ
3472 2728 3701 2781 γυμνη-

2003 2787 2279 2855 τεύομεν,
2302 2787 2404 2840 καὶ
2437 2786 2892 2858 κολαφιζόμεθα,
2916 2793 3013 2845 καὶ
3041 2793 3441 2864 ἀστατοῦμεν,
3473 2798 3573 2852 καὶ
3599 2815 3699 2853 κο-

2005 2869 2265 2941 πιῶλιιεν·
2300 2875 2396 2930 καὶ
2419 2875 2500 2928 ὅτι
2555 2878 2656 2929 Ὃν
2686 2877 2888 2946 ἀγαπᾷ
2911 2880 3146 2948 Κύριος,
3176 2882 3464 2948 παιδεύει,
3483 2901 3700 2955 μαστι-

2007 2958 2106 3027 γοῖ
2128 2958 2198 3011 δὲ
2230 2961 2430 3014 πάντα
2459 2962 2616 3030 υἱὸν,
2647 2963 2720 3018 ὃν
2745 2964 3166 3036 παραδέχεται,
3202 2967 3426 3042 εὔδηλον
3465 2971 3547 3024 ὃτι
3580 2972 3701 3043 οὐχὶ

2005 3047 2132 3110 τοὺς
2153 3047 2390 3114 ἀνέσεως
2415 3051 2811 3118 ἀπολαύοντας,
2837 3053 2974 3108 ἀλλὰ
3002 3057 3130 3120 τούς
3161 3060 3700 3130 στενοχωρουμένους

2005 3131 2094 3186 διὰ
2123 3134 2214 3187 τὸν
2243 3134 2408 3201 Θεὸν,
2441 3139 2569 3200 τοὺς
2613 3138 2990 3208 θλιϐομένους,
3021 3143 3246 3208 τούτους
3275 3147 3700 3218 ἐπαινεσόμεθα,

2007 3221 2104 3274 καὶ
2140 3221 2459 3294 ζηλώσομεν
2491 3226 2618 3289 τοὺς
2656 3230 2715 3280 ἐν
2742 3229 2911 3301 ἀρετῇ
2957 3229 3189 3294 ζῶντας,
3245 3234 3370 3296 τοὺς
3418 3234 3701 3300 εὐσεϐείας

2008 3309 2499 3378 ἐπιμελουμένους.
2533 3313 2691 3368 Οὕτω
2722 3317 2816 3370 καὶ
2841 3319 2870 3370 6
2903 3319 3193 3390 προφήτης
3223 3319 3420 3390 φησίνο
3451 3323 3510 3375 Ἠ
3533 3321 3704 3386 δεξιὰ

2008 3397 2209 3451 αὐτῶν
2231 3397 2402 3464 δεξιὰ
2433 3401 2690 3470 ἀδικίας,
2716 3408 2775 3459 αἱ
2809 3405 3132 3476 θυγατέρες
3165 3406 3368 3467 αὐτῶν
3390 3413 3701 3464 κεκαλλω-

2008 3485 2315 3556 πισμέναι,
2356 3485 2941 3564 περίκεκοσμημέναι
2979 3495 3061 3561 ὡς
3097 3497 3362 3566 ὁμοίωμα
3402 3496 3577 3552 ναοῦ.
3627 3499 3703 3552 Τὰ

2009 3573 2218 3643 ταμεῒα
2261 3577 2462 3631 αὐτῶν
2496 3581 2722 3649 πλήρη,
2763 3581 3200 3654 ἐξερευγόμενα
3249 3585 3319 3638 ἐκ
3364 3585 3584 3640 τούτου
3616 3588 3704 3652 είς

2007 3662 2187 3718 τοῦτο
2205 3679 2220 3696 ο
2251 3665 2321 3718 τὰ
2349 3667 2616 3732 πρόϐατα
2639 3669 2840 3723 αὐτῶν
2861 3672 3190 3734 πολύτοκα,
3220 3673 3615 3740 πληθύνοντα
3635 3673 3704 3726 ὲν

2009 3751 2138 3818 ταῖς
2159 3750 2397 3818 ἐξόδοις
2426 3755 2644 3821 αὐτῶν,
2666 3760 2718 3812 οί
2741 3760 2893 3824 ,βόες
2920 3759 3120 3814 αὐτῶν
3140 3759 3374 3830 παχεῖς.
3409 3763 3534 3816 Οὐκ
3571 3761 3701 3816 ἐστι

2010 3839 2371 3909 κατάπτωμα
2398 3845 2692 3913 φραγμοῦ.
2723 3847 2868 3901 οὐδὲ
2895 3848 3185 3916 διέξοδος,
3212 3849 3357 3904 οὐδὲ
3378 3847 3611 3918 κραυγὴ
3634 3850 3704 3903 ἐν

2009 3929 2141 3996 ταῖς
2190 3930 2504 3998 πλατείαις
2541 3934 2758 3988 αὐτῶν.
2816 3935 3230 4006 Ἐμακάρισαν
3274 3938 3380 3992 τὸν
3422 3937 3609 4001 λαὸν,
3655 3932 3703 4005 ᾧ

2009 4017 2198 4070 ταῦτὰ
2233 4019 2423 4072 ἐστιν.
2467 4021 2541 4074 Σὺ
2582 4021 2640 4075 δὲ
2677 4021 2730 4075 τί
2773 4022 2900 4094 φὴς,
2949 4019 2994 4077 ὦ
3036 4028 3324 4098 προφῆτα;
3373 4027 3698 4097 Μακάριος,

2011 4106 2198 4176 φησὶν,
2234 4111 2268 4162 ό
2303 4110 2474 4176 λαὸς,
2517 4107 2588 4166 οὗ
2638 4114 2857 4180 Κύριος
2894 4117 2928 4169 ό
2965 4115 3114 4181 Θεὸς
3157 4117 3377 4173 αὐτοῦ·
3409 4120 3471 4172 οὐ
3516 4119 3610 4173 τὸν
3643 4122 3702 4173 ἐν

2011 4197 2258 4266 χρήμασι
2283 4195 2636 4265 πλουτοῦντα,
2665 4201 2801 4254 ἀλλά
2821 4201 2910 4256 τὸν
2935 4205 3189 4276 εὐσεϐείᾳ
3210 4207 3487 4277 κομῶντα,
3511 4207 3701 4261 τοῦτο)

2012 4283 2122 4353 ἐγὼ
2155 4285 2463 4358 μακαρίζω,
2498 4290 2654 4358 φησὶ,
2683 4289 2786 4344 κᾶν
2819 4290 2991 4362 μυρία
3014 4294 3202 4366 πάσχῃ
3229 4293 3400 4351 δεινά.
3429 4297 3494 4350 EE
3517 4297 3575 4350 δὲ
3593 4297 3700 4370 χρὴ

2013 4373 2108 4425 καὶ
2133 4375 2360 4446 ἐννάτην
2401 4375 2581 4429 αἰτίαν
2606 4379 2800 4442 εἰπεῖν,
2827 4381 3004 4433 ἐκεῖνο
3039 4381 3106 4436 ἂν
3135 4383 3407 4454 εῖποιμεν,
3435 4387 3518 4440 ὅτι
3549 4387 3692 4442 δοκι-

2015 4461 2294 4534 μωτέρους
2309 4466 2456 4517 ποιεῖ
2473 4465 2599 4529 τοὺς
2627 4462 2976 4538 θλιϐομένους
2997 4470 3029 4540 ή
3047 4469 3244 4540 θλίψις·
3279 4474 3340 4526 Ἡ
3368 4473 3479 4544 γὰρ
3494 4475 3701 4544 θλῖψις

2012 4553 2332 4622 ὑπομονὴν
2354 4556 2792 4628 κατεργάζεται,
2834 4561 2870 4629 ἡ
2911 4559 2980 4614 δὲ
3021 4562 3302 4633 ὑπομονὴ
3347 4563 3697 4636 (Saturni-,1}

2012 4640 2080 4695 δὲ
2100 4641 2318 4711 δοκιμὴ
2339 4643 2581 4712 ἐλπίδα,
2599 4648 2638 4715 ἡ
2666 4646 2736 4700 δὲ
2763 4649 2942 4714 ἐλπίς
2981 4653 3054 4705 οὺ
3082 4653 3492 4722 καταισχύνει.
3538 4655 3700 4727 Ὁρᾷς

2012 4730 2093 4781 ὅτι
2125 4731 2157 4801 ἡ
2188 4733 2252 4784 ἐκ
2263 4731 2360 4801 τῆς
2377 4732 2610 4802 θλίψεως
2629 4734 2824 4806 δοκιμὴ
2837 4735 2934 4807 τὴν
2955 4738 3083 4808 περὶ
3105 4739 3216 4793 τῶν
3235 4741 3537 4809 μελλόντων
3567 4746 3701 4815 ἡμῖν

2014 4817 2204 4872 ἐλπίδα
2239 4819 2501 4890 ἐντίθησι,
2538 4821 2634 4875 καὶ
2665 4821 2726 4875 τδ
2754 4823 2937 4893 μένειν
2971 4824 3030 4876 ἐν
3059 4832 3384 4898 πειρασμοῖς
3413 4829 3698 4896 εὐέλπιδας

2015 4909 2160 4960 ποιεῖ
2203 4908 2332 4978 περὶ
2364 4907 2474 4962 τῶν
2507 4909 2809 4979 μελλόντων
2838 4907 3014 4977 srvat;
3054 4912 3216 4967 Ὥστε
3253 4915 3314 4969 οὐ
3366 4916 3544 4989 μάτην
3586 4920 3702 4972 ἔλε-

2013 5011 2130 5063 γον,
2163 4997 2245 5050 ὅτι
2279 4997 2334 5050 αἰ
2368 4997 2578 5066 θλίψεις
2600 4992 2760 5052 αὗται
2783 4998 2884 5062 τὰς
2910 5000 3040 5071 περὶ
3063 5003 3162 5073 τῆς
3187 5004 3538 5071 ἀναστάσεως
3567 5011 3698 5079 ἡμῖν

2014 5081 2238 5146 ἐλπίδας
2265 5083 2666 5155 ὐπογράφουσι,
2699 5085 2794 5137 καὶ
2823 5083 3064 5156 βελτίους
3095 5089 3421 5160 ἐργάζονται
3449 5095 3576 5158 τοὺς
3598 5095 3698 5166 βα-

2017 5169 2430 5240 σανιζομένους·
2454 5171 2645 5242 ὥσπερ
2666 5171 2798 5245 γὰρ,
2823 5174 3011 5244 φησὶν,
3035 5177 3092 5230 ἐν
3112 5179 3330 5254 καμίνῳ
3347 5181 3698 5252 δοκιμάζεται

2013 5258 2236 5328 χρυσὸς,
2259 5257 2433 5323 οὕτως
2454 5258 2550 5313 άνθ
2560 5277 2743 5332 ρωπος
2767 5260 2956 5326 δεκτὸς
2975 5263 3034 5317 ἐν
3055 5265 3272 5338 καμίνῳ
3293 5268 3695 5336 ταπεινώσεως.

2019 5347 2176 5398 Ἔστι
2203 5345 2261 5399 δὲ
2296 5347 2390 5400 καὶ
2428 5346 2661 5418 δεκάτην
2694 5349 2874 5403 αἰτίαν
2920 5353 3114 5406 εἰπεῖν.
3161 5354 3326 5409 Ποίαν
3353 5355 3418 5426 δὴ
3457 5357 3698 5431 ταύτην;

2021 5435 2124 5486 Ἦν
2165 5435 2258 5488 καὶ
2285 5434 2546 5500 πολλάκις
2583 5433 2738 5492 εἷπον
2771 5439 2870 5511 ἢδη
2911 5442 3192 5513 πρότερον,
3222 5444 3304 5496 ὅτι
3335 5442 3390 5496 εί
3414 5460 3568 5512 τινας
3600 5465 3702 5520 κηα-

2014 5522 2162 5586 λῖδας
2183 5521 2402 5595 ἔχομεν,
2427 5525 2522 5580 καὶ
2536 5525 2742 5592 ταύτας
2758 5529 2992 5583 ἐνταῦθα
3011 5529 3398 5602 ἀποτιθέμεθα.
3414 5533 3526 5588 Καὶ
3542 5536 3700 5591 τοῦτο

2016 5611 2153 5684 πρὸς
2175 5612 2273 5666 ’τὸν
2300 5613 2553 5668 πλούσιον
2594 5617 2622 5669 6
2664 5617 3010 5688 πατριάρχης
3029 5616 3206 5687 δηλῶν
3239 5618 3450 5689 ἔλεγεν,
3477 5623 3560 5677 δτι
3582 5625 3700 5680 Λά-

2013 5698 2187 5770 ζαρος
2213 5701 2520 5757 ἀπέλαϐεν
2553 5705 2744 5759 αὑτοῦ
2776 5704 2851 5758 τὰ
2885 5703 3062 5768 κακὰ,
3105 5703 3248 5762 ὅθεν
3279 5711 3305 5750 ε
3339 5713 3697 5780 παρακαλεῖ-

2075 5805 2104 5870 ς
2129 5806 2280 5870 δενίι.
2311 5816 2362 5858 ει
2385 5810 2536 5870 aliqui
2563 5809 2703 5858 codd.
2741 5809 2896 5860 Ἠλία.

2082 5865 2274 5948 ξγέἰιιυε
2316 5865 2690 5948 δῆλονξέιεεῖθεν·
2733 5890 2758 5914 α
2796 5872 3010 5948 Ἔρωτα
3040 5872 3123 5948 οὖν
3157 5877 3465 5940 καυχήσομαι
3504 5878 3554 5928 ἐν
3581 5878 3698 5937 ’ταῖς

2015 5930 2275 5999 ἀσθεχείαις
2293 5930 2376 5980 καὶ
2406 5932 2508 5999 ταῖς
2527 5931 2754 5999 θλίψεσιν.
2779 5952 2806 5977 ν
2825 5934 3112 5999 ξΌτανῌγάρ.

2077 5991 2103 6029 8
2124 5991 2280 6058 ξενίῃ
2310 5999 2364 6058 ει
2383 5994 2560 6058 αιίἰλτὰ
2581 5991 2728 6054 κακὰ,
2769 5997 2851 6044 καὶ
2876 5991 3089 6045 ἐνταῦθα’.
3125 5997 3298 6048 Morel.
3328 6001 3388 6050 τὰ
3417 6001 3562 6058 κακά,
3584 6001 3688 6051 ὅθεν

2016 6049 2230 6100 ἐνταῦθα.
2253 6051 2380 6102 Infra
2403 6054 2598 6116 quidam
2623 6049 2740 6105 ωδε.
2765 6057 2874 6108 ὅσω
2899 6059 2989 6114 γὰρ
3013 6061 3044 6118 ἡ
3071 6059 3224 6122 θλῖψις
3245 6049 3536 6110 ἐπιτείνεται.
