3998 6436
213 366 288 422 29
1009 363 1067 417 S.
1106 360 1394 418 JOANNIS
1428 360 1930 420 CIIRYSOSTOMI
1966 359 2290 418 ARCHIEP.
2330 356 2894 417 CONSTANTINOP.

216 498 329 534 ται.
363 478 476 534 Καὶ
504 478 640 553 πρὸς
667 478 843 554 ταύτῃ
873 478 1031 533 πάλιν
1067 477 1261 549 ἑτέραν
1283 478 1613 549 εὐρήσομεν.
1642 477 1812 532 Ποίαν
1840 478 1905 551 δὴ

213 569 463 640 ταύτην;
491 569 567 623 Τὸ
606 570 734 633 τοὺς
769 569 1065 637 στεφάνους
1097 568 1230 639 ήμῖν
1259 568 1357 621 καὶ
1384 568 1452 621 τά
1480 566 1713 639 βραϐεῖα
1743 568 1905 621 πλεο-

214 655 399 720 νάζειν
417 673 433 687 ο
474 658 582 726 ὅσῳ
611 656 720 728 γάρ
742 658 796 710 αί
826 655 1035 725 θλίψεις
1058 654 1437 720 ἐπιτείνονται,
1461 654 1704 726 τοσούτῳ
1733 655 1829 709 καὶ
1850 656 1906 708 αἱ

216 743 445 814 ἀμοιϐαὶ
471 743 744 810 αὔξονται,
783 742 982 814 μᾶλλον
1009 742 1066 795 δέ
1098 743 1193 796 καλ⁸
1220 741 1399 813 πολλῷ
1444 740 1605 795 πλέον
1630 758 1644 773 ·
1688 742 1771 795 Οὐ
1797 740 1909 809 γὰρ

213 831 358 896 ἄξια
384 832 458 886 τὰ
494 829 816 900 παθήματα
842 830 950 885 τοῦ
982 828 1101 883 νῦν
1131 829 1361 898 καιροῦ,
1394 830 1549 899 φησὶ,
1597 827 1750 897 πρὸς
1791 826 1911 895 τὴν

207 919 568 989 μέλλουσαν
589 919 780 985 δόξαν
805 918 1341 974 ἀποκαλύπτεσθαι
1362 920 1449 983 είς
1477 916 1658 987 ἡμᾶς.
1696 915 1909 969 Τοσαύ-

211 1027 311 1075 τας
341 1010 523 1065 τοίνυν
562 1010 743 1074 αίτίας
774 1009 991 1081 ἔχοντες
1038 1009 1212 1062 εἰπεῖν
1248 1008 1350 1077 τῆς
1373 1006 1481 1061 τῶν
1511 1006 1684 1076 άγίων
1728 1003 1916 1060 κακώ-

216 1117 375 1166 σεως,
411 1100 487 1172 μή
520 1100 966 1172 δυσχεραίνωμεν
1000 1102 1059 1152 ἐν
1084 1100 1197 1162 τοῖς
1225 1098 1576 1169 πειρασμοῖς,
1607 1095 1743 1166 μηδὲ
1773 1095 1910 1148 ἀπο-

214 1186 419 1260 ρῶμεν,
451 1188 587 1260 μηδέ
623 1186 1041 1261 θορυϐώμεθα·,
1070 1185 1209 1241 ἀλλά
1239 1184 1337 1239 καὶ
1372 1185 1527 1237 αὐτοὶ
1554 1182 1656 1247 τὰς
1696 1180 1908 1236 ἑαυτῶν

211 1277 658 1348 παιδαγωγῶμεν
689 1276 890 1347 ψυχὰς,
931 1275 1026 1329 καὶ
1057 1274 1279 1346 ἑτέρους
1320 1271 1495 1326 ταῦτα
1524 1270 1869 1341 διδάσκωμεν
1890 1284 1905 1299 ·

210 1365 318 1420 κᾶν
348 1365 466 1437 ἴδῃς
487 1364 775 1436 ἄνθρωπον
798 1366 855 1419 ἐν
882 1364 1048 1436 ἀρετῇ
1077 1362 1275 1428 ζῶντα,
1301 1359 1621 1429 φιλοσοφίας
1643 1357 1909 1429 ἐπειλημ-

214 1453 405 1523 μένον,
438 1452 745 1524 ἀρέσκοντα
776 1450 914 1522 Θεῷ,
951 1446 1072 1504 εἶτα
1104 1449 1275 1521 μυρία
1307 1448 1589 1519 πάσχοντα
1624 1444 1795 1509 δεινά,
1830 1445 1905 1516 μή

211 1540 633 1612 σκανδαλισθῇς,
679 1538 969 1610 ἀγαπητέ’
1031 1538 1134 1593 κᾶν
1173 1538 1291 1611 ῐδῃς
1348 1535 1905 1605 τινάηπνευματικοίς

210 1630 589 1701 ἐπιτιθέμενον
608 1628 920 1698 πράγμασι,
941 1627 1037 1681 καλ⁵
1057 1625 1321 1698 μέλλοντά
1332 1642 1386 1677 τι
1401 1625 1673 1696 χρήσιμον
1697 1619 1902 1685 ἀνύειν,

209 1715 331 1772 εἶτα
353 1717 864 1787 ὐποσκελιζόμενον,
896 1716 970 1788 μὴ
994 1714 1322 1787 θορυϐηθῇς.
1358 1714 1469 1767 Καὶ
1497 1712 1607 1784 γὰρ
1632 1707 1751 1765 οἶδα
1775 1708 1906 1762 πολ-

209 1807 334 1871 λοὺς
360 1807 621 1871 πολλάκις
640 1806 799 1860 τοῦτο
819 1805 1117 1876 ζητοῦντας
1135 1823 1148 1837 ⁸
1185 1805 1243 1858 '0
1264 1804 1433 1869 δεῖνα,
1458 1804 1644 1875 φησὶν,
1663 1803 1742 1864 είς
1766 1816 1906 1870 μαρ-

205 1896 394 1968 τύριον
449 1897 774 1967 ἀπεδήμησε
818 1894 1014 1965 πένησι
1074 1893 1335 1966 χρήματα
1386 1890 1756 1961 διακομίζων,
1811 1886 1904 1940 καὶ

208 1985 451 2057 ναυαγίῳ
470 1986 788 2056 περιέπεσε,
818 1983 913 2037 καὶ
939 1983 1118 2036 πάντα
1155 1980 1438 2034 ἀπώλεσεν
1458 1996 1471 2009 ·
1516 1979 1704 2048 ἕτερος
1739 1975 1901 2030 πάλιν

209 2073 327 2146 [15]
361 2073 493 2127 αὐτὸ
515 2070 673 2125 τοῦτο
701 2069 873 2124 ποιῶν
905 2069 1129 2141 λῃσταῖς
1162 2068 1473 2139 περιέτυχε,
1500 2065 1595 2119 καὶ
1624 2064 1776 2135 μόλις
1800 2063 1900 2133 τήν

207 2161 400 2216 ἐαυτοῦ
417 2161 595 2232 ψυχὴν
607 2159 855 2222 διέσωσε,
870 2158 1075 2227 γυμνὸς
1092 2158 1458 2228 ἀναχωρήσας
1476 2153 1707 2208 ἐκεῖθεν.
1728 2152 1793 2204 Τί
1806 2148 1899 2204 οὖν

208 2251 275 2302 ἂν
290 2249 589 2318 εἷποιμεν;
627 2247 752 2299 ’Ότι
784 2246 870 2298 ἐπ’
903 2245 1080 2298 οὐδενὶ
1116 2244 1322 2297 τούτων
1354 2241 1643 2312 ἀσχάλλειν
1677 2240 1806 2311 χρή.
1839 2240 1901 2291 El

210 2335 317 2407 γὰρ
349 2335 446 2388 καὶ
484 2333 730 2403 ναυαγίῳ
762 2334 1111 2403 περιέπεσεν,
1146 2331 1259 2385 ἀλλ’
1291 2330 1405 2401 ἔχει
1431 2330 1522 2381 τὸν
1560 2328 1773 2399 καρπὸν
1800 2326 1901 2395 τῆς

206 2421 554 2492 δικαιοσύνης
582 2419 992 2492 ἀπηρτισμένον
1013 2419 1041 2458 ιι
1058 2435 1071 2449 '
1092 2420 1161 2471 τὰ
1179 2418 1288 2489 γάρ
1311 2416 1505 2469 ἑαυτοῦ
1534 2415 1711 2468 πάντα
1735 2413 1902 2484 ἐπλή-

210 2528 378 2580 ρωσε,
406 2510 655 2574 συνέλεξε
679 2508 747 2562 τά
773 2509 1055 2579 χρήματα,
1087 2505 1341 2570 ἀπέθετο,
1367 2502 1547 2557 λαϐὼν
1580 2502 1768 2573 ἀπῄει,
1797 2500 1899 2571 τῆς

207 2600 519 2672 ἀποδημίας
546 2598 745 2671 ήψατο,
782 2598 843 2650 τὸ
882 2596 940 2649 δὲ
973 2596 1227 2664 ναυάγιον
1272 2592 1459 2646 λοιπὸν
1491 2593 1551 2645 οὐ
1597 2593 1698 2662 τῆς
1732 2588 1896 2643 αὐτοῦ

206 2686 435 2760 γνώμης
462 2688 706 2755 γέγονεν.
754 2682 919 2737 Ἀλλά
949 2682 1094 2746 τίνος
1150 2681 1337 2735 ἐνεκεν
1368 2681 1397 2733 ὁ
1421 2678 1554 2742 Θεὸς
1585 2677 1745 2730 τοῦτο
1775 2694 1898 2730 συν-

207 2776 525 2849 εχώρησεν;
555 2776 675 2829 Ἵνα
694 2771 883 2827 τοῦτον
905 2770 1208 2843 ἐργάσηται
1228 2769 1450 2839 δόκιμον
1467 2778 1489 2807 ο
1503 2809 1516 2823 .
1566 2765 1704 2819 Ἀλλ’
1721 2767 1769 2819 οί
1800 2766 1899 2817 πέ.

208 2881 389 2937 νητες,
425 2864 611 2936 φησὶν,
643 2860 1098 2933 ἀπεστερήθησαν
1125 2858 1233 2912 τῶν
1263 2857 1582 2929 χρημάτων.
1616 2855 1728 2925 Οὐχ
1754 2852 1897 2907 οὕτω

210 2954 276 3007 σὺ
301 2955 552 3025 προνοεῖς
584 2950 692 3005 τῶν
713 2951 984 3021 πενήτων,
1011 2948 1087 3011 ὼς
1118 2949 1148 3001 ὁ
1172 2948 1405 3018 ποιήσας
1437 2944 1635 3008 αὐτοὺς
1659 2942 1790 3006 Θεός
1811 2958 1824 2970 ·
1848 2943 1896 2994 εἰ

207 3044 317 3115 γὰρ
349 3044 445 3098 καὶ
473 3042 679 3097 τούτων
721 3038 1199 3111 ἀπεστερήθησαν,
1237 3035 1352 3091 ἀλλ’
1376 3034 1643 3106 ἑτέρωθεν
1675 3033 1895 3088 δύναται

210 3133 432 3187 πλείονα
467 3131 770 3203 παρασχεῖν
796 3130 979 3191 αὐτοῖς
1008 3125 1269 3198 εὐπορίας
1301 3124 1578 3195 ἀφορμήν.

279 3221 332 3276 ι’.
355 3220 447 3295 Μὴ
473 3220 655 3275 τοίνυν
681 3216 1005 3289 ἀπαιτῶμεν
1034 3213 1198 3269 αὐτὸν
1210 3213 1437 3277 εὐθύνας
1454 3210 1890 3284 τῶνγινομένων,

206 3309 344 3365 ἀλλά
372 3308 685 3380 δοξάσωμεν
727 3308 786 3359 ἐν
831 3306 1057 3360 άπασιν.
1107 3303 1183 3357 Οὐ
1222 3302 1333 3373 γάρ
1372 3302 1560 3364 ἁπλῶς
1604 3300 1725 3353 οὐδὲ
1768 3300 1891 3372 εικῆ

208 3399 482 3470 συγχωρεῖ
505 3395 573 3449 τὰ
607 3392 836 3449 τοιαῦτα
863 3390 1113 3462 γίνεσθαι
1144 3389 1404 3453 πολλάκις
1425 3430 1439 3454 ,
1467 3388 1605 3442 ἀλλὰ
1634 3387 1773 3460 μετά
1797 3388 1892 3441 τοῦ

209 3488 287 3559 μὴ
313 3485 578 3558 περιιδεῖν
599 3483 728 3546 τοὺς
763 3479 1054 3553 μέλλοντας
1081 3475 1375 3534 ἀπολαύειν
1401 3476 1503 3548 τῆς
1531 3478 1598 3529 ἐκ
1612 3475 1723 3531 τῶν
1753 3493 1892 3550 χρη-

210 3576 398 3648 μάτων
442 3571 652 3627 τούτων
686 3566 1064 3641 παραμυθίας,
1103 3565 1218 3620 ἀλλ’
1246 3564 1441 3637 ἐτέραν
1473 3564 1502 3605 ἀ
1552 3564 1737 3628 αὐτοῖς
1771 3566 1893 3619 ἀντὶ

203 3662 413 3718 τούτων
445 3661 750 3733 παρασχεῖν
774 3655 1028 3730 ἀφορμὴν
1053 3653 1378 3727 διατροφῆς,
1416 3653 1512 3707 καὶ
1539 3653 1631 3708 τὸν
1664 3654 1894 3725 ὑπομεί-

205 3767 376 3808 ναντα
401 3750 465 3803 τὸ
494 3748 751 3817 ναυάγιον
776 3743 1144 3817 δοκιμώτερον
1179 3744 1346 3808 ποιεῖ,
1381 3740 1477 3795 καὶ
1494 3741 1716 3796 πλείονα
1743 3743 1894 3814 αὐτῷ

205 3839 458 3912 προξενεῖ
496 3838 588 3891 τὸν
636 3834 826 3908 μισθόν
850 3850 865 3864 ·
910 3832 1006 3887 τοῦ
1049 3832 1160 3904 γὰρ
1200 3831 1570 3903 ἐλεημοσύνην
1603 3831 1788 3886 δοῦναι
1832 3832 1895 3886 τὸ

196 3928 467 3991 τοιούτοις
495 3925 862 3998 περιπεσόντα
887 3923 1211 3995 πράγμασιν
1228 3920 1621 3993 εὐχαριστῆσαι
1641 3921 1721 3992 τῷ
1749 3920 1889 3992 Θεῷ,

205 4016 389 4088 πολλῷ
431 4015 615 4088 μεῖζόν
652 4017 822 4067 ἐστιν.

275 4105 351 4158 Οὐ
373 4103 481 4176 γάρ
504 4102 648 4172 άπερ
674 4100 738 4154 ἂν
759 4099 827 4153 δι’
855 4096 1228 4169 ἐλεημοσύνην
1250 4096 1451 4168 δῶμεν,
1472 4096 1607 4150 ἀλλά
1623 4097 1718 4150 καὶ
1746 4097 1893 4169 άπερ

206 4194 272 4247 ἂν
301 4192 435 4263 παρ’
469 4190 672 4262 ἑτέρων
703 4184 1094 4258 ἀφαιρεθέντες
1134 4185 1448 4255 ἐνέγκωμεν
1477 4184 1762 4253 γενναίως,
1798 4186 1895 4238 καὶ

203 4276 377 4331 ταῦτα
404 4276 571 4330 πολὺν
600 4278 732 4346 ἡμῖν
763 4274 918 4344 φέρει
939 4272 1031 4328 τὸν
1053 4273 1287 4343 καρπόν.
1319 4272 1430 4325 Καὶ
1460 4273 1548 4325 ἵνα
1579 4271 1780 4344 μάθῃς,
1809 4273 1893 4327 δτι

203 4364 363 4420 τοῦτο
389 4365 599 4418 ἐκείνου
638 4363 819 4434 μεῖζόν
846 4364 1025 4425 ἐστιν,
1068 4361 1177 4416 ἀπὸ
1201 4361 1309 4415 τῶν
1337 4359 1766 4433 συμϐεϐηκότων
1813 4361 1894 4434 τῷ

217 4452 338 4506 Ἰὼϐ
366 4452 524 4505 τοῦτο
571 4453 779 4520 ποιήσω
818 4449 1071 4519 φανερόν.
1122 4449 1359 4511 Ἐκεῖνος
1391 4448 1554 4519 ἡνίκα
1592 4459 1617 4489 θ
1651 4450 1721 4504 τὰ
1754 4452 1892 4523 χρή-

209 4558 355 4612 ματα
387 4539 669 4608 ἐκέκτητο,
704 4536 804 4607 τήν
831 4536 1008 4589 οἰκίαν
1037 4534 1239 4605 ήνέῳξε
1269 4538 1381 4599 τοῖς
1411 4536 1629 4608 πένησι,
1668 4539 1737 4592 τά
1767 4539 1894 4592 ὄντα

207 4628 385 4682 πάντα
433 4624 663 4690 ἐξεδίδου
684 4641 699 4658 ·
747 4624 861 4678 ἀλλ’
895 4624 997 4677 οὐκ
1023 4618 1090 4693 ἦν
1122 4623 1265 4676 οὕτω
1296 4622 1569 4696 λαμπρὸς,
1601 4625 1765 4695 ήνίκα
1794 4627 1892 4699 τήν

204 4715 382 4771 οἰκίαν
413 4712 617 4785 ήνέῳξε
658 4714 758 4784 τὴν
795 4711 988 4766 ἐαυτοῦ
1018 4714 1128 4776 τοῖς
1172 4711 1427 4781 πένησιν,
1468 4712 1542 4776 ὼς
1589 4713 1679 4766 ὅτε
1722 4715 1893 4788 αὐτὴν

207 4803 445 4866 ἀκούσας
497 4800 947 4866 καταπεσοῦσαν,
1007 4800 1108 4853 οὐκ
1159 4798 1638 4871 ἀπεδυσπέτησεν·
1690 4802 1792 4855 οὐκ
1826 4799 1894 4872 ἦν)

204 4892 349 4948 οὕτω
375 4891 664 4962 λαμπρὸς,
726 4892 817 4944 ὅτε
868 4889 977 4943 ἀπὸ
1024 4888 1125 4958 τῆς
1177 4889 1381 4960 κουρᾶς
1443 4888 1552 4941 τῶν
1605 4889 1894 4960 προϐάτων

203 4984 332 5046 τοὺς
363 4981 605 5051 γυμνοὺς
638 4976 980 5050 περιέϐαλεν,
1017 4976 1093 5040 ὡς
1129 4971 1196 5047 ἦν
1228 4975 1484 5047 λαμπρὸς
1541 4977 1636 5029 καὶ
1686 4976 1895 5029 εὐδόκι-

209 5089 328 5143 μος,
353 5071 443 5123 ὅτε
492 5066 733 5131 ἀκούσας
771 5068 853 5120 ὃτι
883 5066 993 5139 πῦρ
1025 5066 1299 5121 κατέπεσε
1323 5105 1337 5129 ,
1372 5065 1465 5118 καὶ
1497 5064 1566 5118 τὰ
1598 5064 1893 5138 θρέμματα

204 5160 385 5215 πάντα
409 5157 708 5228 ἀνήλωσεν,
733 5155 1111 5227 εὐχαρίστησε.
1131 5154 1264 5207 Τότε
1287 5152 1669 5224 φιλάνθρωπος
1683 5150 1772 5225 ἧν,
1798 5155 1893 5209 νῦν

205 5249 425 5318 ἐγένετο
474 5245 795 5316 φιλόσοφος’
846 5244 968 5295 τότε
1013 5243 1161 5312 ἠλέει
1204 5243 1331 5305 τοὺς
1380 5241 1655 5312 πένητας,
1706 5242 1803 5296 νῦν
1833 5245 1893 5299 δὲ

207 5342 515 5413 εὐχαρίστει
547 5336 627 5408 τῷ
674 5335 943 5409 Δεσπότῃ,
986 5334 1079 5388 καὶ
1108 5335 1208 5387 οὐκ
1237 5328 1359 5386 εἷπε
1402 5333 1538 5405 πρὸς
1569 5335 1792 5387 ἑαυτόνο
1826 5335 1891 5388 Τί

268 5481 296 5510 ⁸
316 5480 465 5542 Sayil.
492 5478 613 5542 μηδὲ
645 5477 969 5542 θορυϐώμεθα,
998 5473 1510 5542 μηδὲ-ἀποδυρώμεθα,
1543 5475 1665 5542 ἀλλᾲ
1699 5477 1782 5525 καὶ
1801 5477 1891 5525 αὖ-

268 5496 296 5510 ε·
317 5496 465 5528 bavu.
525 5496 613 5539 ηοε
645 5496 969 5542 υορνοωμευα,
998 5496 1118 5538 μηοε
1146 5496 1510 5538 αποουρωμευα,
1543 5496 1665 5525 cum:
1699 5496 1782 5525 και
1801 5496 1890 5525 αυ-

204 5546 294 5594 τοί.
320 5540 453 5607 Infra
474 5496 542 5607 εἷς
557 5540 827 5607 μαρτύριον,
854 5540 904 5587 in
934 5536 1238 5607 mariyrlum,
1261 5549 1364 5607 Aseu
1396 5538 1450 5607 _in
1474 5538 1890 5607 qulgsiammar-

207 5615 385 5662 Lyrum.
409 5601 514 5651 Hoc
531 5599 650 5650 item
672 5599 872 5651 numine
894 5599 1239 5662 appellabatur
1258 5599 1497 5662 templum
1521 5599 1790 5648 Salvatoris
1803 5601 1891 5649 Je-

201 5655 482 5771 rbsctilymis.
508 5662 818 5771 :t'iggtguoum
832 5655 1095 5713 Fro'n'lonis
1117 5662 1302 5719 Danai,
1323 5655 1529 5721 hujusce
1555 5662 1818 5711 voluminis
1847 5663 1889 5713 Il

202 5737 293 5771 oar
318 5737 347 5771 e
373 5736 423 5771 ιι.
451 5736 510 5771 co
539 5763 547 5771 .
673 5761 682 5771 .

239 5732 347 5773 arte
373 5736 423 5779 ιι,
451 5732 547 5772 τοι.
572 5732 682 5771 828,

200 5738 347 5788 parte
373 5738 423 5779 ιι,
451 5738 547 5772 (:01.
573 5738 682 5771 626.

268 5784 298 5849 μ
320 5784 472 5849 εειγη,
496 5790 549 5833 εὶ
584 5785 770 5849 aliqum
794 5798 909 5849 mss.
933 5786 1116 5849 καρπὸν
1145 5790 1231 5849 τῇς
1248 5781 1569 5849 ἐλεημοσύνης
1589 5784 1764 5849 amp;
1792 5783 1893 5849 blo-

205 5848 303 5918 rel:
323 5846 509 5918 καρπὸν
537 5851 622 5918 τῆς
644 5846 957 5918 δικαιοσύνηςί
972 5844 1145 5910 ἀπηρτ.
1181 5844 1309 5918 Ιςιῖῐδ
1328 5844 1539 5918 μυίσκαι
1560 5844 1718 5918 λαϐὼν
1740 5845 1886 5918 ἀπίει.

271 5905 417 5971 ῩΑΙὶἱ-
434 5908 766 5971 δοκιμώτῄεροι
783 5905 907 5971 Infra
929 5907 1027 5971 duo
1048 5905 1163 5957 nisa.
1177 5905 1397 5971 εὐπορίας
1414 5907 1494 5956 καὶ
1514 5907 1796 5966 διοικήσεως
1813 5906 1886 5969 ἐφ.

272 5969 299 6041 (ξ
322 5967 420 6041 lli
440 5967 752 6041 παραμυθίας,
775 5969 858 6041 καὶ
879 5969 1057 6041 ἑτέραν.

278 6034 299 6056 ⁸
325 6029 461 6081 Unus
484 6029 658 6087 ἐκεῖνος
684 6030 765 6090 μὲν
786 6030 876 6093 γὰρ
896 6029 1053 6090 ἡνίκα.

3643 365 3718 425 50

2016 495 2148 531 ποτε
2188 475 2349 530 τοῦτό
2381 477 2529 542 ἐστι;
2574 473 2644 529 τά
2687 475 2914 548 ποίμνια
2959 474 3256 548 ἀνήλωται,
3294 476 3389 547 ἀφ’
3436 470 3513 532 ὧν
3557 478 3704 553 ἐτρέ-

2016 584 2180 636 φοντο
2222 564 2406 638 μυρίοι
2459 567 2722 637 πένητεςο
2769 565 2863 620 καὶ
2899 566 2948 618 εί
2997 565 3216 632 ἀνάξιος
3245 567 3396 638 ήμην
3430 566 3543 638 ἐγὼ
3573 570 3712 624 ἀπο·

2012 653 2197 708 λαύειν
2226 654 2489 725 εὐπορίας
2522 654 2748 725 ταύτης,
2787 652 2877 707 διὰ
2902 652 3033 723 γοῦν
3063 655 3189 719 τοὺς
3238 655 3569 726 μετέχοντας
3601 656 3709 712 ἔδει

2011 742 2324 811 φείσασθαι.
2364 742 2504 795 Ἀλλ’
2531 742 2684 796 οὐδὲν
2710 740 2917 796 τούτων
2941 743 3041 796 οὐκ
3069 738 3245 808 εἶπεν,
3273 745 3375 797 οὐκ
3396 745 3705 816 ἐνενόησεν,

2010 830 2127 884 ἀλλ’
2174 830 2290 901 ᾔδει
2337 830 2430 883 τὸν
2472 829 2605 883 Θεὸν
2654 829 2792 901 πρὸς
2833 830 2894 883 τὺ
2921 830 3200 902 συμφέρον
3256 832 3475 886 ἅπαντα
3505 836 3711 888 οἰκονο-

2014 917 2237 989 ιιοῦντα.
2267 918 2378 970 Καὶ
2412 918 2497 970 ἵνα
2531 916 2734 990 μάθῃς,
2762 918 2845 971 ὃτι
2881 916 3106 989 μείζονα
3143 919 3371 991 ὕστερον
3399 920 3571 975 ἔδωκε
3605 921 3711 993 τὴν

2009 1004 2224 1077 πληγήν
2269 1004 2347 1076 τῷ
2398 1005 2662 1077 διαϐόλῳ,
2696 1006 2786 1060 ὅτε
2833 1006 3157 1078 ἀφαιρεθεὶς
3196 1008 3638 1080 ηὐχαρίστησεν,
3668 1010 3705 1082 ἢ

2007 1094 2097 1145 ὅτε
2142 1094 2482 1164 κεκτημένος
2526 1094 2709 1164 ήλέει,
2752 1095 3115 1166 κατανόησον,
3155 1095 3239 1149 δτι
3271 1097 3362 1149 ὅτε
3401 1098 3703 1169 ἐκέκτητο,

2008 1180 2114 1234 κᾶν
2130 1181 2367 1252 ὑποψίαν
2392 1180 2410 1220 ί
2441 1181 2564 1235 τινά
2586 1181 2744 1253 ἔσχεν
2769 1184 2945 1237 είπεῖν
2969 1184 3000 1236 ό
3020 1182 3287 1248 διάϐολος,
3316 1186 3363 1237 εί
3388 1184 3702 1256 καὶψευδῆ,

2008 1268 2124 1322 ἀλλ’
2150 1268 2302 1339 ὅμως
2333 1269 2491 1340 ἔσχεν
2511 1271 2713 1335 εἰπεῖν,
2743 1270 2827 1324 ὅτι
2859 1271 2951 1344 Μὴ
2975 1270 3185 1343 δωρεάν
3223 1270 3340 1327 Ἰὼϐ
3363 1272 3582 1327 σέϐεταί
3604 1289 3701 1339 σε;

2020 1354 2239 1426 Ἐπειδὴ
2279 1355 2338 1410 δέ
2383 1356 2561 1421 τάντα
2605 1355 2790 1423 ἔλαϐε,
2844 1357 2941 1410 καὶ
2985 1359 3206 1412 πάντων
3242 1358 3405 1414 αὐτὸν
3448 1359 3703 1430 ἐγύμνω-

2009 1456 2122 1501 σεν,
2155 1444 2184 1495 ό
2216 1441 2274 1495 δὲ
2309 1441 2409 1513 τὴν
2438 1441 2610 1513 αὐτὴν
2650 1442 2867 1498 εὔνοιαν
2903 1444 3044 1516 πρὸς
3075 1444 3167 1498 τὸν
3208 1444 3345 1500 Θεὸν
3382 1445 3699 1517 διετήρησε,

2006 1528 2133 1581 τότε
2165 1528 2352 1584 λοιπὸν
2396 1532 2675 1602 ὲνεφράγη
2710 1532 2773 1585 τὸ
2804 1532 3162 1603 ἀναίσχυντον
3190 1534 3388 1604 στόμα,
3417 1534 3513 1588 καὶ
3545 1535 3704 1588 οὐδὲν

2005 1615 2189 1670 οὐκέτι
2212 1616 2370 1688 ἔσχεν
2403 1619 2609 1671 εἰπεῖν·
2652 1617 3033 1691 λαμπρότερος
3063 1620 3173 1690 γὰρ
3215 1620 3326 1673 ἀπὸ
3349 1620 3459 1675 τῶν
3494 1623 3698 1693 προτέ-

2009 1720 2118 1772 ρων
2136 1701 2251 1776 [16]
2278 1707 2305 1758 ὁ
2331 1705 2540 1771 δίκαιος
2582 1701 2673 1776 ἦν.
2702 1705 2809 1760 Τοῦ
2856 1706 2965 1776 γάρ
2987 1708 3045 1759 ἐν
3066 1706 3283 1779 πλούτῳ
3309 1707 3488 1773 ζῶντα
3522 1711 3700 1762 ποιεῖν

2007 1791 2401 1863 ἐλεημοσύνην,
2456 1794 2516 1846 τὸ
2568 1795 2743 1848 πάντα
2782 1795 3181 1865 ἀφαρπαγέντα
3230 1796 3495 1864 γενναίως
3546 1800 3702 1866 ἐνεγ-

2006 1880 2121 1931 κεῖν
2151 1880 2246 1932 καὶ
2274 1882 2390 1950 μετ’
2422 1881 2776 1953 εὐχαριστίας
2806 1881 2987 1952 πολλῷ
3025 1882 3210 1953 μεῖζόν
3238 1884 3408 1947 ἐστιν,
3441 1884 3699 1957 καθάπερ

2004 1964 2096 2023 οὖν
2124 1969 2217 2022 ἐπὶ
2266 1971 2462 2024 τούτου
2485 1972 2755 2026 δέδεικται
2778 1972 2873 2026 τοῦ
2906 1974 3145 2027 δικαίου’
3174 1975 3299 2028 τότε
3327 1975 3498 2046 πολλὴ
3539 1979 3572 2046 ή
3609 1995 3700 2046 φι-

2004 2057 2307 2130 λοφροσύνη
2344 2060 2483 2131 πρὸς
2510 2062 2638 2125 τοὺς
2659 2061 2978 2125 συνδούλους
2996 2057 3084 2133 ἦν,
3109 2062 3205 2117 νῦν
3225 2063 3367 2134 μέγα
3388 2064 3449 2116 τὸ
3475 2065 3699 2136 φίλτρον

2004 2148 2142 2218 πρὸς
2163 2148 2253 2200 τὸν
2285 2149 2565 2221 Δεσπότην
2602 2150 2895 2204 ἐδείκνυτο.
2930 2150 3132 2204 Τοῦτον
3151 2151 3209 2204 δέ
3239 2153 3339 2223 οὐχ
3380 2153 3568 2217 ἁπλῶς
3595 2154 3695 2207 ἐκ-

2001 2236 2164 2289 τείνω
2207 2237 2298 2290 τὸν
2331 2237 2511 2306 λόγον,
2559 2238 2677 2292 ἀλλ’
2724 2239 2913 2310 ἐπειδὴ
2941 2239 3127 2293 πολλοὶ
3162 2240 3421 2306 πολλάκις
3461 2242 3699 2314 ἐλεημοο

2004 2323 2170 2388 σύνας
2206 2324 2509 2389 ποιοῦντες,
2540 2329 2715 2398 χήρας
2743 2326 3151 2399 διατρέφοντες,
3178 2328 3277 2400 τήν
3307 2329 3497 2383 οὐσίαν
3535 2331 3697 2403 διηρ-

2003 2411 2288 2481 πάσθησαν
2320 2410 2560 2475 ἃπασαν,
2586 2414 2764 2484 ἕτεροι
2795 2415 3086 2485 γινομένου
3120 2418 3145 2456 ⁸
3185 2417 3332 2480 τινὸς
3358 2417 3697 2490 ἐμπρησμοῦ

2002 2499 2179 2553 πάντα
2227 2500 2539 2563 ἀπώλεσαν,
2576 2502 2727 2556 ἄλλοι
2781 2504 3065 2572 ναυαγίοις
3122 2504 3481 2575 περιέπεσον,
3541 2505 3696 2560 ἄλλοι

2002 2588 2389 2657 συκοφαντίαις
2408 2591 2503 2642 καὶ
2523 2590 2802 2655 τοιαύταις
2832 2592 2976 2644 τισὶν
2997 2592 3289 2663 ὲπηρείαις
3319 2593 3457 2664 μετά
3487 2593 3696 2658 πολλάς

1999 2675 2369 2746 ἐλεημοσύνας
2397 2678 2479 2741 είς
2513 2678 2705 2731 πενίαν
2738 2679 3157 2749 κατηνέχθησαν
3182 2681 3438 2751 ἐσχάτην,
3466 2683 3561 2734 καὶ
3589 2683 3697 2753 ἀρο

2001 2764 2238 2833 ρωστίαν
2269 2765 2364 2818 καὶ
2404 2766 2581 2829 νόσον,
2615 2765 2710 2819 καὶ
2750 2767 2881 2838 παρ’
2912 2766 3126 2830 οὐδενὸς
3150 2767 3408 2838 οὐδεμιᾶς
3434 2769 3693 2839 ἀπήλαυ-

1999 2866 2099 2903 σαν
2130 2850 2383 2921 βοηθείας
2406 2853 2457 2906 ιι.
2491 2853 2609 2907 Ἵνα
2632 2849 2726 2907 οὖν
2751 2853 2826 2924 μὴ
2859 2853 3128 2923 λέγωμεν,
3155 2854 3183 2907 δ
3209 2855 3397 2909 πολλοὶ
3422 2856 3688 2922 πολλάκις

1997 2936 2265 3005 λέγουσιν,
2291 2939 2700 3004 Οὐδεὶςούδὲν
2710 2937 2896 3003 οἶδεν,
2917 2940 3078 2995 ίκανά
3093 2941 3161 2995 τά
3184 2943 3308 3014 είρη
3317 2942 3454 3013 μένα
3473 2943 3691 2996 ἅπαντα

1995 3024 2087 3079 τὸν
2109 3024 2352 3080 τοιοῦτον
2386 3027 2614 3099 θόρυϐον
2643 3028 2919 3084 ἐκϐαλεῖν.
2964 3030 3020 3083 Ὀ
3054 3029 3204 3084 δεῖνα
3223 3031 3495 3094 τοσαύτας
3517 3031 3691 3085 ποιῶν

1995 3112 2387 3185 ἐλεημοσύνας,
2432 3115 2595 3186 φησὶ,
2644 3116 2826 3171 πάντα
2850 3115 3125 3171 ἀπώλεσε.
3176 3120 3290 3172 Καὶ
3319 3119 3373 3172 τί
3410 3118 3568 3174 τοῦτο
3601 3120 3690 3174 ὅτι

1996 3201 2175 3256 πάντα
2200 3202 2515 3270 άπώλεσεν;
2546 3205 2644 3258 Ἂν
2687 3205 2799 3275 γὰρ
2843 3205 2986 3278 ὑπὲρ
3011 3206 3112 3275 τῆς
3150 3206 3429 3271 ἀπωλείας
3460 3207 3691 3280 εὐχαρι-

1996 3290 2168 3361 στήσῃ
2201 3290 2428 3363 ταύτης,
2460 3290 2640 3362 πολλῷ
2669 3293 2894 3363 μείζονα
2928 3292 3083 3365 παρά
3132 3293 3271 3347 Θεοῦ
3319 3296 3691 3350 ἐπισπάσεται

1994 3373 2093 3446 τήν
2124 3374 2358 3444 εὔνοιαν,
2402 3379 2497 3432 καὶ
2540 3379 2602 3432 οὐ
2647 3378 2997 3447 διπλασίονα,
3030 3380 3285 3454 καθάπερ
3321 3384 3350 3436 ό
3399 3382 3539 3450 Ἰὼϐ,
3568 3383 3691 3438 ἀλλ’

1996 3461 2523 3519 ἑκατονταπλασίονα
2544 3465 2886 3539 ἀπολήψεται
2909 3467 3053 3523 κατά
3075 3469 3175 3539 τήν
3193 3468 3495 3541 μέλλουσαν
3514 3471 3688 3544 ζωήν.

1996 3550 2058 3603 Εί
2082 3549 2139 3603 δέ
2170 3551 2408 3607 ἐνταῦθα
2453 3555 2656 3625 πάσχει
2701 3554 2917 3620 κακῶς,
2964 3555 3102 3609 αὐτὸ
3147 3556 3213 3627 δὴ
3256 3556 3416 3611 τοῦτο
3462 3558 3693 3628 μείζονα.

1994 3637 2145 3709 αὐτῷ
2187 3639 2439 3711 προξενεῖ
2478 3641 2571 3695 τὸν
2619 3643 2738 3696 ἐκεῖ
2774 3643 3051 3715 θησαυρὸν
3094 3644 3157 3697 τὸ
3191 3644 3380 3716 φέρειν
3422 3646 3691 3714 γενναίως

1995 3727 2238 3782 ἅπαντα·
2287 3728 2381 3781 ἐπὶ
2421 3728 2532 3801 γὰρ
2562 3731 2785 3784 πλείονα
2829 3731 2995 3785 αὐτὸν
3026 3732 3207 3787 καλῶν
3253 3733 3557 3804 σκάμματα
3590 3736 3692 3788 καὶ

1994 3812 2352 3884 παλαίσματα
2397 3816 2641 3885 μείζονα,
2686 3816 2795 3872 ἀπὸ
2823 3817 2926 3887 τῆς
2960 3817 3225 3889 εὐπορίας
3258 3820 3335 3883 είς
3366 3819 3560 3873 πενίαν
3581 3820 3692 3889 ἀφ-

1993 3901 2127 3972 ῆκεν
2150 3904 2414 3973 ἐμπεσεῖν
2435 3904 2629 3969 ὁΘεός.
2654 3903 2776 3977 Πῦρ
2797 3905 3024 3959 ἐπελθὸν
3047 3906 3307 3971 πολλάκις
3334 3906 3691 3978 κατηνάλωσέ

1995 4009 2090 4045 σου
2128 3993 2227 4065 τὴν
2268 3995 2468 4054 οἰκίαν,
2513 3996 2609 4049 καὶ
2656 3995 2755 4066 τὴν
2788 3995 2978 4049 οὐσίαν
3023 3995 3367 4067 ἐδαπάνησεν
3428 3996 3688 4063 άπασανς

2006 4079 2410 4150 Ἀναμνήσθητι
2433 4081 2541 4133 τῶν
2562 4081 2643 4152 τῷ
2669 4080 2789 4135 Ἰὼϐ
2813 4082 3268 4154 συμϐεϐηκότων,
3291 4083 3693 4153 εὐχαρίστησον

1993 4164 2070 4236 τῷ
2097 4168 2342 4238 Δεσπότῃ
2370 4168 2448 4238 τῷ
2481 4169 2767 4239 δυναμένῳ
2800 4168 3067 4233 κωλῦσαι,
3110 4170 3205 4223 καὶ
3245 4171 3320 4241 μὴ
3352 4168 3691 4236 κωλύσαντι,

1995 4256 2090 4307 καὶ
2116 4254 2370 4308 τοσοῦτον
2398 4256 2544 4329 λήψῃ
2577 4257 2790 4327 μισθὸν,
2822 4258 2946 4311 ὅσον
2970 4259 3019 4309 εί
3050 4256 3231 4311 πάντα
3258 4259 3443 4310 ἐκεῖνα
3471 4257 3551 4320 είς
3584 4258 3695 4323 τὰς

1994 4341 2102 4394 τῶν
2133 4344 2380 4414 πενήτων
2406 4343 2611 4397 ἀπέθου
2634 4346 2842 4415 χεῖρας.
2890 4342 3031 4396 Ἀλλ’
3062 4344 3123 4396 ἐν
3158 4343 3320 4415 πενίᾳ
3345 4343 3554 4412 διάγεις
3587 4347 3693 4400 καὶ

1994 4427 2158 4499 λιμῷ,
2190 4431 2285 4484 καὶ
2312 4431 2525 4503 μυρίοις
2550 4430 2839 4495 κινδύνοις.
2872 4430 3277 4503 Ἀναμνήσθητι
3308 4429 3403 4484 τοῦ
3426 4431 3689 4503 Λαζάρου

1994 4515 2087 4593 τοῦ
2128 4517 2223 4570 καὶ
2247 4517 2387 4589 νόσῳ
2429 4518 2525 4571 καὶ
2558 4518 2719 4590 πενίᾳ
2753 4520 2853 4574 καὶ
2881 4519 3090 4590 ἐρημίᾳ
3134 4518 3230 4571 καὶ
3262 4518 3477 4589 μυρίοις
3503 4521 3690 4572 τοιού-

1992 4620 2106 4666 τοις
2140 4604 2349 4675 ἐτέροις
2366 4604 2752 4669 πυκτεύοντος,
2774 4607 2869 4659 καὶ
2893 4605 3070 4660 ταῦτα
3100 4606 3237 4677 μετά
3260 4605 3461 4678 ἀρετὴν
3480 4606 3687 4660 τοσαύ-

1993 4707 2123 4760 την-
2160 4691 2540 4764 ἀναμνήσθητι
2576 4691 2683 4745 τῶν
2716 4692 3054 4757 ἀποστόλων,
3080 4691 3130 4745 οἳ
3160 4694 3218 4746 ἐν
3243 4691 3386 4763 λιμῷ
3418 4692 3514 4745 καὶ
3536 4692 3689 4763 δίψει

1994 4780 2088 4830 καὶ
2112 4779 2413 4849 γυμνότητι
2446 4780 2656 4851 διῆγον,
2688 4780 2796 4833 τῶν
2826 4780 3145 4851 προφητῶν,
3171 4780 3281 4835 τῶν
3301 4782 3684 4852 πατριαρχῶν,

1993 4865 2099 4918 τῶν
2131 4866 2378 4930 δικαίων,
2411 4867 2506 4920 καὶ
2551 4869 2762 4932 πάντας
2814 4868 3014 4931 αὐτοὺς
3047 4869 3303 4940 εὑρήσεις
3342 4868 3587 4933 ἐκείνους
3619 4872 3687 4923 οὐ

1994 4953 2102 5006 τῶν
2132 4953 2529 5021 πλουτούντων,
2557 4956 2679 5010 οὐδέ
2703 4956 2813 5010 τῶν
2843 4953 3198 5028 τρυφώντων,
3235 4955 3373 5011 ἀλλά
3393 4956 3502 5011 τῶν
3522 4974 3688 5012 πενο-

2062 5164 2082 5203 ΐ
2111 5166 2263 5216 Savil.
2291 5168 2578 5230 κεκτημένος
2607 5166 2690 5230 τὸν
2727 5163 2935 5230 πλοῦτον
2964 5167 3119 5230 mea;
3157 5163 3328 5213 σκόπει
3353 5162 3579 5226 ἐντεῦθεν,
3600 5167 3686 5217 ὅτι

1994 5228 2243 5287 ἐκέκτητο,
2267 5229 2364 5277 κᾶν
2379 5227 2652 5291 πλάσασθαί
2672 5246 2718 5277 τι
2736 5230 2819 5277 καὶ
2842 5227 3069 5291 ὒποψίαν.

2058 5293 2083 5330 ε
2109 5292 2208 5339 Alii
2231 5286 2502 5352 γενομένου.
2534 5290 2643 5338 Mox
2675 5291 2866 5352 aliquoi
2886 5286 3006 5337 mas.
3028 5286 3332 5352 περιέπεσον.

2057 5352 2082 5390 b
2109 5348 2259 5400 Savil'.
2283 5348 2563 5408 άπῆλαυσαν
2586 5348 2783 5407 εὐνοίας.
2814 5351 2998 5412 Ibidem
3022 5350 3049 5397 ὃ
3064 5348 3241 5412 πολλοὶ
3265 5348 3496 5412 πολλάκις
3512 5350 3685 5412 λέγου-

1993 5431 2087 5474 σιν,
2112 5414 2263 5468 οὐδεὶς
2302 5413 2437 5460 οὐδὲν
2462 5413 2602 5461 οἶδεν.
2631 5414 2746 5462 Haec
2781 5411 3015 5522 lomiendi
3055 5410 3205 5459 forma
3233 5422 3344 5458 cum
3369 5410 3553 5472 duplici
3580 5410 3685 5462 διιε-

1993 5479 2213 5522 natione.
2238 5488 2350 5522 aute
2375 5481 2535 5522 tamen
2561 5488 2660 5522 non
2681 5476 2778 5522 vim
2803 5490 2829 5522 a
2885 5473 3093 5522 rmandi.
3115 5473 3203 5519 sed
3240 5473 3453 5522 uenandi
3478 5473 3682 5522 habeat-

1993 5479 2213 5537 galione.
2238 5488 2350 5534 quae
2375 5481 2535 5523 tamen
2561 5488 2660 5523 non
2681 5476 2778 5523 vim
2803 5473 3093 5537 afﬁrmandi,
3115 5473 3203 5519 sed
3240 5473 3453 5533 negandi
3478 5473 3682 5534 habeat,

1994 5535 2142 5586 éliam
2167 5537 2281 5585 alibi
2312 5538 2491 5597 passim
2522 5537 2811 5585 observatur
2850 5535 2979 5597 apud
3013 5535 3415 5597 Chrysoslomuu:
3439 5542 3508 5597 et,
3535 5537 3682 5586 alios.

1994 5598 2078 5670 Sig:
2098 5603 2149 5647 in
2176 5595 2467 5674 I‘loxpil."«le
2572 5599 2794 5674 l’elagja,
2830 5596 3019 5667 ubi~sic
3054 5597 3242 5674 lggil’ur
3262 5610 3274 5643 :
3298 5595 3551 5674 οὐρῇ-γάρ
3578 5598 3686 5674 ξρετε

1992 5660 2136 5709 τοῦτο
2167 5659 2330 5719 εἰπεῖν,
2366 5661 2439 5708 ὅτι
2469 5660 2619 5715 οὐδεὶς
2658 5656 2793 5708 οὐδὲν
2815 5657 3034 5707 τοιοῦτον
3064 5656 3511 5720 εἰργάσατοζίιιῆέι,
3528 5656 3614 5720 καί
3636 5661 3687 5709 τί

1990 5721 2135 5770 τοῦτο
2157 5722 2229 5769 ὅτι
2249 5717 2402 5769 πάντα
2426 5722 2700 5777 ἀπώλεσεν;
2727 5722 2832 5769 hac
2855 5722 3038 5768 desunt
3059 5717 3297 5767 in‘Morel.
3327 5717 3426 5765 Sed
3451 5720 3500 5767 in
3525 5719 3680 5771 Savil.

1992 5792 2047 5831 οι
2073 5786 2124 5832 in
2147 5785 2338 5857 aliquot
2369 5796 2485 5857 mas:
2522 5785 2774 5857 leguntur,
2799 5789 2957 5857 atque!
2982 5783 3169 5857 οριὶιιιε
3200 5779 3445 5857 Quadran‘t
3472 5780 3532 5856 a‘d
3561 5794 3685 5853 spn-

1990 5858 2117 5892 sum.
2142 5845 2295 5906 Paulo
2318 5850 2432 5906 post
2449 5845 2547 5893 duo
2569 5843 2883 5906 ἐπισπάσεται
2906 5845 2993 5900 τὴν
3017 5843 3329 5906 ἀντιμισθίαν,
3352 5845 3434 5889 καὶ
3458 5843 3513 5889 οὐ

1991 5907 2118 5955 διπλ.
2144 5904 2253 5955 Mox
2276 5903 2402 5954 κατὰ
2417 5906 2503 5962 τὴν
2527 5906 2657 5967 μέλλ.
2687 5903 2786 5955 Alii
2822 5906 2904 5967 καὶ
2925 5906 3009 5962 τὴν
3033 5903 3357 5967 μέλλε-Ρωιίο
3383 5909 3493 5967 post
3521 5903 3674 5967 ngil.

1993 5975 2047 6017 et
2066 5970 2253 6029 aliquot
2276 5980 2390 6017 mss.
2414 5964 2623 6031 προξενεῖ
2645 5967 2726 6017 τὸν
2746 5966 2845 6016 ἐκεῖ
2878 5966 3129 6029 θησαυρόν.
3164 5964 3337 6013 Morel.
3362 5965 3572 6026 προξενεῖ
3592 5968 3683 6028 θη.

1995 6046 2186 6094 σαῦρον.

3584 5844 3684 5892 ἦνον
