3998 6434
280 347 346 405 29
539 340 557 355 ’
1233 335 1324 392 ΔΙ)
1361 329 1688 391 ΡΟΡυιυΜ
1727 325 2221 385 ΑΝΤΙΟΟΠΕΝΗΜ
2286 329 2514 385 1103111..
2550 332 2597 386 1.
3491 330 3572 384 3h.

286 468 348 520 Et
373 470 565 534 praeter
591 459 730 516 hanc
756 457 913 512 aliam
937 468 1122 510 rursus
1156 450 1475 506 invenimus.
1512 445 1769 516 Qualem?
1797 442 1868 498 Ut

284 571 489 612 «oronte
522 561 578 608 et
615 550 831 623 prtemia
870 547 1025 603 nobis
1063 554 1357 615 augeantur
1389 560 1404 596 :
1435 549 1692 611 quantum
1723 536 1864 591 enim

287 646 646 703 tribulationes
692 640 1077 704 intenduntur,
1122 646 1326 691 tantum
1381 643 1436 689 et
1487 630 1867 686 retributiones

285 738 617 808 ampliantur,
649 736 756 789 imo
784 747 914 788 vero
943 738 998 786 et
1026 729 1194 783 multo
1232 726 1349 796 plus
1383 741 1396 781 :
1432 723 1557 778 Non
1584 722 1718 777 enim
1741 738 1865 774 cou-

287 830 444 900 digme
462 839 581 883 sunt
599 828 855 895 passiones
872 823 1027 892 hujus
1048 819 1287 889 temporis
1301 817 1371 871 ad
1388 820 1612 888 futuram
1628 813 1863 884 gloriam,

285 937 391 988 qui:
412 918 710 974 revelabitur
735 917 791 970 in
825 911 1171 983 nobis.(Rom.
1200 910 1253 965 8.
1283 908 1395 980 18).
1424 907 1525 962 Tot
1550 905 1709 975 igitur
1736 919 1866 959 cau-

288 1029 370 1068 sas
398 1014 656 1068 habentes
681 1009 750 1066 de
774 1016 1082 1064 sanctorum
1110 1003 1398 1058 afﬂictione
1421 1000 1694 1064 dicendas,
1719 1014 1787 1053 ne
1814 997 1866 1051 in

242 1162 253 1168 ,
287 1103 658 1160 tentationibus
681 1100 1039 1170 indignemur,
1064 1112 1132 1152 ne
1152 1094 1537 1166 angustiemur,
1560 1106 1629 1146 ne
1655 1096 1862 1160 pertur-

286 1199 486 1261 bemur,
509 1194 601 1249 sed
627 1202 681 1249 et
705 1192 803 1263 ipsi
830 1200 1044 1245 nostros
1067 1189 1389 1242 instruamus
1411 1184 1637 1250 animos,
1659 1190 1714 1236 et
1733 1181 1869 1236 alios

287 1290 395 1343 htec
415 1289 723 1342 doceamus.
768 1284 837 1338 Et
875 1282 921 1338 si
950 1280 1147 1336 videris
1176 1278 1446 1334 hominem
1480 1276 1532 1329 in
1561 1275 1755 1329 virtute
1784 1273 1869 1327 vi-

286 1389 522 1445 ventem,
561 1373 957 1447 pbilosOpbiam
998 1378 1291 1426 sectantem
1317 1409 1332 1435 ,
1372 1366 1672 1437 placentem
1712 1364 1824 1418 Deo
1851 1403 1867 1428 ,

288 1478 460 1538 postea
500 1468 779 1522 innumera
809 1466 1096 1534 patientem
1125 1460 1262 1515 mala
1288 1501 1307 1525 ,
1340 1473 1410 1513 ne
1445 1454 1828 1512 scandalizeris
1851 1495 1867 1520 ,

284 1562 469 1617 dilecte
497 1578 511 1614 :
539 1559 661 1615 etsi
689 1558 889 1613 videris
928 1556 1162 1626 aliquem
1197 1550 1561 1622 spiritualibus
1591 1556 1868 1603 vacantem

283 1654 526 1724 Operibus
550 1695 565 1720 ,
597 1662 652 1708 et
686 1650 882 1720 aliquid
914 1648 1041 1703 utile
1076 1645 1449 1716 expediturum
1475 1683 1490 1706 ,
1522 1650 1706 1711 postea
1739 1654 1867 1709 sup-

288 1750 593 1816 plantatum,
623 1760 691 1800 ne
719 1741 1066 1815 perturberis.
1086 1738 1297 1792 Etenim
1326 1735 1444 1791 novi
1460 1734 1655 1789 multos
1674 1732 1870 1801 saepius

284 1839 398 1893 talia
422 1846 727 1909 quarentes
757 1853 771 1889 :
801 1834 915 1899 Ille,
945 1832 1211 1903 inquiunt,
1239 1829 1305 1884 ad
1332 1827 1646 1898 martyrium
1674 1824 1750 1895 (a)
1780 1839 1870 1894 pe-

285 1932 573 2001 regrinatus
597 1971 612 1995 ,
656 1927 976 1999 pauperibus
1011 1923 1261 1994 pecunias
1308 1920 1615 1991 perferens,
1649 1918 1702 1972 in
1734 1933 1868 1972 nau-

284 2021 498 2091 fragium
533 2019 733 2086 incidit,
767 2027 820 2073 et
846 2017 1025 2073 amisit
1050 2014 1227 2070 omnia
1261 2030 1276 2069 :
1310 2013 1446 2067 alter
1485 2025 1694 2065 rursum
1726 2009 1867 2063 idem

284 2111 471 2167 faciens
489 2152 506 2175 ,
537 2111 587 2164 in
615 2110 847 2163 latrones
870 2107 1088 2171 incidit,
1116 2114 1170 2161 et
1197 2105 1285 2158 vix
1312 2103 1543 2157 animam
1572 2116 1723 2156 suam
1751 2115 1866 2154 ser-

285 2203 417 2257 vavit
438 2243 455 2268 ,
485 2200 665 2256 nudus
711 2199 834 2255 inde
868 2196 1169 2253 discedens.
1209 2194 1350 2263 Quid
1387 2194 1547 2263 igitur
1583 2191 1870 2248 dicemus?

289 2293 432 2360 Quod
471 2293 667 2347 horum
696 2292 839 2346 nullo
881 2289 1075 2344 tristari
1104 2296 1368 2358 oporteat.
1414 2284 1525 2341 Etsi
1554 2285 1696 2340 enim
1731 2300 1867 2339 nau-

284 2385 496 2457 fragium
521 2384 665 2450 fecit,
684 2383 844 2439 habet
862 2393 1035 2437 tamen
1052 2381 1272 2452 justiti-.12
1289 2380 1518 2434 fructum
1537 2377 1830 2450 perfectum
1851 2394 1865 2432 :

283 2492 368 2532 sua
393 2478 540 2533 enim
564 2491 741 2532 omnia
768 2476 1030 2546 implevit,
1057 2473 1272 2543 collegit
1301 2471 1575 2542 pecunias,
1600 2470 1866 2539 deposuit,

282 2584 394 2621 cum
434 2566 765 2636 recepisset,
800 2565 1017 2631 abibat,
1051 2563 1531 2634 peregrinationem
1570 2560 1819 2629 attigerat
1851 2576 1865 2612 :

283 2656 606 2730 naufragium
623 2672 751 2712 vero
762 2656 828 2710 de
844 2656 1049 2726 reliquo
1064 2670 1169 2708 non
1189 2654 1256 2708 de
1275 2653 1444 2723 ipsius
1462 2651 1561 2706 fuit
1577 2651 1839 2706 sententia
1852 2691 1865 2704 .

282 2747 379 2803 Sed
421 2762 592 2818 quare
631 2746 734 2801 hoc
783 2746 924 2801 Deus
964 2743 1247 2816 permisit?
1289 2742 1355 2799 Ut
1396 2743 1538 2797 hunc
1572 2750 1867 2812 spectatum

280 2839 574 2895 exhiberet.
608 2839 677 2893 At
702 2852 982 2909 pauperes,
1021 2835 1210 2907 inquit,
1241 2834 1428 2905 privati
1455 2844 1577 2889 sunt
1606 2833 1863 2903 pecuniis.

287 2931 395 2986 Non
434 2940 583 2987 tanta
625 2930 944 3001 pauperibus
975 2943 1102 2983 cura
1142 2937 1196 2981 tu
1234 2926 1509 2997 provides,
1545 2934 1741 2996 quanta
1778 2924 1869 2994 qui

284 3021 398 3080 fecit
433 3039 534 3079 eos
574 3023 713 3078 Deus
754 3038 769 3075 :
814 3022 913 3076 etsi
956 3021 1099 3076 enim
1142 3019 1224 3074 his
1267 3018 1456 3089 privati
1489 3027 1647 3082 sunt,
1690 3026 1869 3071 tamen

281 3117 487 3172 aliunde
523 3124 699 3186 potest
728 3114 985 3185 majorem
1010 3127 1171 3183 opum
1198 3110 1536 3166 occasionem
1567 3109 1698 3179 ipsis
1727 3122 1867 3178 prae-

284 3206 423 3262 bere.

349 3299 434 3354 10.
474 3297 558 3353 Nc
588 3296 747 3366 igitur
771 3304 1040 3366 gestorum
1072 3293 1307 3349 rationes
1331 3291 1400 3347 ab
1430 3306 1496 3348 eo
1520 3300 1827 3361 repetamus
1851 3332 1866 3357 ,

283 3390 370 3445 sed
399 3391 449 3445 in
476 3389 731 3445 omnibus
760 3404 881 3443 eum
913 3387 1274 3457 gloriﬁcemus
1301 3405 1315 3442 :
1344 3401 1450 3442 non
1485 3387 1628 3441 enim
1664 3387 1868 3458 impru-

285 3483 462 3538 denter
492 3490 549 3537 et
577 3489 782 3536 temere
813 3481 936 3535 talia
963 3496 1107 3550 saepe
1132 3479 1248 3535 fieri
1278 3478 1574 3549 permittit,
1617 3478 1712 3534 sed
1747 3493 1868 3534 cum

284 3589 343 3629 ex
369 3574 447 3629 his
477 3573 723 3644 pecuniis
763 3571 1184 3626 consolationem
1224 3569 1501 3625 habituros
1547 3584 1655 3625 non
1694 3570 1871 3638 despi-

283 3667 380 3721 ciat
400 3708 416 3732 ,
442 3680 633 3722 verum
660 3664 791 3734 ipsis
819 3663 978 3717 aliam
1006 3678 1106 3732 pro
1137 3662 1222 3716 his
1252 3661 1493 3716 alimenti
1532 3662 1867 3715 occasionem

285 3756 546 3823 prabeat,
574 3755 733 3809 etiam
762 3751 1093 3823 naufragium
1116 3767 1331 3822 passum
1360 3752 1720 3821 probatiorem
1751 3750 1870 3805 elli-

283 3848 388 3917 cit,
416 3848 787 3918 majoremque
814 3846 913 3915 ipsi
945 3854 1096 3915 parat
1122 3843 1426 3900 mercedem
1472 3861 1485 3897 :
1522 3843 1690 3897 multo
1726 3843 1870 3897 enim

285 3940 446 4009 majus
474 3953 597 4003 est,
630 3953 788 4009 quam
834 3937 1233 4007 eleemosynam
1279 3934 1406 3991 dare
1431 3975 1446 4002 ,
1489 3934 1629 4005 quod
1677 3933 1870 3989 talibus

283 4030 501 4085 obrutus
526 4030 753 4101 negotiis
779 4029 886 4084 Deo
916 4029 1113 4099 gratias
1141 4035 1282 4097 agat.

345 4119 590 4176 Fructum
611 4137 675 4175 ea:
705 4120 946 4190 patientia
967 4120 1176 4191 perinde
1189 4129 1338 4187 atque
1352 4134 1415 4173 ea:
1435 4117 1749 4188 eleemosyna
1767 4135 1874 4171 mc-

285 4213 524 4266 timur.—
536 4212 651 4267 Non
674 4211 815 4266 enim
850 4218 1053 4265 tantum
1083 4226 1202 4282 quze
1226 4225 1319 4280 per
1345 4210 1740 4280 eleemosynam
1772 4209 1871 4265 da-

284 4321 415 4373 mus,
429 4306 526 4362 sed
547 4314 602 4361 et
619 4322 706 4372 ea,
722 4306 914 4376 quibus
931 4305 998 4360 ab
1012 4305 1131 4360 aliis
1148 4304 1366 4374 spoliari
1392 4304 1604 4359 fortiter
1628 4304 1870 4370 ferimus,

285 4400 501 4453 multum
519 4398 671 4453 nobis
684 4397 912 4453 fructum
930 4397 1178 4453 all‘erunt.
1194 4397 1261 4452 Et
1277 4405 1334 4451 ut
1348 4396 1524 4451 discas
1546 4396 1648 4451 hoc
1665 4396 1755 4451 illo
1769 4412 1876 4451 ma—

287 4489 363 4558 jus
380 4506 520 4556 esse,
540 4506 602 4545 ex
631 4491 695 4545 iis
715 4506 834 4560 quze
849 4489 950 4544 Job
966 4489 1334 4559 contigerunt,
1358 4487 1461 4544 hoc
1484 4486 1673 4542 faciam
1699 4487 1875 4542 mani-

284 4578 492 4635 festum.
518 4579 609 4636 Ille
630 4580 844 4652 quando
870 4580 1124 4650 pecunias
1147 4579 1406 4651 possedit,
1430 4578 1638 4648 aperuit
1657 4578 1899 4633 domum-

287 4674 601 4743 pauperibus
624 4714 640 4739 ,
672 4683 727 4728 et
759 4673 937 4728 omnia
959 4688 1077 4742 quae
1098 4671 1330 4727 habebat
1356 4671 1717 4740 elargiebatur
1741 4688 1755 4726 :
1782 4670 1878 4725 sed

288 4782 383 4820 non
404 4776 520 4822 erat
537 4777 641 4821 tam
666 4766 905 4832 illustris,
925 4764 1138 4837 quando
1154 4764 1480 4837 pauperibus
1500 4762 1719 4819 domum
1745 4778 1877 4834 ape-

288 4859 422 4923 ruit,
452 4874 610 4928 quam
639 4874 761 4913 cum
790 4857 960 4927 ipsam
988 4857 1248 4912 cecidisse
1272 4856 1496 4912 audiens
1538 4870 1649 4910 non
1699 4855 1880 4926 inique

289 4951 421 5005 tulit.
448 4951 563 5007 Non
587 4961 704 5006 erat
723 4961 829 5005 tam
857 4951 1112 5019 illustris,
1135 4950 1348 5019 quando
1369 4965 1437 5005 ex
1459 4948 1636 5004 ovium
1661 4957 1879 5004 tonsura

287 5046 453 5099 nudos
482 5046 736 5112 vestivit,
780 5060 941 5114 quam
987 5043 1083 5098 fuit
1117 5044 1294 5099 clarus
1331 5052 1387 5098 et
1419 5051 1690 5113 spectatus
1713 5083 1730 5110 ,
1759 5057 1879 5098 cum

287 5136 505 5191 audiens
534 5138 708 5207 ignem
740 5136 1001 5193 cecidisse
1024 5178 1039 5200 ,
1082 5145 1138 5191 et
1177 5150 1368 5206 greges
1401 5149 1591 5190 omnes
1632 5149 1884 5189 consum-

286 5227 484 5296 psisse,
516 5229 714 5298 gratias
739 5228 864 5297 egit.
889 5227 1040 5282 Tune
1065 5226 1330 5282 humanus
1358 5225 1533 5281 fuerat
1559 5268 1575 5293 ,
1607 5241 1752 5281 nunc
1779 5225 1884 5280 fuit

292 5317 636 5390 pinluSOpbus
665 5338 681 5374 :
711 5329 838 5375 tunc
860 5334 1156 5390 pauperum
1191 5318 1573 5385 miserebatur,
1606 5332 1749 5372 nunc
1776 5316 1883 5371 Do-

293 5411 433 5465 mino
461 5410 658 5479 gratias
682 5410 891 5481 agebat.
923 5410 1033 5466 Nec
1057 5410 1195 5464 intra
1222 5423 1281 5464 se
1307 5408 1480 5475 dixit,
1502 5407 1642 5475 Quid
1667 5406 1883 5463 tandem

295 5502 387 5554 huc
429 5502 556 5556 est?
592 5518 784 5572 greges
828 5502 1129 5572 consumpti
1169 5509 1333 5567 sunt,
1382 5499 1576 5571 quibus
1620 5498 1887 5555 innumeri

297 5605 549 5662 pauperes
601 5594 882 5650 alebantur
910 5613 924 5650 :
955 5594 1056 5651 etsi
1084 5610 1186 5666 ego
1215 5592 1464 5664 indignus
1492 5607 1640 5648 eram
1669 5591 1773 5647 hac
1798 5606 1877 5647 rc-

310 5779 337 5791 ,γ
365 5720 438 5783 (α)
462 5723 538 5774 Ad
558 5721 872 5791 martyrium,
900 5736 991 5773 seu
1034 5723 1093 5773 ad
1138 5723 1400 5791 ecclesiam
1444 5729 1732 5791 martyrum.
1782 5722 1890 5791 Hoc

309 5759 1889 5848 ίιέἕηῖῖηξὲἓ⁷ἆῗῲὶῗιῐίνὲἴυῑιέῖηρῖἷιῖἑὲιῖῑξιιόἴὲεῑέἱνδὲῦίγῶἑέἶ

1972 457 2091 497 rum
2119 441 2218 497 lrut
2244 442 2398 512 copia
2421 485 2435 510 ,
2468 443 2657 498 saltem
2684 451 2902 516 propter
2926 459 3109 501 earum
3134 458 3413 506 consortes
3445 465 3566 520 par-

1971 542 2200 597 cendum
2226 553 2360 599 erat.
2391 544 2500 600 Sed
2523 544 2658 600 nihil
2681 545 2872 601 horum
2901 545 2988 601 vel
3006 546 3142 601 dixit
3167 547 3251 603 vel
3271 548 3562 619 cogitavit:

1974 646 2129 691 norat
2152 640 2294 694 enim
2328 641 2496 695 Deum
2519 641 2699 695 omnia
2725 641 2927 696 utiliter
2954 641 3377 712 dispensantem.
3413 642 3480 696 Et
3510 654 3568 697 ut

1972 732 2113 787 scias
2156 746 2277 786 eum
2316 733 2528 801 gravius
2569 741 2754 802 postea
2791 732 2982 788 vulnus
3021 733 3266 789 intulisse
3306 734 3566 800 diabolo,

1971 839 2094 879 cum
2122 825 2378 895 spoliatus
2406 825 2604 895 gratias
2628 825 2735 895 egit
2760 866 2776 891 ,
2816 840 2974 895 quam
3002 840 3124 881 cum
3155 826 3439 897 possidens
3464 827 3565 882 mi-

1980 933 2274 987 seraretur,
2290 922 2509 977 adverte
2520 924 2665 993 quod
2683 923 2902 994 quando
2931 924 3263 993 possidebat,
3280 924 3563 993 suspicio-

1978 1027 2100 1066 nem
2118 1014 2407 1083 quamdam
2421 1014 2611 1070 habuit
2625 1016 2878 1071 diabolus
2895 1031 2909 1067 :
2924 1016 3024 1070 etsi
3039 1015 3254 1082 falsam,
3274 1016 3463 1071 habuit
3484 1023 3570 1070 ta-

1980 1121 2101 1161 men
2128 1106 2270 1161 unde
2305 1107 2539 1162 diceret:
2567 1107 2715 1163 Num
2753 1111 2922 1180 gratis
2962 1118 3012 1163 te
3049 1110 3174 1163 colit
3196 1108 3298 1163 Job
3328 1108 3474 1181 (Job.
3505 1110 3558 1163 1.

1974 1193 2056 1260 9)?
2076 1197 2367 1261 Postquam
2386 1217 2513 1254 vero
2537 1201 2722 1255 omnia
2743 1202 2987 1264 abstulit,
3011 1202 3567 1267 etipsunronrnibus-

1973 1281 2259 1351 spoliavit,
2283 1288 2340 1336 et
2361 1290 2537 1335 tamen
2562 1281 2807 1336 eamdem
2836 1281 2880 1336 is
2906 1296 3030 1351 erga
3057 1282 3224 1337 Deum
3248 1282 3572 1338 benevolens

1975 1383 2100 1429 tiam
2129 1375 2401 1441 servavit,
2435 1384 2562 1429 tunc
2590 1374 2807 1429 demum
2836 1375 3167 1430 obstructum
3196 1383 3280 1431 est
3304 1390 3366 1431 os
3401 1377 3572 1446 impu-

1973 1469 2106 1524 dens
2129 1510 2144 1533 ,
2173 1478 2228 1523 et
2264 1467 2396 1523 nihil
2433 1468 2661 1539 amplius
2704 1467 2845 1538 quod
2895 1467 3099 1523 diceret
3144 1468 3416 1524 habebat:
3446 1484 3577 1525 nam

1974 1560 2305 1630 splendidior
2330 1578 2490 1633 quam
2522 1563 2672 1632 prius
2701 1562 3014 1632 eratjustus
3050 1563 3140 1618 ille
3176 1564 3276 1617 vir.
3314 1562 3575 1619 Omnibus

1975 1653 2117 1707 enim
2147 1655 2409 1722 privatum
2439 1696 2453 1722 ,
2484 1669 2744 1726 generose
2770 1664 2825 1710 et
2863 1670 2985 1709 eum
3028 1655 3316 1723 gratiarum
3362 1655 3577 1710 actione

1975 1742 2115 1798 ferre
2140 1744 2309 1798 multo
2340 1744 2513 1814 majus
2539 1753 2622 1801 est
2641 1787 2657 1814 ,
2685 1760 2847 1816 quam
2877 1746 2929 1799 in
2958 1746 3159 1801 divitiis
3184 1745 3468 1816 degentem
3496 1746 3576 1801 fa-

1974 1852 2101 1893 cere
2129 1837 2525 1909 eleemosynam
2557 1879 2572 1903 ,
2610 1839 2750 1893 sicut
2776 1847 2831 1894 et
2858 1839 2912 1894 in
2939 1838 3042 1895 hoc
3061 1841 3211 1910 justo
3234 1839 3577 1895 demonstra-

1978 1939 2087 1983 tum
2131 1937 2236 1984 est.
2272 1931 2314 1983 Τ
2320 1944 2424 1985 unc
2469 1931 2633 1985 multa
2676 1930 2729 1985 in
2763 1946 3054 1986 conservos
3092 1930 3193 1986 fuit
3236 1932 3535 2003 benignitas
3559 1973 3574 1997 ,

1976 2037 2121 2076 nunc
2161 2037 2384 2092 magnus
2422 2022 2473 2075 in
2516 2022 2799 2077 Dominum
2828 2038 2982 2077 amor
3013 2022 3386 2079 exhibebatur.
3426 2023 3578 2078 llunc

1977 2126 2104 2166 vero
2135 2127 2241 2166 non
2283 2122 2486 2167 temere
2523 2127 2827 2168 sermonem
2868 2115 3145 2179 extendo;
3185 2114 3279 2169 sed
3323 2113 3583 2183 quoniam

1974 2206 2127 2261 multi
2155 2205 2352 2276 saepius
2375 2205 2466 2275 qui
2491 2206 2860 2277 eleemosynas
2884 2212 3170 2277 erogarent
3194 2247 3211 2274 ,
3241 2204 3432 2261 viduas
3459 2205 3580 2261 ale-

1974 2308 2132 2366 rent,
2161 2300 2305 2355 omni
2331 2299 2627 2354 substantia
2669 2299 2938 2369 diSpoliati
2977 2307 3146 2355 sunt:
3187 2299 3276 2352 alii
3321 2298 3589 2354 incendio-

1973 2391 2156 2447 omnia
2184 2391 2519 2457 amiserunt,
2564 2390 2655 2445 alii
2699 2390 2753 2444 in
2799 2388 3076 2460 naufragia
3116 2388 3458 2457 inciderunt,
3486 2389 3593 2443 alii.

1974 2482 2257 2539 calumniis
2280 2522 2294 2549 ,
2334 2490 2392 2538 et
2436 2482 2631 2538 talibus
2663 2481 2941 2553 quibusvis
2981 2480 3192 2550 injuriis
3228 2488 3349 2550 post
3381 2478 3589 2535 multas

1975 2575 2351 2646 eleemosynas
2377 2575 2431 2629 in
2458 2583 2754 2630 extremam
2778 2572 2982 2629 redacti
3012 2580 3138 2629 sunt
3174 2572 3482 2643 pauperiem
3520 2582 3579 2629 et

1981 2666 2349 2722 infirmitatem
2399 2674 2455 2721 et
2501 2665 2912 2736 aegritudinem,
2962 2673 3017 2720 et
3065 2679 3098 2719 a
3145 2663 3361 2719 nemine
3411 2662 3576 2718 ullum

1974 2759 2152 2829 adepti
2178 2766 2304 2815 sunt
2326 2758 2606 2815 auxilium.
2635 2757 2714 2813 Ne
2735 2758 2899 2828 igitur
2923 2757 3164 2813 dicamus
3186 2799 3202 2825 ,
3248 2756 3390 2828 quod
3433 2770 3580 2827 Saepe

1974 2850 2129 2905 multi
2161 2850 2380 2918 dicunt,
2410 2849 2580 2905 Nemo
2602 2850 2878 2921 quidquam
2897 2850 2991 2905 scit
3017 2848 3118 2921 (a),
3162 2849 3437 2905 sufﬁciunt
3453 2864 3579 2905 om—

1976 2944 2064 2998 nia
2089 2958 2254 3012 supra
2279 2943 2419 2998 dicta
2447 2943 2512 2997 ad
2542 2944 2701 2997 talem
2728 2942 3102 3011 expellendam
3140 2943 3571 3014 trepidationem.

1976 3035 2070 3091 Ille
2096 3075 2110 3100 ,
2139 3036 2317 3105 inquit
2346 3076 2361 3100 ,
2395 3044 2474 3091 tot
2496 3035 2700 3091 faciens
2724 3037 3096 3107 eleemosynas
3122 3036 3300 3091 omnia
3325 3035 3577 3106 perdidit.

1976 3127 2182 3198 Ecquid
2209 3127 2336 3182 illud
2362 3137 2446 3183 est
2471 3169 2488 3195 ,
2519 3128 2698 3182 omnia
2727 3127 3001 3198 perdidit?
3030 3127 3086 3182 Si
3118 3142 3214 3197 pro
3240 3127 3340 3183 hac
3366 3130 3571 3197 gratias

1977 3223 2147 3293 egerit
2168 3222 2375 3292 jactura
2404 3263 2419 3288 ,
2449 3221 2616 3276 multo
2646 3220 2905 3291 majorem
2930 3236 2960 3275 a
2990 3221 3100 3275 Deo
3140 3220 3574 3277 benevolentiam

1980 3314 2231 3369 hauriet:
2275 3328 2376 3368 nec
2412 3312 2629 3382 duplum
2675 3313 2814 3370 sicut
2846 3312 2987 3378 Job,
3029 3310 3125 3367 sed
3165 3312 3474 3381 centuplum
3520 3313 3575 3368 iu

1977 3408 2083 3463 vita
2108 3416 2310 3463 aeterna
2338 3405 2583 3476 recipiet.
2628 3407 2682 3463 Si
2714 3422 2843 3462 vero
2868 3405 2959 3461 hic
2984 3405 3182 3459 malum
3211 3405 3408 3475 patitur
3432 3447 3447 3471 ,
3476 3404 3589 3460 ltoe'

1976 3501 2151 3571 ipsum
2180 3499 2436 3570 majorem
2475 3499 2584 3553 illic
2608 3499 2920 3554 thesaurum
2962 3497 3062 3568 ipsi
3110 3496 3409 3566 praebebit,
3436 3496 3577 3566 quod

1975 3608 2236 3664 generose
2261 3591 2442 3646 omnia
2471 3592 2608 3646 ferat
2637 3610 2651 3647 :
2683 3591 2750 3645 ad
2787 3589 3029 3660 majores.
3054 3589 3198 3644 enim
3241 3589 3415 3657 ipsum
3452 3588 3589 3643 inde

1982 3704 2179 3743 vocans
2208 3685 2622 3743 exercitationes
2663 3693 2717 3739 et
2755 3683 2923 3737 luctas
2948 3724 2964 3749 ,
3002 3680 3069 3736 de
3108 3680 3261 3750 copia
3307 3680 3364 3734 in
3405 3696 3579 3751 penu-

1976 3781 2112 3835 riam
2145 3779 2381 3834 incidere
2407 3777 2550 3831 Deus
2595 3775 2858 3845 permisit.
2907 3774 3047 3845 Ignis
3087 3774 3338 3843 ingruens
3382 3789 3593 3844 saeptus

1977 3874 2196 3927 domum
2229 3880 2369 3924 tuam
2396 3868 2731 3937 absumpsit,
2754 3875 2807 3921 et
2835 3875 3001 3921 totam
3029 3866 3382 3920 substantiam
3398 3881 3582 3935 popu-

1978 3964 2116 4017 latus
2139 3960 2264 4015 est?
2289 3958 2656 4013 Reminiscere
2695 3971 2880 4011 eorum
2917 3970 3038 4025 qua:
3077 3955 3179 4009 Job
3220 3956 3576 4013 acciderunt:

1978 4070 2075 4126 age
2104 4053 2305 4123 gratias
2333 4049 2560 4106 Domino
2584 4090 2598 4113 ,
2632 4049 2722 4118 qui
2753 4046 3042 4117 prohibere
3078 4054 3329 4115 poterat,
3373 4056 3427 4101 et
3471 4062 3576 4100 non

1979 4144 2294 4217 prohibuit:
2337 4151 2392 4197 et
2437 4149 2641 4196 tantam
2683 4138 2912 4207 recipies
2954 4135 3297 4203 mercedem,
3322 4145 3577 4207 quantam

1980 4239 2025 4293 si
2052 4235 2230 4293 omnia
2263 4234 2349 4287 illa
2380 4232 2433 4287 in
2468 4245 2760 4301 pauperum
2786 4242 2975 4282 manus
3000 4226 3363 4297 reposuisses.
3388 4224 3491 4282 Sed
3524 4227 3578 4281 in

1980 4326 2240 4399 pauperie
2263 4324 2445 4394 degis,
2477 4331 2531 4378 et
2558 4322 2696 4376 fame
2724 4331 2779 4376 et
2804 4318 3026 4373 infinitis
3057 4318 3348 4388 periculis?
3377 4317 3579 4373 Rccon

1979 4421 2109 4476 dare
2128 4416 2317 4472 Lazari
2342 4457 2356 4481 ,
2380 4429 2501 4468 cum
2527 4412 2706 4483 inepia
2730 4418 2787 4466 et
2807 4409 3035 4465 orbitate
3059 4418 3114 4464 et
3141 4409 3436 4464 innumeris
3459 4409 3592 4466 aliis.

1982 4510 2268 4583 pugnantis
2293 4507 2596 4573 molestiis,
2626 4514 2681 4561 et
2718 4504 2835 4560 haec
2871 4512 2994 4574 post
3034 4502 3285 4558 virtutem
3332 4511 3532 4558 tantam
3564 4522 3578 4560 :

1984 4600 2271 4659 recordare
2300 4599 2670 4670 apostolorum
2698 4636 2716 4664 ,
2744 4595 2839 4668 qui
2866 4603 2923 4652 et
2948 4594 3168 4651 infame
3209 4604 3267 4650 et
3306 4593 3363 4649 in
3399 4594 3488 4651 siti
3528 4603 3599 4652 et.-

2048 4822 2119 4889 (α)
2142 4825 2284 4889 Haec,
2301 4827 2357 4874 ut
2380 4836 2441 4873 ex
2467 4817 2799 4889 Chrysostomi
2825 4814 3262 4889 verbis_arg_uitur,‘
3278 4822 3397 4889 tune
3410 4815 3576 4889 .adagii

1976 4879 2124 4949 more
2169 4879 2493 4949 ferebantur;
2522 4879 2583 4935 ac
2604 4886 2723 4934 licet
2762 4882 2932 4932 Graeca
2974 4879 3230 4949 Qup’licem
3254 4879 3575 4949 negationem

1987 4949 2286 5015 exprimant,
2308 4945 2541 5015 negative
2566 4952 2746 5015 tamen_
2776 4949 2894 5014 sunt
2935 4939 3209 5015 efferenda.
3251 4939 3391 5015 ηςῂιρ
3430 4939 3577 5006 quid-

1985 5002 2132 5079 quam
2152 5002 2288 5079 scit
2310 5002 2678 5079 _ttieebaturque
2705 5005 2765 5077 ab
2793 5002 3043 5079 imperitis
3083 5002 3576 5079 rerum_divina_'rum,

1986 5064 2073 5138 qui
2100 5087 2212 5138 eum
2245 5064 2478 5138 viderent
2519 5064 2627 5138 eos,
2671 5067 2758 5138 qui
2798 5064 2941 5138 bonis
2984 5064 3222 5138 Oper-ibus
3255 5066 3576 5138 incumbunt,

1988 5127 2240 5194 aerumnis,
2266 5132 2644 5191 calamitatibus,
2668 5127 3365 5194 c’alnmniishégritudinibus
3384 5130 3558 5191 impeti

1990 5272 2296 5329 cognoscere
2316 5255 2695 5369 profitebantur.
2745 5252 2924 5324 Simile
2965 5251 3152 5304 dictum
3195 5249 3413 5303 occurrit
3450 5251 3587 5314 apud

1991 5321 2242 5370 Euripldis
2263 5321 2316 5370 In
2354 5318 2571 5370 ueniam
2595 5331 2646 5365 tn
2673 5317 2840 5366 l‘auns
2867 5331 2878 5366 :

1991 5314 2242 5384 Eu'ripidis
2263 5314 2571 5383 Iphigeniam
2595 5316 2646 5365 in
2665 5314 2840 5366 Tauris
2867 5331 2878 5366 :

2357 5426 2525 5476 Πάντα
2543 5424 2634 5487 γὰρ
2656 5426 2718 5472 τὰ
2737 5426 2833 5487 τῶν
2862 5424 2996 5472 Θεῶν

2058 5492 2138 5546 Εἰς
2160 5489 2332 5553 ἀφανὲς
2355 5489 2509 5553 ἕρπει,
2524 5482 2711 5553 amictu
2731 5486 2819 5553 alii"
2843 5487 2978 5553 ρὺδὲν
3002 5482 3167 5553 ῃᾳκὸν.

2065 5554 2124 5601 Ἢ
2146 5548 2236 5615 γᾶρ
2258 5548 2393 5614 rem
2411 5550 2647 5612 παρήγαγ’
2674 5548 2739 5604 εἰς
2759 5548 2817 5595 τὸ
2838 5548 3088 5608 δυσμαθές.

2371 5652 2547 5706 Omnia
2568 5666 2678 5718 quia
2696 5650 2813 5704 deos
2833 5653 3048 5718 ερξεμιηι
3220 5706 3250 5718 .,
3354 5705 3382 5718 ..

2069 5723 2125 5771 ιη
2158 5719 2343 5771 occulto
2364 5705 2645 5781 fama
2667 5705 3101 5781 maduisse?!
3121 5706 3250 5781 πφεέ
3267 5705 3402 5757 ἠακο

2061 5766 3583 5849 ibriitiid’qhipﬁitntimimmittendidirﬁcuuatempcrdm
