3998 6460
344 358 405 412 5i
1075 352 1133 407 S.
1176 346 1455 405 JOANNIS
1489 337 1983 400 CIIRYSOSTOMI
2021 333 2342 393 ARCHIEP.
2384 326 2916 389 CONSTANTINOP.
3351 323 3368 339 '
3570 332 3642 385 εξ

347 472 401 527 in
431 470 672 528 nuditate
697 468 961 540 degebant
987 507 1001 530 ,
1027 463 1404 535 prophetarum
1431 502 1447 526 ,
1476 457 1896 529 patriarcharum
1923 494 1939 520 ,

349 566 614 636 justorum
645 582 659 620 :
689 574 743 619 et
772 575 957 615 omnes
983 560 1129 627 ipsos
1154 556 1394 610 invenies
1420 568 1529 607 non
1553 551 1624 606 de
1652 549 1902 604 divitibus
1920 587 1937 613 ,

352 674 457 712 non
484 658 551 713 de
572 654 925 728 gaudentibus
945 692 961 717 ,
989 649 1085 705 sed
1112 649 1181 704 de
1207 647 1488 719 egentibus
1512 686 1528 713 ,
1560 641 1823 697 tribulatis
1845 680 1861 704 ,
1891 645 1946 693 et

354 748 666 819 angustiatis
694 762 832 802 esse.

422 844 511 896 il.
552 839 677 894 Ha‘c
714 836 852 908 apud
895 835 1121 903 teipsum
1163 829 1457 899 colligens,
1492 824 1718 880 Domino
1743 819 1945 893 gratias

350 947 448 1002 age
476 972 495 998 ,
523 930 665 1000 quod
698 938 749 984 te
777 928 934 996 hujus
966 925 1086 979 l'ecit
1116 922 1276 978 sortis
1300 963 1314 985 ,
1347 934 1452 972 non
1479 930 1677 971 exosus
1698 955 1713 978 ,
1755 913 1848 969 sed
1890 920 1946 968 et

351 1023 505 1079 valde
529 1022 758 1091 diligens
787 1037 800 1073 :
830 1034 953 1074 nam
995 1026 1050 1072 et
1087 1017 1206 1070 illos
1236 1022 1313 1067 tot
1339 1009 1519 1081 gravia
1549 1008 1655 1077 pati
1684 1022 1788 1060 non
1818 1020 1944 1073 per-

348 1116 618 1178 misisset,
655 1114 756 1168 nisi
788 1115 1136 1168 vehementer
1159 1114 1430 1169 amasset,
1463 1102 1712 1172 quoniam
1748 1098 1945 1153 clario-

348 1224 434 1264 res
463 1209 605 1278 ipsos
634 1223 727 1277 per
754 1207 870 1261 haec
908 1203 1047 1257 mala
1084 1199 1362 1255 reddebat.
1404 1195 1615 1251 Nullum
1653 1191 1942 1261 gratiarum

349 1303 545 1358 actioni
577 1319 671 1371 par
698 1301 895 1355 bonum
921 1314 938 1364 ;
965 1293 1415 1367 quemadmodum
1444 1287 1772 1356 blasphemia
1797 1284 1946 1353 pejus

350 1395 507 1449 nihil.
557 1393 636 1449 Ne
681 1392 1047 1451 admiremur,
1095 1384 1237 1455 quod
1280 1380 1644 1452 spiritualibus
1688 1376 1945 1429 instantes

350 1486 516 1540 multa
548 1485 810 1554 patiamur
835 1482 1080 1535 adversa.
1112 1477 1183 1534 Ut
1226 1477 1366 1531 enim
1413 1474 1646 1527 latrones
1672 1511 1687 1537 ,
1721 1485 1825 1523 nou
1857 1468 1945 1521 ttbi

351 1580 551 1633 fumum
579 1589 633 1631 et
662 1577 829 1644 palea:
854 1583 908 1628 et
936 1573 1173 1627 calamus
1197 1610 1213 1635 ,
1237 1567 1327 1622 sed
1352 1566 1442 1621 ubi
1465 1580 1652 1619 aurum
1679 1574 1730 1616 et
1752 1576 1941 1631 argen-

349 1681 460 1724 tum
489 1711 506 1735 ,
539 1670 608 1721 ibi
640 1669 844 1721 fodiunt
869 1675 924 1719 et
948 1663 1162 1718 assidue
1192 1660 1410 1729 vigilant
1440 1674 1452 1709 :
1492 1657 1569 1710 sic
1608 1664 1661 1708 et
1701 1653 1943 1706 diabolus

347 1760 411 1813 iis
442 1760 670 1813 maxime
698 1758 877 1821 instat,
904 1755 993 1824 qui
1039 1751 1333 1821 spiritualta
1383 1748 1649 1813 attingunt
1693 1746 1897 1813 negotia
1928 1760 1943 1808 ;

349 1850 420 1905 ibi
448 1851 626 1904 multa:
653 1847 860 1902 insidia:
878 1889 891 1909 ,
918 1847 1004 1900 ubi
1028 1845 1195 1897 virtus
1228 1861 1242 1897 :
1276 1842 1383 1895 illic
1418 1840 1608 1893 invidia
1635 1880 1651 1904 ,
1681 1837 1769 1890 ttbi
1795 1836 1945 1889 elec-

349 1958 592 2014 mosyna.
625 1942 727 1997 Sed
758 1950 843 1997 est
871 1939 1026 1994 nobis
1049 1938 1211 1992 telum
1237 1936 1524 1989 maximum
1550 1973 1564 1996 ,
1592 1930 1733 2000 quod
1756 1943 1944 1983 omnes

351 2033 487 2089 tales
511 2032 788 2088 machinas
819 2030 1079 2098 repellere
1111 2028 1283 2081 valett
1312 2067 1324 2089 ,
1369 2035 1424 2078 ιιι
1468 2040 1563 2093 per
1602 2022 1717 2076 haec
1765 2020 1946 2073 omnia

349 2129 459 2184 Deo
486 2128 687 2198 gratias
714 2140 954 2196 agamus.
989 2122 1126 2177 Abel
1152 2164 1167 2187 ,
1197 2121 1286 2174 die
1312 2119 1439 2173 mihi
1465 2160 1479 2183 ,
1511 2134 1688 2171 nonne
1727 2115 1793 2168 de
1835 2114 1945 2182 pri-

348 2220 512 2275 mitiis
540 2220 652 2274 Deo
677 2218 988 2272 sacriﬁcans
1010 2257 1024 2280 ,
1064 2215 1298 2269 fraterna
1339 2210 1533 2266 cecidit
1574 2226 1734 2263 tnatm
1767 2206 1787 2279 (
1816 2206 1944 2260 Gen.

347 2315 381 2368 4
409 2313 457 2383 )‘l
481 2312 574 2368 sed
607 2320 783 2365 tamen
819 2310 958 2364 Deus
987 2308 1230 2378 permisit
1257 2347 1272 2371 ,
1307 2320 1415 2358 non
1444 2319 1568 2358 eum
1602 2316 1825 2369 perosus
1856 2300 1944 2368 qui

347 2419 408 2460 se
434 2403 755 2468 honoravit,
788 2401 882 2456 sed
911 2400 1069 2454 valde
1097 2398 1325 2467 diligens
1356 2415 1369 2450 :
1411 2406 1466 2451 et
1508 2402 1702 2464 pra-ter
1741 2393 1951 2461 specio-

352 2496 551 2551 sissimi
583 2495 723 2549 illius
765 2492 1013 2548 sac:iﬁcii
1051 2506 1346 2553 coronam,
1381 2488 1603 2542 alteram
1644 2486 1805 2539 etiam
1849 2485 1947 2552 ipsi

354 2603 449 2658 per
479 2587 790 2657 martyrium
824 2584 1089 2654 praebens.
1118 2581 1293 2635 Moses
1313 2579 1521 2635 cuidam
1549 2578 1738 2646 injuria
1760 2575 1951 2629 affecto

348 2682 596 2752 cpitulari
627 2681 831 2745 voluit,
874 2691 928 2734 et
971 2678 1106 2733 mori
1151 2676 1479 2747 periclitatus
1518 2684 1600 2729 est
1626 2715 1639 2738 ,
1686 2685 1741 2728 et
1781 2673 1948 2742 patria

348 2772 548 2829 excidit
576 2773 595 2844 (
623 2771 794 2826 Exod.
822 2772 858 2825 2
885 2771 927 2842 ),
963 2771 1211 2839 Deusque
1244 2768 1480 2837 permisit
1510 2806 1525 2831 ,
1556 2776 1614 2821 ut
1642 2775 1949 2820 sanctorum

355 2865 660 2934 patientiam
692 2863 885 2919 discas.
919 2863 978 2918 Si
1007 2862 1151 2917 enim
1182 2861 1390 2929 praescii
1423 2858 1553 2914 nihil
1580 2874 1677 2913 nos
1698 2872 1950 2927 passuros

350 2957 471 3011 mali
497 2997 512 3019 ,
544 2957 622 3011 sic
647 2956 939 3027 spiritualia
972 2955 1332 3024 attigissemus
1359 2952 1569 3023 negotia
1595 2993 1610 3018 ,
1655 2952 1786 3006 nihil
1828 2966 1947 3005 ma-

350 3066 513 3120 gnum
553 3048 730 3106 facere
774 3049 873 3104 visi
921 3063 1205 3112 essemus,
1257 3047 1363 3101 tale
1408 3046 1712 3101 securitatis
1759 3045 1950 3115 pignus

353 3144 613 3199 habentes
643 3161 656 3196 :
688 3158 834 3198 nunc
860 3157 993 3197 vero
1020 3143 1143 3196 hinc
1181 3141 1419 3195 maxime
1455 3137 1798 3193 admirabiles
1828 3144 1953 3191 sunt

350 3237 440 3305 qui
468 3236 593 3290 talia
625 3235 824 3291 faciunt
847 3277 861 3299 ,
891 3233 1034 3304 qttod
1059 3244 1113 3288 et
1132 3233 1367 3305 pericula
1389 3243 1444 3286 et
1464 3231 1655 3285 damna
1683 3272 1697 3295 ,
1727 3238 1781 3284 et
1808 3244 1954 3283 mor-

351 3335 450 3392 tes,
471 3337 523 3382 ct
545 3326 745 3382 infinita
776 3326 1129 3397 praevidentes
1148 3325 1307 3388 mala,
1328 3334 1502 3377 tamen
1523 3321 1957 3392 bujusmodiolfl-

352 3417 451 3473 ciis
480 3433 586 3473 non
618 3418 911 3482 absistam,
944 3432 1117 3484 neque
1154 3416 1444 3470 timorum‘
1472 3412 1956 3480 exspectationibus

354 3509 628 3578 segniores
644 3508 768 3562 facti
789 3508 912 3561 sint.
934 3507 1086 3563 Sicut
1100 3506 1260 3576 igitur
1275 3515 1385 3561 tres
1403 3505 1547 3573 pueri
1572 3505 1817 3559 dicebant
1833 3522 1845 3556 :
1861 3503 1956 3557 Est

361 3600 497 3653 Deus
526 3600 579 3653 in
608 3600 731 3653 uelo
756 3600 931 3668 potens
960 3599 1153 3666 eripere
1179 3614 1269 3651 nos
1297 3613 1317 3651 :
1346 3608 1391 3650 et
1417 3599 1460 3651 si
1487 3615 1587 3650 non
1615 3639 1629 3663 ,
1675 3608 1850 3650 notum
1891 3597 1955 3650 sit

356 3691 444 3744 tibi
473 3732 489 3755 ,
518 3706 611 3744 rex
633 3731 649 3756 ,
676 3689 813 3759 quod
842 3688 940 3743 diis
966 3691 1064 3742 tuis
1092 3706 1191 3743 non
1216 3690 1459 3742 servimus
1483 3732 1496 3753 ,
1527 3703 1572 3743 et
1598 3706 1804 3743 aureum
1824 3690 1951 3742 ima-

356 3784 524 3854 ginem
549 3824 563 3850 ,
588 3800 741 3853 quant
759 3782 960 3836 erectiin
978 3824 991 3847 ,
1020 3799 1121 3836 non
1143 3782 1416 3837 adoramus
1442 3784 1457 3854 (
1482 3783 1615 3836 Dan.
1640 3784 1691 3837 5.
1720 3785 1804 3839 17.
1828 3782 1917 3854 18)
1939 3802 1953 3837 :

360 3885 415 3930 et
444 3886 496 3930 ttt
530 3877 688 3946 igitur
715 3876 930 3946 quando
960 3875 1085 3944 quid
1118 3876 1241 3929 boui
1274 3876 1567 3930 secundum
1613 3876 1783 3931 Demn
1829 3892 1956 3945 ope-

360 3969 463 4023 rari
510 3967 677 4023 debes
701 4010 716 4035 ,
750 3968 911 4021 multa
940 3969 1186 4039 prospice
1217 3969 1472 4037 pericula,
1510 3968 1677 4022 multa
1720 3967 1911 4021 damna
1937 4007 1951 4031 ,

362 4059 556 4115 multas
582 4070 825 4124 mortes;
865 4070 920 4113 et
968 4076 1035 4114 ne
1078 4061 1327 4125 mireris,
1369 4076 1543 4128 neque
1586 4060 1914 4129 perturberis
1939 4100 1952 4123 ,

361 4152 405 4205 si
438 4151 555 4206 haec
580 4152 843 4206 accidant.
876 4149 1018 4215 Fili,
1054 4152 1222 4221 inquit
1245 4191 1260 4215 ,
1289 4150 1530 4204 accedens
1568 4152 1635 4203 ad
1673 4152 1957 4204 servitutem

362 4242 459 4297 Dei
484 4284 497 4305 ,
530 4259 766 4313 praepara
795 4245 1019 4295 animam
1050 4254 1191 4295 luam
1218 4242 1285 4295 ad
1315 4243 1640 4295 Imitationem
1668 4241 1686 4311 (
1712 4241 1871 4296 [ξι-σιξ,
1898 4242 1954 4293 ‘2.

362 4336 386 4389 1
418 4337 462 4402 ).
496 4333 665 4389 Nemo
693 4350 885 4403 nempe
915 4350 1147 4404 pugnare
1173 4336 1471 4389 decernens
1494 4376 1508 4397 ,
1541 4334 1741 4403 absque
1769 4334 1958 4387 volne-

362 4428 512 4483 ribus
541 4444 792 4483 coronam
823 4441 1097 4496 reportare
1126 4437 1417 4495 exsjiectat.
1451 4428 1516 4481 Et
1539 4436 1595 4478 tu
1618 4425 1810 4496 igitur,
1831 4425 1961 4478 cha-

366 4520 577 4574 rtssime
596 4559 611 4582 ,
636 4535 756 4572 cum
781 4518 993 4572 diabolo
1020 4523 1144 4572 tutis
1165 4518 1366 4573 viribus
1393 4534 1626 4587 pugnare
1655 4532 1956 4587 ιιςενῡεευμ,

366 4625 435 4665 ne
457 4610 617 4663 vitam
661 4625 902 4663 securam
944 4619 996 4663 et
1039 4608 1255 4663 deliciis.
1287 4612 1499 4677 plenam
1546 4611 1811 4678 sequaris.
1840 4609 1955 4663 Non
1992 4674 1995 4677 Α

364 4702 508 4756 enim
538 4700 624 4755 hic
654 4701 747 4754 tibi
795 4700 1170 4755 retributiones
1213 4710 1268 4754 et
1310 4701 1727 4769 promissiones,
1772 4702 1865 4755 sed
1909 4703 1958 4755 in

366 4792 549 4848 futuro
575 4792 772 4847 saeculo
818 4792 997 4845 omnia
1049 4794 1300 4859 prteelara
1346 4792 1487 4845 Deus
1527 4792 1788 4860 promisit.
1828 4792 1957 4847 Cmu

368 4886 529 4955 igitur
558 4886 637 4940 vel
668 4886 781 4954 ipse
808 4886 1002 4938 bonum
1037 4885 1227 4939 feceris
1251 4927 1265 4949 ,
1295 4892 1349 4938 et
1372 4884 1637 4938 contraria
1671 4887 1957 4955 receperis,

369 4978 457 5032 vel
486 4977 646 5030 alium
680 4977 781 5030 hoc
812 4976 1008 5031 videris
1052 4977 1337 5043 patientem
1367 5018 1382 5041 ,
1421 4977 1591 5046 gaude
1634 4986 1689 5030 et
1734 4977 1915 5030 laetare
1947 4994 1960 5030 :

371 5067 588 5137 majoris
614 5070 756 5123 cnim
786 5069 877 5123 tibi
910 5069 1274 5123 retributionis
1302 5070 1519 5123 materia
1549 5083 1648 5122 est.
1678 5069 1754 5123 Ne
1780 5069 1963 5123 conci-

369 5159 507 5225 das,
562 5175 732 5229 neqne
777 5160 952 5213 solvas
996 5160 1157 5213 animi
1208 5160 1486 5226 studium,
1535 5175 1707 5229 neque
1751 5160 1965 5230 segnior

373 5251 471 5304 tias
494 5292 511 5315 ,
543 5250 635 5303 sed
668 5250 842 5319 potius
869 5254 1004 5303 insta
1025 5266 1145 5304 eum
1172 5251 1360 5321 majori
1382 5252 1677 5307 alacritate.
1704 5253 1963 5318 Quoniam

373 5351 428 5394 et
481 5342 705 5410 apostoli
753 5357 873 5395 cum
933 5342 1329 5410 przedicabant,
1384 5346 1482 5397 etsi
1528 5342 1961 5413 ﬂagellarentnr,

375 5430 755 5499 lapidarentur,
788 5446 1032 5487 carceres
1077 5434 1327 5487 continue
1369 5434 1692 5499 habitarent,
1736 5450 1839 5488 non
1879 5449 1967 5488 so-

378 5519 486 5573 lum
534 5528 651 5587 post
694 5522 1050 5590 periculorum
1101 5522 1511 5590 liberationem,
1551 5525 1647 5580 sed
1676 5525 1808 5579 etin
1839 5525 1966 5596 ipsis

441 5692 629 5766 {bona
648 5692 833 5745 habet:
858 5705 1015 5759 Neque
1045 5697 1386 5751 tintendormtt.
1422 5698 1554 5751 Alter
1595 5713 1609 5749 :
1646 5708 1805 5766 Neque
1839 5713 1974 5753 mor-

378 5750 519 5802 (iam.

2059 452 2308 523 periculis
2334 466 2455 506 cum
2484 448 2686 520 majore
2727 447 3004 503 alacritate
3045 444 3284 500 veritatis
3324 442 3650 513 praeconium

2053 546 2421 601 enuntiabant.
2457 544 2525 598 Et
2552 542 2735 596 videre
2763 551 2848 594 est
2873 540 3092 595 Paulum
3137 541 3188 592 itt
3230 538 3347 607 ipso
3383 549 3603 590 carcere
3630 576 3648 601 ,

2056 639 2107 693 in
2140 639 2269 707 ipsis
2293 636 2496 692 catenis
2528 637 2877 689 instruentem
2902 674 2917 698 ,
2948 632 3246 685 initiantem
3274 671 3290 693 ,
3335 638 3391 683 et
3436 628 3492 682 in
3534 626 3654 681 foro

2050 730 2288 797 jodieiali
2318 743 2532 783 rursum
2564 727 2700 781 idem
2734 723 3014 780 facientem
3043 765 3059 789 ,
3090 731 3144 777 et
3183 723 3235 775 in
3280 718 3561 790 naufragio
3598 727 3655 773 et

2053 821 2106 876 itt
2136 829 2452 890 tempestate
2477 862 2492 886 ,
2524 828 2577 872 et
2607 819 2659 872 in
2691 817 2943 888 periculis
2970 815 3282 869 innumeris.
3327 812 3408 867 Tu
3436 825 3655 882 quoque

2053 923 2268 969 sanctos
2308 913 2440 967 istos
2488 911 2741 965 armulare
2764 950 2779 975 ,
2821 918 2876 963 et
2915 925 2945 961 a
2995 906 3147 962 bonis
3185 905 3474 976 operibus,
3521 902 3653 957 dum

2053 1017 2226 1077 potes,
2278 1020 2344 1059 ne
2387 1004 2603 1059 exeidas
2635 1004 2651 1035 ί
2684 1022 2697 1057 :
2729 1014 2782 1057 et
2813 1004 2935 1057 licet
2980 1002 3173 1056 millies
3218 999 3653 1068 interpellantem

2055 1110 2106 1153 te
2140 1098 2412 1153 diabolum
2453 1098 2683 1161 videris,
2728 1110 2987 1164 nusquam
3035 1093 3285 1148 absistas.
3333 1091 3412 1146 Tu
3433 1091 3655 1161 quidem

2054 1195 2308 1262 pecunias
2397 1193 2673 1262 perferens
2720 1231 2737 1257 ,
2812 1190 2948 1245 forte
3012 1188 3340 1257 naufragium
3409 1186 3580 1242 fecisti
3631 1201 3650 1251 ;

2055 1284 2250 1337 Paulus
2294 1294 2472 1338 autem
2517 1284 2767 1337 omnibus
2816 1282 3055 1352 pecuniis
3103 1280 3385 1350 pretiosius
3427 1278 3652 1333 verbum

2055 1375 2230 1429 ferens
2251 1417 2264 1438 ,
2297 1375 2522 1430 Romam
2551 1376 2729 1429 abibat
2755 1417 2769 1437 ,
2812 1384 2865 1427 et
2894 1376 2943 1427 itt
2972 1374 3303 1443 naufragium
3335 1373 3516 1428 incidit
3546 1416 3560 1437 ,
3596 1381 3655 1427 et

2056 1467 2257 1520 infinita
2287 1467 2451 1521 subiit
2480 1468 2837 1521 incommoda.
2873 1468 2937 1520 Et
2966 1468 3065 1520 hoc
3092 1468 3205 1535 ipse
3239 1466 3530 1520 declaravit
3571 1466 3657 1519 di-

2052 1577 2179 1616 cens
2207 1580 2219 1615 :
2253 1562 2457 1632 Strpius
2483 1562 2731 1614 voluimus
2758 1561 2926 1613 venire
2979 1560 3048 1613 ad
3088 1576 3174 1613 vos
3195 1601 3208 1624 ,
3263 1560 3351 1613 sed
3388 1559 3654 1618 impedivit

2053 1672 2145 1709 nos
2169 1665 2370 1708 sul/mna
2404 1654 2421 1726 (
2455 1656 2499 1709 I.
2528 1654 2706 1709 Thess.
2734 1654 2787 1707 2.
2827 1655 2888 1707 l8
2913 1653 2929 1722 )
2962 1672 2975 1707 :
3004 1662 3057 1707 et
3100 1654 3238 1707 Deus
3260 1654 3500 1723 permisit
3528 1695 3542 1716 ,
3584 1668 3655 1707 cx

2053 1750 2505 1816 supct'abttndanti
2536 1764 2685 1803 suam
2709 1748 3086 1803 demonstrans
3110 1749 3358 1801 virtutem
3386 1756 3440 1801 et
3464 1756 3653 1801 osten-

2054 1841 2189 1895 dens
2215 1882 2230 1907 ,
2259 1842 2399 1911 quod
2433 1842 2637 1914 inﬁnita
2665 1840 2893 1895 faciente
2933 1840 3146 1895 diabolo
3189 1848 3246 1895 et
3284 1840 3605 1911 prohibente
3631 1880 3652 1907 ,

2055 1935 2186 1987 nihil
2212 1950 2273 1987 ex
2307 1935 2405 1987 hoc
2431 1933 2740 2002 praedicatio
2763 1933 3104 1987 minuebatur
3126 1975 3140 1999 ,
3172 1942 3263 1986 attt
3291 1934 3653 2003 interrumpe-

2057 2027 2226 2079 Itatur.
2257 2024 2460 2079 Idcirco
2492 2026 2543 2078 itt
2572 2025 2822 2079 omnibus
2845 2025 3038 2079 Paulus
3067 2025 3174 2079 Deo
3197 2026 3396 2096 gratias
3419 2024 3652 2094 agebat,

2055 2120 2232 2174 sciens
2258 2119 2398 2189 quod
2433 2120 2793 2187 probatiorem
2828 2134 2922 2188 per
2951 2119 3064 2174 hmc
3093 2135 3151 2173 se
3176 2119 3316 2173 Deus
3345 2118 3606 2173 reddebat
3635 2136 3651 2172 :

2055 2220 2109 2263 et
2137 2210 2295 2264 studii
2349 2210 2431 2264 sui
2490 2210 2878 2263 vehementiam
2926 2210 2977 2264 itt
3031 2211 3280 2264 omnibus
3324 2209 3649 2275 exhibebat,

2057 2303 2200 2356 nullo
2228 2303 2416 2357 borum
2459 2302 2961 2371 impedimentorum
2988 2302 3271 2357 cohibitus.
3301 2301 3519 2370 Quoties
3549 2302 3653 2372 igi—

2058 2386 2141 2449 tur
2171 2395 2405 2449 frttstrati
2439 2396 2692 2450 fuerimus
2720 2439 2735 2461 ,
2767 2398 2926 2449 toties
2956 2396 3245 2465 spiritualia
3271 2412 3432 2465 opera
3460 2412 3654 2467 aggre-

2060 2491 2312 2543 diamur:
2359 2507 2530 2559 neque
2566 2491 2807 2545 dicamus
2831 2532 2844 2554 ,
2892 2504 3054 2559 quare
3094 2490 3233 2543 Deus
3272 2489 3652 2559 impedimenta

2059 2585 2340 2652 permisit?
2385 2595 2598 2654 propter
2639 2585 2742 2640 hoc
2789 2586 2929 2639 enim
2980 2587 3264 2654 permisit,
3314 2595 3373 2638 ut
3414 2583 3652 2640 studium

2058 2685 2203 2728 tuum
2237 2675 2403 2730 multo
2428 2678 2593 2746 magis
2618 2677 2959 2731 demonstres
2985 2719 3000 2743 ,
3029 2687 3081 2730 et
3119 2677 3339 2730 multum
3388 2681 3648 2732 am’orcm.

2056 2767 2297 2819 Amantis
2326 2768 2467 2821 enim
2513 2769 2744 2821 maxime
2783 2777 2864 2821 est
2891 2810 2906 2833 ,
2954 2784 3243 2837 numquam
3286 2769 3352 2823 ab
3384 2769 3445 2823 iis
3475 2810 3489 2835 ,
3531 2784 3655 2839 qua:

2056 2866 2235 2910 amato
2264 2858 2600 2927 complaccnt
2619 2899 2634 2924 ,
2665 2859 2947 2913 absistere.
2979 2859 3148 2913 Mollis
3175 2863 3316 2913 enTm
3348 2870 3401 2915 et
3431 2861 3654 2931 ignavus

2056 2965 2120 3002 ex
2152 2950 2324 3018 primo
2354 2951 2533 3003 statim
2567 2952 2766 3020 impetu
2807 2953 3089 3016 concidet;
3138 2953 3430 3008 vehemens
3473 2964 3653 3009 autem

2056 3052 2109 3097 et
2135 3044 2397 3098 excitatus
2421 3085 2433 3107 ,
2469 3045 2568 3098 etsi
2598 3045 2790 3098 millies
2830 3045 3196 3115 interpellctur
3224 3089 3238 3113 ,
3287 3056 3436 3102 tanto
3485 3049 3657 3118 magis

2056 3136 2252 3190 divinis
2279 3137 2439 3192 rebus
2468 3136 2687 3191 instabit
2713 3179 2728 3201 ,
2758 3149 3013 3207 quantum
3044 3141 3093 3190 itt
3136 3155 3194 3194 se
3221 3150 3305 3193 est
3338 3141 3515 3195 omnia
3546 3141 3655 3195 im-

2061 3232 2209 3298 pletis
2231 3270 2249 3294 ,
2270 3240 2325 3285 et
2352 3232 2402 3283 in
2431 3231 2677 3284 omnibus
2701 3232 2900 3299 gratias
2926 3247 3088 3301 agens
3116 3249 3130 3286 :
3161 3231 3261 3286 hoc
3287 3241 3339 3287 et
3372 3248 3468 3288 nos
3493 3233 3658 3288 facia—

2061 3340 2199 3378 mus.
2235 3324 2454 3392 Maguus
2482 3325 2762 3377 thesaurus
2787 3324 3073 3394 gratiarum
3105 3325 3245 3379 actio
3268 3365 3286 3391 ,
3328 3341 3534 3394 magna:
3571 3327 3660 3383 di-

2060 3415 2205 3468 vitia:
2226 3455 2241 3478 ,
2273 3415 2702 3482 incous-tmptum
2733 3416 2929 3468 bonum
2950 3459 2963 3479 ,
2998 3425 3263 3467 armatura
3297 3415 3445 3469 fortis
3474 3434 3487 3470 :
3515 3417 3657 3473 sicut

2062 3519 2111 3562 ct
2146 3510 2471 3577 blasphemia
2504 3520 2816 3575 j.r;t-setttt-ttt
2841 3508 3101 3576 jartttraut
3131 3507 3356 3561 intendit
3379 3550 3393 3573 ,
3422 3518 3476 3563 et
3503 3510 3654 3579 plura

2061 3615 2218 3668 quant
2247 3616 2366 3667 quae
2411 3599 2772 3666 perdidimus,
2817 3600 3032 3667 insuper
3074 3599 3249 3669 perire
3294 3601 3437 3657 facit.
3471 3603 3654 3657 Perdi-

2062 3693 2184 3745 disti
2216 3694 2512 3762 pecunias?
2542 3695 2582 3747 si
2613 3696 2811 3764 gratias
2836 3697 3051 3765 quidem
3079 3698 3251 3765 egeris
3271 3741 3285 3765 ,
3313 3699 3544 3752 animam
3575 3697 3658 3751 ltt-

2065 3793 2247 3839 cratus
2271 3800 2367 3852 es,
2400 3796 2453 3840 et
2484 3788 2717 3854 majores
2763 3799 2947 3842 nactus
2988 3806 3046 3843 cs
3092 3790 3301 3843 divitias
3329 3833 3344 3856 ,
3391 3792 3513 3862 quia
3561 3791 3655 3845 Dei

2065 3878 2488 3931 benevolentiam
2532 3879 2624 3933 tibi
2665 3879 2982 3949 ampliorem
3036 3883 3376 3947 conciliasti;
3437 3884 3481 3937 si
3527 3898 3658 3937 vero

2064 3969 2516 4039 blasphemaveris
2538 4013 2551 4035 ,
2585 3971 2803 4038 insuper
2843 3982 2898 4025 et
2937 3973 3159 4027 salutem
3206 3984 3348 4027 tuam
3384 3976 3606 4029 amisisti
3637 4016 3657 4044 ,

2064 4076 2235 4127 neque
2280 4061 2396 4115 illas
2441 4062 2788 4129 recuperasti,
2830 4072 2885 4117 ct
2921 4080 3079 4133 quant
3121 4065 3351 4120 balmisti
3398 4066 3656 4133 animam,

2065 4152 2200 4206 hanc
2227 4169 2438 4222 quoque
2461 4154 2723 4208 occidisti.

2137 4245 2224 4297 1‘2.
2248 4243 2486 4313 Prwcipit
2516 4257 2569 4299 ut
2607 4246 2891 4317 blasphemi
2931 4249 3275 4319 corripiantur
3311 4259 3358 4302 et
3392 4250 3656 4315 vapulem.

2062 4338 2255 4391 —Sed
2305 4348 2582 4409 postquam
2622 4339 2689 4394 de
2733 4341 3063 4411 blasphemia
3115 4345 3268 4397 nobis
3313 4345 3471 4399 verba
3516 4360 3663 4400 nunc

2064 4427 2197 4481 facta
2244 4438 2386 4494 sunt,
2415 4446 2572 4482 unam
2612 4447 2640 4483 a
2678 4431 2831 4485 vobis
2862 4433 3109 4486 omnibus
3137 4443 3315 4502 petere
3343 4433 3464 4488 volo
3496 4436 3662 4489 retri-

2066 4518 2336 4573 butionem
2370 4536 2464 4589 pro
2485 4521 2742 4577 concione
2765 4520 2865 4576 hac
2906 4534 3065 4592 atque
3109 4540 3390 4578 sermone:
3426 4534 3482 4578 ut
3509 4525 3560 4578 in
3588 4526 3661 4578 ei-

2067 4610 2227 4662 vitate
2273 4611 2698 4678 blasphemantes
2739 4612 2867 4666 mihi
2904 4614 3195 4683 castigetis.
3250 4615 3303 4668 Si
3352 4616 3662 4685 quempiam

2067 4698 2118 4751 itt
2149 4699 2288 4753 bivio
2318 4710 2373 4754 et
2404 4703 2517 4755 loro
2541 4702 2652 4756 Deo
2675 4702 3128 4773 blasplu-mantem
3156 4705 3411 4772 audieris,
3441 4706 3663 4770 accede,

2069 4790 2281 4859 increpa
2304 4810 2315 4844 :
2341 4802 2396 4846 et
2422 4793 2467 4845 si
2496 4793 2717 4846 verbera
2750 4793 2990 4862 infligere
3020 4804 3282 4865 oporteat,
3312 4812 3380 4851 ne
3408 4810 3666 4851 recuses:

2070 4883 2233 4950 ipsius
2256 4883 2442 4939 faciem
2471 4885 2621 4954 alapa
2658 4897 2875 4955 percute
2899 4929 2914 4953 ,
2953 4901 3173 4943 contere
3202 4905 3264 4943 os
3294 4890 3460 4958 ipsius
3491 4932 3506 4956 ,
3541 4907 3663 4958 per~

2068 4975 2315 5029 cus<ione
2332 4991 2543 5029 manum
2561 4986 2702 5030 tuam
2722 4978 3013 5033 sanctiﬁca.
3030 4979 3093 5032 Et
3110 4980 3151 5033 si
3173 4981 3260 5033 ulli
3275 4982 3664 5047 accusaverim,

2069 5073 2122 5117 et
2149 5065 2191 5118 si
2222 5066 2272 5118 in
2294 5066 2550 5134 judicium
2579 5070 2869 5133 traxerint,
2909 5085 3169 5138 sequere:
3211 5084 3263 5126 et
3293 5073 3335 5125 si
3367 5087 3555 5141 poenas
3576 5073 3669 5142 ju-

2069 5157 2169 5209 tlex
2198 5172 2293 5225 pro
2321 5158 2570 5211 tribunali
2600 5163 2987 5229 repoposcerit,
3009 5163 3222 5215 diccum
3250 5164 3666 5235 libertate,quod

2071 5250 2380 5316 angelorum
2422 5249 2621 5318 chettt
2668 5250 3135 5322 blasphemaverit.
3187 5256 3242 5308 Si
3288 5256 3429 5309 enim
3483 5271 3665 5327 regem

2074 5348 2231 5392 terrae
2275 5340 2708 5408 blasphemautes
2739 5347 2909 5414 puniri
2942 5357 3189 5414 Oportet,
3216 5349 3382 5401 multo
3405 5349 3571 5419 magis
3603 5349 3671 5403 il-

2072 5429 2180 5483 lum
2236 5434 2557 5488 ccutumelia
2590 5434 2904 5494 aflicientes.
2953 5437 3249 5493 Commune
3291 5439 3494 5495 crimen
3542 5450 3670 5508 est,

2076 5523 2283 5593 publica
2317 5526 2531 5596 injuria,
2551 5530 2743 5598 cuique
2767 5545 3023 5586 accusare
3048 5532 3245 5586 volenti
3279 5534 3420 5589 licet.
3452 5535 3672 5589 Discant

2122 5705 2159 5773 ,ί
2195 5711 2297 5773 Duo
2320 5713 2423 5775 Mss.
2452 5712 2505 5757 et
2542 5708 2705 5769 Savil.,
2734 5718 2788 5758 In
2813 5708 2944 5760 bonis
2966 5709 3193 5773 operibus
3228 5724 3483 5775 persevera
3505 5723 3669 5771 (μεθω-

2078 5765 2165 5816 diu
2185 5765 2461 5826 speraveris.
