3998 6434
138 358 187 415 δι
1146 346 1237 402 AD
1276 342 1607 403 POPULUM
1652 337 2151 396 ANTIOCHENUM
2194 340 2425 396 HOMIL.
2466 343 2509 397 1.
3482 344 3554 397 τεέ

140 473 314 547 pum,
360 468 468 523 τῶν
513 466 844 539 θλιϐομένων
877 464 973 519 καὶ
1018 460 1538 535 στενοχωρουμένων
1586 458 1768 519 ὄντας.
1878 454 2068 547 γελλον
2102 457 2385 528 κήρυγμα.
2429 458 2539 510 Καὶ
2574 456 2722 511 ἐστιν
2762 456 2890 510 ίδεῖν
2943 454 3156 510 Παῦλον
3191 456 3249 508 ὲν
3294 455 3445 526 αὐτῷ
3482 457 3561 528 τῷ

193 554 266 615 ια’.
282 557 459 612 Ταῦτα
472 556 624 627 παρά
641 551 851 624 σεαυτῷ
864 552 1056 620 λέγων,
1072 548 1465 621 εὐχαρίστησον
1480 544 1774 616 τῷΔεσπό-
1878 542 2259 616 δεσμωτηρίῳ,
2285 547 2345 599 ὲν
2376 546 2567 610 αὐταῖς
2593 548 2715 610 ταῖς
2742 545 2965 599 ἁλύσεσι
2992 546 3333 618 κατηχοῦντα
3352 586 3365 606 ,
3394 562 3558 614 μυστ-

136 664 207 719 τῃ.
236 648 309 700 ὅτι
332 661 389 696 σε
408 643 507 713 τῆς
525 642 720 715 μοίρας
746 639 952 709 ταύτης
970 634 1384 708 Eminet»va
1416 632 1611 704 μισῶν,
1633 628 1772 719 ἀξλᾶ
1887 632 2264 719 αγωγοῦντα,
2298 636 2406 719 καὶ
2461 637 2519 688 έν
2557 634 2905 719 ’δικαστηρίῳ
2947 634 3111 719 πάλιν
3147 633 3209 686 τὸ
3244 632 3374 686 αὐτὸ
3406 632 3565 686 τοῦτο

137 710 212 789 κᾶι
252 710 673 803 σφόδρα-φιλῶν,
717 728 838 782 ὲπεὶ
885 725 1172 788 κάκείνους
1202 725 1305 777 οὐκ
1342 720 1496 792 ηφίει
1541 715 1776 771 τοσαῦτα
1882 710 2277 803 ποιοῦνταΙκαὶ
2292 712 2754 803 ὲν-ναυαγίῳλαὶ
2775 719 2832 769 ὲν
2852 718 3101 788 χειμῶνι,
3132 719 3440 793 [181καὶὲν
3466 743 3564 794 μυ-

138 796 335 892 πάσχείν
361 796 530 881 δεινά,
554 820 603 871 εἰ
640 817 716 889 μὴ
751 816 816 870 ἂν
858 814 953 868 καὶ⁵
980 813 1185 883 σφόδρα
1213 810 1406 880 ἐφίλει,
1424 809 1507 862 ὅτι
1526 807 1778 892 λαμπρο-
1883 796 2327 892 ρξοιςὲκινξειξνοις.
2351 801 2547 892 Καί-σὺ
2568 802 2793 892 τούτους
2820 803 3056 875 ζήλωσιν
3075 810 3201 873 τοὺς
3230 809 3441 879 ἀγίους,
3469 811 3564 864 καὶ

137 884 299 981 τέρους
315 920 339 949 ι
359 907 557 970 αὐτοὺς
590 884 680 958 διά
704 884 813 958 τῶν
835 901 1021 957 κακῶν
1043 901 1253 954 τούτων
1280 895 1584 971 εἰργάξετο.
1612 889 1781 981 Οὐδέν
1877 885 1985 940 τῶν
2009 884 2229 955 ἀγαθῶν
2249 886 2559 981 έργων,ἓως
2580 890 2651 981 ,ἂν
2664 890 2871 981 δύναιο,
2893 893 2966 965 μὴ
2989 895 3250 969 ἐκπέσῃς.
3279 909 3305 936 ιι
3328 899 3431 952 κᾶν
3458 916 3562 968 μυ-

137 978 446 1071 εὐχαριστίας
469 996 585 1049 ἴσον
605 993 829 1064 ἀγαθὸν,
870 991 1060 1063 ὥσπερ
1095 986 1444 1071 βλασφημία-ς
1475 984 1655 1071 χεῖρον
1684 978 1777 1032 οὐ·
1884 981 2064 1051 ριάκις
2090 980 2207 1053 ἴδῃς
2230 980 2597 1034 διακόπτοντά
2626 998 2684 1033 σε
2705 980 2797 1033 τὸν
2822 981 3091 1043 διάϐολον,
3120 979 3388 1052 μηδέποτε
3433 981 3567 1034 ἀπο-

137 1067 443 1154 ὸένομημὴ
466 1076 862 1145 θαυμάσωμεν,
890 1072 1385 1139 ὀτιπνευματικοῐς
1404 1067 1777 1137 ἐπιτιθέμενοι
1882 1072 2035 1142 στῇς.
2082 1071 2155 1124 Σὺ
2195 1070 2295 1143 μὲν
2338 1070 2720 1143 γάρχρήματα
2759 1069 3113 1142 διακομίζων,
3154 1071 3285 1133 ἴσως
3321 1069 3566 1140 ναυαγίῳ

137 1171 393 1244 πράγμασι
427 1164 603 1219 πολλά
627 1163 908 1233 πάσχομεν
933 1158 1099 1213 δεινά.
1135 1158 1348 1229 ’Ὠσπερ
1375 1154 1487 1228 γὰρ
1516 1156 1567 1244 oi
1588 1154 1786 1227 λῃσταὶ
1883 1162 2212 1235 περιέπεσες
2235 1178 2249 1192 °
2282 1166 2311 1217 6
2337 1162 2395 1216 δὲ
2433 1162 2666 1227 Παῦλος,
2704 1162 2733 1217 ὃ
2785 1163 3003 1217 πάντων
3035 1160 3335 1233 χρημάτων
3371 1160 3570 1232 τιμιώο

137 1243 219 1313 οὐκ
246 1257 363 1311 ἔνθα
386 1255 581 1327 χόρτος
608 1252 701 1307 καὶ
738 1252 918 1322 άχυρα
944 1250 1039 1302 καὶ
1070 1248 1315 1319 καλάμη,
1347 1246 1461 1300 ἀλλ’
1491 1243 1621 1300 ἔνθα
1654 1260 1789 1315 χρυτ
1882 1266 2042 1321 τερον
2062 1246 2152 1323 ἦν,
2176 1251 2270 1305 τὸν
2292 1252 2448 1320 λόγον
2479 1250 2762 1322 βαστάζων
2783 1253 2863 1315 είς
2885 1252 2984 1322 τὴν
3014 1250 3235 1321 Ῥώμην
3258 1249 3443 1321 ἀπῄει,
3470 1249 3564 1300 καὶ

139 1348 230 1401 σίον
247 1344 333 1399 καὶ
359 1344 647 1417 ἀργύριον,
674 1342 791 1394 ἐκεῖ
825 1337 1185 1409 διορύττουσι.
1219 1336 1314 1390 καὶ
1348 1333 1589 1405 συνεχῶς
1613 1334 1785 1404 ἀγρυ-
1884 1340 2126 1410 ναυαγίῳ
2150 1341 2469 1413 περιέπεσε,
2507 1340 2603 1393 καὶ
2636 1340 2804 1412 μυρία
2831 1340 3039 1407 ὑπέστη
3069 1337 3237 1392 δεινά.
3267 1338 3379 1390 Καὶ
3408 1335 3569 1388 τοῦτο

137 1432 360 1486 πνοῦσιν’
411 1428 560 1483 οὕτω
606 1428 700 1482 καὶ
741 1429 769 1481 ὁ
811 1425 1055 1489 διάϐολος
1085 1424 1293 1487 τούτοις
1340 1421 1571 1494 μάλιστα
1608 1418 1784 1473 ὲπιτί-
1884 1429 2047 1493 αὐτὸς
2078 1429 2343 1498 ἐδήλωσεν
2372 1427 2564 1491 εἰπὼν,
2595 1430 2674 1481 ὅτι
2703 1426 3011 1493 Πολλάκις
3049 1426 3439 1495 ἠθελήσαμεν
3469 1423 3568 1478 ἐλ-

138 1523 262 1575 υεται
290 1522 398 1582 τοῖς
432 1514 821 1588 πνευματικῶν
858 1512 1187 1584 ἁπτομένοις
1220 1509 1590 1583 πραγμάτων·
1638 1508 1786 1560 Ἐκεῖ
1886 1517 2014 1572 θεῖν
2033 1518 2183 1586 πρὸς
2212 1516 2390 1587 ὑμᾶς.
2428 1518 2527 1571 καὶ
2550 1517 2849 1586 ἐνέκοψεν
2868 1515 3028 1586 ἡμᾶς
3062 1518 3095 1570 ό
3138 1512 3431 1581 Σατανᾶς.
3456 1511 3570 1567 Καὶ

138 1610 297 1665 πολλαὶ
342 1610 397 1662 αί
449 1604 759 1667 ἐπιϐουλαὶ,
809 1600 936 1655 ἔνθα
987 1602 1156 1673 ἀρετή
1184 1615 1197 1630 ·
1246 1600 1365 1652 ἐκεῖ
1411 1597 1602 1667 φθόνος
1654 1593 1784 1648 ἔνθα

137 1691 461 1764 ὲλεημοσύνη.
496 1691 641 1745 Ἀλλ’
671 1690 819 1746 ἐστιν
848 1692 979 1762 ήμῖν
1000 1689 1059 1743 ἒν
1076 1688 1241 1743 ὅπλον
1268 1686 1524 1759 μέγιστον
1549 1683 1577 1737 δ
1606 1683 1786 1745 πάσας

139 1779 294 1833 ἰκανὸν
319 1780 418 1844 τὰς
455 1779 720 1844 τοιαύτας
770 1776 1018 1850 μηχανὰς
1067 1773 1537 1847 ἀποκρούσασθαι,
1590 1771 1653 1824 τὸ
1698 1769 1787 1823 διὰ

139 1867 323 1922 πάντων
349 1866 559 1922 τούτων
587 1867 930 1939 εὐχαριστεῖν
950 1864 1029 1937 τῷ
1049 1863 1190 1937 Θεῷ.
1226 1864 1286 1917 '0
1314 1861 1504 1924 Ἅϐελ,
1525 1858 1645 1914 είπέ
1670 1873 1782 1928 μοι,

139 1956 235 2026 οὐχὶ
253 1954 350 2009 τῶν
375 1954 674 2029 πρωτείων
698 1954 779 2026 τῷ
796 1954 914 2026 Θεῷ
934 1953 1347 2025 ἀπαρξάμενος,
1366 1950 1473 2005 ὑπὸ
1495 1944 1788 2015 ἀδελφικῆς

140 2044 272 2098 ἔπεσε
290 2045 495 2117 χειρός;
527 2044 649 2098 ἀλλ’
671 2044 864 2115 ὅμωςὸ
889 2041 1023 2105 Θεὸς
1046 2039 1448 2112 συνεχώρησεν,
1467 2037 1589 2106 οὐχὶ
1612 2034 1788 2107 μισῶν

140 2133 212 2185 τὸν
238 2134 556 2204 τιμήσαντα,
593 2132 730 2186 ἀλλὰ
760 2132 856 2186 καί¹
891 2130 1096 2201 σφόδρα
1135 2128 1342 2200 φιλῶν,
1390 2127 1486 2180 καὶ
1532 2124 1670 2196 πρὸς
1709 2122 1789 2193 τῷ

141 2221 220 2291 τῆς
240 2221 522 2294 καλλίστης
547 2222 767 2292 ἐκείνης
795 2220 990 2285 θυσίας
1023 2218 1274 2290 στεφάνῳ
1302 2218 1397 2272 καὶ
1424 2217 1613 2287 ἕτερον
1642 2210 1790 2282 αὐτῷ

140 2310 213 2364 τὸν
236 2311 332 2364 ἀπὸ
366 2310 460 2365 τοῦ
496 2310 804 2383 μαρτυρίου
835 2308 1088 2381 παρέχων
1120 2306 1405 2376 στέφανον.
1447 2305 1507 2358 '0
1550 2303 1789 2374 Μωῦσῆς

140 2401 363 2474 ήθέλησεν
391 2402 736 2473 ἀδικουμένῳ
760 2396 1024 2473 βοηθῆσαί
1053 2413 1161 2451 τινι
1203 2395 1300 2450 καὶ
1328 2394 1456 2466 περὶ
1482 2392 1591 2447 τῶν
1624 2392 1790 2463 ὲσχά-

142 2509 227 2545 των
251 2490 592 2546 ἐκινδύνευσε
620 2489 716 2542 καὶ
743 2489 842 2560 τῆς
878 2488 1136 2559 πατρίδος
1178 2483 1405 2551 ἐξέπεσε
1425 2499 1439 2513 θ
1474 2481 1569 2536 καὶ
1600 2483 1629 2535 6
1660 2479 1792 2542 Θεὸς

144 2577 509 2651 συνεχώρησεν,
548 2578 638 2631 ῐνα
669 2576 846 2649 μάθῃς
882 2575 993 2630 τῶν
1037 2575 1210 2643 ἁγίων
1254 2572 1354 2644 τὴν
1394 2571 1695 2642 ὑπομονήν.
1729 2570 1793 2623 Εἰ

143 2668 544 2741 γὰρπροειδότες
566 2667 643 2731 ὡς
664 2667 814 2721 οὐδὲν
840 2664 1142 2738 πεισόμεθα
1162 2664 1193 2704 1³
1218 2663 1409 2726 δεινὸν,
1438 2660 1609 2725 οὔτως
1631 2658 1797 2730 ήπτό-

148 2757 260 2828 μεθα
279 2757 382 2811 τῶν
409 2754 804 2827 πνευματικῶν
838 2754 1203 2826 πραγμάτων,
1233 2751 1383 2806 οὐδὲν
1412 2749 1555 2821 μέγα
1580 2748 1645 2802 ἂν
1678 2747 1794 2801 ἐδό-

147 2843 287 2917 ξαμεν
321 2848 519 2911 ποιεῖν,
552 2844 805 2916 ὲνέχυρον
831 2844 931 2915 τῆς
965 2843 1266 2912 ἀσφαλείας
1289 2841 1505 2913 ἔχοντες
1529 2836 1791 2891 τοιοῦτον·

147 2936 242 2988 νυνί
285 2936 338 2989 δὲ
386 2933 646 2989 ἐντεῦθεν
697 2933 934 3004 μάλιστα
981 2932 1047 2987 ἂν
1101 2926 1213 2986 εἷεν
1271 2928 1575 3000 θαυμαστοὶ
1616 2927 1666 2980 οί
1726 2923 1795 2978 τά

146 3020 335 3077 τοιαῦτα
363 3024 722 3094 πράττοντες,
746 3022 827 3074 ὅτι
858 3020 953 3074 καὶ
985 3018 1265 3082 κινδύνους
1324 3017 1418 3071 καὶ
1468 3012 1674 3086 ζημίας
1702 3014 1796 3068 καὶ

148 3110 375 3173 θανάτους
429 3111 532 3165 καί
550 3110 719 3183 μυρία
738 3114 883 3165 κακά
904 3107 1302 3180 προορώμενοι,
1325 3109 1474 3177 ὅμως
1493 3102 1601 3157 τῶν
1624 3102 1795 3156 τοιού-

147 3213 234 3252 των
276 3199 368 3253 οὐκ
407 3198 713 3269 ἀφίσταντο
766 3196 1229 3270 κατορθωμάτων,
1279 3194 1398 3249 οὐδὲ
1445 3193 1796 3265 ὀκνηρότεροι

148 3287 353 3354 ἐγίνοντο
377 3291 501 3353 ταῖς
533 3286 643 3341 τῶν
674 3286 853 3355 φόϐων
876 3286 1226 3358 προσδοκίαις
1249 3296 1297 3340 ο.
1326 3283 1593 3355 Καθάπερ
1621 3276 1715 3335 οὖν
1747 3281 1798 3333 οί

147 3378 271 3446 τρεῖς
305 3377 488 3439 παῖδες
533 3375 739 3443 ἔλεγον·
778 3376 945 3429 Ἐστι
985 3376 1130 3440 Θεὸς
1156 3375 1226 3428 ὲν
1259 3372 1495 3443 οὐρανῷ
1538 3369 1800 3436 δυνατὸς

148 3461 425 3526 ἐξελέσθαι
464 3461 663 3533 ἡμᾶς·
714 3462 813 3517 καὶ
860 3462 971 3517 ἐὰν
1015 3462 1126 3532 μὴ,
1162 3460 1437 3532 γνωστὸν
1477 3460 1636 3514 ἔστω
1674 3472 1796 3520 σοι,

148 3551 397 3617 βασιλεῦ,
429 3553 527 3607 ὅτι
558 3550 684 3618 τοῖς
726 3552 884 3619 θεοῖς
925 3568 1043 3606 σου
1075 3553 1147 3605 οὐ
1172 3549 1563 3620 λατρεύομεν,
1594 3547 1693 3601 καί
1725 3545 1800 3616 τῇ

148 3640 304 3694 εικόνι
328 3640 401 3712 τῇ
443 3639 655 3712 χρυσῇ
692 3632 733 3710 ᾖ
766 3639 1035 3707 ἔστησας
1067 3640 1139 3693 οὐ
1168 3637 1633 3707 προσκυνοῦμεν
1652 3649 1666 3664 ·
1702 3634 1799 3687 καὶ

152 3726 204 3779 σύ
233 3728 416 3794 τοίνυν,
466 3729 600 3782 ὅταν
639 3726 839 3799 μέλλῃς
880 3725 934 3778 τί
976 3742 1105 3780 ποτε
1150 3722 1479 3797 ἐργάζεσθαι
1509 3721 1619 3775 τῶν
1659 3720 1799 3775 κατὰ

148 3812 276 3874 Θεὸν.
313 3817 542 3880 πολλοὺς
593 3815 803 3888 προόρα
830 3813 1129 3877 κινδύνους,
1176 3812 1379 3872 πολλὰς
1404 3809 1630 3883 ζημίας,
1673 3808 1802 3864 πολ-

148 3898 253 3966 λοὸς
270 3903 556 3968 θανάτους⁶
582 3906 678 3959 καὶ
710 3903 785 3975 μὴ
803 3903 1032 3968 ξενίζον,
1056 3900 1189 3973 μηδὲ
1217 3898 1451 3971 θορυϐοῦ
1475 3896 1803 3967 συμϐαινόν-

148 4006 239 4047 των
254 3995 469 4050 τούτων.
488 3995 712 4052 Τέκνον
729 3994 859 4066 γὰρ,
882 3993 1068 4064 φησὶν,
1083 3995 1136 4046 ει
1151 3992 1462 4058 προσέρχῃ
1484 3986 1803 4041 δουλεύειν

152 4080 217 4144 τῶ
235 4086 431 4152 Κυρίῳ,
454 4085 783 4154 ἐτοίμασον
809 4080 924 4149 τὴν
951 4079 1165 4150 ψυχήν
1190 4090 1307 4133 σου
1330 4079 1418 4143 εὶς
1446 4075 1799 4144 πειρασμόν.

152 4169 311 4237 ωδιὶς
346 4175 533 4228 τοίνυν
564 4169 855 4226 πυκτεύειν
892 4168 1216 4241 αἱρούμενος
1261 4166 1431 4237 χωρὶς
1471 4165 1804 4238 τραυμάτων

153 4261 402 4334 προσδοκᾷ
430 4262 700 4331 στέφανον
747 4256 1137 4327 ἀναδήσασθαι.
1182 4256 1295 4309 Καὶ
1325 4256 1389 4310 σὺ
1417 4254 1626 4317 τοίνυν,
1665 4254 1805 4322 ἀγα-

154 4348 291 4416 πητὲ,
328 4350 463 4420 πρὸς
485 4349 578 4402 τὸν
609 4347 854 4402 διάϐολον
879 4342 1313 4416 παγκρατιάζειν
1347 4340 1802 4412 καταδεξάμενος,

157 4435 218 4507 μὴ
243 4437 327 4491 τὸν
356 4438 640 4493 ἀκίνδυνον
678 4438 775 4491 καὶ
818 4434 1032 4506 τρυφῆς
1082 4433 1326 4505 γέμοντα
1351 4431 1515 4485 δίωκε
1557 4429 1706 4500 βίον·
1743 4430 1804 4483 οὐ

1885 1608 1914 1660 ὁ
1941 1606 2074 1670 Θεὸς
2102 1607 2505 1679 συνεχώρησεν,
2538 1609 2602 1661 ὲκ
2637 1606 2956 1679 περιουσίας
2987 1605 3087 1676 τὴν
3121 1604 3312 1657 ἑαυτοῦ
3343 1603 3571 1673 δύναμιν

1886 1694 2084 1764 δηλῶν,
2111 1697 2204 1748 καὶ
2230 1695 2446 1759 δεικνὺς
2468 1696 2551 1748 ὅτι
2576 1696 2670 1748 καὶ
2693 1693 2861 1766 μυρία
2886 1694 3169 1757 ποιοῦντος
3198 1693 3290 1746 τοῦ
3321 1691 3571 1746 διαϐόλου

1889 1784 1983 1835 καὶ
2028 1782 2351 1846 κωλύοντος,
2397 1783 2550 1837 οὐδὲν
2592 1782 2765 1855 ταύτῃ
2802 1782 2871 1835 τά
2905 1781 2997 1835 τοῦ
3031 1780 3387 1852 κηρύγματος
3410 1778 3579 1851 ἠλατ-

1887 1868 2048 1922 τοῦτο
2093 1870 2107 1908 ί
2168 1872 2263 1924 καὶ
2292 1870 2628 1925 διεκόπτετο.
2663 1872 2761 1924 Διά
2795 1870 2955 1924 τοῦτο
2987 1871 3044 1923 ὲν
3076 1869 3281 1924 ἅπασιν
3308 1869 3336 1922 δ
3362 1866 3574 1932 Παῦλος

1890 1957 2212 2029 ηὐχαρίστει
2241 1959 2323 2030 τῷ
2356 1958 2496 2030 Θεῷ,
2538 1959 2693 2024 εἰδὼς
2722 1961 2804 2015 ὅτι
2842 1957 3276 2031 εὐδοκιμώτερον
3300 1956 3462 2011 αὐτὸν
3485 1956 3574 2009 διὰ

1890 2044 2095 2099 τούτων
2122 2046 2430 2118 εἰργάζετο,
2464 2048 2684 2119 καὶτῆς
2715 2047 3024 2119 προθυμίας
3056 2045 3223 2099 αὐτοῦ
3256 2044 3319 2098 τὸ
3346 2042 3577 2115 σφοδρὸν

1891 2133 1948 2185 ὲν
1973 2133 2178 2189 ἅπασιν
2200 2136 2499 2203 ἐδείκνυεν,
2518 2137 2696 2190 οὐδενὶ
2732 2136 2938 2190 τούτων
2970 2135 3079 2189 τῶν
3108 2133 3449 2205 κωλυμάτων
3479 2134 3575 2200 έγ-

1891 2224 2246 2294 κοπτόμενος.
2296 2226 2520 2290 Ὁσάκις
2566 2220 2662 2280 οῦν
2716 2225 2783 2279 ἂν
2827 2224 3214 2296 ἀποτύχωμεν,
3249 2221 3575 2284 τοσαυτάκις

1894 2309 2196 2383 ἁπτώμεθα
2234 2314 2344 2368 τῶν
2376 2314 2768 2385 πνευματικῶν
2809 2312 3008 2385 ἔργων,
3057 2313 3153 2366 καὶ
3196 2311 3270 2383 μὴ
3298 2310 3573 2381 λέγωμεν.

1893 2398 2038 2463 τίνος
2080 2400 2268 2455 ἕνεκεν
2323 2402 2705 2473 συνεχώρησεν
2754 2403 2783 2454 6
2828 2400 2963 2466 Θεὸς
2994 2401 3062 2455 τὰ
3110 2399 3446 2471 κωλύματα;
3492 2397 3582 2451 διὰ

1892 2487 2054 2541 τοῦτο
2097 2488 2208 2560 γάρ
2253 2492 2652 2563 συνεχώρησεν,
2699 2491 2787 2544 ἵνα
2828 2508 2923 2545 σου
2954 2490 3056 2562 τὴν
3103 2487 3420 2562 προθυμίαν
3466 2489 3581 2550 τοῖς

1898 2576 2112 2641 πολλοῖς
2142 2578 2291 2651 δείξῃ
2324 2579 2525 2650 μᾶλλον
2585 2580 2765 2634 καὶτὸ
2798 2580 2934 2634 πολὺ
2962 2579 3184 2652 φίλτρον
3203 2591 3215 2607 ⁸
3249 2576 3533 2648 φιλοῦντος
3556 2578 3581 2615 ⁸

1895 2663 2006 2737 γὰρ
2037 2666 2273 2736 μάλιστα
2310 2668 2468 2722 τοῦτό
2500 2671 2638 2735 ἐστι,
2681 2668 2743 2722 τὸ
2784 2668 3058 2740 μηδέποτε
3098 2665 3429 2736 ἀφίστασθαι
3471 2663 3583 2718 τῶν

1895 2751 1973 2823 τῷ
2003 2753 2315 2828 φιλουμένῳ
2347 2756 2669 2812 δοκούντων.
2712 2757 2773 2810 '0
2806 2758 2904 2828 μὲν
2927 2758 3036 2829 γὰρ
3062 2755 3259 2827 χαῦνος
3293 2755 3389 2808 καὶ
3420 2752 3585 2825 ῥᾴθυ-

1900 2858 2000 2911 μος
2043 2843 2109 2895 ὲκ
2149 2844 2373 2915 πρώτης
2404 2846 2607 2910 εὐθέως
2639 2846 2993 2900 ἀναπεσεῖται
3034 2845 3133 2915 τῆς
3168 2841 3509 2916 προσϐολῆς’
3554 2841 3584 2893 ὁ

1897 2928 1955 2982 δὲ
1981 2930 2212 3001 σφοδρὸς
2234 2933 2330 2986 καὶ
2350 2933 2797 3005 διεγηγερμένος,
2821 2934 2927 2987 κᾶν
2947 2932 3208 3005 μυριάκις
3224 2930 3583 3001 ὲγκόπτηται.

1898 3017 2138 3090 τοσούτῳ
2164 3020 2427 3089 μειζόνως
2452 3021 2774 3092 ἐπιθήσεται
2801 3024 2917 3085 τοῖς
2943 3020 3086 3075 κατά
3109 3019 3245 3074 Θεὸν
3270 3018 3581 3091 πράγμασι,

1897 3106 1968 3159 τά
2012 3109 2144 3179 παρ’
2180 3110 2376 3162 ἑαυτοῦ
2424 3111 2603 3165 πάντα
2651 3109 2897 3182 πληρῶν,
2938 3110 3033 3165 καὶ
3077 3112 3135 3162 ὲν
3173 3108 3377 3163 ἅπασιν
3428 3108 3587 3178 εὐχα-

1902 3195 2122 3265 ριστῶν.
2153 3196 2322 3250 Τοῦτο
2350 3197 2414 3269 δὴ
2445 3199 2539 3252 καὶ
2574 3200 2735 3270 ἡμεῖς
2773 3197 3039 3268 ποιῶμεν.
3089 3197 3282 3266 Μέγας
3313 3195 3588 3267 θησαυρὸς

1900 3285 1934 3355 ἡ
1964 3285 2301 3356 εὐχαριστία,
2337 3287 2509 3358 μέγας
2538 3286 2798 3352 πλοῦτος,
2843 3286 3119 3340 ἀνάλωτον
3156 3282 3383 3353 ἀγαθὸν,
3420 3281 3587 3336 ὅπλον

1904 3375 2151 3447 ίσχυρόψ
2182 3376 2373 3448 ὥσπερ
2417 3372 2511 3431 οῦν
2554 3379 2587 3448 ὴ
2640 3375 2961 3447 βλασφημία
2991 3375 3091 3447 τὴν
3124 3369 3291 3427 οὖσαν
3330 3372 3588 3425 ἐπιτείνει

1903 3458 2128 3532 ζημίαν,
2144 3463 2238 3517 καὶ
2263 3457 2338 3517 ὧν
2362 3465 2723 3535 ἀπωλέσαμεν
2742 3463 2964 3517 πλείονα
2990 3460 3399 3536 προσαπολέσαι
3421 3461 3585 3513 ποιεῖ.

1916 3552 2229 3616 Ἀπώλεσας
2258 3555 2553 3626 χρήματα;
2600 3554 2667 3609 ἂν
2701 3555 2802 3625 μὲν
2830 3554 3259 3625 εὐχαριστήσῃς,
3294 3552 3591 3624 έκέρδανας

1902 3639 2002 3711 τὴν
2041 3640 2219 3711 ψυχὴν
2255 3642 2351 3695 καὶ
2380 3641 2605 3712 μείζονα
2654 3631 2871 3714 ἐκτήσω
2902 3642 2995 3696 τὸν
3044 3641 3295 3705 πλοῦτον,
3320 3640 3415 3694 τοῦ
3453 3638 3589 3693 Θεοῦ

1903 3729 2075 3782 πλείω
2105 3730 2206 3799 τὴν
2251 3728 2465 3784 εὔνοιαν
2513 3731 2996 3801 ἐπισπασάμενοςο
3051 3728 3119 3782 ἂν
3168 3728 3588 3799 βλασφημήσῃς.

1904 3816 2340 3888 προσαπώλεσας
2373 3819 2469 3871 καὶ
2494 3816 2595 3889 τήν
2645 3817 2923 3888 σωτηρίαν
2954 3815 3056 3888 τὴν
3096 3816 3315 3880 σαυτοῦ,
3350 3814 3446 3869 καὶ
3471 3816 3593 3869 οὐδὲ

1904 3907 2088 3959 ἐκεῖνα
2109 3906 2415 3978 ἀνεκτήσω,
2451 3905 2546 3959 καὶ
2571 3906 2639 3975 ἢν
2672 3902 2818 3975 εἶχες
2839 3903 3041 3976 ψυχὴν,
3088 3905 3182 3958 καὶ
3214 3903 3421 3974 ταύτην
3454 3920 3587 3959 κατ-

1905 3992 2122 4057 έθυσας.

1980 4081 2067 4135 ιϐ’.
2100 4081 2240 4135 Ἀλλ’
2260 4081 2448 4153 ἐπειδὴ
2473 4082 2601 4154 περὶ
2622 4081 2975 4154 βλασφημίας
2993 4081 3126 4151 ἡμῖν
3142 4079 3170 4133 6
3198 4078 3355 4149 λόγος
3376 4078 3594 4149 ἐγένετο

1905 4170 2035 4235 νῦν,
2079 4171 2210 4242 μίαν
2248 4171 2393 4242 ὑμᾶς
2424 4170 2671 4235 ἅπαντας
2707 4168 2932 4239 αίτῆσαι
2963 4167 3223 4239 βούλομαι
3277 4167 3437 4239 χάριν
3470 4167 3592 4221 ἀντὶ

1905 4260 2006 4330 τῆς
2026 4261 2369 4333 δημηγορίας
2390 4260 2618 4331 ταύτης,
2643 4261 2736 4314 καὶ
2765 4261 2865 4330 τῆς
2892 4257 3204 4323 διαλέξεως,
3232 4258 3321 4311 ἵνα
3344 4275 3435 4330 μοι
3465 4260 3591 4322 τοὺς

1907 4350 1968 4404 έν
1997 4353 2065 4422 τῇ
2108 4351 2261 4405 πόλει
2300 4350 2756 4422 βλασφημοῦντας
2782 4347 3173 4420 σωφρονίσητε.
3201 4348 3323 4402 Κᾶν
3353 4348 3592 4417 ἀκούσῃς

1907 4438 2052 4501 τινὸς
2086 4438 2146 4492 ὲν
2189 4437 2436 4509 ἀμφόδῳ,
2474 4438 2506 4509 ἢ
2536 4440 2593 4492 ὲν
2620 4437 2799 4509 ἀγορᾷ
2842 4437 2984 4507 μέσῃ
3020 4435 3471 4507 βλασφημοῦντος
3503 4435 3596 4488 τὸν

155 4522 244 4594 γὰρ
273 4527 503 4582 ἐνταῦθά
535 4543 620 4580 σοι
664 4526 765 4589 τὰς
795 4523 1030 4596 ἀμοιϐὰς
1053 4524 1148 4577 καὶ
1174 4521 1274 4585 τάς
1315 4520 1655 4590 ὑποσχέσεις,
1690 4517 1806 4572 ἀλλ’

155 4614 222 4676 εἰς
258 4615 343 4669 τὸν
389 4616 655 4687 μέλλοντα
700 4612 874 4669 αἰῶνα
920 4612 1139 4667 ἅπαντα
1182 4611 1449 4679 ὑπέσχετο
1493 4611 1522 4663 ὁ
1563 4607 1697 4671 Θεὸς
1739 4606 1811 4661 τά

156 4697 376 4773 λαμπρά.
400 4706 574 4758 Ὅταν
601 4698 693 4759 οὖν
720 4702 755 4774 ἢ
795 4702 958 4765 αὐτός
971 4713 1026 4754 τι
1061 4700 1294 4771 ποιήσας
1312 4697 1538 4767 ἀγαθὸν,
1561 4696 1631 4751 τά
1657 4699 1810 4750 ὲναν-

154 4790 229 4843 τία
246 4793 542 4866 ἀπολάϐῃς,
566 4794 601 4863 ἢ
631 4793 818 4865 ἕτερον
854 4790 1016 4845 τοῦτο
1038 4791 1319 4860 πάσχοντα
1347 4788 1464 4859 ίδῃς
1482 4826 1498 4850 ,
1514 4786 1810 4859 εὐφραίνου

157 4879 237 4932 καὶ
268 4885 423 4954 χαῖρε
443 4899 457 4913 ·
508 4882 754 4953 μείζονος
781 4881 890 4952 γὰρ
922 4879 1158 4951 ἀμοιϐῆς
1187 4876 1445 4941 ὑπόθεσις
1476 4875 1538 4929 τὸ
1575 4874 1812 4948 πρᾶγμά

160 4983 226 5020 σοι
248 4969 485 5038 γίνεται·
526 4970 588 5025 οὐ
630 4970 706 5042 μὴ
738 4968 1059 5042 καταπέσῃς
1096 4966 1148 5031 ά,
1199 4966 1335 5036 μηδὲ
1368 4962 1681 5035 καταλύσῃς
1712 4962 1811 5032 τὴν

159 5056 463 5131 προθυμίαν,
498 5059 634 5130 μηδὲ
656 5057 1020 5131 ὀκνηρότερος
1049 5055 1204 5130 γένῃ,
1239 5053 1376 5108 ἀλλά
1413 5052 1613 5124 μᾶλλον
1634 5050 1812 5105 ὲπιτί·

159 5140 267 5205 θεσο
293 5148 431 5217 μετά
449 5147 692 5212 πλείονος
715 5148 816 5219 τῆς
836 5145 1166 5218 προθυμίας.
1207 5144 1362 5198 Ἐπεὶ
1385 5143 1480 5195 καὶ
1506 5142 1554 5195 οί
1581 5139 1815 5194 ἀπόστο-

163 5229 228 5284 λοι
254 5234 410 5303 ήνίκα
430 5236 747 5306 ἐκήρυττον,
781 5234 1184 5305 μαστιζόμενοι,
1206 5230 1575 5301 λιθαζόμενοι,
1601 5227 1814 5296 δεσμω-

162 5318 302 5390 τήρια
333 5323 568 5393 συνεχῶς
603 5322 901 5386 οίκοῦντες,
933 5322 996 5376 οὐ
1030 5320 1190 5393 μόνον
1240 5319 1375 5390 μετά
1405 5318 1507 5388 τὴν
1537 5316 1646 5370 τῶν
1692 5332 1814 5368 κινη-

164 5405 311 5465 δύνων
347 5413 687 5483 ἀπαλλαγὴν,
740 5412 876 5467 ἀλλά
917 5412 1012 5466 καὶ
1059 5413 1116 5464 ὲν
1157 5409 1341 5472 αὐτοῖς
1384 5409 1497 5470 τοῖς
1547 5405 1817 5465 κινδύνοις

168 5502 288 5568 μετά
316 5504 554 5575 μείζονος
584 5505 686 5577 τῆς
717 5502 1028 5576 προθυμίας
1069 5502 1133 5556 τὸ
1161 5503 1262 5574 τῆς
1306 5498 1566 5571 ἀληθείας
1607 5498 1818 5568 κατήγ-

217 5640 462 5706 {Samius
487 5652 540 5696 et
573 5646 660 5695 alii
690 5643 888 5706 quidam
913 5644 1113 5693 codices
1135 5643 1242 5706 οὐχὶ
1272 5642 1427 5706 μισῶν
1447 5640 1635 5706 ἠφίει...
1661 5639 1815 5690 δεινά”

217 5658 242 5669 “
261 5658 462 5695 δεγιιιυε
487 5658 540 5696 el.
573 5658 660 5695 am
726 5658 888 5694 omam
913 5658 1113 5693 coalces
1135 5658 1242 5706 ουχι
1272 5658 1427 5705 μισων
1447 5658 1478 5700 η
1516 5658 1635 5690 ιει...
1661 5658 1815 5690 οεινα·

285 5704 439 5774 ᾒιδὴ
476 5708 660 5774 σφόδρα
690 5658 862 5774 ῐἐφίλει,
895 5706 1265 5772 λαμπροτέρους.
1290 5701 1418 5753 Infra
1439 5658 1630 5764 alfquol
1652 5716 1821 5753 manu-

169 5764 315 5862 ειη)ιί
325 5764 592 5843 ,ᾧπερρὖν
603 5764 937 5832 βλασφημίας.

269 5827 355 5876 Ᾱιιι
379 5846 665 5879 usto-0mm.

226 5847 245 5862 -
269 5847 355 5876 mu
379 5847 665 5894 πεισομενοι.

226 5886 387 5961 'Uqus
430 5892 583 5943 habet
626 5892 730 5948 ταῖς
768 5893 865 5940 τῶν
903 5891 1117 5956 φοϐερῶν
1162 5887 1502 5955 προσδοκίαις,
1540 5888 1669 5937 alter
1718 5886 1827 5945 ταῖς

173 5960 255 6049 ’Ἴ
273 5966 617 6077 Ἧτίνηται,
644 6016 708 6078 μή
734 6016 790 6073 δὴ
817 6015 1110 6079 “rauim,
1136 6013 1264 6064 auus
1283 6013 1495 6075 γένητ⁰“’
1521 6011 1584 6073 μὴ
1608 6026 1719 6062 κατ’

1909 4526 2065 4592 Θεὸν,
2100 4527 2387 4598 πρόσελθε,
2417 4528 2765 4599 ἐπιτίμησον,
2798 4526 2905 4581 κᾶν
2930 4525 3145 4597 πληγὰς
3173 4524 3443 4579 ἐπιθεῖναι
3476 4524 3593 4596 δέῃ,
3684 4582 3687 4583 ν

1914 4616 1988 4687 μὴ
2019 4617 2333 4687 παραιτήσῃ
2355 4633 2369 4648 ·
2404 4615 2636 4688 ράπισον
2687 4614 2855 4669 αὐτοῦ
2898 4614 2999 4686 τὴν
3034 4614 3177 4683 ϐψιν,
3220 4612 3507 4685 σύντριψον
3534 4615 3598 4667 τὸ

1914 4704 2108 4774 στόμα,
2137 4704 2367 4773 ἀγίασόν
2401 4721 2495 4757 σου
2530 4703 2629 4776 τὴν
2658 4707 2816 4775 χεῖρα
2852 4702 2942 4756 διὰ
2968 4705 3067 4774 τῆς
3100 4702 3337 4774 πληγῆς,
3367 4702 3473 4756 κᾶν
3505 4703 3597 4771 ὲγα

1913 4792 2117 4847 καλῶσί
2160 4808 2329 4856 τινες,
2367 4793 2473 4847 κᾶν
2504 4793 2585 4856 είς
2612 4792 2964 4863 δικαστήριον
3006 4791 3261 4854 ἕλκωσιν,
3291 4789 3596 4861 ἀκολούθηιο

1914 4898 2026 4934 σον·
2052 4880 2156 4935 κᾶν
2182 4882 2278 4935 ἐπὶ
2304 4881 2398 4934 τοῦ
2434 4880 2678 4951 βήματος
2704 4879 2935 4942 εὐθύνας
2956 4882 2985 4933 6
3010 4879 3270 4949 δικαστὴς
3290 4877 3594 4952 ἀπαιτήσῃ,

1913 4971 2035 5025 εἰπὲ
2058 4969 2198 5041 μετά
2213 4970 2545 5043 παρρησίας,
2559 4968 2640 5022 ὅτι
2659 4969 2752 5022 τὸν
2770 4968 2997 5039 βασιλέα
3010 4967 3119 5021 τῶν
3134 4966 3382 5036 ἀγγέλων
3402 4966 3534 5020 ὲϐλα
3542 4984 3598 5020 σ⁸

1914 5059 2190 5129 φήμησεν.
2234 5057 2297 5111 El
2319 5057 2426 5129 γὰρ
2457 5058 2550 5111 τὸν
2577 5057 2670 5110 ἐπὶ
2690 5057 2794 5126 γῆς
2818 5055 3045 5126 βασιλέα
3065 5056 3193 5118 τοὺς
3218 5053 3597 5127 βλασφημοῦν-

1914 5159 2014 5206 τας
2045 5138 2370 5204 κολάζεσθαι
2389 5138 2517 5209 χρὴ,
2534 5136 2715 5208 πολλῷ
2738 5137 2938 5208 μᾶλλον
2960 5140 3087 5203 τοὺς
3112 5140 3321 5195 ἐκεῖνον
3343 5142 3599 5215 ὑϐρίζον-

1913 5246 2032 5293 τας.
2064 5227 2256 5283 Κοινόν
2290 5229 2408 5279 ἐστι
2445 5225 2509 5277 τὸ
2537 5224 2812 5296 ἔγκλημα,
2860 5225 3119 5297 δημόσιον
3143 5228 3203 5283 τὸ
3226 5229 3493 5302 ἀδίκημα,
3513 5231 3599 5297 εε-

1916 5332 2063 5369 εστιν
2090 5313 2306 5384 ἑκάστῳ
2337 5311 2448 5366 τῶν
2483 5311 2823 5383 βουλομένων
2852 5319 3181 5388 κατηγορεῖν
3202 5333 3216 5348 ο
3246 5318 3594 5388 μανθανέτω-

1918 5401 2124 5459 σανκαὶ
2154 5400 2393 5462 Ἰουδαῖοι
2408 5401 2504 5454 καὶ
2526 5401 2808 5475 Ἕλληνες,
2841 5401 3052 5476 [19]ὅτι
3084 5405 3328 5475 σωτῆρές
3354 5406 3463 5459 είσι
3493 5410 3596 5476 τῆς

1915 5492 2121 5553 ¹πτόλεως
2148 5490 2200 5541 οἱ
2227 5487 2567 5559 Χριστιανοὶ,
2590 5490 2684 5544 καὶ
2712 5491 3011 5562 κηδεμόνες
3045 5492 3138 5545 καὶ
3162 5493 3470 5562 προστάται
3499 5496 3594 5548 καὶ

1914 5577 2246 5642 διδάσκαλοι,
2281 5577 2375 5631 καὶ
2414 5577 2838 5648 μανθανέτωσαν
2870 5581 3005 5635 αὐτὸ
3029 5579 3189 5633 τοῦτο
3214 5582 3265 5634 οί
3293 5581 3591 5637 ἀκόλαστοι

1993 5762 2014 5783 ⁸
2035 5760 2148 5810 Duo
2168 5774 2285 5810 mss.
2313 5764 2367 5809 et
2405 5759 2555 5809 Savil.
2590 5759 2776 5820 ἀγαθῶν
2795 5757 2942 5820 ἔργων
2964 5755 3165 5818 ἀντέχου
3188 5756 3278 5813 ἕως
3296 5756 3353 5805 ἂν
3378 5757 3602 5819 ἐμπνέης,

1921 5823 2027 5885 κᾶν.
2059 5822 2187 5873 Infra
2208 5820 2405 5885 plurimi
2428 5835 2542 5885 mss.
2566 5821 2867 5885 περιέπεᾳας.

1992 5882 2012 5923 ἲ
2038 5878 2239 5946 Aliqudl
2266 5897 2381 5932 mss.
2407 5878 2705 5946 κηρύγματος
2741 5880 2935 5929 ἔλαττον
2979 5878 3287 5930 διακείσεται.
3315 5878 3427 5931 Εοι
3451 5879 3611 5941 aliqui
3642 5897 3655 5929 ξ

1926 5948 1997 5996 ὅτι
2021 5946 2357 6009 δοκιμώτεροντ

1995 6009 2021 6049 ε
2047 6001 2194 6058 Ξανὶι.
2224 6001 2277 6056 εἰ
2300 6005 2425 6056 alius
2448 6006 2633 6069 φίλτρον
2653 6003 2707 6052 τὸ
2730 6002 2834 6067 περὶ
2858 6001 3024 6051 αὐτόν’
3060 6001 3321 6065 φιλοῦντος.
