3998 6428
402 305 474 360 33
1184 306 1241 362 S.
1273 307 1561 363 JOANNIS
1593 305 2092 364 CURYSOSTOMI
2133 305 2452 362 ARCIHEP.
2483 304 3035 364 CONSTANTINOP.
3805 314 3871 367 3’.

404 420 501 475 καὶ
527 420 980 493 διεστραμμένοι,
1023 422 1105 475 ὅτι
1149 422 1242 475 καὶ
1269 423 1396 487 τοὺς
1428 423 1523 477 τοῦ
1555 422 1691 477 Θεοῦ
1722 422 1945 486 δούλους
1988 441 2086 493 φο-

404 506 618 562 ϐεῖσθαι
646 509 843 571 αὐτοὺς
876 512 1003 580 χρὴ,
1038 510 1126 563 ἵνα
1166 509 1270 564 κᾶν
1298 510 1531 565 ἐλωνταί
1578 528 1711 566 ποτε
1750 510 2088 581 φθέγξασθαί

401 614 454 650 τι
484 598 749 661 τοιοῦτον,
777 598 1036 669 ἀλλήλους
1067 599 1344 670 πανταχοῦ
1376 600 1836 672 περιϐλέπωνται,
1873 600 2087 664 καὶτὰς

405 686 563 752 σκιάς
586 687 883 759 τρέμωσιν,
910 688 1254 755 ἀγωνιῶντες
1287 689 1472 760 μήπου
1504 691 1533 742 6
1576 689 1900 760 Χριστιανὸς
1921 688 2087 742 ἀκού-

403 791 500 839 σας
527 776 858 847 ἐπιπηδήσῃ,
902 775 996 827 καὶ
1041 776 1243 847 κολάσῃ
1276 776 1657 848 σφοδρότερον.
1693 777 1807 830 Οὑκ
1846 778 2086 849 ήκουσας

401 861 453 914 τί
499 863 754 932 Ἰωάννης
788 863 1051 932 ἐποίησε;
1085 862 1360 932 Τύραννον
1398 863 1536 917 εἶδεν
1572 863 1858 935 ἄνθρωπον
1891 864 2085 935 γάμων

402 948 775 1019 ἁνατρέποντα
808 948 1026 1017 νόμους,
1060 950 1155 1003 καὶ
1189 950 1328 1018 μετά
1365 948 1678 1022 παρρησίας
1713 952 1770 1003 ἐν
1802 950 1951 1022 μέσῳ
1988 953 2086 1023 τῆς

400 1038 606 1109 ἀγορᾶς
650 1054 842 1108 φησιν·
884 1040 1007 1091 Οὺκ
1058 1038 1265 1102 ἕξεστί
1314 1054 1414 1092 σοι
1460 1039 1625 1108 ἔχειν
1670 1038 1786 1106 τὴν
1829 1042 2087 1110 γυναῖκα

398 1126 700 1179 φιλίππου
722 1124 830 1179 τοῦ
850 1125 1122 1195 ἀδελφοῦ
1145 1142 1281 1180 σου.
1324 1125 1465 1195 Ἐγὼ
1488 1127 1545 1181 δέ
1568 1145 1627 1180 σε
1649 1128 1748 1181 οὑκ
1768 1129 1859 1181 ἐπὶ
1888 1127 1950 1180 τύ
1958 1146 2087 1199 ραν-

400 1231 491 1267 νον
523 1216 751 1285 ήγαγον,
799 1214 922 1267 οὑδέ
951 1213 1237 1286 δικαστὴν,
1289 1215 1408 1268 οὑδὲ
1440 1216 1580 1287 ὑπὲρ
1621 1215 1815 1286 γάμων
1850 1234 2087 1286 παρανο-

403 1302 709 1373 μουμένων,
742 1302 863 1355 οὑδέ
883 1303 1024 1373 ὑπὲρ
1049 1302 1349 1356 συνδούλων
1374 1301 1768 1374 ὑϐριζομένων,
1798 1304 1914 1357 ἀλλ’
1943 1305 2085 1377 ὑπὲρ

396 1391 497 1460 τῆς
536 1391 615 1452 εἰς
645 1389 738 1442 τὸν
766 1390 1041 1459 Δεσπότην
1073 1391 1379 1460 παροινίας,
1407 1391 1498 1445 τὸν
1520 1392 1780 1462 ὁμότιμον
1811 1392 1946 1458 ἀξιῶ
1979 1410 2084 1445 σω-

399 1476 692 1550 φρονίζειν.
726 1471 875 1549 Ἀρά
901 1494 964 1546 γε
1008 1480 1057 1531 εί
1091 1478 1279 1547 ἔλεγόν
1310 1496 1413 1543 σοι,
1472 1480 1555 1533 ὅτι
1606 1482 1732 1543 τοὺς
1774 1480 2012 1550 βασιλεῖς
2046 1481 2079 1553 ἦ

397 1567 523 1629 τοὺς
552 1565 811 1630 δικαστὰς
841 1566 1289 1638 παρανομοῦντας
1313 1567 1506 1632 κόλαζε
1525 1569 1619 1621 καὶ
1638 1568 1871 1639 διόρθου,
1895 1570 1997 1622 οὑκ
2015 1571 2080 1624 ἄν

402 1670 471 1725 με
501 1654 787 1725 μαίνεσθαι
812 1654 981 1723 ἕφηςς
1013 1656 1206 1708 Καίτοι
1235 1673 1298 1724 γε
1335 1657 1589 1727 Ἰωάννης
1611 1656 1771 1709 τοῦτο
1787 1659 2043 1728 ἐποίησεν
2062 1676 2075 1689 ·

398 1740 571 1805 οὕτως
589 1742 711 1796 οὑδέ
731 1741 889 1796 τοῦτο
908 1742 1092 1814 μεῖζον
1119 1743 1415 1815 ήμῶν.Νῦν
1430 1746 1486 1797 δὲ
1515 1745 1620 1798 κᾶν
1651 1746 1743 1798 τὸν
1767 1746 2078 1817 ὁμόδουλον,

400 1829 502 1883 κᾶν
517 1830 611 1883 τὸν
623 1830 887 1902 ὁμότιμον
901 1831 1214 1905 διόρθωσον,
1236 1832 1335 1886 κᾶν
1351 1834 1641 1887 ἀποθανεῖν
1677 1834 1794 1908 δέῃ,
1814 1852 1927 1903 σωφ
1936 1836 2081 1906 ρονί⁸

399 1919 513 1981 ζειν
524 1919 614 1971 τὸν
629 1920 854 1988 ἀδελφὸν
874 1922 947 1993 μὴ
960 1922 1298 1994 ἀποκνήσῃς,
1308 1924 1603 1995 μαρτύριόν
1622 1942 1704 1979 σοι
1724 1926 1879 1981 τοῦτό
1895 1930 2042 1981 ἐστιν
2058 1945 2073 1960 ·

396 2006 519 2059 ἐπεὶ
535 2007 630 2060 καὶ
655 2007 906 2078 Ἰωάννης
933 2009 1144 2079 μάρτυς
1163 2006 1252 2081 ῆν.
1286 2010 1476 2064 Καίτοι
1503 2028 1567 2080 γε
1582 2013 1642 2065 οὑ
1667 2012 1827 2067 θῦσαι
1858 2015 2078 2068 ἐκελεύ-

398 2096 496 2166 σθη
507 2134 523 2161 ,
538 2096 657 2149 οὑδὲ
671 2100 1041 2170 προσκυνῆσαι
1055 2101 1292 2163 εῐδωλον,
1310 2102 1426 2154 ἀλλ’
1441 2103 1470 2155 ὑ
1480 2103 1580 2174 πὲρ
1602 2104 1707 2157 τῶν
1725 2104 1884 2175 ἱερῶν
1897 2105 2078 2176 νόμων

398 2182 768 2255 ὑϐριζομένων
790 2186 888 2258 τὴν
916 2184 1157 2260 κεφαλὴν
1187 2188 1422 2242 ἀπέθετο
1442 2203 1456 2217 '
1497 2191 1592 2243 καὶ
1622 2192 1687 2245 σὺ
1719 2192 1901 2246 τοίνυν
1926 2191 2078 2262 ἁγώ-

396 2289 542 2327 νισαι
598 2274 761 2344 μέχρι
806 2275 1038 2330 θανάτου
1086 2278 1227 2351 ὑπὲρ
1273 2278 1375 2349 τῆς
1423 2279 1702 2350 ἀληθείας,
1738 2283 1831 2335 καὶ
1874 2282 2080 2353 Κύριος

397 2364 698 2435 πολεμήσει
727 2365 868 2436 ὑπὲρ
904 2365 1019 2419 σοῦ.
1062 2368 1175 2420 Καὶ
1209 2369 1282 2438 μή
1317 2385 1407 2437 μοι
1436 2368 1561 2437 λέγε
1598 2370 1659 2422 τὸ
1694 2371 1900 2441 ψυχρὸν
1922 2370 2083 2425 τοῦτο

401 2451 577 2521 ῥῆμα,
612 2451 684 2504 Τί
730 2452 789 2505 δέ
822 2470 914 2523 μοι
945 2453 1133 2524 μέλει;
1188 2454 1341 2508 οὐδὲν
1369 2456 1546 2509 κοινὸν
1595 2456 1703 2526 ἔχω
1735 2457 1870 2529 πρὸς
1896 2460 2077 2513 αὑτόν.

401 2538 546 2611 Πρός
571 2539 663 2594 τὸν
704 2540 948 2594 διάϐολον
978 2542 1129 2594 οὐδὲν
1160 2542 1356 2612 ἔχομεν
1402 2544 1579 2596 κοινὸν
1620 2544 1804 2613 μόνον,
1844 2547 1981 2617 πρὸς
2025 2548 2082 2600 δὲ

398 2627 529 2690 τοὺς
558 2627 879 2699 ἀνθρώπους
909 2630 1155 2693 ἅπαντας
1187 2630 1357 2683 πολλά
1392 2629 1588 2702 ἔχομεν
1626 2633 1801 2687 κοινά.
1840 2634 1951 2705 Τῆς
1973 2634 2083 2708 γὰρ

401 2713 619 2783 φύσεως
649 2719 781 2788 ήμῖν
812 2718 913 2787 τῆς
966 2718 1138 2789 αὐτῆς
1187 2718 1496 2789 μετέχουσι,
1527 2719 1625 2790 τὴν
1665 2721 1834 2792 αὐτὴν
1864 2724 1967 2794 γῆν
2003 2726 2085 2778 οἰ-

400 2803 582 2870 κοῦσι,
622 2807 718 2860 καὶ
754 2810 874 2871 ταῖς
924 2808 1117 2871 αὑταῖς
1152 2807 1444 2878 τρέφονται
1485 2812 1730 2880 τροφαῖς,
1777 2811 1867 2864 τὸν
1921 2814 2084 2868 αὑτὸν

399 2893 584 2965 ἔχουσι
614 2897 914 2969 Δεσπότην,
954 2899 1081 2961 τοὺς
1115 2899 1316 2962 αὐτοὺς
1354 2897 1605 2963 ἐδέξαντο
1640 2900 1858 2969 νόμους,
1900 2903 1992 2955 ἐπὶ
2016 2905 2083 2957 τὰ

400 2987 542 3040 αὑτά
581 2990 717 3058 ἡμῖν
752 2987 1198 3060 παρακαλοῦνται
1249 2989 1451 3057 ἀγαθά.
1486 2990 1578 3060 Μὴ
1606 2989 1785 3043 τοίνυν
1833 2990 2083 3062 λέγωμεν

399 3075 477 3138 ὡς
503 3076 655 3131 οὐδὲν
697 3078 827 3148 ἡμῖν
860 3078 1040 3130 κοινὸν
1076 3078 1212 3149 πρὸς
1247 3078 1443 3142 αὐτούς
1465 3095 1478 3108 ·
1516 3080 1781 3150 σατανικὴ
1809 3080 1919 3153 γὰρ
1942 3081 2081 3153 αῦτη

399 3163 434 3234 ἡ
481 3164 652 3237 φωνὴ,
692 3164 970 3237 διαϐολικὴ
1009 3167 1041 3237 ή
1093 3166 1492 3239 ἀπανθρωπία’
1555 3166 1630 3239 μή
1686 3166 1865 3221 τοίνυν
1911 3167 2082 3222 ταῦτα

2189 421 2472 492 λέγωμεν,
2536 421 2672 475 ἀλλά
2720 422 2821 495 τὴν
2875 423 3196 496 πρέπουσαν
3247 424 3494 495 ἀδελφοῖς
3545 426 3866 498 κηδεμονίαν

2191 508 2613 581 ἐπιδειξώμεθα.
2657 510 2799 578 Ἐγὼ
2820 511 2877 565 δὲ
2908 511 3070 565 τοῦτο
3106 511 3247 583 μετά
3287 513 3469 583 πάσης
3499 512 3868 585 ὑπισχνοῦμαι

2187 597 2496 669 ἀκριϐείας,
2539 602 2636 653 καὶ
2671 599 2958 670 ἐγγυῶμαι
2988 601 3156 655 πᾶσιν
3184 603 3331 671 ὑμῖν,
3364 602 3449 656 ὅτι
3480 605 3529 656 εί
3556 604 3717 667 ὑμεῖς
3745 603 3870 674 βου-

2187 684 2441 756 ληθείητε
2473 686 2675 750 πάντες
2704 689 2754 740 οί
2793 688 3061 759 παρόντες
3094 687 3329 742 ἐνταῦθα
3367 690 3748 761 διανείμασθαι
3771 691 3867 763 τὴν

2190 775 2467 844 σωτηρίαν
2494 773 2603 828 τῶν
2632 774 2731 844 τὴν
2760 775 2917 828 πόλιν
2938 775 3254 841 οἰκούντων,
3287 777 3496 848 ταχέως
3522 780 3655 849 ἡμῖν
3681 777 3870 834 ἅπασα

2187 859 2516 933 διορθοῦται.
2548 862 2742 916 Καίτοι
2770 878 2835 930 γε
2872 862 2935 914 τὸ
2981 863 3264 933 ἐλάχιστον
3303 863 3467 936 μέρος
3510 866 3608 935 τῆς
3660 866 3869 931 πόλεως

2189 948 2426 1003 ἐνταῦθά
2457 951 2627 1013 ἐστιν,
2674 949 2959 1020 ἐλάχιστον
2992 951 3135 1004 κατά
3168 951 3228 1004 τὸ
3252 951 3477 1024 πλῆθος,
3517 953 3578 1006 τὸ
3616 954 3674 1008 δέ
3701 955 3871 1024 κεφά-

2187 1037 2337 1091 λαιον
2378 1038 2521 1091 κατά
2572 1039 2671 1109 τὴν
2723 1038 3029 1094 εὐσέϐειαν.
3082 1039 3504 1111 Διανειμώμεθα
3548 1040 3730 1096 τοίνυν
3769 1044 3869 1115 τὴν

2188 1126 2298 1181 τῶν
2324 1125 2573 1196 ἀδελφῶν
2596 1125 2757 1198 ήμῶν
2785 1128 3061 1199 σωτηρίαν
3078 1145 3091 1159 ·
3120 1129 3286 1199 ἀρκεῖ
3307 1123 3388 1192 εἷς
3413 1128 3700 1202 ἄνθρωπος
3726 1129 3873 1203 ζήλῳ

2187 1216 2586 1286 πεπυρωμένος
2613 1216 2908 1287 ὀλόκληρον
2954 1214 3353 1289 διορθώσασθαι
3384 1216 3575 1287 δῆμον.
3616 1218 3786 1271 Ὅταν
3814 1219 3873 1272 δὲ

2189 1302 2264 1373 μὴ
2300 1296 2401 1365 εἷς,
2439 1302 2573 1372 μηδὲ
2603 1301 2697 1356 δύο
2726 1302 2821 1357 καὶ
2848 1305 3020 1373 τρεῖς,
3064 1302 3202 1357 ἀλλά
3230 1303 3482 1356 τοσοῦτον
3575 1303 3639 1356 τὸ
3666 1304 3872 1375 πλῆθος

2183 1388 2245 1440 τὸ
2289 1389 2583 1458 δυνάμενον
2599 1390 2699 1458 τῆς
2728 1388 2835 1442 τῶν
2866 1388 3228 1460 ἠμελημένων
3264 1390 3580 1459 ἐπιμελείας
3609 1390 3868 1460 ἅψασθαι,

2184 1476 2485 1546 οὐδαμόθεν
2510 1476 2799 1545 ἑτέρωθεν,
2823 1476 2962 1530 ἀλλά
3154 1478 3252 1549 τὴν
3273 1478 3550 1550 ἡμετέραν
3570 1478 3709 1551 mou
3718 1479 3869 1549 μίαν,

2186 1562 2279 1616 καὶ
2329 1563 2390 1615 οὑ
2422 1563 2573 1634 παρὰ
2613 1564 2712 1633 τὴν
2741 1564 3027 1618 ἀσθένειαν
3055 1567 3104 1618 οἰ
3150 1565 3371 1629 πλείους
3405 1566 3736 1622 ἀπόλλυνται
3769 1568 3866 1622 καὶ

2185 1649 2612 1705 καταπίπτουσι.
2646 1651 2770 1715 Πῶς
2802 1651 2911 1723 γάρ
2933 1653 3034 1705 οὑκ
3058 1652 3278 1716 ἄτοπον,
3314 1654 3362 1705 εἰ
3402 1653 3500 1723 μέν
3533 1652 3715 1725 μάχην
3746 1654 3873 1707 ῖδοι-

2191 1754 2291 1807 μεν
2322 1738 2414 1789 ἐπὶ
2442 1738 2539 1808 τῆς
2578 1740 2806 1810 ἀγοράς,
2854 1742 3156 1812 προσιέναι,
3193 1741 3289 1794 καὶ
3326 1740 3718 1796 καταλλάττειν
3744 1744 3872 1807 τοὺς

2192 1823 2532 1895 μαχομένους
2550 1838 2564 1853 ·
2602 1825 2655 1877 τί
2683 1826 2740 1878 δὲ
2764 1826 2907 1894 λέγω
2939 1825 3153 1897 μάχην;
3186 1828 3234 1880 εἰ
3262 1828 3646 1881 καταπεσόντα
3670 1828 3872 1900 ἴδωμεν

2191 1911 2337 1975 δνον,
2371 1911 2573 1976 πάντες
2599 1914 2759 1984 χεῖρα
2786 1913 2998 1984 ὀρέγειν
3024 1914 3118 1967 καὶ
3143 1913 3515 1984 συνδιανιστᾷν
3541 1913 3866 1984 σπεύδομεν·

2174 1998 2283 2052 τῶν
2296 1999 2353 2053 δὲ
2372 1999 2614 2069 ἀδελφῶν
2637 2000 3021 2071 ἀπολλυμένων
3038 2000 3257 2073 ἀμελεῖν
3274 2018 3289 2068 ;
3312 2002 3469 2064 Ὀνος
3489 2001 3637 2054 ἐστὶν
3655 2003 3684 2055 6
3704 2002 3870 2072 βλάσ-

2182 2105 2255 2158 φη
2266 2106 2383 2157 μος,
2406 2090 2502 2141 καὶ
2529 2087 2701 2159 θυμοῦ
2739 2090 2957 2160 φορτίον
2974 2090 3075 2143 οὑκ
3104 2088 3360 2159 ἐνεγκὼν,
3375 2088 3678 2143 κατέπεσε·
3699 2091 3871 2163 πρόσ-

2177 2174 2319 2241 ελθε,
2354 2176 2445 2228 καὶ
2472 2175 2825 2247 διανάστησον
2842 2176 2937 2230 καὶ
2953 2175 3040 2229 διὰ
3063 2178 3344 2250 ῥημάτων,
3365 2180 3460 2233 καὶ
3489 2177 3578 2232 διὰ
3600 2180 3867 2250 πραγμάο

2189 2269 2318 2317 των,
2340 2254 2827 2316 κα¹ιδι’ἐπιεικείας
2847 2255 2938 2305 καὶ
2954 2254 3308 2323 σφοδρότητος
3327 2257 3440 2328 r20]
3464 2260 3706 2313 ποικίλον
3736 2260 3870 2313 ἔστω

2188 2341 2250 2394 τὸ
2266 2340 2578 2413 φάρμακον.
2603 2340 2700 2393 Ἂν
2723 2338 2868 2393 οῦτω
2882 2338 2949 2391 τὰ
2967 2339 3089 2391 καθ’
3113 2340 3340 2403 ἑαυτοὺς
3356 2344 3756 2415 οἱκονομῶμεν,
3775 2348 3870 2401 καὶ

2187 2427 2287 2497 τῆς
2304 2425 2411 2479 τῶν
2433 2422 2656 2494 πλησίον
2673 2421 3200 2495 ἀντιλαμϐανώμεθα
3223 2429 3515 2498 σωτηρίας,
3540 2428 3756 2500 ταχέως
3772 2434 3870 2485 κὰ-

2189 2514 2387 2576 κείνοις
2414 2511 2597 2575 αὑτοῖς
2625 2514 2737 2575 τοῖς
2764 2516 2863 2585 τῆς
2890 2512 3227 2585 διορθώσεως
3257 2515 3589 2571 ἀπολαύουσι
3620 2518 3867 2572 ποθεινοὶ

2187 2599 2421 2671 ἐσόμεθα
2457 2602 2547 2653 καὶ
2581 2600 2895 2672 ἐπέραστοι·
2915 2616 2941 2644 ι
2965 2602 3330 2660 καὶὸπάντων
3360 2607 3477 2659 ἐστὶ
3508 2606 3717 2677 μεῖζον,
3752 2607 3864 2660 τῶν

2186 2690 2563 2760 ἀποκειμένων
2595 2691 2974 2763 ἀπολαύσομεν
3006 2694 3249 2761 ἀγαθῶν,
3290 2687 3366 2749 ὧν
3396 2699 3607 2766 γένοιτο
3651 2698 3867 2762 πάντας

2185 2779 2330 2847 ἡμᾶς
2347 2779 2640 2849 ἐπιτυχεῖν,
2664 2781 2843 2851 χάριτι
2859 2782 2950 2834 καὶ
2970 2783 3352 2855 φιλανθρωπία
3370 2785 3461 2838 τοῦ
3485 2786 3688 2857 Κυρίου
3705 2788 3868 2857 ήμῶν

2198 2864 2371 2934 Ἰησοῦ
2417 2866 2678 2937 Χριστοῦ,
2727 2868 2794 2919 δι’
2841 2863 2903 2922 οὑ
2948 2870 3045 2924 καὶ
3078 2872 3195 2942 μεθ’
3228 2866 3289 2924 οὗ
3319 2872 3396 2942 τῷ
3435 2874 3608 2944 Πατρί
3647 2873 3767 2943 ἃμα
3788 2875 3867 2943 τῷ

2184 2951 2323 3021 ἁγίῳ
2352 2952 2629 3022 Πνεύματι
2650 2954 2797 3021 δόξα,
2841 2956 3063 3028 κράτος,
3090 2958 3246 3030 τιμὴ,
3281 2959 3375 3013 νῦν
3404 2962 3494 3013 καὶ
3526 2962 3631 3021 ἀεὶ,
3663 2978 3756 3013 και
3785 2963 3864 3023 εἰς

2178 3039 2307 3102 τοὺς
2335 3040 2535 3106 αἰῶνας
2560 3041 2669 3097 τῶν
2701 3043 2931 3098 αἰώνων.
2977 3047 3166 3116 Ἀμήν.

2247 3134 2425 3193 ‘5ch
2463 3133 2545 3179 καὶ
2570 3131 2827 3193 ἐπέραστοι
2872 3134 3054 3193 desunt
3097 3130 3149 3179 in
3191 3129 3388 3191 “OEL,
3427 3129 3516 3179 sed
3547 3127 3799 3179 habentur
3819 3125 3871 3176 in

2186 3192 2339 3242 Savil.
2362 3202 2416 3242 el
2432 3194 2481 3243 in
2504 3192 2728 3256 plurimis
2752 3192 3019 3243 codicibus.

1824 3399 2069 3451 OMIAIA
2119 3398 2457 3467 AETTEPA,

403 3513 701 3583 Λεχθεῖσα
732 3513 804 3566 ἐν
848 3513 1193 3581 Ἀντιοχείᾳ
1222 3514 1291 3565 ἐν
1326 3512 1399 3580 τῇ
1430 3511 1652 3579 παλ(Ηᾷ
1688 3513 1986 3582 ,ἰες-υμένῃ
2017 3515 2340 3583 ἐκκλησίᾳ,
2373 3516 2550 3582 ὄντος
2582 3516 2769 3570 αὐτοῦ
2799 3515 3231 3585 πρεσϐυτέρου,
3258 3515 3393 3585 περὶ
3418 3513 3530 3584 τῆς
3552 3514 3878 3585 συμϐάσης

480 3600 798 3671 συμφορᾶς
830 3601 899 3654 ἐν
924 3598 1000 3668 τῇ
1037 3601 1208 3652 πόλει
1241 3611 1291 3662 ι,
1322 3598 1422 3652 ἐπὶ
1445 3596 1517 3668 τῇ
1550 3596 1769 3667 ἀταξίᾳ
1799 3597 1910 3668 τῆς
1939 3600 2368 3669 καταστροφῆς
2399 3602 2521 3656 τῶν
2546 3602 2917 3671 ἀνδριάντων
2936 3603 3043 3658 τοῦ
3067 3605 3394 3661 Θεοδοσίου
3439 3608 3543 3663 τοῦ
3576 3610 3877 3675 εὐσεϐοῦς

474 3693 784 3758 ,ϐασιλέως
808 3692 917 3747 τοῦ
943 3691 1217 3761 μεγάλου
1244 3708 1258 3724 ·
1300 3690 1400 3745 καὶ
1426 3692 1513 3756 εἰς
1556 3691 1621 3742 τὸ
1645 3691 1837 3759 ῥητὸν
1861 3691 1969 3745 τοῦ
2007 3692 2389 3759 Ἄποστόλου,
2431 3694 2558 3760 Τοῖς
2578 3697 2902 3761 πλουσίοις
2922 3695 3302 3765 παράγγελλε
3335 3699 3505 3765 ἐντῷ
3542 3701 3661 3756 νῦν
3696 3701 3872 3757 αἰῶνι

477 3788 561 3855 μίε
602 3788 867 3851 ίέὶημίοφί
887 3784 1081 3836 ονεῖν·
1108 3783 1208 3837 καὶ
1244 3784 1393 3838 κατὰ
1426 3782 1808 3857 πλεονεξίας,

462 3973 530 4020 α’.
562 3967 626 4019 Τί
656 3967 794 4019 ετπω
826 3967 918 4020 καὶ
940 3967 994 4021 τί
1026 3967 1278 4041 λαλήσω;
1306 3970 1557 4042 δακρύων
1577 3970 1605 4023 6
1640 3972 1829 4044 παρὼν
1865 3974 2075 4044 καιρὸς,

395 4054 516 4125 οὑχὶ
546 4054 838 4126 ῥημάτων·
867 4054 1104 4126 θρήνων,
1141 4056 1263 4127 οὐχὶ
1293 4057 1467 4128 λόγων
1487 4075 1500 4089 ·
1528 4059 1714 4129 εὐχῆς,
1740 4062 1802 4114 οὑ
1828 4061 1891 4131 δη
1902 4078 2076 4131 μηγο-

399 4143 550 4213 ρίας·
590 4143 831 4197 τοιοῦτον
873 4143 982 4197 τῶν
1022 4144 1441 4217 τετολμημένων
1492 4148 1553 4200 τὸ
1609 4148 1858 4218 μέγεθος,
1902 4148 2076 4212 οὕτως

395 4229 607 4284 ἀνίατον
627 4229 687 4282 τὸ
717 4229 894 4293 ἕλκος,
925 4230 1067 4283 οὑτω
1101 4232 1245 4302 μέγα
1276 4231 1338 4285 τὸ
1375 4233 1617 4305 τραῦμα,
1657 4235 1754 4287 καὶ¹
1784 4235 1964 4306 πάσης
1995 4239 2074 4290 ἰα-

395 4318 581 4388 τρείας
608 4317 810 4387 μεῖζον,
850 4318 944 4372 καὶ
978 4320 1077 4390 τῆς
1101 4318 1305 4373 ἀνωθεν
1327 4321 1582 4393 δεόμενον
1610 4321 1883 4394 βοηθείας.
1914 4324 2072 4379 Οὕτω

399 4405 497 4474 μὲν
521 4408 550 4459 6
587 4404 707 4458 Ἰὼϐ
734 4406 952 4460 ἅπαντα
974 4406 1286 4471 ἀποϐαλὼν,
1317 4409 1410 4460 ἐπὶ
1432 4410 1533 4479 τῆς
1559 4411 1791 4482 κοπρίας
1813 4412 2070 4486 ἐκάθητο,

395 4492 492 4545 καὶ
535 4492 867 4555 ἀκούσαντες
897 4491 925 4532 1³
954 4493 1003 4544 οἱ
1038 4492 1180 4560 φίλοι
1216 4495 1598 4563 παρεγένοντο,
1630 4500 1724 4551 καὶ
1757 4499 1957 4564 ἰδόντες
1977 4503 2076 4553 αὑ-

393 4579 488 4634 τὸν
514 4578 817 4651 πόρρωθεν,
843 4580 911 4632 τὰ
934 4579 1124 4650 ἱμάτια
1151 4580 1461 4653 διέρρηξαν,
1496 4586 1591 4637 καὶ
1612 4587 1805 4640 σποδὸν
1832 4590 2075 4643 κατεπά-

398 4682 589 4732 σαντο,
638 4666 732 4719 καὶ
793 4666 934 4736 μέγα
988 4667 1309 4738 ἀνῴμωξαν.
1368 4669 1485 4722 Νῦν
1533 4671 1693 4725 τοῦτο
1738 4673 1840 4736 τὰς
1891 4676 2076 4740 πόλεις

398 4755 615 4819 ἁπάσας
641 4753 745 4815 τὰς
792 4755 973 4825 κύκλῳ
998 4756 1222 4826 ποιῆσαι
1251 4759 1438 4830 ἐχρῆν,
1480 4760 1577 4813 κα)⁸
1608 4763 1743 4832 πρὸς
1787 4764 1886 4833 τὴν
1921 4766 2074 4818 πόλιν

398 4842 495 4911 τὴν
537 4842 812 4912 ἡμετέραν
837 4843 1032 4906 ἐλθεῖν,
1059 4845 1153 4897 καὶ
1180 4844 1450 4916 θρηνῆσαι
1476 4848 1542 4901 τά
1570 4851 1911 4919 γεγενημένα
1937 4852 2077 4920 μετά

403 4930 747 5000 συμπαθείας
776 4932 1017 5000 ἀπάσης.
1068 4931 1305 4996 Ἐκεῖνος
1335 4933 1430 4986 ἐπὶ
1457 4935 1557 5006 τῆς
1579 4936 1811 5006 κοπρίας
1841 4937 2077 5009 ἐκάθητο

397 5015 540 5079 τότε,
573 5013 709 5086 αὕτη
741 5017 798 5069 ἐν
820 5016 1028 5088 μεγάλῃ
1060 5018 1248 5087 παγίδι
1273 5019 1506 5089 κάθηται
1529 5021 1645 5076 νῦν.
1679 5022 1944 5094 Καθάπερ
1966 5024 2076 5096 γὰρ

393 5103 516 5156 τότε
539 5104 568 5158 6
603 5101 849 5168 διάϐολος
872 5106 951 5167 εἰς
983 5104 1053 5158 τὰ
1084 5106 1311 5176 ποίμνια
1333 5108 1429 5161 καὶ
1450 5108 1519 5161 τά
1546 5108 1821 5179 βουκόλια,
1846 5113 1940 5165 καὶ
1970 5114 2078 5165 πά-

396 5208 495 5246 σαν
547 5191 836 5262 ὠρχήσατο
882 5193 976 5245 τοῦ
1009 5194 1219 5249 δικαίου
1253 5195 1351 5266 τὴν
1384 5196 1572 5250 οὐσίαν
1603 5208 1625 5237 ε
1646 5216 1659 5228 ·
1696 5198 1838 5252 οὑτω
1864 5199 1959 5255 νῦν
1993 5202 2075 5262 εἰς

394 5279 493 5348 τὴν
516 5278 670 5333 πόλιν
696 5280 917 5333 ἃπασαν
946 5279 1299 5351 ἐϐάκχευσεν.
1343 5283 1483 5338 Ἀλλ’
1503 5287 1531 5338 6
1552 5284 1683 5349 Θεὸς
1714 5287 1807 5338 καί¹
1834 5286 1958 5339 τότε
1980 5288 2076 5339 καὶ

395 5365 489 5419 νῦν
528 5365 875 5439 συνεχώρησε
898 5381 910 5393 ·
933 5367 1053 5421 τότε
1082 5369 1200 5439 μὲν,
1230 5370 1317 5423 ἴνα
1341 5369 1431 5423 τὸν
1457 5371 1665 5426 δίκαιον
1694 5372 2075 5444 λαμπρότερον

397 5454 595 5527 ποιήσῃ
641 5453 719 5525 τῷ
757 5454 975 5526 μεγέθει
1011 5454 1121 5508 τῶν
1153 5456 1501 5527 πειρασμῶν,
1535 5456 1630 5511 νῦν
1662 5458 1740 5522 δὲ,
1791 5459 1878 5514 ἵνα
1926 5460 2075 5531 ήμᾶς

397 5540 871 5611 σωφρονεστέρους
929 5541 1236 5611 ἐργάσηται
1292 5544 1360 5612 τῇ
1417 5543 1517 5613 τῆς
1583 5543 1816 5615 θλίψεως
1867 5548 2074 5617 ταύτης

457 5675 594 5752 {Si}
616 5678 844 5752 Saﬂlzet
863 5683 1060 5743 quidam
1092 5697 1231 5752 τηεμ,
1252 5687 1409 5752 τεεὶεί
1454 5684 1510 5734 In
1541 5684 1714 5735 Morel.
1745 5687 1850 5738 haec
1873 5690 2074 5752 desunt,

396 5741 498 5841 περὶ
519 5741 1136 5819 τῆςσυμῧάοηςσυμφορᾶς
1158 5746 1205 5791 ἐν
1235 5751 1293 5806 τῇ
1328 5745 1480 5794 πόλει.

507 5800 657 5841 Sani-
682 5809 734 5841 et
765 5816 892 5841 unus
913 5805 990 5841 Ετσ
1025 5822 1108 5841 nm
1140 5805 1221 5841 m'm
1254 5807 1281 5841 Α
1312 5803 1422 5841 Ἰὼϐ

376 5832 417 5871 ._
455 5800 657 5871 ειεξιτ-ιιι.
682 5800 892 5871 et_un_u_s
913 5800 1108 5871 ὅτίέμὶν
1140 5805 1221 5853 οὖν
1254 5800 1291 5853 δ’
1312 5803 1478 5855 Ἰὼϐ...
1514 5807 1735 5871 ἐκάθητο,
1770 5810 2071 5871 ἀκοῦσαντες.

395 5860 520 5912 Infra
544 5861 693 5909 iidem
716 5860 797 5909 νῦν
823 5864 875 5910 δὲ
895 5860 1052 5914 τοῦτο.

457 5925 482 5957 °
506 5923 608 5974 Alii
633 5924 717 5978 τήν
739 5923 905 5973 οἰκίαν.

2190 3966 2487 4039 ὑπερϐολῇ.
2521 3968 2651 4022 Δότε
2682 3985 2772 4039 μοι
2801 3967 3073 4040 θρηνῆσαι
3097 3966 3165 4022 τά
3189 3967 3455 4039 παρόντα.
3495 3967 3874 4041 Ἐσιγήσαμεν

2183 4056 2399 4129 ἡμέρας
2442 4056 2601 4120 ἐπτά,
2659 4055 2912 4127 καθάπερ
2960 4058 3010 4109 οί
3058 4055 3205 4126 φίλοι
3251 4055 3348 4108 τοῦ
3403 4054 3523 4108 Ἰὼσ
3547 4072 3560 4087 ο
3605 4055 3728 4109 δότε
3779 4071 3873 4126 μοι

2183 4144 2359 4211 στόμα
2385 4142 2569 4214 διᾶραι
2603 4142 2863 4213 σήμερον,
2881 4143 2975 4195 καὶ
3001 4142 3100 4213 τὴν
3128 4141 3315 4214 κοινὴν
3342 4142 3547 4213 ταύτην
3565 4142 3872 4214 ὀδύρασθαι

2182 4230 2489 4302 συμφοράν.
2534 4230 2631 4293 Τίς
2667 4232 2797 4302 ήμῖν
2840 4229 3145 4301 ἐϐάσκηνεν
3178 4229 3230 4296 ἀ,
3271 4231 3576 4301 ἀγαπητοί;
3610 4231 3694 4293 τίς
3730 4233 3872 4300 ἡμῖν

2179 4319 2477 4389 ἐφθόνησε;
2508 4316 2670 4370 πόθεν
2697 4318 2982 4389 ήτοσαύτη
3012 4319 3200 4386 γέγονε
3227 4317 3531 4389 μεταϐολή;
3569 4318 3737 4371 Οὐδὲν
3767 4321 3873 4388 τῆς

2181 4405 2389 4468 πόλεως
2440 4405 2541 4473 τῆς
2594 4405 2872 4475 ήμετέρας
2927 4404 3251 4475 σεμνότερον
3299 4398 3367 4474 ἦν
3390 4419 3407 4434 ·
3459 4404 3610 4457 οὐδὲν
3664 4406 3870 4473 γέγονε

2176 4494 2532 4564 ἐλεεινότερον
2563 4492 2679 4546 νῦν.
2719 4494 2901 4564 Δῆμος
2928 4493 3191 4557 εὔτακτος
3224 4493 3366 4547 οὕτω
3393 4494 3487 4547 καὶ
3514 4495 3741 4567 ἥμερος,
3774 4498 3872 4550 καὶ

2178 4579 2431 4652 καθάπερ
2458 4582 2625 4643 ἵππος
2648 4580 2937 4652 χειροήθης
2959 4582 3053 4635 καὶ
3074 4581 3352 4644 τιθασσὸς,
3377 4583 3465 4635 ἀεὶ
3488 4586 3608 4646 ταῖς
3630 4582 3741 4636 τῶν
3767 4586 3872 4654 ἀρο

2179 4669 2385 4738 χόντων
2415 4669 2579 4722 εἴκων
2616 4671 2824 4740 χερσὶν,
2858 4670 3118 4740 ἐξαίφνης
3136 4671 3391 4725 τοσοῦτον
3424 4674 3555 4742 ήμῖν
3586 4673 3871 4744 ἀπεσκίρ-

2161 4772 2311 4824 .τησε
2348 4755 2464 4820 νῦν,
2495 4756 2570 4819 ὼς
2599 4757 2838 4810 τοσαῦτα
2868 4758 3203 4828 ἐργάσασθαι
3248 4759 3417 4825 κακά,
3443 4759 3479 4812 ἀ
3517 4758 3652 4830 μηδέ
3678 4762 3868 4814 εἰπεῖν

2179 4841 2357 4912 θέμις.
2389 4843 2681 4915 Ὀδύρομαι
2711 4846 2807 4899 καὶ
2832 4845 3015 4916 θρηνῶ
3042 4845 3157 4909 νῦν,
3195 4847 3256 4899 οὑ
3288 4847 3377 4899 διὰ
3404 4847 3465 4899 τὸ
3496 4848 3725 4918 μέγεθος
3758 4850 3871 4919 τῆς

2178 4929 2637 5001 προσδοκωμένης
2680 4932 2931 5001 ἀπειλῆς,
2970 4931 3106 4984 ἀλλά
3147 4932 3236 4986 διά
3280 4932 3377 5003 τὴν
3414 4933 3719 5005 ὑπερϐολὴν
3760 4938 3869 5007 τῆς

2176 5018 2549 5087 γεγενημένης
2584 5019 2803 5087 μανίας.
2835 5020 2897 5085 Et
2932 5020 3043 5088 γὰρ
3068 5019 3145 5091 μὴ
3172 5020 3532 5092 παροξυνθείη
3582 5022 3867 5092 βασιλεὺς,

2183 5103 2319 5174 μηδὲ
2357 5103 2675 5174 ὀργισθείη,
2704 5105 2839 5175 μηδέ
2884 5104 3133 5159 κολάσειε
3172 5105 3268 5159 καὶ
3310 5109 3688 5178 τιμωρήσαιτο
3730 5106 3862 5183 [21]

2175 5191 2290 5254 πῶς
2314 5193 2553 5262 οἴσομεν,
2572 5193 2694 5245 εἰπέ
2717 5210 2829 5263 μοι,
2847 5194 2949 5264 τὴν
2974 5192 3237 5263 αἰσχύνην
3250 5193 3349 5263 τὴν
3365 5192 3475 5246 ἀπὸ
3499 5195 3607 5247 τῶν
3626 5212 3866 5270 γεγενη-

2177 5278 2384 5347 μένων;
2435 5278 2798 5332 Διακόπτεταί
2847 5297 2938 5350 μοι
2985 5281 3084 5350 τῆς
3124 5279 3477 5343 διδασκαλίας
3518 5283 3546 5333 6
3577 5282 3733 5350 λόγος
3776 5285 3863 5355 τῷ

2173 5366 2373 5436 θρήνῳ·
2413 5365 2565 5436 μόλις
2616 5367 2785 5437 ἰσχύω
2821 5369 3001 5437 διᾶραι
3036 5368 3227 5437 στόμα,
3280 5369 3373 5421 καὶ
3400 5369 3608 5435 ἀνοῖξαι
3649 5371 3811 5441 χείλη
3839 5414 3856 5437 ,

2180 5448 2274 5501 καὶ
2307 5448 2531 5518 κινῆσαι
2560 5448 2828 5517 γλῶτταν,
2852 5451 2946 5503 καὶ
2975 5452 3196 5523 ῥήματα
3235 5453 3523 5523 προέσθαι·
3557 5454 3702 5509 οὕτω
3728 5458 3867 5510 καθ.

2180 5537 2323 5608 άπερ
2360 5536 2579 5607 χαλινὸς
2607 5540 2635 5591 6
2656 5539 2756 5609 τῆς
2777 5538 3015 5609 ἀθυμίας
3041 5539 3205 5609 ὄγκος
3224 5542 3558 5612 ἀποστρέφει
3580 5561 3680 5613 μου
3712 5556 3735 5584 ο
3759 5547 3869 5616 τὴν

2176 5622 2443 5690 γλῶτταν,
2474 5625 2571 5677 καὶ
2612 5624 2720 5677 τῶν
2763 5626 3024 5696 ῥημάτων
3062 5627 3517 5699 ἐπιλαμϐάνεται.
3558 5631 3725 5683 Ούδέν
3763 5635 3871 5704 τῆς

2181 5710 2388 5774 πόλεως
2414 5712 2513 5782 τῆς
2535 5713 2811 5783 ἡμετέρας
2845 5715 3107 5786 πρότερον
3148 5714 3565 5787 μακαριώτερον
3591 5713 3679 5788 ἦν,
3710 5719 3872 5773 οὐδὲν

2252 5817 2290 5886 ξί,
2314 5813 2559 5886 Savil.‘e_t._
2577 5816 2776 5886 quigagq
2812 5830 2927 5865 mss.
2953 5818 3023 5873 τίς
3047 5819 3160 5880 ἡμῖν
3184 5819 3463 5881 ἐϐάσκηνεν,
3506 5821 3605 5882 ἆγ.;
3653 5821 3723 5878 τίς
3752 5826 3876 5886 ἡμῖν

2182 5874 2409 5941 ἐφθόνησε
2421 5893 2437 5941 _;
2464 5877 2561 5925 Alii
2730 5878 2820 5925 bis.

2254 5950 2277 5977 α
2302 5936 2450 5987 Savil.
2479 5946 2530 5987 cl
2550 5939 2930 6004 υἰίὶάποστρέφει
2952 5956 3049 6003 μοι.
3074 5941 3180 5989 Mox
3203 5943 3350 6004 aliqui
3386 5943 3598 6005 μέλιτται
3625 5944 3795 6009 κηρίῳ.
