3998 6424
244 369 308 427 53
1200 356 1288 415 AD
1327 308 1649 415 POPiJLUM
1688 348 2201 414 ANTIOCHENUM.
2247 352 2476 409 llOMIL.
2509 351 2571 408 ll.
3472 350 3539 407 5t,

244 499 293 543 et
318 482 494 563 Judaei
516 492 571 539 et
589 480 834 553 gentiles,
851 474 1186 533 Christianos
1205 488 1326 528 esse
1359 470 1586 527 civitatis
1609 484 1834 525 conser-

246 589 471 639 vatores,
506 584 561 630 et
588 580 884 633 curatores,
916 576 972 624 et
993 566 1248 638 praesides
1275 606 1291 633 ,
1331 574 1386 619 et
1425 566 1748 634 magistros:
1782 572 1837 616 et

249 671 380 725 idem
407 669 623 723 discant
649 662 893 720 dissoluti
919 670 974 715 et
995 658 1265 730 perversi,
1298 659 1562 714 timendos
1585 657 1685 712 sibi
1716 670 1838 710 esse

248 762 331 818 Dei
354 774 564 824 servos,
583 765 643 810 ut
670 755 787 810 etsi
812 753 938 824 quid
967 752 1070 805 tale
1091 751 1232 820 loqui
1257 763 1507 819 umquam
1524 747 1837 818 aggredian-

245 863 343 917 tur,
378 866 499 905 sese
527 848 760 917 undique
779 828 1212 915 circumSpiciant
1240 851 1297 897 et
1326 842 1541 896 umbras
1578 839 1832 901 timeant,

245 945 378 1000 anxii
401 958 468 997 uc
493 942 629 996 forte
645 938 876 1013 Christia
887 951 987 992 nus
1002 936 1224 991 audiens
1246 933 1459 998 insiliat,
1485 941 1539 986 et
1558 932 1841 985 vehemen-

247 1038 342 1091 tius
362 1034 573 1106 puniat.
618 1030 735 1087 Non
751 1029 944 1085 audisti
964 1027 1087 1099 quid
1109 1026 1342 1083 Joannes
1377 1023 1603 1079 fecerit?
1628 1021 1837 1092 Tyran-

246 1147 364 1186 num
401 1126 822 1184 vidithominem
846 1123 1148 1193 nuptiarum
1171 1120 1315 1190 leges
1334 1118 1756 1180 subvertentem,
1784 1120 1841 1168 et

244 1236 360 1276 cum
404 1219 599 1274 fiducia
630 1218 681 1272 in
708 1215 884 1271 medio
914 1214 1034 1268 foro
1061 1211 1224 1266 dicit:
1255 1208 1379 1264 Non
1409 1209 1522 1262 licet
1551 1207 1639 1260 tibi
1658 1206 1839 1259 habere

246 1329 446 1367 uxorem
476 1309 710 1381 Philippi
728 1307 897 1381 fratris
924 1306 998 1359 tui
1014 1302 1386 1376 (Marc.6.18).
1406 1302 1517 1371 Ego
1532 1307 1708 1354 autem
1731 1312 1835 1352 non

248 1407 309 1461 ad
332 1415 618 1475 tyrannum
658 1411 711 1458 te
746 1401 912 1466 duxi,
936 1412 1111 1469 neque
1137 1397 1203 1451 ad
1236 1395 1505 1466 judicent,
1538 1407 1712 1462 neque
1742 1405 1839 1460 pro

246 1495 438 1566 nuptiis
474 1493 768 1564 illegitimis
796 1531 811 1555 ,
861 1504 1035 1558 neque
1081 1502 1177 1557 pro
1221 1489 1493 1541 conservis
1517 1481 1836 1537 contumelia

244 1588 463 1651 «ﬂectis,
493 1586 590 1640 sed
630 1599 726 1653 pro
749 1582 928 1637 furore
950 1580 1005 1635 in
1035 1578 1336 1644 Dominum,
1369 1574 1631 1645 aequalem
1663 1582 1718 1626 ut
1752 1587 1839 1625 ca-

244 1679 398 1748 stiges
427 1679 686 1745 deposco.
712 1673 900 1729 Nonne
927 1672 973 1726 si
988 1671 1079 1725 tibi
1102 1669 1379 1732 dixissem,
1413 1679 1567 1734 reges
1597 1664 1677 1718 vel
1696 1663 1840 1733 judi-

243 1783 329 1824 ces
352 1769 768 1839 praevaricantes
792 1764 916 1835 puni
942 1763 1026 1818 vel
1048 1761 1274 1830 corrige,
1308 1773 1395 1812 me
1417 1755 1652 1811 insanire
1679 1754 1841 1808 dixis-

243 1861 367 1918 ses?
409 1862 478 1916 Et
519 1871 699 1915 tamen
726 1858 960 1915 Joannes
1001 1857 1105 1911 hoc
1139 1855 1302 1909 fecit:
1354 1851 1488 1906 adeo
1531 1863 1639 1901 non
1678 1846 1837 1902 estid

241 1970 393 2025 supra
428 1968 551 2009 nos.
583 1952 737 2008 Nunc
751 1965 880 2007 vero
900 1951 1087 2006 saltem
1110 1961 1450 2010 conservum,
1476 1942 1558 1999 vel
1578 1944 1836 2013 aequalem

240 2048 439 2117 corrige
464 2087 481 2113 ,
520 2055 576 2100 et
601 2046 644 2099 si
689 2043 826 2098 mori
855 2057 988 2113 opus
1032 2042 1135 2107 sit,
1190 2041 1453 2110 castigare
1506 2039 1726 2094 fratrem
1770 2052 1837 2092 ne

243 2149 478 2208 torpens:
513 2137 830 2208 martyrium
855 2135 948 2189 tibi
975 2134 1077 2189 hoc
1098 2139 1184 2188 est
1202 2174 1217 2198 ,
1242 2133 1493 2203 quoniam
1523 2141 1574 2186 et
1594 2130 1834 2186 Joannes

242 2241 439 2302 martyr
465 2230 589 2284 fuit.
626 2229 739 2283 Non
766 2228 1065 2283 sacrificare
1075 2227 1260 2298 jussus
1280 2225 1399 2291 fuit,
1431 2240 1607 2295 neque
1630 2223 1833 2278 idolum

244 2323 461 2378 adorare
481 2364 498 2390 ,
533 2322 627 2377 sed
674 2336 769 2392 pro
807 2321 973 2376 sacris
1018 2319 1224 2390 legibus
1257 2317 1531 2373 temeratis
1560 2325 1718 2385 caput
1746 2316 1838 2369 de-

242 2422 439 2489 posuit:
462 2424 526 2472 et
544 2424 595 2468 tu
626 2415 786 2485 igitur
804 2428 903 2483 pro
926 2413 1147 2467 veritate
1173 2426 1341 2481 usque
1369 2410 1434 2463 ad
1462 2419 1689 2463 mortem
1707 2422 1839 2461 eon-

243 2512 475 2576 tende,et
511 2512 651 2564 Deus
680 2505 931 2578 pugnabit
954 2518 1052 2574 pro
1073 2502 1257 2558 te.Nec
1274 2502 1401 2555 mihi
1425 2500 1551 2555 illud
1569 2499 1717 2554 dicas
1742 2498 1839 2553 fri-

241 2603 413 2673 gidum
430 2598 822 2667 verhum,Quid
844 2596 971 2652 mihi
986 2611 1129 2651 cura:
1142 2594 1256 2650 est?
1273 2610 1392 2649 cum
1411 2593 1526 2663 ipso
1556 2605 1842 2647 commune

244 2696 406 2751 habeo
423 2695 583 2749 nihil.
603 2692 734 2747 Cum
747 2691 957 2747 diabolo
974 2690 1088 2745 solo
1104 2703 1387 2744 commune
1405 2686 1536 2740 nihil
1554 2685 1837 2752 habemus,

249 2805 364 2844 cum
418 2787 678 2842 omnibus
739 2793 915 2838 autem
981 2780 1288 2837 hominibus
1353 2779 1515 2833 multa
1581 2778 1840 2833 habemus

241 2885 560 2937 communia.
615 2878 867 2949 Ejusdem
920 2876 1062 2932 enim
1106 2875 1382 2929 nobiscum
1447 2883 1650 2927 natura:
1714 2885 1839 2940 par-

245 2976 423 3045 ticipes
482 2983 610 3027 sunt
652 3013 668 3037 ,
724 2970 967 3025 eamdem
1023 2968 1264 3022 habitant
1307 2978 1501 3020 terram
1547 3005 1562 3029 ,
1624 2962 1842 3017 iisdem-

241 3084 337 3136 que
384 3067 608 3119 aluntur
661 3060 1000 3117 nutrimentis
1045 3102 1061 3123 ,
1102 3058 1348 3114 eumdem
1413 3056 1612 3110 habent
1664 3053 1843 3107 Domi-

242 3174 359 3213 num
382 3200 396 3219 ,
420 3156 643 3212 easdem
685 3162 944 3224 ceperunt
976 3153 1156 3223 leges,
1204 3149 1272 3204 ad
1320 3148 1507 3203 eadem
1556 3144 1835 3199 nobiscum

446 3276 1749 3302 _________________.._____———

243 3291 431 3306 *ρ-

1943 467 2083 522 bona
2126 466 2438 521 invitantur.
2486 464 2566 522 Ne
2622 465 2782 538 igitur
2810 467 3051 522 dicamus
3090 482 3189 523 nos
3217 464 3348 522 nihil
3389 481 3537 522 com—

1947 575 2108 615 mune
2128 573 2248 613 cum
2280 560 2410 628 ipsis
2440 559 2638 614 habere
2662 577 2675 613 :
2706 560 2942 615 satanica
2962 571 3045 615 est
3072 564 3169 616 ista
3193 575 3317 624 vox,
3345 559 3534 615 diabo—

1944 648 2044 703 lica
2095 648 2475 704 inhumanitas.
2531 648 2608 703 Ne
2646 649 2805 719 igitur
2846 650 2963 704 hinc
3008 651 3270 718 dicamus,
3294 651 3387 707 sed
3415 666 3542 706 con-

1941 757 2127 811 grtiam
2159 741 2410 796 fratribus
2438 756 2621 795 curam
2658 742 3025 797 exliilieamus.
3070 743 3184 813 Ego
3227 751 3407 798 autem
3438 743 3539 798 hoc

1940 847 2065 886 cum
2093 833 2238 886 omni
2277 832 2538 900 polliceor
2565 833 2906 888 accuratione
2934 875 2949 898 ,
2993 840 3049 887 ct
3088 832 3237 888 vobis
3286 834 3539 889 omnibus

1947 925 2218 993 spondeo:
2246 923 2387 995 quod
2409 923 2454 978 si
2477 938 2574 979 vos
2590 938 2779 979 omnes
2804 923 2891 979 hic
2920 935 3211 994 prtesentes
3228 925 3424 980 civium
3449 940 3537 979 sa-

1946 1015 2111 1070 lutem
2137 1030 2328 1070 curare
2356 1014 2632 1069 volueritis
2665 1057 2681 1082 ,
2708 1015 2858 1071 brevi
2886 1024 2999 1069 tota
3026 1016 3182 1070 nobis
3211 1016 3399 1071 civitas
3420 1031 3541 1071 eor-

1946 1108 2178 1178 rigetur:
2216 1108 2425 1163 tametsi
2448 1108 2665 1162 minima
2679 1108 2794 1179 ejus
2812 1123 2935 1179 pars
2963 1108 3048 1162 hic
3069 1116 3171 1175 est,
3202 1109 3543 1165 multitudine

1949 1202 2205 1265 minima,
2239 1201 2334 1255 sed
2368 1202 2566 1272 pietate
2593 1218 2823 1257 summa.
2861 1202 3240 1271 Dispensemus
3266 1203 3426 1274 igitur
3450 1217 3538 1258 sa-

1945 1293 2108 1348 lutem
2167 1296 2388 1349 fratrum
2428 1305 2766 1360 nostrorum;
2813 1295 3007 1351 sufficit
3045 1311 3182 1351 unus
3227 1297 3387 1352 homo
3418 1298 3540 1353 fidei

1946 1386 2061 1440 zelo
2089 1401 2383 1441 succensus
2409 1387 2477 1442 ad
2510 1397 2677 1442 totum
2702 1388 3076 1458 corrigendum
3112 1389 3382 1459 populum.
3404 1392 3536 1445 Cum

1945 1494 2075 1533 vero
2102 1494 2206 1533 non
2239 1495 2377 1535 unus
2408 1488 2634 1545 tantum,
2659 1495 2833 1549 neque
2857 1478 2965 1534 duo
2994 1480 3075 1535 vel
3108 1488 3237 1545 tres,
3268 1480 3364 1535 sed
3392 1488 3536 1535 tanta

1944 1572 2014 1624 sit
2040 1570 2356 1636 multitudo,
2402 1586 2523 1640 quze
2563 1570 2943 1641 negligentium
2977 1587 3161 1627 curam
3188 1573 3356 1643 possit
3381 1573 3542 1628 attin-

1942 1679 2089 1733 gere,
2121 1680 2226 1718 non
2256 1664 2471 1720 aliunde
2490 1707 2505 1730 ,
2539 1680 2699 1734 quam
2726 1680 2821 1735 per
2842 1673 3114 1736 torporem
3140 1676 3379 1722 vestrum
3401 1709 3415 1732 ,
3444 1683 3543 1723 nec

1945 1771 2038 1825 per
2068 1756 2429 1812 infirmitatem
2453 1758 2633 1826 plures
2664 1769 2892 1827 pereunt
2943 1767 3000 1813 et
3043 1759 3315 1814 labuntur.
3341 1761 3535 1814 Annon

1945 1847 2237 1902 absurdum
2269 1889 2283 1914 ,
2317 1850 2360 1903 si
2390 1864 2621 1919 pugnam
2654 1849 2869 1920 quidem
2897 1849 2950 1903 in
2991 1849 3107 1904 foro
3138 1850 3446 1915 videamus,
3475 1865 3542 1905 eo

1943 1940 2203 1995 accedere
2221 1950 2277 1995 et
2323 1951 2623 2011 pugnantes
2674 1942 3000 1997 conciliare:
3064 1942 3191 2011 quid
3246 1957 3373 1998 vero
3419 1942 3540 1998 dico

1942 2033 2218 2104 pugnam?
2240 2034 2284 2088 si
2311 2035 2522 2089 asinum
2549 2034 2810 2088 cecidisse
2838 2034 3133 2089 viderimus
3161 2076 3176 2101 ,
3208 2049 3396 2090 omnes
3426 2049 3539 2089 ma-

1943 2142 2070 2180 num
2103 2128 2393 2197 porrigere,
2427 2135 2482 2181 et
2505 2126 2705 2196 pariter
2735 2125 2943 2196 erigere
2968 2144 2981 2180 :
3014 2125 3237 2181 fratrum
3267 2142 3396 2180 vero
3417 2142 3539 2196 pcr-

1940 2218 2181 2273 euntinm
2212 2233 2394 2272 curam
2427 2217 2624 2272 habere
2649 2216 2890 2270 nullam?
2921 2218 3117 2271 Asinus
3160 2224 3244 2270 est
3287 2215 3538 2286 blasphe-

1944 2323 2094 2370 mus;
2127 2308 2417 2363 iracundia:
2443 2307 2654 2378 pondus
2685 2323 2793 2361 non
2822 2306 3032 2374 ferens,
3055 2307 3279 2363 cecidit:
3312 2306 3533 2375 accede,

1944 2401 2090 2469 erige
2110 2399 2307 2463 verbis,
2340 2398 2496 2453 factis
2526 2440 2542 2466 ,
2575 2398 2796 2453 lenitate
2817 2440 2832 2465 ,
2867 2398 3208 2454 vehementia
3238 2441 3254 2466 ,
3286 2399 3431 2453 varia
3472 2400 3542 2454 sit

1944 2491 2229 2546 medicina.
2253 2491 2407 2559 Quod
2436 2490 2479 2545 si
2509 2499 2694 2545 nostra
2737 2491 2814 2545 sic
2854 2490 3200 2560 disponamus
3224 2531 3241 2558 ,
3272 2498 3327 2546 et
3353 2503 3537 2560 proxi-

1944 2599 2155 2638 morum
2187 2584 2415 2639 salutem
2456 2584 2829 2653 suscipiamus,
2860 2583 2967 2637 cito
2992 2591 3049 2639 et
3073 2583 3176 2638 illis
3202 2584 3332 2653 ipsis
3358 2598 3542 2639 corre-

1945 2676 2177 2731 ctionem
2199 2675 2607 2730 admittentibus
2631 2674 3015 2730 desiderabiles
3030 2675 3231 2731 erimus
3255 2684 3311 2729 et
3339 2675 3542 2731 amabi-

1946 2767 2051 2833 les,
2082 2776 2141 2821 et
2175 2766 2318 2837 quod
2367 2765 2617 2821 omnibus
2662 2766 2834 2832 majus
2854 2775 2936 2820 est
2961 2807 2976 2833 ,
3008 2764 3258 2835 repositis
3302 2764 3542 2820 fruemur

1948 2859 2104 2914 bonis
2136 2899 2152 2926 ,
2183 2874 2303 2928 qua:
2338 2874 2437 2913 nos
2459 2871 2648 2912 omnes
2674 2856 2896 2927 adipisci
2925 2857 3199 2927 contingat
3227 2897 3242 2922 ,
3272 2858 3440 2926 gratia
3487 2864 3543 2910 et

1947 2950 2277 3022 benignitate
2308 2950 2520 3004 Domini
2552 2949 2720 3003 nostri
2751 2947 2879 3003 Jesu
2915 2948 3110 3003 Christi
3140 2989 3154 3014 ,
3180 2964 3276 3018 per
3300 2963 3459 3018 quem
3486 2959 3543 3002 et

1946 3060 2069 3099 cum
2096 3059 2202 3114 quo
2225 3043 2367 3097 Patri
2390 3052 2443 3097 et
2468 3042 2665 3098 Sancto
2690 3040 2912 3110 Spiritui
2936 3041 3124 3110 gloria,
3161 3050 3420 3108 potestas,
3447 3039 3542 3093 ho-

1950 3155 2070 3204 nor,
2105 3151 2244 3192 nunc
2265 3145 2321 3191 et
2345 3151 2580 3205 semper,
2607 3144 2661 3190 et
2690 3135 2741 3188 in
2760 3135 2954 3189 sarcula
2978 3136 3316 3189 szeculorum.
3345 3135 3539 3187 Amen.

1500 3383 1848 3447 HOMlLlA
1886 3380 2270 3452 SECUNDA,

250 3590 605 3636 ANTIOCHIE
665 3587 899 3630 HABI'I‘A
955 3584 1020 3627 IN
1068 3580 1365 3625 ECCLESIA
1408 3578 1597 3620 DICTA
1630 3576 1886 3631 VETEBI,

1951 3574 2082 3618 CUM
2128 3573 2264 3615 IPSE
2309 3571 2675 3613 pnesnv'reu
2713 3568 2926 3625 ESSET,
2963 3569 3046 3610 DE
3100 3568 3532 3622 CALAMITATE,

321 3696 460 3748 QUE
510 3690 658 3735 URBI
698 3686 952 3732 ACCIDIT
994 3683 1115 3727 PRO
1170 3678 1472 3724 TUMULTU
1541 3675 1986 3721 SUBVERSIONIS
2055 3673 2379 3716 IMAGINUM
2432 3670 2780 3713 THEODOSII
2845 3669 3047 3713 MAGNI
3102 3669 3530 3713 IMPERATORIS

323 3800 428 3853 PII,
476 3797 562 3839 ET
617 3793 683 3836 IN
727 3789 969 3833 DICTUM
1012 3783 1329 3837 APOSTOLI,
1374 3778 1698 3822 DIVITIBUS
1740 3777 1940 3819 HUJUS
1984 3774 2218 3818 SECULI
2266 3772 2550 3814 PRECIPE
2610 3771 2728 3813 NON
2798 3769 3071 3813 SUBLIME
3126 3770 3365 3812 SAPERE
3438 3753 3531 3832 (ῐ.

325 3883 476 3944 Tim.
525 3879 587 3938 6.
634 3874 709 3937 17
742 3874 803 3954 ):
852 3890 931 3932 ενι·
972 3887 1219 3930 CONTRA
1252 3880 1629 3926 sumus-aa.

321 4166 372 4222 l.
401 4161 544 4233 Quid
569 4160 762 4221 diram,
786 4164 878 4208 aut
897 4152 1021 4224 quid
1050 4146 1279 4220 loquar?
1304 4146 1659 4215 laerymarum
1701 4155 1841 4209 prae-

256 4273 373 4313 sens
393 4266 741 4323 tempus,non
768 4248 1074 4303 verborum:
1095 4244 1466 4302 luctuum,non
1489 4249 1798 4291 sermonum
1826 4251 1840 4287 :

260 4347 577 4421 premtionis
610 4386 625 4410 ,
682 4358 786 4397 non
832 4336 1125 4394 conciouis.
1174 4333 1340 4387 Tanta
1398 4336 1725 4400 patratorum
1762 4333 1846 4381 est

259 4417 585 4510 magnitudo,
620 4444 725 4489 tam
742 4427 1132 4487 immedicabile
1148 4424 1357 4488 vulnus,
1377 4431 1482 4474 tam
1500 4428 1646 4471 vasta
1672 4417 1843 4485 plaga,

260 4541 309 4587 ct
333 4532 481 4586 omni
509 4526 863 4584 medicamine
887 4522 1059 4591 major
1079 4562 1095 4587 ,
1126 4527 1182 4574 et
1220 4529 1450 4587 superno
1478 4511 1722 4581 indigens
1747 4524 1843 4563 au-

266 4624 407 4677 tilio.
434 4623 528 4678 Sic
549 4621 690 4675 enim
723 4628 777 4673 et
799 4616 903 4672 Job
931 4612 1180 4669 omnibus
1207 4608 1421 4664 amissis
1458 4607 1510 4660 in
1544 4604 1670 4658 limo
1695 4601 1849 4656 sede-

264 4712 485 4782 hat(Job
513 4711 569 4766 ‘2.
617 4714 698 4777 8),
739 4717 795 4763 et
814 4705 1086 4763 audientes
1102 4701 1259 4758 amici
1279 4695 1849 4764 accesserunt,ipsum-

262 4822 362 4875 qne
387 4803 572 4875 procul
597 4799 888 4872 conspicati
921 4782 1249 4854 discideru'nt
1280 4791 1595 4848 vestimenta
1619 4830 1633 4849 .
1663 4796 1716 4842 et
1736 4784 1839 4841 sibi

264 4898 496 4953 cinerem
545 4895 910 4964 insperserunt
936 4930 953 4955 ,
993 4895 1048 4944 et
1110 4885 1460 4941 vehementer
1520 4879 1847 4949 ingemuere.

268 4989 405 5045 ldem
433 5003 575 5043 nunc
601 4986 779 5041 facere
808 4982 1012 5038 vicinas
1040 4991 1228 5035 omnes
1259 4976 1503 5031 civitates
1528 4969 1847 5040 oportebat,

268 5081 330 5135 ad
368 5081 553 5136 urbem
599 5086 838 5133 nostram
882 5071 1068 5128 venire
1092 5111 1106 5135 ,
1148 5078 1201 5124 et
1246 5082 1363 5137 qure
1398 5062 1701 5119 acciderant
1729 5075 1851 5116 cum

269 5173 413 5228 omni
453 5167 921 5228 commiseratione
957 5161 1177 5219 deflere.
1231 5160 1324 5214 llle
1366 5158 1419 5212 in
1454 5165 1692 5211 stercore
1729 5162 1855 5209 tunc

272 5266 506 5328 sedebat,
534 5265 652 5319 lure
685 5261 738 5315 in
775 5271 968 5329 magno
995 5255 1188 5325 laqueo
1235 5265 1379 5306 nunc
1408 5246 1671 5304 considet.
1706 5245 1857 5301 Sient

272 5362 411 5415 enim
439 5369 566 5415 tunc
594 5355 838 5413 diabolus
862 5355 914 5408 in
942 5365 1131 5423 greges
1168 5357 1222 5403 et
1257 5352 1499 5402 armenta
1520 5387 1535 5409 ,
1562 5352 1615 5399 et
1640 5356 1856 5398 omnem

274 5453 401 5522 justi
427 5450 778 5507 substantiam
808 5445 1027 5502 insiliit:
1059 5445 1137 5498 sic
1164 5455 1307 5495 nunc
1338 5439 1391 5493 in
1418 5451 1632 5492 omnem
1667 5434 1856 5489 civita-

277 5555 435 5599 tatem
457 5541 813 5599 debacchatus
831 5546 930 5594 est.
957 5536 1063 5593 Sed
1086 5535 1226 5589 Deus
1246 5540 1301 5586 et
1330 5539 1458 5585 tunc
1477 5538 1531 5584 et
1562 5542 1704 5584 nunc
1737 5541 1860 5596 per-

282 5637 448 5692 misit:
493 5646 622 5692 tunc
664 5633 913 5705 quidem,
959 5642 1021 5686 ut
1056 5629 1259 5699 justum
1298 5623 1580 5680 clariorem
1614 5619 1863 5676 redderet

285 5729 624 5786 lentationum
657 5723 1051 5796 magnitudine;
1082 5731 1225 5775 nunc
1261 5732 1392 5773 vero
1420 5758 1434 5783 ,
1466 5725 1525 5770 ut
1549 5729 1649 5770 nos
1674 5712 1860 5769 mode~

288 5828 470 5880 sumes
496 5817 924 5889 :crnmntehujns
950 5811 1314 5886 magnitudine
1337 5808 1542 5866 reddat.
1566 5808 1696 5862 Date
1713 5804 1865 5871 mihi,

1950 4152 2008 4196 ut
2030 4140 2308 4212 pra‘senlia
2337 4139 2567 4209 lugeam.
2598 4136 2886 4191 Tacuimus
2913 4135 3027 4191 dies
3058 4144 3263 4205 septem
3286 4177 3299 4199 ,
3325 4135 3463 4189 sicut
3487 4145 3543 4189 et

1951 4234 2106 4289 amici
2137 4234 2240 4287 Job
2265 4229 2384 4301 (Job
2403 4233 2459 4290 2.
2494 4233 2558 4287 15
2576 4233 2625 4301 ):
2653 4230 2930 4286 concedite
2954 4229 3110 4285 hodie
3128 4238 3183 4284 ut
3209 4244 3267 4283 os
3288 4231 3547 4298 aperiam,

1956 4335 2013 4377 et
2037 4323 2174 4378 hanc
2197 4338 2532 4379 communem
2562 4323 2769 4391 lugeam
2797 4321 3173 4375 calamitatem.
3220 4319 3350 4386 Quis
3391 4320 3548 4374 nobis

1956 4410 2656 4483 invidit,charissitu?quis
2687 4413 2738 4467 in
2770 4428 2871 4467 nos
2896 4412 3066 4485 livore
3094 4420 3397 4468 commotus
3418 4415 3544 4467 est?

1957 4507 2096 4563 unde
2124 4515 2268 4561 tanta
2294 4505 2429 4560 facta
2457 4514 2539 4560 est
2579 4505 2849 4560 mutatio?
2882 4504 3022 4559 Nihil
3050 4503 3222 4559 fuerat
3248 4512 3434 4558 nostra
3462 4503 3539 4557 ci-

1956 4603 2120 4655 vitate
2139 4599 2530 4655 venerabilius:
2559 4598 2687 4652 nihil
2706 4611 2847 4653 nunc
2863 4608 2946 4653 est
2963 4597 3339 4653 miserabilius.
3373 4596 3549 4666 Popu-

1956 4694 2039 4748 lus
2070 4702 2177 4747 tam
2206 4692 2536 4762 compositus
2574 4700 2628 4745 et
2680 4698 2989 4744 mansuetus
3018 4730 3032 4754 ,
3065 4689 3212 4743 velut
3238 4703 3405 4758 equus
3445 4696 3552 4742 tra-

1961 4788 2174 4842 ctabilis
2219 4798 2274 4841 et
2327 4786 2568 4856 placidus
2620 4798 2834 4853 semper
2861 4781 3249 4837 accersentium
3302 4781 3550 4835 manibus

1957 4879 2189 4945 cedens,
2220 4887 2443 4948 repente
2483 4886 2685 4931 tantum
2719 4889 2861 4929 nunc
2901 4874 3057 4929 nobis
3098 4873 3291 4928 resiliit
3317 4914 3333 4939 ,
3368 4881 3426 4928 ut
3471 4880 3551 4928 tot

1959 4973 2096 5027 mala
2124 4969 2348 5035 fecerit,
2387 4979 2516 5039 quot
2542 4983 2723 5037 neque
2737 4967 2918 5022 dicere
2943 4965 3039 5019 fas.
3067 4964 3357 5019 Lamentor
3385 4974 3440 5019 et
3468 4965 3553 5019 ln-

1959 5078 2060 5134 geo
2105 5076 2247 5117 nunc
2277 5103 2293 5127 ,
2347 5075 2453 5115 non
2502 5068 2720 5129 propter
2766 5065 3094 5126 exspectata:
3121 5051 3557 5110 comminationis

1960 5153 2404 5224 magnitudinem,
2428 5149 2524 5206 sed
2555 5158 2774 5219 propter
2802 5147 3021 5201 nimiam
3050 5156 3381 5216 patratorum
3411 5146 3559 5200 insa-

1963 5247 2127 5300 niam.
2158 5244 2306 5299 Licet
2340 5243 2484 5297 enim
2530 5257 2636 5296 non
2678 5241 2977 5296 irritaretur
3006 5237 3307 5309 Imperator
3335 5280 3349 5303 ,
3384 5253 3557 5307 neque

1964 5338 2178 5407 puniret
2201 5344 2256 5389 et
2283 5336 2588 5402 castigaret,
2615 5331 2909 5402 quomodo,
2939 5331 3027 5388 dic
3057 5330 3185 5384 mihi
3211 5372 3226 5393 ,
3262 5329 3556 5382 facinorum

1965 5427 2311 5501 ignominiam
2342 5424 2650 5480 ferremus?
2695 5425 2866 5480 Luctu
2907 5422 3245 5478 interciditur
3291 5417 3423 5472 mihi
3457 5418 3563 5474 do-

1965 5521 2154 5575 ctrina:
2194 5531 2394 5583 sermo,
2433 5516 2519 5570 vix
2545 5529 2606 5569 os
2648 5529 2893 5570 reserare
2912 5514 3065 5568 valeo
3089 5520 3141 5566 et
3171 5511 3303 5563 labia
3325 5522 3560 5577 aperire,

1969 5612 2200 5683 linguam
2231 5625 2448 5665 movere
2469 5619 2523 5663 et
2550 5609 2795 5663 emittere
2818 5606 3010 5662 verba:
3054 5604 3134 5657 sic
3160 5613 3427 5671 tamquam
3451 5602 3559 5658 fre-

1969 5720 2096 5760 num
2123 5704 2324 5759 doloris
2350 5702 2432 5755 vis
2459 5700 2681 5770 impedit
2708 5698 2939 5766 linguam
2962 5709 3136 5749 meam
3161 5735 3178 5763 ,
3209 5702 3265 5750 et
3293 5692 3453 5749 verba
3478 5692 3561 5747 in-

1972 5798 2202 5867 tercipit.
2234 5793 2375 5851 Nihil
2400 5791 2615 5849 civitate
2643 5796 2824 5844 nostra
2845 5786 2995 5858 prius
3017 5795 3134 5841 erat
3161 5787 3400 5852 beatius;
3429 5781 3564 5839 nihil
