3998 6454
442 356 508 411 3‘5
1191 352 1249 407 S.
1272 351 1391 407 JOA
1400 348 1556 406 NNIS
1595 346 2067 405 CHRYSOSTOMI
2090 344 2407 401 ARCHIEP.
2438 345 2973 404 CONSTANTINOP.

445 479 585 521 nunc
614 465 972 533 iniucundius.
1018 462 1478 530 Quemadmodum
1506 476 1633 532 apes
1663 461 2028 515 bombizantes

444 560 676 623 alveare,
706 558 783 612 sic
804 557 974 612 forum
1003 572 1097 625 per
1122 555 1360 623 singulos
1385 555 1499 609 dies
1514 554 1659 608 cives
1681 551 2031 608 circumvola-

444 650 607 715 bant,
640 661 693 703 et
729 664 915 703 omnes
944 647 1010 701 de
1051 648 1150 701 hac
1198 663 1295 700 nos
1342 644 1682 700 multitudine
1724 644 1911 699 beatos
1938 658 2032 696 vo-

443 742 658 795 cabanl.

512 835 934 888 Amice/tenerum
956 833 1218 886 calamitas
1235 843 1345 903 post
1366 832 1584 900 dejeclas
1603 839 1816 884 statuas.
1838 858 1906 868 —
1923 826 2030 882 Sed

441 942 568 982 ecce
593 941 731 980 nunc
758 924 859 979 hoc
880 924 1091 978 alveare
1109 921 1402 977 solitarium
1425 921 1687 978 redditum
1705 930 1787 974 est
1811 937 1826 974 :
1848 933 2033 989 quem-

439 1018 727 1074 admodum
768 1017 909 1071 cnim
938 1032 1066 1086 apes
1097 1016 1211 1069 illas
1241 1015 1415 1068 fumus
1435 1056 1450 1079 ,
1486 1014 1565 1068 sic
1590 1014 1687 1067 has
1712 1026 1840 1080 apes
1875 1010 2033 1064 timor

440 1109 641 1182 fugavit
673 1127 686 1162 :
721 1109 828 1163 imo
857 1108 1032 1178 potius
1062 1107 1202 1175 quod
1230 1106 1298 1161 de
1330 1105 1624 1161 Jerusalem
1661 1103 1919 1175 prOpheta
1949 1103 2032 1156 lu-

441 1216 574 1269 gens
594 1201 762 1267 dixit,
792 1201 895 1254 hoc
923 1209 976 1254 et
1005 1214 1102 1253 nos
1139 1199 1206 1253 ad
1248 1213 1482 1267 prresens
1517 1206 1727 1265 tempus
1756 1195 2029 1259 dicemus,

442 1292 606 1347 Facta
643 1302 714 1348 est
754 1292 897 1346 nobis
934 1292 1108 1345 civitas
1138 1301 1192 1344 ut
1222 1290 1522 1344 terebinthus
1551 1289 1755 1359 objectis
1787 1288 1922 1357 foliis
1941 1327 1957 1353 ,
1989 1298 2034 1340 et

439 1396 696 1455 tamquam
724 1384 900 1438 hortus
924 1400 1106 1454 aquam
1127 1399 1227 1436 non
1253 1381 1437 1435 habens
1458 1380 1509 1451 (1
1516 1381 1609 1434 sai.
1634 1381 1683 1434 1.
1709 1378 1821 1449 50).
1840 1379 2037 1446 anm-
2085 1391 2093 1396 ·

440 1476 728 1534 admodum
750 1476 891 1531 enim
918 1475 1104 1531 hortus
1127 1474 1407 1529 deficiente
1434 1473 1739 1542 irrigatione
1764 1471 1902 1527 foliis
1929 1471 2037 1540 pri-

441 1580 591 1623 vatas
629 1578 685 1623 et
724 1569 983 1624 fructibus
1024 1568 1193 1622 nudas
1238 1568 1456 1621 arbores
1502 1565 1716 1619 exhibet
1761 1581 1774 1618 :
1819 1563 1938 1617 talis
1982 1571 2037 1617 et

443 1661 630 1715 civitas
659 1660 813 1714 nobis
841 1659 972 1714 facta
1001 1667 1100 1715 est.
1133 1658 1395 1727 Supremo
1431 1657 1572 1710 enim
1599 1655 1853 1710 destituta
1887 1654 2038 1709 auxi-

443 1751 548 1816 lio,
591 1751 825 1804 solitaria
876 1750 1166 1815 remansit,
1212 1748 1459 1802 omnibus
1498 1746 1609 1802 fere
1649 1746 2037 1801 habitatoribus

444 1843 661 1897 nudata.
702 1843 843 1897 Nihil
878 1844 1047 1912 patria
1074 1842 1309 1909 dulcius,
1340 1841 1433 1897 sed
1464 1856 1606 1896 nunc
1640 1839 1772 1895 nihil
1806 1840 2037 1894 amarius

444 1936 639 1991 factum
671 1947 770 1991 est.
812 1936 1009 1991 Otones
1040 1945 1234 1991 terram
1267 1952 1387 2005 qua:
1419 1951 1478 1989 se
1513 1936 1629 1989 tulit
1661 1943 1926 2003 tamquam
1957 1933 2037 1987 la-

444 2044 639 2097 queum
673 2029 910 2098 fugiunt,
943 2028 1200 2083 deserunt
1238 2037 1505 2097 tamquam
1536 2025 1864 2092 barathrum,
1898 2034 2036 2078 tam-

370 2106 377 2107 ,
444 2137 603 2190 «lnam
632 2121 700 2175 ab
731 2123 849 2190 igne
890 2121 1156 2175 resiliunt.
1189 2120 1254 2173 Et
1291 2120 1427 2174 sicut
1453 2118 1613 2173 domo
1642 2120 1764 2187 igne
1793 2126 2036 2185 correpta

445 2230 548 2268 non
578 2224 780 2268 tantum
810 2214 1028 2270 domum
1061 2214 1377 2276 habitantes,
1403 2211 1498 2266 sed
1523 2222 1576 2267 ct
1603 2226 1789 2268 omnes
1812 2211 2037 2280 proximi

442 2322 563 2359 cum
606 2307 768 2359 multa
814 2320 873 2361 se
915 2304 1177 2373 recipiunt
1214 2303 1581 2365 festinatione,
1611 2301 1810 2356 nudum
1845 2315 2039 2370 corpus

444 2414 657 2452 servare
683 2398 957 2452 studentes
981 2416 992 2449 :
1023 2399 1101 2451 sic
1119 2409 1171 2452 et
1194 2412 1332 2451 nunc
1350 2397 1477 2451 dum
1500 2396 1645 2465 regia
1673 2396 1747 2448 ira
1772 2404 2039 2465 tamquam

447 2489 657 2544 ﬂantum
684 2489 926 2558 quaedam
950 2503 1180 2557 superne
1208 2496 1567 2557 exspectatur,
1596 2486 1902 2556 priusquam
1929 2499 2044 2539 sen-

446 2581 546 2634 sim
595 2579 943 2649 progrediens
983 2580 1049 2633 ad
1097 2580 1238 2648 ipsos
1290 2578 1563 2650 perveniat
1606 2578 1777 2648 ignis,
1821 2577 2044 2648 quilibet

449 2672 593 2740 prius
613 2672 781 2737 exire,
806 2680 861 2726 et
887 2672 1082 2725 nudum
1106 2687 1299 2741 corpus
1322 2687 1539 2726 servare
1560 2670 1772 2725 festinat
1797 2688 1809 2724 :
1838 2682 1891 2724 et
1914 2671 2045 2725 :cni-

447 2778 569 2831 gma
593 2778 731 2817 DllllC
754 2762 889 2818 facta
909 2774 990 2817 est
1017 2763 1227 2817 miseria
1257 2773 1433 2818 nostra
1464 2780 1478 2817 :
1502 2762 1617 2817 sine
1639 2763 1876 2816 hostibus
1900 2761 2041 2831 fuga,

451 2853 566 2906 sine
591 2869 758 2924 pugna
784 2853 1196 2923 transmigratio,
1222 2864 1273 2907 et
1293 2853 1409 2908 sine
1430 2853 1575 2907 urbis
1595 2853 1803 2908 excidio
1826 2853 2046 2923 captivi-

454 2957 534 2999 tas
564 2963 578 3000 :
611 2962 714 3001 non
740 2947 969 3001 vidimus
1008 2946 1340 3001 barbaricum
1374 2947 1577 3016 ignem,
1611 2961 1782 3014 neque
1813 2945 2042 3001 hostium

451 3041 627 3094 vultus
664 3034 1021 3108 spectavimus
1043 3081 1055 3103 ,
1093 3048 1147 3093 et
1186 3054 1247 3091 ea
1283 3054 1401 3108 qua:
1435 3038 1576 3108 capti
1615 3037 1863 3107 patimur.
1892 3037 2046 3092 Nunc

450 3146 640 3185 omnes
668 3130 881 3184 discunt
910 3128 1238 3183 calamitates
1268 3136 1477 3182 nostras
1507 3146 1519 3182 :
1549 3137 1762 3182 nostros
1785 3127 1926 3182 enim
1953 3143 2045 3181 ex-

451 3222 593 3275 sules
620 3219 990 3289 suscipientes,
1024 3220 1091 3273 ab
1122 3220 1223 3274 illis
1250 3219 1479 3273 civitatis
1504 3218 1709 3273 cladem
1740 3219 1978 3274 audiunt.

521 3310 576 3364 ‘2.
609 3310 716 3365 Sed
758 3326 861 3365 non
905 3324 1067 3379 super
1107 3310 1210 3365 hoc
1245 3309 1572 3375 confundor,
1607 3325 1706 3364 nec
1740 3310 1996 3365 erubesco
2030 3328 2043 3363 :

453 3417 641 3457 omnes
668 3402 967 3471 intelligant
1003 3401 1230 3455 civitatis
1258 3400 1523 3470 pericula,
1556 3409 1613 3453 ut
1648 3400 1804 3455 matri
1841 3401 2047 3455 condo-

455 3495 664 3555 lentes,
692 3507 1031 3546 communem
1068 3492 1135 3546 ab
1171 3491 1315 3545 omni
1358 3502 1496 3545 terra
1538 3491 1603 3545 ad
1652 3493 1817 3546 Deum
1862 3508 2046 3548 vocem

457 3584 735 3647 extollant,
766 3592 820 3638 et
848 3583 1170 3638 unanimiter
1191 3597 1525 3637 communem
1556 3583 1791 3637 omnium
1823 3592 2046 3638 matrem

456 3683 511 3728 et
529 3674 767 3727 altricem
790 3687 817 3725 a
837 3673 1088 3727 ctelornm
1113 3673 1258 3742 Rege
1279 3673 1587 3741 deposcant.
1619 3674 1771 3729 Prius
1791 3689 2049 3729 concussa

457 3774 541 3821 est
573 3764 724 3818 nobis
756 3764 880 3819 urbs
900 3806 913 3828 ,
944 3779 1086 3818 nunc
1125 3764 1254 3833 ipsa:
1298 3765 1651 3820 habitatorum
1694 3767 1885 3821 anima:
1917 3781 2051 3836 qua-

459 3858 660 3910 tiuntur
707 3871 723 3910 :
764 3866 890 3910 tunc
932 3855 1212 3909 domorum
1261 3854 1598 3911 fundamenta
1643 3858 2049 3927 quatiebantur,

458 3963 598 4003 nunc
626 3948 735 4017 ipsa
764 3948 1020 4016 cujusque
1045 3947 1222 4001 cordis
1253 3947 1355 4001 ima
1385 3958 1811 4015 commoventur,
1839 3958 1893 4003 et
1919 3966 2051 4017 quo-

461 4038 588 4091 tidie
619 4047 743 4092 ante
768 4038 953 4092 oculos
989 4048 1201 4092 nostros
1234 4053 1422 4092 omnes
1463 4049 1687 4093 mortem
1725 4040 2011 4109 aspicimus
2034 4081 2048 4104 ,

459 4129 510 4183 in
538 4130 793 4184 continuo
822 4129 1049 4184 vivimus
1077 4128 1298 4194 timore,
1326 4138 1380 4183 et
1405 4128 1536 4184 Cain
1577 4146 1787 4199 pinnam
1818 4133 2051 4187 sustine-

459 4237 598 4283 mus,
627 4220 755 4274 olim
785 4234 1057 4275 carcerem
1088 4219 1449 4274 habitantibus
1478 4220 1829 4275 miserabilius
1855 4221 2047 4288 affecti,

458 4322 514 4366 et
559 4310 869 4366 obsessione
913 4311 1158 4364 inusitata
1201 4309 1429 4380 quadam
1469 4318 1523 4365 et
1559 4326 1695 4364 nova
1733 4311 1973 4374 obsessi,
2002 4325 2055 4365 et

459 4419 618 4472 quam
646 4402 932 4472 cogitatum
960 4402 1033 4456 sit
1059 4403 1321 4472 graviore.
1364 4403 1572 4458 Etenim
1604 4404 1679 4458 illi
1719 4405 1932 4474 quidem
1965 4407 2053 4475 qni

461 4493 530 4547 ab
568 4494 808 4547 hostibus
845 4491 947 4545 hoc
982 4492 1257 4561 patiuntur
1300 4493 1437 4546 intra
1476 4508 1656 4547 muros
1694 4503 1897 4548 tantum
1923 4509 2054 4549 con-

463 4585 749 4639 cluduntur
781 4602 795 4638 :
825 4585 976 4639 nobis
1005 4600 1131 4639 vero
1159 4584 1330 4637 forum
1360 4601 1571 4654 quoque
1607 4586 1934 4643 inaccessum
1956 4630 1971 4655 ,
2003 4598 2057 4645 et

465 4679 519 4731 in
549 4677 710 4731 domo
744 4676 969 4746 quisque
999 4692 1095 4731 sua
1134 4675 1370 4731 inclusus
1397 4687 1509 4743 est;
1547 4692 1611 4730 ac
1648 4678 1787 4733 sicut
1822 4678 2056 4734 obsessis

463 4779 634 4824 tntum
677 4785 784 4823 non
825 4777 906 4822 est
945 4783 1125 4822 muros
1165 4769 1498 4837 transgredi,
1543 4770 1783 4824 hostibus
1823 4771 2056 4825 exterius

464 4859 1002 4925 circumsidentibus,
1049 4861 1127 4914 sic
1169 4875 1341 4929 neque
1379 4860 1558 4914 multis
1593 4862 1776 4916 urbem
1813 4861 2057 4916 habitan-

468 4953 596 5007 tium
624 4960 790 5007 tutum
818 4951 978 5006 domo
1006 4953 1174 5016 exire,
1207 4966 1305 5005 nec
1335 4951 1386 5005 in
1428 4952 1603 5006 medio
1631 4967 1908 5022 apparere,
1937 4967 2058 5021 pro-

465 5056 582 5117 pter
606 5059 699 5099 cos
723 5045 812 5114 qui
840 5043 1075 5114 undique
1102 5052 1212 5097 tmn
1250 5053 1430 5098 sontes
1457 5054 1567 5098 tum
1595 5044 1836 5099 insontes
1858 5059 2059 5099 venan-

465 5147 550 5192 tur
570 5179 585 5202 ,
618 5146 671 5191 et
697 5153 763 5191 ex
790 5136 965 5190 medio
990 5138 1204 5205 rapiunt
1229 5135 1345 5192 foro
1365 5179 1380 5203 ,
1404 5146 1456 5191 et
1485 5138 1536 5191 in
1557 5136 1816 5207 judicium
1846 5151 2060 5207 quoquo

444 5230 625 5295 modo
656 5244 718 5283 ac
743 5238 943 5283 temere
974 5229 1208 5282 trahunt.
1241 5229 1526 5299 Propterea
1562 5230 1712 5284 liberi
1738 5245 1858 5285 cum
1890 5230 2060 5285 servis

464 5321 577 5375 suis
604 5317 889 5388 compediti
915 5318 1056 5373 intus
1080 5318 1300 5383 sedent,
1327 5319 1446 5388 quis
1475 5320 1897 5389 comprehensus
1924 5320 2055 5385 fuit,

465 5412 583 5479 quis
626 5409 884 5465 abductus
910 5450 924 5475 ,
956 5410 1075 5479 quis
1110 5410 1327 5477 punitus
1369 5408 1554 5473 hodie,
1585 5410 1851 5479 quomodo
1876 5419 1933 5467 et
1957 5427 2059 5481 qua

469 5505 694 5569 ratione,
728 5502 954 5558 sollicite
983 5512 1304 5572 qtnercntes,
1335 5513 1386 5556 et
1412 5503 1621 5557 curiose
1647 5504 1998 5569 sciscitantes,
2028 5519 2059 5558 ι

471 5596 661 5666 quibus
695 5595 820 5650 talia
854 5610 1042 5651 secure
1080 5595 1288 5650 discere
1332 5604 1550 5664 possunt
1581 5613 1593 5650 :
1624 5605 1678 5651 et
1710 5597 1855 5650 omni
1887 5604 2061 5652 morte

472 5682 908 5738 miserabiliorem
947 5685 1147 5754 degunt
1190 5685 1350 5740 vitam
1375 5723 1390 5751 ,
1432 5686 1740 5756 alienasque
1780 5686 2061 5743 lamentari

476 5769 720 5825 miserias
743 5772 978 5838 quotidie
1001 5775 1188 5840 coacti,
1222 5783 1275 5829 et
1304 5789 1400 5844 pro
1431 5776 1601 5833 salute
1626 5791 1720 5832 sua
1748 5784 2055 5842 trementes.

2142 465 2198 511 et
2221 457 2449 512 mortuis
2471 457 2603 513 nihil
2626 459 2813 515 melius
2840 459 3115 527 habentes,
3138 461 3277 532 quod
3306 461 3506 519 dudum
3536 465 3718 523 timore

2137 549 2332 604 mortui
2368 552 2493 605 sint.
2534 552 2591 606 Si
2625 554 2743 622 quis
2772 568 2898 608 vero
2921 554 3012 624 qui
3038 563 3185 609 extra
3214 556 3455 610 timorem
3482 566 3535 612 et
3556 572 3718 629 angu-

2136 640 2292 693 stiam
2318 639 2455 694 hanc
2478 642 2566 708 sit,
2598 641 2648 695 in
2673 641 2843 696 forum
2872 643 3162 713 procedere
3190 644 3435 709 voluerit,
3460 656 3565 700 tam
3589 648 3718 702 tristi

2135 742 2354 803 aspectu
2387 735 2565 787 statim
2596 734 2648 788 in
2674 735 2892 789 domum
2920 750 3069 790 suam
3111 739 3422 800 retruditur,
3453 738 3536 791 vix
3564 755 3718 793 unum

2135 822 2271 878 forte
2295 824 2379 879 vel
2407 824 2540 879 duos
2567 840 2793 881 cernens
2822 826 3119 890 incliname,
3147 836 3202 882 et
3227 842 3350 882 cum
3381 828 3546 881 multa
3575 827 3719 885 ince-

2136 914 2327 971 dentes
2350 917 2584 985 tristitia,
2609 918 2695 973 ubi
2725 928 2849 974 ante
2876 934 3076 990 paucos
3097 920 3211 975 dies
3237 920 3516 975 ﬂuviorum
3540 936 3725 977 cursus

2136 1007 2422 1062 multitudo
2461 1009 2774 1077 superabat,
2801 1010 2894 1065 sed
2926 1026 3067 1066 nunc
3110 1011 3264 1066 nobis
3297 1026 3485 1067 omnes
3525 1012 3597 1066 illi
3628 1028 3723 1067 ex-

2138 1098 2276 1167 pulsi
2304 1107 2447 1154 sunt.
2477 1100 2543 1154 Et
2569 1101 2708 1156 sicut
2735 1116 2855 1155 cum
2886 1117 2950 1156 ex
2981 1102 3126 1172 sylva
3158 1104 3338 1157 multa:
3365 1103 3560 1172 passim
3586 1105 3724 1158 exei-

2137 1190 2335 1246 duntur
2359 1193 2602 1259 arbores,
2636 1195 2872 1264 ingratus
2901 1194 3142 1249 redditur
3165 1207 3430 1265 aspectus,
3460 1206 3723 1265 tamquam

2137 1284 2327 1353 capitis
2370 1286 2531 1339 multa
2570 1287 2778 1340 calvitia
2820 1286 3066 1341 habentis
3094 1304 3106 1340 :
3134 1287 3210 1340 sic
3251 1297 3303 1341 et
3332 1288 3480 1342 urbis
3519 1288 3729 1353 solum,

2139 1374 2445 1431 hominibus
2490 1377 2716 1443 ablatis,
2752 1385 2808 1432 et
2847 1378 3027 1447 paucis
3073 1376 3268 1446 passim
3314 1378 3725 1447 apparentibus,

2140 1467 2400 1537 ingratum
2431 1485 2572 1524 nunc
2598 1468 2793 1524 factum
2819 1478 2920 1535 est,
2949 1478 3003 1523 et
3033 1470 3251 1524 multam
3276 1471 3619 1526 cernentibus
3637 1472 3730 1526 tri-

2139 1562 2298 1616 stitia:
2324 1563 2604 1633 caliginem
2631 1563 2875 1618 oll‘undit.
2917 1562 3030 1616 Non
3061 1572 3263 1617 tantum
3295 1578 3420 1617 vero
3448 1572 3609 1627 terra,
3638 1565 3728 1619 sed

2140 1661 2195 1708 et
2234 1654 2348 1723 ipsa
2386 1656 2528 1709 aeris
2564 1663 2785 1721 natura,
2817 1664 2871 1709 et
2914 1655 3168 1709 solarium
3205 1655 3474 1710 radion
3503 1657 3731 1712 circulus

2141 1761 2282 1800 nunc
2320 1746 2450 1800 mihi
2493 1762 2722 1801 maerere
2764 1755 2818 1800 et
2859 1745 3102 1801 obtusior
3140 1742 3556 1802 lueere'videtur
3584 1764 3599 1800 :
3625 1762 3739 1802 non

2140 1840 2420 1895 elementis
2444 1849 2683 1893 naturam
2712 1839 3056 1903 mutantibus,
3084 1838 3180 1894 sed
3210 1839 3406 1893 nostris
3427 1839 3615 1903 oculis,
3644 1841 3741 1909 qui

2143 1933 2368 1989 tristitie
2398 1933 2538 1988 nube
2564 1932 2756 1987 turbati
2781 1940 2925 1998 sunt,
2953 1947 3057 1986 non
3084 1931 3383 1987 valentibus
3406 1947 3539 2001 pure
3564 1947 3743 2002 neque

2141 2041 2263 2081 cum
2284 2026 2473 2080 eodem
2495 2026 2683 2080 all'ectu
2706 2025 2975 2080 radiorum
3006 2025 3185 2078 lumen
3211 2024 3500 2094 suscipere.
3524 2024 3638 2079 Hoc
3658 2033 3737 2078 cst

2142 2117 2283 2188 quod
2320 2118 2447 2172 olim
2491 2117 2747 2187 propheta
2779 2118 2991 2187 lugebat
3018 2117 3203 2172 dicens
3232 2135 3246 2172 :
3278 2117 3481 2171 Occidet
3511 2118 3638 2188 ipsis
3663 2117 3738 2172 sol

2141 2213 2197 2266 in
2234 2211 2475 2274 meridie,
2506 2222 2555 2265 et
2594 2210 2994 2266 obtenebrabitur
3022 2211 3129 2264 dies
3181 2211 3199 2281 (
3220 2211 3372 2264 Amos
3403 2211 3459 2266 8.
3499 2209 3590 2281 9).
3632 2210 3741 2267 lloc

2143 2313 2323 2359 autem
2366 2304 2608 2370 dicebat,
2650 2320 2755 2358 non
2798 2304 2939 2373 quod
2980 2312 3180 2358 astrum
3225 2304 3602 2370 occultaretur,
3642 2319 3741 2360 nec

2145 2394 2286 2465 quod
2317 2396 2433 2450 dies
2459 2406 2824 2461 evanesceret,
2850 2395 2942 2451 sed
2963 2396 3105 2467 quod
3130 2405 3419 2451 mterentes
3439 2412 3506 2451 ne
3524 2396 3740 2466 quidem

2145 2486 2199 2540 in
2243 2487 2466 2542 meridie
2509 2497 2727 2558 prepter
2766 2488 2966 2543 doloris
2996 2487 3274 2557 caliginem
3314 2487 3488 2542 lucem
3517 2502 3742 2544 cernere

2149 2588 2365 2647 possent
2407 2596 2418 2632 :
2451 2579 2590 2648 quod
2634 2588 2689 2634 et
2735 2594 2876 2634 nunc
2918 2578 3116 2634 factum
3159 2588 3242 2633 est
3275 2596 3289 2633 :
3321 2589 3375 2633 et
3407 2593 3742 2648 quocumque

2146 2671 2266 2740 quis
2287 2672 2609 2741 respexerit,
2640 2672 2753 2727 sive
2776 2672 2827 2726 in
2858 2682 3085 2737 terram,
3119 2672 3232 2727 sive
3261 2672 3311 2726 in
3342 2673 3600 2741 parietes,
3633 2670 3750 2727 sive

2148 2762 2202 2816 in
2230 2761 2375 2815 urbis
2399 2762 2670 2816 columnas
2693 2803 2707 2821 .
2739 2762 2852 2818 sive
2889 2763 2939 2817 in
2983 2764 3254 2832 proximos
3278 2804 3292 2824 ,
3322 2771 3531 2817 noctem
3558 2769 3617 2816 et
3642 2762 3742 2817 ob-

2147 2854 2455 2908 scuritatem
2496 2854 2810 2923 profundam
2858 2871 3082 2910 cernere
3128 2856 3338 2910 videtur
3383 2873 3400 2911 ι
3444 2854 3523 2910 sic
3550 2854 3747 2911 omnia

2153 2943 2333 2998 multae
2362 2943 2519 3013 plena
2558 2953 2683 2999 sunt
2708 2945 2954 3000 tristitiae.
2983 2945 3264 3001 Silentium
3303 2946 3498 3017 ubique
3523 2946 3746 3003 horrore

2150 3033 2365 3103 plenum
2397 3043 2452 3089 et
2491 3034 2753 3102 solitudo,
2783 3045 2839 3091 et
2866 3035 3234 3091 desiderabilis
3263 3035 3351 3091 ille
3387 3036 3746 3093 multitudinis

2150 3127 2407 3181 tumultus
2448 3127 2744 3183 exSIinctus
2785 3138 2868 3183 est
2900 3146 2913 3181 :
2946 3137 3213 3199 tamquam
3255 3130 3504 3186 omnibus
3541 3139 3742 3186 terram

2150 3218 2524 3283 subeuntibus,
2558 3219 2627 3272 ita
2655 3232 2797 3273 nunc
2826 3220 3093 3275 civitatem
3122 3220 3454 3275 taciturnitas
3480 3220 3746 3288 continet,

2151 3310 2294 3363 saxis
2325 3325 2513 3365 omnes
2552 3311 2755 3366 similes
2799 3321 2925 3366 sunt
2945 3352 2960 3375 ,
2992 3322 3047 3366 et
3079 3323 3347 3382 tamquam
3376 3313 3605 3383 quodam
3647 3313 3749 3368 lin-

2153 3417 2269 3471 guae
2293 3402 2504 3456 vinculo
2525 3403 2827 3458 calamitate
2854 3403 3092 3469 cohibiti,
3115 3403 3585 3473 profundissimum
3617 3405 3750 3460 reti-

2155 3500 2283 3546 nent
2326 3493 2630 3558 silentium,
2677 3507 2932 3563 quantum
2977 3495 3023 3549 si
3067 3495 3248 3550 hostes
3289 3495 3655 3566 ingruissent,
3696 3505 3751 3551 et

2153 3598 2343 3639 omnes
2380 3585 2535 3639 simul
2576 3586 2695 3655 igne
2734 3596 2788 3640 et
2827 3586 2970 3641 ferro
3005 3586 3451 3657 absumpsissent.
3483 3587 3638 3643 Nunc
3665 3589 3749 3644 di-

2153 3676 2305 3729 cendi
2335 3684 2542 3745 tempus
2563 3687 2645 3731 est
2676 3696 2687 3729 :
2718 3676 2906 3732 Mittite
2926 3678 2995 3732 ad
3020 3679 3411 3747 lamentatrices,
3437 3689 3482 3734 et
3506 3681 3710 3735 ueniant
3730 3698 3755 3737 :

2155 3776 2202 3821 et
2229 3769 2297 3821 ad
2329 3785 2415 3822 eas
2434 3811 2449 3836 ,
2480 3785 2592 3838 quis
2618 3771 2869 3840 sapientes
2894 3781 3038 3835 sunt,
3068 3781 3115 3825 et
3143 3774 3476 3844 vociferantur
3514 3775 3535 3842 (
3546 3773 3664 3829 Jer.
3695 3775 3751 3829 9.

2156 3860 2267 3932 i7).
2302 3862 2572 3916 Deducant
2596 3863 2734 3917 oculi
2764 3864 2929 3917 vestri
2969 3864 3253 3933 lacrymas,
3285 3874 3341 3919 et
3371 3864 3636 3934 palpebra:
3662 3882 3747 3921 ve-

2156 3963 2280 4006 strae
2304 3952 2540 4006 defluant
2562 3954 2732 4022 aquis.
2755 3953 2955 4019 Colles,
2983 3955 3176 4010 sumite
3201 3955 3492 4024 planctum,
3517 3964 3571 4010 et
3595 3972 3747 4011 mon-

2158 4054 2258 4109 tes,
2288 4044 2509 4098 luctum.
2541 4045 2854 4100 Creaturam
2885 4061 3099 4101 omnem
3140 4048 3194 4101 in
3239 4047 3500 4103 malorum
3539 4059 3759 4105 nostro-

2157 4150 2273 4188 rum
2303 4134 2698 4189 miserationem
2737 4151 3010 4191 vocemus.
3043 4137 3245 4194 Civitas
3273 4148 3381 4193 tam
3424 4154 3613 4211 magna
3637 4182 3655 4208 ,
3700 4154 3757 4197 et

2158 4225 2497 4280 orientalium
2524 4236 2684 4295 caput
2707 4268 2722 4291 ,
2754 4228 2988 4282 comedio
3016 4229 3126 4284 tolli
3157 4239 3419 4285 terrarum
3448 4230 3581 4287 orbe
3606 4234 3754 4302 peri—

2158 4315 2370 4371 clitatur
2392 4334 2405 4372 :
2428 4332 2571 4372 nunc
2590 4333 2709 4387 quze
2731 4320 2926 4374 multos
2951 4320 3180 4376 habebat
3204 4321 3362 4389 ﬁlios,
3391 4333 3610 4393 repente
3635 4326 3758 4380 sine

2158 4406 2283 4462 filiis
2313 4407 2451 4462 facta
2490 4419 2605 4475 est,
2633 4419 2691 4464 et
2720 4410 2809 4479 qui
2849 4411 3159 4476 auxilietur,
3187 4428 3369 4469 nemo.
3399 4414 3582 4471 Lissus
3607 4417 3754 4471 enim

2159 4500 2354 4567 estqui
2384 4516 2488 4553 non
2520 4501 2683 4555 habet
2707 4515 2889 4569 parem
2917 4503 3080 4558 ullum
3111 4518 3274 4573 super
3303 4516 3499 4561 terram
3533 4524 3547 4561 :
3580 4507 3761 4578 Impe-

2161 4599 2306 4643 rator
2327 4591 2470 4644 enim
2493 4600 2595 4656 est,
2623 4591 2895 4662 fastigium
2914 4603 2970 4648 et
2997 4604 3160 4662 caput
3195 4597 3433 4651 omnium
3459 4612 3622 4667 super
3642 4607 3756 4653 ter-

2160 4694 2273 4732 ram
2306 4678 2602 4736 hominum.
2631 4682 2917 4752 Propterea
2937 4683 3003 4760 ad
3025 4698 3315 4754 supernum
3339 4686 3537 4756 Regem
3556 4687 3757 4743 confu-

2160 4770 2385 4839 giamus,
2416 4771 2564 4825 illum
2595 4772 2646 4825 in
2675 4773 2930 4828 auxilium
2960 4774 3300 4841 invocemus;
3330 4776 3430 4830 nisi
3466 4792 3760 4847 supernam

2162 4878 2510 4932 assequamur
2550 4866 2807 4935 gratiam,
2845 4867 2987 4923 nulla
3037 4868 3445 4924 commissorum
3488 4872 3757 4940 reparatio

2162 4954 2495 5022 relinquitur.

2233 5045 2287 5100 3.
2319 5044 2617 5100 Voluissem
2652 5047 2736 5101 hic
2764 5048 3076 5103 concionem
3110 5049 3321 5105 solvere
3348 5068 3365 5106 :
3395 5051 3585 5108 nolunt
3611 5052 3757 5107 enim

2162 5138 2488 5207 gementium
2530 5138 2691 5193 animi
2741 5139 2930 5210 longos
2972 5141 3260 5197 extendere
3307 5157 3621 5207 sermones;
3660 5145 3758 5201 sed

2163 5232 2301 5285 sicut
2339 5231 2508 5286 nubes
2548 5230 2789 5300 quaedam
2826 5231 2990 5287 densa
3011 5274 3026 5299 ,
3054 5243 3108 5287 et
3141 5235 3243 5289 sub
3278 5234 3507 5289 solarem
3548 5235 3758 5290 radium

2165 5337 2414 5389 currens,
2444 5337 2657 5376 omnem
2700 5333 2990 5378 retrorsum
3033 5324 3374 5394 splendorem
3413 5327 3646 5380 avertit:
3676 5327 3761 5381 sic

2166 5423 2220 5468 et
2248 5414 2476 5468 tristitia:
2503 5414 2714 5477 nebula,
2745 5430 2866 5470 cum
2899 5425 3021 5471 ante
3052 5416 3289 5471 animum
3321 5428 3562 5473 nostrum
3592 5428 3760 5474 stete-

2166 5504 2255 5570 rit,
2285 5520 2391 5558 non
2421 5505 2547 5559 sinit
2575 5506 2782 5560 facilem
2814 5521 2932 5563 esse
2961 5508 3218 5562 orationis
3253 5524 3490 5575 cursum,
3520 5510 3615 5565 sed
3643 5512 3759 5565 suf-

2167 5593 2336 5659 focat,
2376 5603 2431 5649 et
2472 5611 2591 5649 cum
2628 5597 2795 5650 multa
2838 5597 2891 5651 vi
2938 5596 3078 5652 intus
3121 5599 3381 5668 reprimit.
3422 5600 3488 5654 Et
3521 5599 3626 5655 hoc
3648 5614 3761 5654 non

2166 5686 2464 5742 dicentibus
2496 5696 2699 5741 tantum
2721 5729 2737 5754 ,
2768 5688 2865 5743 sed
2906 5696 2962 5743 et
2991 5688 3328 5745 audientibus
3364 5690 3591 5755 accidit;
3620 5690 3763 5745 sicut

2170 5778 2313 5834 enim
2343 5777 2412 5834 ab
2448 5779 2629 5835 animo
2656 5778 2881 5836 dicentis
2910 5795 3017 5835 non
3044 5780 3291 5836 concedit
3328 5781 3498 5852 ipsam
3525 5796 3645 5837 cum
3674 5779 3762 5836 fn-
