3998 6434
129 317 187 373 35
1098 306 1103 309 ’
1165 330 1255 384 AD
1293 332 1628 394 POPULUM
1675 338 2175 400 ANTIOCHENUM
2218 347 2450 405 HOMIL.
2488 350 2549 406 ιι.
3475 355 3543 413 56

130 433 493 526 ἀτερπέστερον
514 438 710 508 γέγονε
727 438 841 494 νῦν.
868 442 1134 514 Καθάπερ
1166 446 1409 516 μέλιτται
1431 450 1623 521 κηρίον
1645 453 1776 526 βομ-

129 519 307 585 ϐοῦσαι,
332 522 478 577 οὕτω
491 526 597 595 τὴν
621 526 827 596 ἀγορὰν
857 546 923 582 πε
934 530 1216 601 ριίπταντο
1235 535 1357 588 καθ’
1387 519 1669 611 ἑκάστηνὴ
1681 519 1777 611 μέ-

128 624 206 700 ραν
225 613 272 700 οἱ
428 612 592 666 πόλιν
636 614 908 680 οἰκοῦντες
943 629 970 658 ει
998 658 1013 683 ,
1051 620 1143 672 καὶ
1175 620 1377 687 πάντες
1401 626 1548 696 ἡμᾶς
1577 630 1669 681 ἐπὶ
1698 629 1776 700 τῷ

123 694 288 762 πλήθει
311 698 485 771 τούτῳ
509 701 781 773 πρότερον
818 705 1173 778 ἐμακάριζον.

186 783 311 837 Ἀλλ’
338 786 445 839 ἰδοὺ
463 786 565 842 νῦν
588 789 648 842 τὸ
673 791 863 862 κηρίον
898 793 1057 848 τοῦτο
1108 796 1333 866 γέγονεν
1371 798 1579 871 ἔρημον
1597 818 1612 833 ο
1644 802 1778 856 καθ-

123 870 241 961 άπερ
270 872 375 946 γὰρ
420 876 526 940 τὰς
566 878 824 948 μελίττας
844 881 1056 947 ἐκείνας
1083 885 1310 949 καπνὸς,
1366 870 1510 940 οὕτω
1546 887 1644 952 τὰς
1682 907 1776 961 με·

118 958 275 1024 λίττας
296 963 500 1048 ταύτας
527 966 695 1035 φόϐος
719 967 966 1039 ἀπήλασε
988 988 1002 1002 ·
1027 972 1228 1042 μᾶλλον
1253 974 1310 1026 δὲ
1336 974 1429 1027 καὶ
1459 974 1488 1028 ὃ
1519 977 1648 1048 περὶ
1676 958 1775 1048 τῆς

129 1047 460 1125 Ἰερουσαλὴμ
498 1052 718 1124 θρηνῶν
743 1055 773 1108 ὀ
795 1059 1084 1130 προφήτης
1115 1060 1290 1130 ἔλεγε,
1315 1062 1470 1116 τοῦτο
1498 1047 1776 1135 καὶνὴμεῒς

117 1136 182 1197 είς
201 1138 382 1209 καιρὸν
421 1139 667 1212 ἐροῦμεν
701 1141 825 1198 νῦν·
865 1144 1154 1217 Ἐγενήθη
1185 1149 1331 1217 ἡμῖν
1365 1149 1404 1215 ή
1446 1151 1645 1215 πόλις,
1695 1150 1776 1215 ὡς

118 1223 418 1293 τερέϐινθος
465 1228 917 1299 ἀποϐεϐληκυῖα
965 1234 1033 1288 τὰ
1072 1237 1300 1304 φύλλα,
1331 1238 1430 1291 καί
1476 1237 1557 1303 ὡς
1589 1239 1777 1304 παρά-

116 1309 291 1378 δεισος
320 1313 485 1383 ὕδωρ
530 1316 621 1385 μὴ
654 1318 830 1388 ἔχων.
861 1322 1131 1395 Καθάπερ
1165 1323 1273 1395 γάρ
1300 1325 1626 1396 παράδεισος
1677 1325 1773 1394 τῆς

117 1396 306 1467 ἀρδείας
327 1402 717 1476 ἐπιλιπούσης,
747 1405 928 1479 ἔρημα
957 1410 1066 1463 τῶν
1094 1410 1305 1480 φύλλων
1335 1412 1430 1465 καὶ
1454 1412 1637 1482 γυμνά
1667 1413 1774 1464 τῶν

116 1486 316 1555 καρπῶν
335 1489 406 1543 τά
425 1490 624 1565 δένδρα
650 1494 943 1562 δείκνυσιν,
986 1497 1128 1551 οὕτω
1150 1498 1214 1569 δὴ
1248 1499 1343 1552 καὶ
1374 1501 1407 1569 ἡ
1445 1498 1595 1563 πόλις
1619 1498 1774 1570 ἡμῶν

114 1575 277 1643 γέγονε
310 1578 405 1632 νῦν
429 1597 444 1609 ·
482 1582 587 1652 τῆς
627 1584 737 1655 γὰρ
767 1584 974 1640 ἀνωθεν
1009 1586 1260 1658 βοηθείας
1302 1588 1773 1659 ἐγκαταλιπούσης

115 1664 276 1736 αὐτὴν,
294 1665 532 1737 ἕστηκεν
558 1669 787 1742 ἕρημος,
825 1675 1006 1746 γυμνὴ
1034 1675 1144 1728 τῶν
1173 1676 1475 1748 οἰκητόρων
1502 1675 1772 1746 γενομένη

116 1750 271 1819 σχεδὸν
299 1754 582 1811 ἁπάντων.
611 1759 778 1814 Οὐδὲν
810 1762 1068 1833 πατρίδος
1100 1763 1451 1832 γλυκύτερον,
1489 1762 1602 1816 ἀλλ’
1623 1763 1772 1816 οὐδὲν

115 1839 404 1913 πικρότερον
430 1843 532 1897 νῦν
578 1846 800 1916 γέγονε·
827 1850 1029 1914 πάντες
1077 1850 1174 1920 τὴν
1228 1850 1555 1919 ἐνεγκοῦσαν
1584 1850 1772 1921 ὥσπερ

116 1928 289 1994 παγίδα
333 1930 658 2000 φεύγουσιν,
710 1934 901 2008 ὥσπερ
945 1937 1218 2009 βάραθρον
1262 1938 1773 2009 ἐγκαταλιμπάνου-

119 2029 183 2065 σιν
221 2016 266 2080 δ,
308 2015 500 2093 ὥσπερ
552 2026 737 2094 πυρᾶς
778 2025 1131 2096 ἀποπηδῶσιο
1166 2029 1261 2079 καὶ
1305 2027 1557 2098 καθάπερ
1595 2027 1772 2089 οἰκίας

117 2103 398 2178 ἁπτομένης
420 2110 524 2181 οὐχ
552 2113 605 2164 οί
632 2113 730 2183 τὴν
759 2115 936 2168 οἰκίαν
968 2114 1245 2179 οἰκοῦντες
1292 2117 1471 2187 μόνον,
1502 2117 1639 2171 ἀλλά
1678 2117 1772 2170 καὶ

118 2190 286 2258 πάντες
319 2197 368 2249 οί
400 2198 641 2270 πλησίον
675 2203 814 2273 μετά
858 2203 1058 2274 πολλῆς
1100 2205 1423 2275 ἀποπηδῶσι
1460 2206 1563 2275 τῆς
1607 2222 1773 2258 σπου-

116 2277 209 2348 δῆς,
234 2285 437 2354 γυμνὸν
465 2287 531 2340 τὸ
572 2289 735 2360 σῶμα
777 2291 1039 2345 διασῶσαι
1071 2292 1494 2356 σπουδάζοντεςο
1535 2292 1679 2347 οὕτω
1706 2294 1770 2363 δὴ

116 2368 189 2420 καὶ
208 2369 294 2423 νῦν
314 2374 416 2445 τῆς
446 2375 743 2448 βασιλικῆς
773 2379 943 2452 ὀργῆς
974 2381 1226 2454 καθάπερ
1254 2385 1433 2453 πυρᾶς
1459 2400 1602 2446 τινος
1630 2382 1771 2436 ἄνω·

116 2454 190 2508 θεν
214 2459 352 2529 ἥξειν
388 2465 880 2540 προσδοκωμένης,
913 2470 1043 2542 πρὶν
1082 2471 1169 2523 ἐπ’
1202 2471 1403 2534 αὐτοὺς
1425 2470 1531 2543 ὀδῷ
1559 2468 1772 2541 βαδίζον

116 2547 221 2622 ἔλθῃ
261 2552 319 2605 τὸ
345 2553 481 2626 πῦρ,
525 2555 754 2622 ἕκαστος
781 2560 1061 2630 ἐπείγεται
1090 2561 1458 2632 προεξελθεῖν,
1530 2561 1626 2614 καὶ
1666 2578 1769 2630 γυ-

120 2640 223 2708 μνὸν
252 2642 516 2701 διασῶσαι
553 2647 613 2701 τὸ
641 2648 826 2719 σῶμα·
850 2651 946 2704 καὶ
988 2651 1210 2720 γέγονεν
1236 2652 1394 2723 ἡμῶν
1422 2651 1651 2723 αἴνιγμα
1677 2649 1773 2704 νῦν

118 2728 145 2797 ἡ
174 2734 428 2805 συμφορά.
456 2736 653 2807 Χωρὶς
685 2737 957 2809 πολεμίων
986 2740 1156 2811 φυγὴ,
1184 2739 1355 2811 χωρὶς
1406 2740 1585 2811 μάχης
1649 2755 1774 2809 μετ-

120 2815 419 2886 ἀνάστασις,
452 2823 634 2894 χωρὶς
659 2822 913 2890 ἁλώσεως
964 2827 1315 2899 αίχμαλωσία
1336 2846 1349 2861 ο
1407 2828 1506 2879 οὐκ
1561 2825 1773 2894 εἴδομεν

120 2900 421 2977 βαρϐαρικὸν
462 2910 608 2982 πῦρ,
644 2910 765 2965 οὐδὲ
808 2913 1081 2984 πολεμίων
1110 2915 1233 2985 ὄψιν
1277 2914 1645 2984 ἐθεασάμεθα,
1681 2915 1775 2967 καὶ

119 2989 173 3043 τὰ
196 2992 294 3047 τῶν
312 2995 642 3053 ἑαλωκότων
672 2999 976 3073 πάσχομεν.
1012 3003 1222 3067 Πάντες
1249 3001 1344 3056 νῦν
1371 3003 1469 3067 τὰς
1497 3002 1773 3074 ἡμετέρας

122 3081 417 3148 μανθάνουσι
441 3089 738 3160 συμφοράς
759 3105 772 3115 ·
798 3091 924 3155 τοὺς
941 3091 1049 3164 γάρ
1066 3092 1365 3164 ἡμετέρους
1386 3091 1772 3163 ὑποδεχόμενοι

120 3171 329 3238 φυγάδας
350 3178 479 3245 παρ’
500 3177 729 3231 ἐκείνων
743 3177 840 3249 τὴν
854 3180 953 3249 τῆς
968 3180 1175 3242 πόλεως
1189 3180 1521 3251 μανθάνουσι
1534 3180 1770 3252 πληγήν.

177 3257 235 3328 β’.
263 3262 395 3316 Ἀλλ’
420 3264 532 3317 οὐκ
546 3264 871 3336 αἰσχύνομαι
884 3268 977 3320 ἐπὶ
991 3266 1189 3339 τούτῳ,
1202 3268 1324 3321 οὐδὲ
1340 3268 1597 3342 ἐρυθριῶ.
1623 3268 1777 3322 Μαν-

122 3344 398 3405 θανέτωσαν
426 3353 677 3416 ἅπαντες
700 3352 768 3407 τὰ
793 3354 893 3425 τῆς
930 3353 1140 3419 πόλεως
1176 3355 1346 3426 πάθη,
1390 3356 1476 3409 ἵνα
1505 3354 1774 3427 συναλγή-

124 3450 287 3501 σαντες
300 3442 361 3511 τῇ
387 3441 614 3512 μητέρι,
638 3442 824 3513 κοινὴν
838 3442 946 3495 ἀπὸ
965 3443 1064 3515 τῆς
1079 3444 1182 3514 γῆς
1197 3444 1417 3515 ἀπάσης
1442 3444 1775 3512 ἀνενέγκωσι

125 3519 187 3590 τῷ
217 3523 325 3595 Θεῷ
371 3526 585 3599 φωνὴν,
634 3528 730 3582 καὶ
766 3529 1108 3599 ὁμοθυμαδὸν
1144 3530 1243 3601 τὴν
1284 3531 1471 3602 κοινὴν
1520 3532 1776 3586 ἁπάντων

126 3611 309 3682 μητέρα
341 3616 435 3667 καὶ
461 3616 669 3687 τροφὸν
706 3617 860 3689 παρὰ
903 3617 999 3672 τοῦ
1036 3617 1147 3671 τῶν
1173 3619 1416 3689 οὐρανῶν
1452 3618 1778 3690 ἐξαιτὴσων-

122 3712 197 3751 ται
230 3699 507 3768 βασιλέως.
557 3704 806 3776 Ἐσείσθη
846 3705 1036 3777 πρῴην
1071 3708 1202 3777 ἡμῖν
1239 3709 1272 3777 ἡ
1307 3706 1483 3770 πόλις,
1518 3707 1654 3761 ἀλλά
1682 3708 1777 3761 νῦν

123 3784 263 3840 αὐταὶ
314 3790 634 3844 σαλεύονται
685 3792 794 3848 τῶν
853 3795 1154 3865 οἰκητόρων
1205 3805 1227 3834 ο
1281 3796 1336 3847 αί
1396 3795 1599 3864 ψυχαίο
1653 3796 1777 3848 τότε

124 3874 302 3929 ἐσείετο
329 3880 396 3933 τὰ
431 3879 663 3951 θεμέλια
692 3880 801 3934 τῶν
842 3884 1179 3952 οἰκημάτων,
1225 3883 1320 3937 νῦν
1352 3883 1409 3936 δὲ
1442 3883 1581 3936 αὺτά
1611 3883 1776 3937 δονεί-

125 3964 279 4018 ταιτά
304 3966 532 4039 θεμέλια
563 3971 661 4040 τῆς
706 3970 935 4024 ἑκάστου
980 3971 1227 4043 καρδίας,
1271 3972 1366 4026 καὶ
1393 3972 1513 4026 καθ’
1539 3973 1779 4045 ἑκάστην

125 4052 310 4124 ἡμέραν
340 4057 447 4127 πρό
479 4056 597 4109 τῶν
637 4058 932 4129 ὀφθαλμῶν
961 4059 1054 4112 τὸν
1090 4059 1318 4114 θάνατον
1352 4059 1550 4123 πάντες
1586 4059 1778 4129 βλέπο-

127 4158 229 4210 μεν,
255 4146 344 4198 καὶ
373 4145 530 4217 φόϐῳ
559 4146 811 4216 συζῶμεν
835 4148 1094 4218 διηνεκεῖ,
1125 4149 1218 4202 καὶ
1248 4151 1346 4211 τὴν
1374 4149 1466 4202 τοῦ
1496 4150 1632 4203 Κάῐν
1657 4151 1782 4203 ὑπο-

129 4229 334 4302 μένομεν
368 4235 642 4305 τιμωρίαν
677 4236 1036 4306 ἐλεεινότερον
1078 4234 1189 4288 τῶν
1224 4235 1355 4288 ποτὲ
1394 4235 1455 4288 τὸ
1492 4236 1779 4306 δεσμωτή-

128 4334 225 4387 ριον
250 4321 542 4374 οἰκούντων
571 4320 929 4391 διακείμενοι,
970 4320 1064 4375 καὶ
1112 4319 1431 4391 πολιορκίαν
1463 4320 1784 4392 πολιορκού-

126 4413 253 4463 μενοι
284 4400 441 4471 ξένην
462 4403 587 4456 τινὰ
616 4405 707 4457 καὶ
727 4403 938 4475 καινὴν,
965 4401 1177 4472 καὶτῆς
1200 4403 1599 4474 νενομισμένης
1617 4405 1644 4444 ἀ
1667 4405 1779 4458 δει-

124 4480 341 4550 νοτέραν.
355 4481 473 4555 [22]
503 4486 565 4536 υἱ
586 4484 684 4553 μὲν
704 4483 810 4551 γὰρ
827 4484 932 4536 ὑπὸ
952 4483 1060 4536 τῶν
1079 4483 1350 4554 πολεμίων
1369 4486 1529 4539 τοῦτο
1544 4487 1780 4558 πάσχον-

122 4577 213 4625 τες,
241 4564 344 4618 ἔσω
363 4566 564 4635 τειχῶν
595 4563 969 4619 ἀποκλείονται
1000 4566 1180 4638 μόνον,
1205 4570 1334 4639 ἡμῖν
1354 4569 1409 4622 δέ
1431 4570 1522 4622 καὶ
1546 4570 1579 4640 ἡ
1605 4571 1780 4641 ἀγορὰ

123 4648 296 4715 ἄϐατος
320 4653 518 4723 γέγονε
539 4692 554 4716 ,
595 4653 688 4705 καὶ
719 4656 829 4716 τοῖς
863 4653 1062 4725 τοίχοις
1095 4655 1323 4719 ἕκαστος
1350 4656 1451 4726 τῆς
1480 4658 1656 4721 οἰκίας
1688 4661 1776 4711 ἐν-

123 4734 521 4789 αποκέκλεισται
544 4735 642 4807 τῆς
667 4733 883 4788 ἑαυτοῦ.
916 4738 1024 4790 Καὶ
1045 4737 1297 4808 καθάπερ
1317 4740 1440 4803 τοὺς
1462 4741 1774 4812 πολιορκου-

127 4820 293 4887 μένους
320 4826 422 4877 οὐκ
456 4824 698 4895 ἀσφαλὲς
731 4824 1033 4896 ὑπερϐῆναι
1058 4826 1119 4879 τὸ
1140 4829 1337 4897 τεῖχος,
1370 4828 1479 4880 τῶν
1504 4828 1778 4899 πολεμίων

125 4899 208 4973 ἔξω
244 4912 718 4983 περικαθημένων·
749 4911 922 4976 οὕτως
954 4914 1073 4966 ούδέ
1105 4913 1318 4978 πολλοῖς
1346 4914 1455 4968 τῶν
1483 4915 1581 4986 τὴν
1624 4917 1779 4971 πόλιν

123 4993 386 5049 οἰκούντων
415 4996 653 5065 ἀσφαλὲς
678 4996 931 5062 ἐξελθεῖν,
963 4997 1084 5050 ούδέ
1115 4999 1174 5048 ὲν
1218 4996 1295 5068 τῷ
1330 4997 1481 5067 μέσῳ
1513 4999 1770 5069 φανῆναι,

124 5072 196 5125 διὰ
212 5077 329 5141 τοὺς
353 5078 617 5132 πάντοθεν
638 5078 969 5151 θηρεύοντας
987 5079 1258 5143 ἀναιτίους
1280 5082 1374 5132 καὶ
1394 5081 1601 5144 αἰτίους
1620 5093 1664 5145 θ,
1686 5083 1778 5134 καὶ

129 5155 178 5209 ἐκ
205 5161 367 5231 μέσης
396 5162 742 5233 ἁρπάζοντας
767 5164 866 5231 τῆς
889 5163 1118 5234 ἀγορᾶς,
1147 5164 1242 5217 καὶ
1268 5164 1491 5233 πρὸς.το
1514 5164 1776 5236 δικαστή-

130 5254 223 5305 ριον
244 5244 428 5310 ἀπλῶς
445 5248 541 5300 καὶ
565 5247 642 5311 ὡς
670 5246 861 5318 ἔτυχεν
884 5246 1161 5309 ἕλκοντας.
1190 5248 1288 5301 Διά
1315 5246 1473 5300 τοῦτο
1499 5246 1776 5319 ἐλεύθεροι

130 5324 247 5385 μετά
283 5327 392 5380 τῶν
435 5329 661 5383 οἰκετῶν
687 5330 796 5383 τῶν
827 5330 1037 5385 ἑαυτῶν
1084 5330 1232 5385 ἔνδον
1278 5329 1776 5401 συμπεποδισμένοι

128 5405 389 5472 κάθηνται,
412 5412 491 5473 τίς
526 5412 856 5482 συνελήφθη,
877 5412 961 5477 τίς
991 5412 1235 5485 ἀπήχθη,
1266 5413 1353 5475 τίς
1382 5412 1655 5484 ἐκολάσθη
1681 5414 1777 5484 σή-

131 5496 270 5553 μερον
293 5505 308 5552 ;
333 5487 450 5549 πῶς
474 5491 569 5540 καὶ
587 5488 691 5540 τίνι
718 5489 938 5559 τρόπῳ;
963 5493 1336 5563 μεριμνῶντες
1356 5493 1452 5545 καὶ
1478 5510 1774 5567 περιεργα-

184 5659 209 5690 ⁸
223 5662 305 5734 §ic
322 5677 350 5734 ε
376 5665 519 5717 Savil.
557 5675 608 5719 et
646 5669 836 5730 aliquot
857 5671 1308 5734 mss,porl_;eximus
1321 5683 1333 5731 ;
1360 5670 1508 5732 paulo
1528 5674 1641 5734 post
1660 5675 1782 5731 μᾶλ-

136 5721 203 5797 λοῖ
221 5725 549 5797 δέἱιρἰεἱιηιισ
572 5718 634 5797 εκ
662 5718 839 5780 θοὰεη]
863 5732 1061 5781 Savilio.
1089 5718 1225 5781 Εοιτζ

187 5785 211 5823 δ
235 5787 325 5836 Alii
352 5791 769 5843 ἀπολιμπάνουσιν.

189 5849 208 5876 ⁸
235 5853 323 5897 Alii
348 5855 436 5899 τῶν
455 5855 726 5903 οἰκούντων.

181 5906 204 5977 εξ
233 5912 598 5977 gulanam,
626 5923 709 5973 τῆς
732 5932 825 5963 νεν.
852 5914 978 5964 Infra
1003 5915 1200 5976 qnidam
1226 5916 1591 5967 ἐναποκλείεται.

184 5971 203 5995 “
233 5972 310 6023 Sic
330 5970 471 6027 Savil.
497 5983 551 6031 ει
573 5970 682 6038 λιιι,
702 5977 753 6029 iu
783 5976 955 6027 Morel.
982 5970 1061 6026 κει
1083 5978 1260 6034 αἰτίους
1280 5978 1439 6030 deest.

1885 457 1942 520 ζό
1950 476 2099 527 μενοι
2123 477 2197 512 πα
2208 462 2254 529 ρ’
2280 454 2355 513 ὧν
2379 462 2446 515 τά
2467 464 2688 519 τοιαῦτα
2706 468 2931 521 δυνατὸν
2958 466 3247 539 μανθάνειν
3274 465 3555 537 ἀσφαλῶς,

1882 546 1976 598 καὶ
2009 544 2238 600 θανάτου
2281 549 2478 613 παντὸς
2508 551 2866 626 ἐλεεινότερον
2897 555 3030 619 ζῶσι
3065 554 3196 623 βίον,
3234 552 3334 616 τάς
3375 569 3433 605 τε
3460 552 3556 605 ἀλ-

1880 631 2095 704 λοτρίας
2127 633 2414 705 ὀδύρεσθαι
2452 640 2735 710 συμφορὰς
2783 640 3217 711 ἀναγκαζόμενοι
3265 638 3390 692 καθ’
3421 639 3559 709 ἡμέ-

1883 738 2002 790 ραν,
2026 720 2121 775 καὶ
2135 719 2382 790 ὑπὲρτῆς
2398 720 2603 777 ἑαυτῶν
2614 722 2908 796 τρέμοντες
2923 723 3215 795 σωτηρίας,
3228 728 3324 780 καὶ
3346 727 3557 798 νεκρῶν

1876 809 2027 862 οὐδὲν
2057 807 2277 879 ἄμεινον
2308 808 2642 878 διακείμενοι
2693 812 2769 882 τῷ
2810 812 2978 866 πάλαι
3007 812 3261 867 τεθνάναι
3305 814 3382 882 τῷ
3421 813 3552 869 δέει.

1877 897 1940 950 Et
1975 895 2031 950 δέ
2058 913 2143 957 τις
2176 895 2386 949 καὶτοῦ
2427 897 2593 964 φόϐου
2645 897 2834 951 τούτου
2866 901 2959 953 καὶ
2985 900 3086 968 τῆς
3119 901 3357 967 ἀγωνίας
3395 901 3552 953 ἐκτὸς

1875 978 1951 1032 ὢν
2000 980 2304 1053 ἐθελήσειεν
2329 985 2408 1048 είς
2440 983 2647 1055 ἀγορὰν
2672 984 2949 1054 ἐμϐαλεῖν,
2981 985 3086 1037 ὑπὸ
3119 984 3221 1054 τῆς
3247 982 3423 1055 ὅψεως
3452 980 3557 1053 τῆς

1875 1068 2148 1140 ἀτερποῦς
2187 1070 2388 1135 εὐθέως
2427 1074 2506 1135 είς
2534 1071 2633 1143 τὴν
2683 1071 2863 1125 οἰκίαν
2907 1071 3273 1125 είσελαύνεται
3299 1072 3398 1126 τὴν
3427 1069 3555 1123 gau-

1875 1156 1989 1220 τοῦ,
2019 1158 2114 1210 ἕνα
2150 1176 2251 1211 που
2293 1159 2386 1212 καὶ
2439 1159 2531 1211 δύο
2597 1159 2750 1230 μόλις
2797 1159 2940 1231 ὁρῶν
2996 1158 3423 1227 συγκεκυφότας,
3462 1156 3555 1210 καὶ

1880 1244 2017 1314 μετά
2049 1245 2247 1317 πολλῆς
2271 1246 2586 1317 βαδίζοντας
2605 1248 2705 1319 τῆς
2726 1246 3051 1318 κατηφείας,
3077 1246 3206 1301 ἔνθα
3232 1246 3337 1318 πρὸ
3359 1244 3556 1313 ὀλίγων

1876 1332 2100 1404 ἡμερῶν
2129 1334 2391 1404 ποταμῶν
2422 1334 2671 1406 ῥεύματα
2697 1335 2759 1388 τὸ
2785 1334 2989 1406 πλῆθος
3023 1335 3396 1407 ἀπέκρυπτεν,
3420 1332 3557 1387 ἀλλὰ

1875 1418 1970 1471 νῦν
1996 1419 2356 1493 ἀπηλάθησαν
2381 1424 2512 1493 ἡμῖν
2542 1424 2745 1487 πάντες
2771 1424 2985 1476 ἐκεῖνοι.
3016 1423 3127 1476 Καὶ
3145 1421 3396 1493 καθάπερ
3429 1420 3556 1493 δρυ-

1878 1505 1980 1575 μοῦ
2002 1507 2283 1577 συμφύτου
2310 1509 2520 1563 πολλῶν
2549 1510 2889 1581 πανταχόθεν
2923 1508 3272 1562 ἐκκοπέντων
3302 1507 3555 1578 δένδρων,

1873 1593 2115 1665 ἀτερπὴς
2146 1599 2178 1667 ἡ
2213 1596 2335 1666 ὄψις
2364 1598 2594 1667 γίνεται,
2625 1599 2660 1670 ἢ
2696 1598 2950 1669 καθάπερ
2980 1596 3223 1667 κεφαλῆς
3262 1594 3558 1668 φαλακρώ-

1878 1699 2022 1752 ματα
2046 1683 2275 1756 ἐχούσης
2297 1686 2485 1750 πολλὰ,
2504 1686 2645 1740 οὕτω
2678 1686 2743 1758 δὴ
2776 1689 2870 1740 καὶ
2895 1686 2954 1739 τὸ
2980 1687 3080 1757 τῆς
3106 1686 3312 1747 πόλεως
3335 1683 3555 1753 ἔδαφος,

1874 1769 1982 1823 τῶν
2011 1771 2313 1844 ἀνθρώπων
2335 1775 2767 1840 ἐλαττωθέντων,
2798 1776 2892 1828 καλ¹
2918 1775 3114 1843 ὀλίγων
3139 1772 3412 1845 σποράδην
3436 1789 3559 1841 φαι-

1876 1859 2137 1933 νομένων,
2160 1862 2397 1934 ἀτερπὲς
2433 1864 2624 1933 γέγονε
2664 1863 2783 1929 νῦν,
2816 1865 2910 1917 καὶ
2939 1864 3140 1933 πολλὴν
3174 1861 3282 1915 τῶν
3309 1860 3560 1934 ὁρώντων

1876 1947 2132 2016 καταχέει
2165 1949 2263 2020 τῆς
2286 1949 2525 2020 ἀθυμίας
2547 1952 2645 2022 τὴν
2670 1951 2858 2022 ἀχλύν.
2896 1952 2969 2005 Οὐ
2991 1951 3051 2004 τὸ
3079 1951 3273 2018 ἔδαφος
3292 1949 3348 2002 δέ
3379 1949 3557 2019 μόνον,

1875 2032 2009 2086 ἀλλά
2051 2035 2144 2087 καὶ¹
2179 2037 2316 2108 αὐτὴ
2341 2037 2435 2090 τοῦ
2468 2038 2631 2109 ἀέρος
2663 2041 2695 2109 ἡ
2733 2038 2914 2108 φύσις,
2946 2039 3040 2092 καὶ
3075 2037 3239 2100 αὐτὸς
3264 2034 3372 2089 τῶν
3400 2035 3560 2107 ἡλιαο

1876 2120 1988 2173 κῶν
2028 2122 2261 2176 ἀκτίνων
2298 2127 2326 2177 ὀ
2364 2124 2562 2190 κύκλος
2608 2127 2927 2195 στυγνάζειν
2977 2143 3066 2197 μοι
3106 2125 3255 2177 δοκεῖ
3308 2121 3426 2188 νῦν,
3466 2122 3560 2175 καὶ

1876 2209 2251 2282 ἀμαυρότερος
2271 2213 2580 2282 φαίνεσθαι,
2610 2215 2672 2267 οὐ
2702 2214 2811 2267 τῶν
2839 2212 3117 2283 στοιχείων
3144 2211 3243 2283 τὴν
3272 2209 3433 2280 φύσιν
3464 2225 3560 2280 με·

1875 2296 2266 2360 ταϐαλλόντων,
2304 2299 2439 2352 ἀλλά
2472 2300 2581 2355 τῶν
2626 2301 2911 2372 ἡμετέρων
2952 2298 3250 2370 ὀφθαλμῶν
3288 2296 3367 2368 τῷ
3407 2295 3561 2349 τεθο-

1874 2382 2077 2437 λῶσθαι
2114 2384 2213 2456 τῆς
2254 2386 2492 2459 ἀθυμίας
2520 2388 2598 2460 τῷ
2634 2389 2808 2456 νέφει,
2845 2389 2918 2460 μὴ
2957 2387 3270 2457 δυναμένων
3304 2383 3561 2453 καθαρῶς

1879 2470 2013 2541 μηδὲ
2051 2473 2186 2541 μετά
2224 2460 2324 2546 τῆς
2353 2477 2526 2545 αὐτῆς
2561 2475 2855 2540 διαθέσεως
2892 2476 2953 2529 τὸ
2988 2475 3141 2545 παρὰ
3178 2474 3285 2528 τῶν
3326 2472 3561 2528 ἀκτίνων

1874 2556 2124 2628 δέχεσθαι
2164 2560 2299 2629 φῶς.
2330 2562 2501 2616 Τοῦτό
2540 2567 2687 2618 ἐστιν
2721 2564 2750 2617 ὃ
2777 2565 2997 2618 πάλαιὸ
3026 2565 3311 2636 προφήτης
3344 2561 3560 2632 ἐθρήνει

1875 2644 2067 2715 λέγων·
2100 2650 2349 2703 Δύσεται
2382 2653 2587 2717 αὐτοῖς
2619 2656 2651 2707 ό
2688 2653 2862 2719 ἥλιος
2891 2652 3288 2722 μεσημϐρίας,
3321 2649 3418 2703 καί
3445 2661 3552 2702 συν

1876 2734 2163 2790 σκοτάσει
2188 2737 2226 2805 ἡ
2257 2738 2466 2807 ἡμέρα.
2491 2740 2660 2794 Τοῦτο
2688 2741 2744 2794 δὲ
2776 2741 2979 2809 ἔλεγεν,
3008 2741 3103 2809 οὐχ
3132 2740 3206 2802 ὼς
3238 2738 3333 2791 τοῦ
3362 2736 3560 2807 ἄστρου

1877 2824 2276 2894 κρυπτομένου»
2310 2828 2432 2879 οὐδὲ
2481 2827 2557 2890 ὡς
2594 2829 2693 2899 τῆς
2724 2829 2940 2900 ἡμέρας
2984 2826 3407 2896 ἀφανιζομένης,
3445 2824 3559 2877 ἀλλ’

1874 2912 1949 2973 ὡς
1972 2911 2077 2965 τῶν
2110 2912 2464 2984 ἀθυμούντων
2496 2917 2617 2970 οὐδὲ
2655 2920 2713 2970 ἐν
2750 2917 3067 2989 μεσημϐρίᾳ
3090 2914 3405 2985 δυναμένων
3430 2913 3563 2982 ὁρᾷν

1875 2997 1937 3051 τὸ
1975 2998 2092 3068 φῶς
2127 3000 2215 3054 διὰ
2256 3002 2348 3055 τὸν
2377 3003 2486 3056 ἀπὸ
2522 3004 2622 3074 τῆς
2668 3005 2862 3075 ὀδύνης
2902 3004 3063 3073 ζόφον
3088 3021 3102 3034 ·
3138 3003 3166 3056 ὃ
3212 3003 3276 3072 δὴ
3318 3001 3411 3054 καὶ
3466 2998 3563 3052 νῦν

1876 3088 2067 3157 γέγονε
2088 3105 2101 3120 ο
2138 3091 2234 3144 καὶ
2262 3092 2510 3165 ὅπουπερ
2549 3094 2615 3148 ἂν
2643 3095 2727 3167 ίδῃ
2764 3113 2871 3159 τις,
2904 3095 3006 3148 κᾶν
3033 3096 3113 3158 είς
3144 3093 3203 3147 τὸ
3225 3093 3440 3163 ἔδαφος,
3459 3090 3563 3145 κᾶν

1876 3180 1957 3242 εἰς
1976 3179 2102 3242 τοὺς
2130 3180 2361 3251 τοίχους,
2389 3182 2491 3235 κᾶν
2516 3184 2595 3246 είς
2612 3184 2736 3246 τοὺς
2757 3186 2942 3248 κίονας
2965 3185 3062 3256 τῆς
3088 3182 3314 3245 πόλεως,
3349 3179 3452 3234 κᾶν
3481 3181 3563 3243 εἰς

1876 3266 2002 3330 τοὺς
2043 3267 2286 3338 πλησίον,
2329 3268 2500 3323 νύκτα
2535 3272 2669 3342 ὀρᾷν
2695 3270 2842 3324 δοκεῖ
2870 3273 2962 3325 καὶ
3000 3271 3162 3339 ζόφον
3192 3268 3357 3340 βαθύν
3379 3285 3392 3297 ·
3418 3266 3563 3321 οὕτω

1878 3355 2056 3409 πάντα
2078 3356 2277 3429 πολλῆς
2312 3358 2473 3429 γέμει
2500 3359 2600 3430 τῆς
2628 3360 2955 3429 κατηφείας.
2979 3359 3112 3428 Σιγὴ
3144 3354 3420 3427 πανταχοῦ
3441 3357 3565 3430 φρί-

1877 3460 1980 3514 κης
2018 3442 2264 3515 γέμουσα
2325 3447 2419 3500 καὶ
2457 3447 2684 3519 ἐρημία,
2725 3447 2819 3500 καὶ
2857 3448 2885 3500 ὀ
2934 3446 3180 3511 ποθεινὸς
3228 3446 3434 3509 ἐκεῖνος
3468 3444 3563 3499 τοῦ

1877 3532 2117 3603 πλήθους
2134 3533 2389 3588 ἔσϐεσται
2417 3534 2666 3607 θόρυϐος,
2696 3536 2791 3588 καὶ
2815 3536 3068 3606 καθάπερ
3090 3534 3346 3588 ἁπάντων
3367 3534 3447 3595 είς
3468 3532 3565 3603 τὴν

1878 3623 1983 3692 γῆν
2016 3623 2390 3677 καταδυόντων
2427 3623 2473 3685 τ,
2524 3624 2697 3688 οὕτως
2745 3625 2959 3694 ἀφωνία
3012 3624 3111 3696 τὴν
3150 3623 3304 3677 πόλιν
3343 3621 3564 3692 κατέχει

1878 3709 1994 3775 νῦν,
2033 3713 2126 3764 καὶ
2161 3714 2274 3774 τοῖς
2300 3711 2469 3777 λίθοις
2502 3714 2743 3767 ἐοίκασιν
2775 3715 3033 3778 ἅπαντες,
3084 3715 3178 3767 καὶ
3225 3712 3413 3783 ῶσπερ
3457 3710 3564 3764 τινὶ

1879 3798 2222 3872 γλωττοπέδῃ
2251 3804 2317 3871 τῇ
2367 3805 2623 3874 συμφορᾷ
2677 3804 3031 3874 κατεχόμενοι
3069 3803 3378 3874 βαρυτάτην
3431 3820 3565 3855 κατ-

1881 3886 2100 3956 έχουσιν
2127 3888 2376 3959 ἡσυχίαν,
2416 3891 2510 3942 καλ⁵
2542 3892 2829 3962 τοσαύτην,
2856 3894 3064 3962 ὃσηπερ
3100 3892 3165 3944 ἂν
3205 3893 3253 3944 εί
3292 3890 3566 3962 πολεμίων

1880 3974 2213 4029 ἐπελθόντων
2248 3977 2344 4029 καὶ
2379 3978 2587 4040 πάντας
2623 3977 2757 4048 ὀμοῦ
2794 3979 2926 4049 πυρὶ
2955 3979 3049 4031 καὶ
3086 3977 3290 4049 σιδήρῳ
3316 3978 3562 4048 δαπανη-

1883 4063 2090 4116 σάντων
2140 4063 2377 4131 ἐγένετο.
2435 4064 2701 4131 Εῦκαιρον
2750 4066 2845 4119 νῦν
2894 4067 3093 4119 εἰπεῖν’
3145 4066 3565 4119 Ἆποστείλατε

1883 4146 2033 4215 πρὸς
2061 4144 2167 4211 τὰς
2193 4147 2555 4214 θρηνούσας,
2583 4147 2697 4220 [:25]
2737 4148 2836 4202 καὶ
2875 4148 3246 4213 ἐλθέτωσαν,
3276 4149 3372 4201 καὶ
3412 4153 3564 4216 πρὸς

1882 4233 1989 4298 τὰς
2005 4231 2218 4300 σοφὰς,
2237 4233 2333 4286 καί
2352 4234 2850 4303 φθεγξάσθωσαν.
2887 4236 3186 4289 Ῥεέτωσαν
3207 4239 3255 4289 οξ
3285 4234 3560 4306 ὀφθαλμοὶ

1880 4323 2036 4394 ὑμῶν
2067 4324 2231 4390 ὕδωρ,
2261 4325 2355 4377 καὶ
2385 4325 2453 4377 τὰ
2490 4324 2737 4393 βλέφαρα
2764 4323 2917 4393 ὑμῶν
2946 4323 3232 4390 καταγέτω
3256 4323 3483 4395 δάκρυα·
3514 4325 3562 4377 οί

1883 4410 2286 4483 βουνοὶ,λάϐετε
2313 4412 2561 4474 κοπετὸν,
2598 4413 2693 4465 καὶ
2719 4410 2789 4464 τὰ
2821 4410 2945 4483 ὅρη,
2972 4409 3188 4481 θρῆνον.
3226 4410 3562 4481 Καλέσωμεν

1880 4498 1978 4569 τὴν
2016 4499 2191 4552 κτίσιν
2230 4499 2446 4553 ἃπασαν
2490 4501 2569 4562 είς
2609 4498 2953 4569 συμπάθειαν
2990 4498 3096 4551 τῶν
3142 4498 3427 4570 ἡμετέρων
3465 4516 3565 4552 κα-

1880 4586 2013 4640 κῶν.
2056 4585 2217 4649 Πόλις
2239 4584 2381 4639 οὕτω
2419 4585 2628 4657 μεγάλη
2657 4586 2749 4639 καὶ
2782 4585 2891 4638 τῶν
2920 4586 3025 4639 ὑπὸ
3054 4586 3154 4656 τὴν
3185 4586 3259 4640 Em
3293 4586 3564 4656 κειμένων

1882 4672 2162 4745 ἡκεφαλὴ,
2190 4675 2253 4727 ἐκ
2285 4673 2459 4745 μέσης
2487 4674 2907 4745 ἀναρπασθῆναι
2933 4673 3231 4728 κινδυνεύει
3260 4675 3359 4744 τῆς
3384 4677 3564 4727 οἰκου·

1885 4760 2083 4830 μένης·
2124 4760 2220 4815 νῦν
2251 4760 2284 4830 ἡ
2320 4760 2590 4824 πολύπαις
2620 4761 2790 4824 άπαις
2821 4759 3085 4830 ἐξαίφνης
3114 4761 3427 4830 γεγένηται,
3469 4761 3565 4813 καὶ

1880 4849 1909 4901 ὁ
1938 4846 2221 4919 βοηθήσων
2259 4846 2453 4911 οὐδείς.
2483 4848 2559 4901 Οὐ
2580 4848 2690 4919 γάρ
2720 4850 2868 4901 ἐστιν
2908 4849 2936 4900 ὁ
2971 4846 3251 4916 ὑϐρισθεὶς
3300 4846 3564 4916 ὀμότιμόν

1880 4950 2001 4987 τινα
2040 4933 2180 5004 ἔχων
2216 4934 2309 4987 ἐπὶ
2343 4934 2445 5004 τῆς
2488 4934 2591 5005 γῆς
2614 4951 2626 4964 ’
2659 4933 2913 5004 βασιλεὺς
2943 4935 3052 5004 γάρ
3080 4936 3195 4986 ἐστι
3231 4932 3441 5005 κορυφὴ
3469 4934 3566 4986 καὶ

1883 5021 2094 5093 κεφαλὴ
2126 5020 2236 5075 τῶν
2268 5021 2363 5074 ἐπὶ
2387 5021 2486 5090 τῆς
2518 5021 2624 5091 γῆς
2654 5020 2957 5092 ἀνθρώπων
2982 5020 3255 5074 ἀπάντων.
3288 5021 3384 5073 Διά
3406 5020 3567 5072 τοῦτο

1881 5108 1944 5179 δὴ
1974 5108 2111 5178 πρὸς
2134 5108 2225 5163 τὸν
2256 5110 2369 5164 ἀνω
2401 5109 2837 5180 καταφεύγωμεν
2872 5109 3131 5179 βασιλέα⁶
3167 5110 3370 5164 ἐκεῖνον
3403 5107 3565 5162 καλέ-

1885 5212 2066 5262 σωμεν
2097 5197 2177 5259 είς
2208 5194 2458 5266 βοήθειαν
2477 5213 2491 5227 ι
2521 5197 2570 5249 εἰ
2608 5195 2684 5267 μὴ
2731 5196 2832 5265 τῆς
2867 5195 3077 5250 ἄνωθεν
3105 5195 3505 5264 ἀπολαύσοιμεν
3536 5196 3564 5235 σ

1883 5282 2121 5346 εὐνοίας,
2144 5282 2370 5353 οὐδεμία
2395 5282 2641 5336 λείπεται
2665 5286 2778 5346 τοῖς
2803 5284 3195 5356 γεγενημένοις
3223 5282 3561 5353 παραμυθία.

1952 5378 2024 5439 γ’.
2064 5371 2394 5443 Ἐϐουλόμην
2430 5371 2665 5425 ἐνταῦθα
2711 5372 3016 5426 καταλῦσαι
3057 5372 3146 5426 τὸν
3167 5371 3339 5438 λόγον’
3364 5369 3426 5421 οὐ
3455 5368 3566 5438 γὰρ

1886 5457 2128 5511 ἐθέλουσι
2173 5458 2283 5512 τῶν
2325 5459 2675 5530 ὀδυνωμένων
2719 5460 2776 5514 αἱ
2831 5459 3001 5530 ψυχαὶ
3060 5459 3303 5530 μακροὺς
3345 5455 3567 5510 ἀποτεί-

1883 5562 1998 5599 νειν
2032 5545 2239 5616 λόγους·
2303 5546 2418 5600 ἀλλ’
2455 5546 2646 5617 ὥσπερ
2683 5547 2879 5619 νεφέλη
2934 5563 3019 5607 τις
3057 5544 3236 5611 πυκνὴ
3273 5542 3564 5614 γενομένη,

1884 5634 1979 5687 καὶ¹
2021 5634 2121 5706 τὴν
2154 5635 2386 5707 ἡλιακὴν
2430 5636 2625 5690 ἀκτῖνα
2669 5633 3096 5706 ὑπεκδραμοῦσα
3134 5633 3196 5695 h,
3232 5631 3570 5703 ἀποστρέφει

1896 5862 1907 5875 ’
1955 5796 1972 5836 ΐ
2021 5797 2119 5848 Alii
2151 5801 2470 5850 καταδύντων.
2513 5801 2638 5850 Infra
2671 5800 2823 5849 Savil.
2859 5804 2915 5850 et
2968 5812 3095 5849 unus
3140 5797 3405 5863 βαρυτάτην
3444 5811 3567 5860 παρ-

1885 5877 2066 5922 εχουονι.

1952 5924 1978 5985 β
2004 5923 2103 5970 Alii
2130 5924 2187 5970 ἂν
2213 5924 2336 5985 μή...
2362 5923 2723 5983 ἀπολαύσωμεν

1949 5982 1979 6057 ιι
2006 5984 2155 6033 Savil.
2181 5982 2232 6033 et
2263 5985 2459 6047 quidam
2487 5982 2989 6051 ωδεεῦποδραμοῦσα.
