3998 6446
404 313 475 366 37
1183 310 1242 365 S.
1275 307 2074 366 JOANNISCHRYSOSTOMI
2109 306 2435 366 ARCHIEP.
2476 297 3023 366 CONSTANTINOP.
3794 307 3855 363 58

408 427 510 500 τὴν
536 428 715 498 αὑγήν
738 430 918 481 πᾶσαν
945 429 1025 489 εἰς
1046 425 1308 478 τοὺπίσω·
1332 424 1473 478 οὑτω
1497 424 1562 496 δὴ
1596 424 1692 479 καὶ
1720 424 1960 496 ἀθυμίας
2001 425 2091 479 νέ-

407 534 529 582 φος,
575 516 795 569 ἐπειδὰν
827 518 923 587 στῇ
969 514 1076 586 πρὸ
1116 514 1214 585 τῆς
1256 514 1435 585 ψυχῆς
1472 518 1573 585 τῆς
1629 514 1941 586 ήμετέρας,
1990 516 2091 569 οὑκ

408 604 636 676 ἀφίησιν
664 603 883 657 εὔκολον
913 601 1166 670 γενέσθαι
1191 602 1290 676 τὴν
1318 601 1412 654 τοῦ
1441 600 1602 671 λόγου
1649 602 1918 665 διάϐασιν,
1974 602 2093 656 ἀλλ’

408 670 703 760 ἀποπνίγει
756 691 847 743 καὶ
879 689 1090 759 συνέχει
1123 670 1263 759 με·έά
1293 689 1494 760 πολλῆς
1522 690 1624 761 τῆς
1651 690 1898 763 ἀνάγκης
1948 691 2095 743 ἐνδον

409 780 593 833 αὑτόν.
625 778 736 832 Καὶ
769 776 925 830 τοῦτο
952 779 1053 830 οὑκ
1083 777 1175 830 ἐπὶ
1207 775 1318 830 τῶν
1345 777 1631 845 λεγόντων,
1681 777 1817 831 ἀλλά
1861 779 1957 831 καὶ
2001 779 2096 831 ἐπὶ

408 867 517 920 τῶν
550 866 856 920 ἀκουόντων
886 866 1117 929 γίνεται.
1143 866 1358 936 ’Ὠσπερ
1386 864 1496 937 γὰρ
1517 865 1626 919 ἀπὸ
1650 866 1750 935 τῆς
1782 866 1877 919 τοῦ
1904 865 2092 933 λέγον-

408 969 501 1016 τος
524 954 702 1026 ψυχῆς
731 954 829 1007 οὑκ
862 953 1090 1023 ἀφίησιν
1136 954 1299 1007 αὑτὸν
1338 953 1644 1025 ἐκπηδῆσαι
1678 956 1793 1025 μετ’
1820 954 2092 1019 εὐκολίας,

411 1037 584 1104 οὕτως
623 1042 744 1094 οὑδέ
788 1042 868 1104 εἰς
916 1040 1017 1112 τὴν
1061 1038 1167 1093 τῶν
1198 1040 1506 1095 ἀκουόντων
1547 1040 1786 1096 διάνοιαν
1834 1043 2095 1111 ἐμπεσεῖν

413 1132 690 1201 συγχωρεῖ
744 1129 881 1199 μετά
930 1130 1028 1199 τῆς
1065 1130 1269 1193 οἰκείας
1294 1128 1597 1200 δυνάμεως.
1639 1129 1739 1182 Διά
1790 1130 1948 1184 τοῦτο
2000 1131 2097 1184 καὶ

425 1218 669 1272 Ἰουδαῖοί
694 1236 824 1273 ποτε
852 1218 929 1289 τῷ
955 1218 1111 1290 πηλῷ
1147 1220 1240 1274 καὶ
1287 1223 1352 1291 τῇ
1400 1220 1649 1292 πλινθεία
1686 1219 2028 1284 δουλεύοντες
2043 1232 2096 1284 ι,

411 1305 508 1360 τοῦ
531 1306 775 1368 Μωσέως
805 1305 1066 1370 πολλάκις
1103 1307 1314 1378 μεγάλα
1340 1308 1469 1379 περὶ
1508 1310 1610 1378 τῆς
1640 1307 1818 1361 αὑτῶν
1848 1307 2097 1376 λέγοντος

414 1394 690 1465 σωτηρίας
740 1393 959 1447 ἀκούειν
988 1395 1088 1447 οὑκ
1127 1395 1424 1466 ἠνείχοντο,
1470 1396 1569 1466 τῆς
1611 1396 1848 1467 ἀθυμίας
1898 1395 2097 1449 ἄϐατον

412 1484 677 1553 ποιούσης
706 1483 786 1552 τῷ
816 1483 959 1554 λόγῳ
989 1485 1088 1555 τὴν
1112 1483 1373 1549 διάνοιαν,
1406 1486 1500 1537 καὶ
1527 1484 1623 1556 τὴν
1651 1485 1821 1555 ἀκοὴν
1849 1486 2099 1555 ἐμφρατ-

413 1571 633 1640 τούσ-ης.
680 1571 1017 1643 Ἠϐουλόμην
1047 1573 1145 1644 μὲν
1174 1568 1267 1627 οὖν
1301 1574 1392 1626 καὶ
1421 1575 1582 1637 αὑτὸς
1605 1574 1834 1628 ἐνταῦθα
1861 1573 2098 1627 καταλῦ-

416 1675 507 1712 σαι
530 1658 599 1711 τά
626 1658 913 1729 εἰρημένα·
946 1658 1063 1713 ἀλλ’
1078 1660 1339 1732 ἐννοήσας
1377 1662 1459 1714 ὅτι
1492 1662 1592 1713 οὑκ
1625 1661 1973 1731 ἀντιφράττει
2004 1660 2100 1730 μό-

415 1764 505 1800 νον
532 1748 762 1818 νεφέλης
789 1747 949 1816 φύσις
980 1748 1078 1820 τὴν
1111 1750 1189 1812 εἰς
1216 1750 1277 1802 τὸ
1304 1750 1492 1820 πρόσω
1522 1748 1692 1820 φοράν
1721 1749 1823 1819 τῆς
1860 1750 2097 1811 ἀκτῖνος,

420 1836 560 1890 ἀλλά
590 1837 684 1890 καὶ
706 1836 1015 1889 τοὺναντίον
1044 1837 1182 1909 αὑτὴ
1214 1838 1410 1907 πάσχει
1436 1836 1714 1900 πολλάκις·
1759 1835 1975 1889 ἐπειδάν
1993 1837 2100 1905 γὰρ

418 1925 449 1976 ὁ
480 1924 629 1995 ῆλιος
655 1924 980 1997 θερμότερος
1015 1923 1340 1997 προσπεσὼν
1360 1924 1623 1996 διηνεκῶς
1647 1925 1809 1997 τρίϐῃ
1838 1924 1898 1977 τὸ
1916 1924 2098 1992 νέφος,

423 2014 586 2083 μέσον
616 2032 674 2068 τε
707 2014 838 2069 αὑτὸ
872 2014 1124 2087 διέρῥηξε
1165 2014 1442 2079 πολλάκις,
1467 2017 1562 2069 καὶ
1595 2015 1789 2086 ἀθρόον
1816 2014 2100 2084 ἐκλάμψας

412 2104 645 2175 φαιδρὸς
674 2108 794 2169 ταῖς
824 2105 932 2159 τῶν
963 2106 1214 2177 ὁρώντων
1248 2108 1586 2179 προσέπεσεν
1612 2108 1786 2177 ὄψεσι·
1814 2108 1973 2161 τοῦτο
2007 2108 2101 2161 κς.ιί⁵

419 2190 582 2254 αὑτὸς
611 2192 897 2264 προσδοκῶ
927 2196 1173 2266 ποιήσειν
1205 2196 1467 2268 σήμερον,
1504 2195 1599 2250 καὶ
1640 2195 1735 2250 τοῦ
1782 2195 1942 2263 λόγου
1978 2213 2102 2248 aw-

418 2279 560 2349 εχῶς
590 2280 905 2351 ὁμιλοῦντος
942 2282 1098 2354 ὑμῶν
1127 2286 1247 2348 ταῖς
1282 2284 1509 2355 ψυχαῖς,
1544 2287 1638 2339 καὶ
1661 2286 1753 2338 ἐπ)⁵
1797 2285 1980 2338 πλεῖον
2013 2287 2102 2338 ἐν·

420 2364 809 2438 διατρίϐοντος,
834 2369 1170 2441 ῥαγήσεσθαι
1194 2370 1397 2434 ἐλπίζω
1425 2373 1522 2441 τῆς
1555 2372 1794 2442 ἀθυμίας
1827 2372 1887 2425 τὸ
1919 2370 2101 2440 νέφος,

423 2452 519 2505 καὶ
556 2453 933 2524 καταλάμψειν
974 2454 1129 2525 ὑμῶν
1166 2456 1263 2526 τὴν
1299 2456 1539 2510 διάνοιαν
1579 2459 1645 2528 τῇ
1688 2456 1913 2529 εἰωθυίᾳ
1942 2456 2103 2511 πάλιν

421 2538 760 2611 διδασκαλίᾳ.
795 2542 932 2595 Ἀλλ’
960 2542 1173 2596 ἐπίδοτέ
1212 2560 1301 2614 μοι
1333 2543 1433 2613 τὴν
1461 2542 1638 2616 ψυχὴν
1678 2544 1775 2614 τὴν
1806 2545 2103 2616 ὑμετέραν,

424 2626 638 2680 ἐπίδοτέ
681 2646 770 2698 μοι
807 2628 906 2700 τὴν
939 2630 1111 2700 ἀκοὴν
1163 2630 1381 2701 μικρόν·
1413 2632 1811 2698 ἀποτινάξασθε
1838 2634 1937 2702 τὴν
1971 2632 2106 2685 ἀθυ-

427 2714 579 2784 μίαν·
631 2717 721 2768 ἐπὶ
767 2716 828 2768 τὸ
876 2717 1142 2787 πρότερον
1184 2716 1305 2781 ἔθος
1346 2718 1752 2788 ἐπανέλθωμεν,
1788 2720 1883 2771 καὶ
1915 2717 2105 2789 ὥσπερ

424 2798 698 2871 εἰώθαμεν
726 2802 813 2855 ἀεὶ
841 2802 956 2873 μετ’
981 2802 1248 2873 εὐθυμίας
1270 2803 1503 2857 ἐνταῦθα
1526 2804 1946 2873 παραγίνεσθαι,
1963 2804 2105 2858 οὑτω

426 2889 519 2941 καὶ
568 2889 664 2943 νῦν
708 2891 973 2961 ποιῶμεν,
999 2891 1059 2944 τὸ
1098 2892 1205 2944 πᾶν
1231 2891 1323 2945 ἐπὶ
1350 2891 1441 2944 τὸν
1474 2892 1607 2944 Θεὸν
1633 2892 1906 2962 ῥίψαντες.
1937 2891 2107 2946 Τοῦτο

427 2977 523 3029 καὶ
552 2977 689 3046 πρὸς
717 2978 887 3049 αὑτὴν
923 2980 1055 3049 ἡμῖν
1077 2980 1176 3051 τῆς
1205 2980 1492 3050 συμφορᾶς
1523 2979 1880 3048 συμϐαλεῖται
1907 2978 2003 3050 τὴν
2020 2978 2108 3032 λύ·

428 3080 531 3119 σιν.
556 3066 652 3118 Ἂν
673 3066 781 3137 γάρ
810 3066 894 3139 ἴδῃ
925 3066 1063 3135 μετά
1092 3066 1380 3139 ἀκριϐείας
1401 3067 1784 3138 ἀκροωμένους
1808 3066 1915 3122 τῶν
1938 3067 2106 3121 αὑτοῦ

426 3151 619 3220 λόγων,
651 3154 745 3206 καὶ
769 3152 867 3224 τὴν
899 3152 1215 3223 φιλοσοφίαν
1243 3156 1373 3225 ἡμῖν
1400 3155 1500 3208 οὐκ
1535 3155 1903 3227 ἐλεγχομένην
1920 3158 1986 3227 τῇ
2010 3155 2105 3209 τοῦ

427 3239 620 3310 καιροῦ
664 3240 939 3313 δυσκολίᾳ,
982 3241 1194 3313 ταχέως
1219 3242 1591 3312 ἀντιλήψεται,
1620 3244 1715 3296 καί⁵
1758 3245 1974 3313 ποιήσει
2008 3243 2106 3314 τὴν

424 3328 665 3399 γαλήνην
676 3329 772 3382 καὶ
786 3328 1083 3401 μεταϐολὴν
1097 3330 1305 3400 ἀγαθὴν
1318 3331 1427 3384 ἀπὸ
1436 3331 1528 3383 τοῦ
1543 3332 1806 3403 παρόντος
1818 3331 2107 3401 χειμῶνος.

497 3423 601 3475 Τὸν
628 3422 737 3493 γάρ
759 3420 1083 3491 Χριστιανὸν
1103 3420 1200 3474 καί¹
1227 3421 1285 3473 ἐν
1312 3418 1485 3489 τούτῳ
1516 3418 1625 3472 τῶν
1647 3419 1892 3473 ἀπίστων
1915 3419 2105 3489 διαφέ-

429 3526 487 3579 ρε
497 3528 543 3561 ιν
572 3511 701 3580 χρὴ,
731 3508 845 3581 [24]
865 3512 922 3562 ἐν
940 3508 1019 3578 τῷ
1044 3508 1230 3580 φέρειν
1250 3508 1514 3575 γενναίως
1530 3506 1767 3570 ἅπαντα,
1793 3508 1888 3561 καὶ
1908 3510 1977 3580 τῇ
1998 3508 2108 3563 τῶν

429 3600 731 3672 μελλόντων
777 3602 952 3654 ἐλπίδι
988 3603 1356 3673 πτερούμενον
1392 3602 1666 3674 ἀνώτερον
1698 3600 1837 3658 εἰναι
1868 3604 1966 3674 τῆς
1997 3602 2105 3655 τῶν

426 3687 784 3758 ἀνθρωπίνων
804 3687 993 3741 κακῶν
1017 3687 1339 3761 προσϐολῆς.
1371 3690 1495 3743 Ἐπὶ
1522 3690 1620 3761 τῆς
1644 3690 1849 3763 πέτρας
1874 3690 2106 3761 ἔστηκεν

427 3778 457 3829 ό
487 3777 698 3840 πιστὸς,
728 3776 818 3830 διά
859 3774 1018 3831 τοῦτο
1043 3779 1164 3841 ταῖς
1191 3776 1299 3831 τῶν
1332 3777 1591 3848 κυμάτων
1639 3779 1935 3852 ἀχείρωτός
1987 3780 2105 3832 ἐστι

429 3864 801 3937 προσϐολαῖς1³
831 3905 845 3919 .
884 3866 981 3918 Ἂν
1018 3864 1126 3938 γὰρ
1155 3865 1368 3938 ἐπαρθῇ
1398 3866 1468 3920 τά
1506 3866 1727 3938 κύματα
1764 3868 1874 3920 τῶν
1908 3884 2105 3940 πειραι-

429 3951 604 4023 σμῶν,
640 3954 739 4006 οὐκ
768 3954 1070 4022 ἐφικνεῖται
1099 3954 1208 4008 τῶν
1248 3955 1457 4007 ἐκείνου
1492 3954 1702 4008 ποδῶν·
1737 3950 1890 4020 οὗτος
1914 3956 2107 4027 ὑψηλό-

424 4057 580 4112 τερος
604 4044 702 4111 τῆς
723 4041 941 4113 ἀπάσης
960 4042 1215 4111 τοιαύτης
1237 4042 1467 4112 ἔστηκεν
1489 4042 1799 4114 ἐπιϐουλῆς.
1818 4043 1911 4114 Μὴ
1926 4044 2105 4097 τοίνυν

427 4130 844 4200 καταπέσωμεν,
886 4130 1181 4201 ἀγαπητοί.
1222 4131 1335 4201 υὺχ
1365 4129 1539 4194 οὕτως
1562 4133 1722 4201 ἡμεῖς
1748 4132 2105 4203 φροντίζομεν

424 4218 524 4287 τῆς
541 4217 816 4288 ἡμετέρας
844 4219 1136 4289 σωτηρίας,
1154 4218 1229 4281 ὡς
1254 4219 1283 4269 ὁ
1302 4219 1533 4289 ποιήσας
1552 4220 1700 4288 ἡμᾶς
1720 4219 1872 4283 Θεός·
1891 4220 1989 4291 οὑχ
2017 4219 2106 4274 οὗ·

427 4321 531 4366 τως
549 4306 681 4374 ἡμῖν
705 4304 857 4374 μέλει
872 4305 966 4359 τοῦ
991 4306 1156 4378 μηδὲν
1180 4305 1372 4360 παθεῖν
1391 4306 1585 4372 δεινὸν,
1604 4307 1679 4371 ὡς
1698 4306 1776 4378 τῷ
1794 4308 1900 4378 τὴν
1926 4309 2105 4380 ψυχὴν

427 4397 560 4466 ήμῖν
590 4396 962 4467 χαρισαμένῳ,
994 4396 1087 4449 καὶ
1106 4396 1344 4451 τοσαῦτα
1369 4396 1512 4451 δόντι
1543 4396 1681 4468 μετά
1705 4397 1878 4451 ταῦτα
1900 4399 2102 4467 ἀγαθά.

428 4482 667 4546 Ταύταις
692 4484 916 4540 ἑαυτοὺς
946 4483 1316 4554 πτερώσωμεν
1334 4487 1453 4548 ταῖς
1475 4486 1677 4552 ἐλπίσι,
1706 4487 1802 4540 καί¹
1830 4487 1939 4539 τῶν
1976 4486 2103 4557 μελ-

428 4568 629 4623 λόντων
661 4567 994 4639 ῥηθήσεσθαι
1021 4569 1161 4639 μετά
1183 4569 1283 4638 τῆς
1311 4571 1564 4635 εἰωθυίας
1601 4572 1923 4643 ἀκούσωμεν
1966 4589 2105 4645 προ-

430 4654 648 4726 θυμίας.
701 4654 935 4722 Μακράν
983 4654 1174 4727 πρῴην
1215 4656 1477 4711 ἀπέτεινα
1514 4659 1649 4730 πρὸς
1689 4660 1787 4731 τὴν
1831 4660 2104 4732 ὑμετέραν

425 4744 647 4815 ἀγάπην
679 4742 1042 4815 δημηγορίαν,
1082 4745 1175 4797 καὶ¹
1225 4744 1435 4809 πάντας
1469 4741 1604 4800 εἶδον
1635 4747 2105 4819 παρακολουθοῦν-

426 4848 544 4895 τας,
578 4832 670 4884 καί
690 4831 883 4885 οὐδένα
922 4834 985 4884 ἐκ
1021 4831 1196 4903 μέσης
1240 4832 1656 4905 ὑποστρέψαντα
1685 4835 1787 4905 τῆς
1814 4834 1956 4890 ὁδοῦ.
1988 4836 2102 4888 Χά-

431 4936 515 4989 ριν
543 4918 671 4987 ὑμῖν
704 4920 827 4973 ἀντὶ
854 4914 953 4991 τῆς
984 4919 1293 4991 προθυμίας
1327 4920 1434 4991 ἐχω
1468 4922 1707 4991 ἐκείνης,
1736 4922 1964 4976 καὶτῶν
2002 4923 2101 4976 πό-

425 5024 530 5061 νων
558 5008 649 5059 τὸν
683 5007 871 5078 μισθὸν
894 5008 1192 5080 ἀπείληφα·
1211 5009 1347 5064 ἀλλά
1382 5010 1475 5063 καὶ
1504 5011 1691 5084 ἕτερον
1733 5014 1849 5081 μετ’
1889 5012 2101 5067 ἐκείνου

428 5094 619 5165 μισθὸν
660 5096 804 5166 ὑμᾶς
825 5095 1005 5168 ᾔτησα
1032 5098 1177 5151 τότε·
1223 5099 1365 5168 τάχα
1396 5098 1509 5151 ίστε
1541 5100 1635 5152 καὶ
1671 5099 1971 5171 μέμνησθε.
2005 5100 2102 5164 Τίς

424 5181 481 5235 δὲ
527 5178 594 5251 ἦν
631 5184 659 5236 ὁ
686 5182 906 5253 μισθός;
938 5184 1076 5248 Τοὺς
1104 5184 1459 5257 βλασφήμους
1483 5189 1609 5250 τοὺς
1641 5186 1784 5240 κατά
1813 5187 1913 5259 τὴν
1947 5187 2102 5241 πόλιν

425 5272 674 5337 κολάζειν
698 5273 792 5326 καὶ
818 5271 1193 5344 σωφρονίζειν,
1232 5276 1359 5339 τοὺς
1389 5278 1469 5341 εἰς
1496 5276 1587 5329 τὸν
1615 5276 1746 5330 Θεὸν
1780 5276 2101 5348 ὑϐρίζοντας

427 5363 520 5416 καὶ
551 5362 945 5435 παροινοῦντας
971 5374 992 5402 ο
1017 5365 1289 5431 κατέχειν·
1316 5367 1415 5419 οὑκ
1434 5362 1585 5436 οἴμαι
1610 5365 1783 5419 ταῦτα
1810 5366 1905 5421 ἀπ’
1931 5368 2103 5436 ἐμαυ-

424 5450 519 5504 τοῦ
548 5453 669 5505 τότε
703 5452 1008 5525 εἰρηκέναι,
1044 5453 1180 5506 ἀλλὰ
1195 5452 1290 5506 τοῦ
1306 5453 1442 5507 Θεοῦ
1467 5453 1538 5506 τὰ
1564 5453 1825 5524 μέλλοντα
1851 5455 2101 5526 προειδὸ-

425 5554 517 5602 τος
534 5541 614 5603 εἰς
629 5540 727 5611 τὴν
742 5542 982 5596 διάνοιαν
1001 5541 1099 5612 τὴν
1113 5541 1391 5612 ἡμετέραν
1409 5540 1807 5613 ἐμϐεϐληκέναι
1828 5542 1898 5597 τά
1916 5544 1984 5615 ῥή
1993 5559 2100 5615 μα-

425 5643 513 5680 τα·
543 5629 593 5680 εἰ
620 5630 728 5700 γὰρ
754 5632 882 5695 τοὺς
916 5630 986 5683 τὰ
1011 5628 1238 5683 τοιαῦτα
1264 5628 1578 5701 τολμῶντας
1618 5628 1968 5701 ἐκολάζομεν,
1998 5631 2102 5685 οὑκ

424 5714 489 5770 ἂν
517 5715 690 5769 ταῦτα
716 5716 878 5789 ἐξέϐη
904 5717 1020 5784 νῦν,
1040 5717 1186 5789 άπερ
1208 5716 1390 5789 ἐξέϐη.
1413 5717 1574 5789 Πόσῳ
1592 5716 1799 5788 βέλτιον
1825 5714 1917 5791 ἦν,
1937 5721 1985 5775 εἰ
2004 5722 2101 5775 καὶ

482 5880 508 5953 ξ
532 5881 680 5953 Sevi].
696 5888 771 5953 -θί-
793 5886 943 5953 aliqui
963 5887 1183 5953 πλινθείᾳ
1216 5888 1666 5953 ταλαιπωρούμενο..

482 5942 509 5981 δ
544 5942 813 6005 Ἐμϐολαῖς,
836 5942 905 5997 sib
930 5951 1030 5997 alii.

481 6008 503 6034 ε
529 6007 611 6054 Sit:
636 6007 765 6055 Sam
811 6017 856 6056 et
885 6013 1072 6069 aliquot
1097 6025 1236 6068 mss"
1266 6014 1346 6061 alii
1373 6011 1776 6074 παρανομοῦντας.

2201 423 2536 479 κινδυνεύειν
2573 423 2703 489 ἔδει,
2747 423 3148 496 σωφρονίζοντα
3174 422 3372 486 αὑτοὺς
3393 421 3489 477 καὶ
3516 422 3859 478 παιδεύονταά

2202 513 2395 567 παθεῖν
2422 530 2497 578 τι,
2530 511 2559 565 δ
2584 512 2680 565 καὶ
2712 509 3015 584 μαρτυρίου
3046 510 3309 580 στέφανον
3355 512 3491 582 ἡμῖν
3536 512 3802 583 ἐκόμιζεν,
3829 512 3861 582 ἢ

2196 600 2291 655 νῦν
2310 600 2628 665 δεδοικέναι,
2664 600 2761 653 καὶ
2786 598 3033 670 τρέμειν,
3076 598 3172 652 καὶ
3202 598 3432 653 θάνατον
3479 600 3779 672 προσδοκᾷν
3800 603 3855 655 ἐκ

2195 689 2294 759 τῆς
2320 688 2542 742 ἐκείνων
2565 686 2789 752 ἀταξίας
2807 705 2822 753 ;
2856 686 2987 742 Ἰδοὺ
3016 686 3076 739 τὸ
3092 687 3398 758 ἁμάρτημα
3418 688 3640 757 γέγονεν
3659 688 3860 758 ὀλίγων,

2195 776 2291 830 καὶ
2318 777 2379 830 τὸ
2401 776 2655 847 ἔγκλημα
2675 776 2883 845 γίνεται
2910 776 3107 830 κοινόν·
3141 777 3250 830 ἰδοὺ
3278 776 3347 829 δι’
3375 776 3616 841 ἐκείνους
3641 776 3865 845 ἅπαντες

2193 864 2514 937 δεδοίκαμεν
2553 865 2669 931 νῦν,
2710 866 2804 920 καὶ
2841 864 2952 920 τῶν
2990 866 3218 930 ἐκείνοις
3259 865 3679 937 τετολμημένων
3723 868 3865 922 αὑτιί

2192 954 2294 1017 τάς
2317 954 2588 1025 τιμωρίας
2623 954 2987 1026 ὑπομένομεν.
3041 955 3105 1007 Εἰ
3157 954 3215 1007 δὲ
3269 954 3636 1024 προλαϐόντες
3681 955 3867 1021 αὑτοὺς

2196 1039 2528 1111 ἐξεϐάλομεν
2545 1041 2646 1112 τῆς
2672 1042 2901 1105 πόλεως,
2922 1040 3018 1094 καὶ
3040 1040 3509 1112 ἐσωφρονίσαμεν,
3536 1042 3631 1095 καὶ
3648 1041 3710 1096 τὸ
3733 1059 3866 1096 νενο·

2198 1130 2370 1201 σηκὸς
2399 1129 2791 1201 διωρθώσαμεν
2819 1130 3000 1201 μέλος,
3019 1130 3122 1183 οὑκ
3150 1129 3217 1183 ἀν
3252 1128 3344 1182 τὸν
3378 1129 3620 1200 παρόντα
3651 1130 3867 1200 ἐφοϐού-

2199 1218 2340 1291 μεθα
2364 1218 2547 1287 φόϐον.
2571 1214 2701 1272 Οἶδα
2728 1220 2809 1272 ὄτι
2832 1218 2933 1288 τῆς
2960 1218 3169 1282 πόλεως
3190 1217 3251 1271 τὸ
3277 1214 3410 1289 ἦθος
3432 1218 3640 1273 ἀνωθεν
3666 1219 3869 1275 ἐλεύθε-

2199 1324 2312 1379 ρον,
2364 1308 2505 1374 ξένοι
2541 1308 2598 1361 δέ
2631 1325 2774 1371 τινες
2801 1307 2899 1361 καὶ
2934 1306 3159 1379 μιγάδες
3211 1306 3507 1379 ἄνθρωποι,
3557 1308 3744 1379 μιαροὶ
3783 1309 3871 1364 καὶ

2195 1394 2450 1466 ὀλέθριοι,
2474 1396 2567 1449 καὶ
2596 1396 2695 1466 τῆς
2723 1393 2929 1449 ἐαυτῶν
2949 1394 3331 1463 ἀπεγνωκότες
3357 1394 3631 1467 σωτηρίας
3652 1395 3872 1468 ἐτόλμη-

2201 1498 2323 1550 σαν,
2354 1482 2498 1554 ἀπερ
2518 1482 2840 1553 ἐτόλμησαν.
2873 1483 2973 1536 Διά
3000 1481 3177 1536 ταῦτα
3210 1481 3349 1553 βοῶν
3390 1483 3477 1535 ἀεὶ
3507 1483 3603 1537 καὶ
3643 1482 3871 1555 διαμαρ-

2197 1571 2496 1642 τυρόμενος
2515 1571 2578 1623 οὑ
2603 1571 2871 1625 διέλειπον
2889 1588 2904 1602 ·
2929 1571 3248 1641 κολάσωμεν
3274 1570 3383 1624 τῶν
3415 1570 3875 1643 βλασφημούντων

2197 1660 2298 1729 τὴν
2329 1660 2545 1730 μανίαν,
2579 1660 3002 1731 σωφρονίσωμεν
3017 1659 3197 1713 αὑτῶν
3225 1659 3326 1730 τὴν
3357 1659 3618 1723 διάνοιαν,
3650 1662 3872 1732 προνοή-

2202 1765 2385 1819 σωμεν
2420 1747 2598 1802 αὐτῶν
2638 1749 2736 1818 τῆς
2788 1748 3081 1819 σωτηρίας·
3119 1747 3225 1801 κᾶν
3262 1747 3554 1801 ἀποθανεῖν
3590 1748 3688 1819 δέῃ
3729 1749 3876 1801 τοῦτο

2200 1835 2507 1899 ποιοῦντας,
2541 1835 2683 1907 μέγα
2709 1838 2741 1906 ἡ
2752 1837 2844 1906 μίν
2874 1836 3012 1889 οἴσει
3046 1834 3108 1888 τὸ
3125 1836 3358 1906 πρᾶγμα
3388 1835 3599 1907 κέρδος·
3639 1836 3718 1907 μὴ
3748 1852 3875 1906 παρέ

2204 1923 2402 1993 ίδωμεν
2439 1922 2532 1975 τὸν
2564 1921 2743 1975 κοινὸν
2809 1921 3163 1992 ὑϐριζόμενον
3206 1922 3503 1991 Δεσπότην·
3537 1921 3683 1993 μέγα
3716 1940 3766 1975 τι
3796 1922 3878 1975 τέ-

2201 2011 2352 2079 ξεται
2372 2014 2438 2082 τῇ
2471 2010 2625 2063 πόλει
2647 2009 2817 2064 κακὸν
2853 2011 2914 2063 τὸ
2940 2012 3010 2065 τά
3042 2012 3269 2065 τοιαῦτα
3306 2014 3587 2084 περιορᾷν.

2271 2096 2333 2152 δ’.
2353 2098 2536 2152 Ταῦτα
2560 2114 2661 2169 προ
2670 2097 2880 2166 ὑλεγον,
2910 2097 3085 2152 ταῦτα
3096 2097 3253 2168 ἐξέϐη
3266 2098 3383 2162 νῦν,
3396 2099 3599 2169 καὶτῆς
3612 2096 3878 2170 ῥᾳθυμίας

2203 2185 2417 2255 ἐκείνης
2440 2185 2660 2256 τίνομεν
2695 2185 2868 2249 δίκας.
2901 2185 3005 2238 Τὸν
3033 2186 3166 2240 Θεὸν
3202 2185 3557 2257 ὑϐριζόμενον
3590 2185 3875 2255 περιεῖδες·

2206 2273 2316 2326 ἰδοὺ
2343 2272 2720 2345 συνεχώρησεν
2738 2272 3060 2343 ὑϐρισθῆναι
3084 2273 3326 2343 βασιλέα·
3348 2274 3441 2326 καὶ
3459 2271 3552 2326 τὸν
3576 2273 3711 2344 περὶ
3734 2283 3758 2311 θ
3777 2271 3878 2324 τῶν

2205 2365 2448 2436 ἐσχάτων
2477 2365 2950 2436 ἐπικρεμασθῆναι
2980 2366 3114 2419 πᾶσι
3138 2364 3404 2433 κίνδυνον,
3438 2365 3525 2418 ἴνα
3559 2362 3718 2435 ἐντῷ
3740 2361 3879 2432 φόϐῳ

2202 2451 2377 2523 τούτῳ
2410 2453 2507 2522 τῆς
2537 2452 2810 2523 ῥᾳθυμίας
2833 2452 3048 2524 ἐκείνης
3074 2452 3253 2523 δῶμεν
3273 2451 3449 2524 δίκην.
3478 2446 3629 2523 ’Δρα
3674 2451 3754 2521 μὴ
3785 2449 3882 2520 μά-

2203 2557 2323 2611 την,
2355 2541 2491 2611 μηδέ
2520 2543 2641 2611 εἰκῆ
2674 2540 2848 2594 ταῦτα
2880 2540 3311 2613 προὺλεγον,καὶ
3342 2539 3583 2611 συνεχῶς
3609 2538 3883 2611 ἠνώχλουν

2205 2632 2268 2700 τῇ
2298 2630 2539 2700 ὑμετέρα
2567 2630 2759 2702 ἀγάπη
2781 2647 2795 2696 ;
2815 2628 2953 2682 ’Λλλ’
2970 2630 3119 2700 ὅμως
3138 2628 3292 2683 οὐδὲν
3319 2629 3513 2699 γέγονε
3541 2628 3728 2692 πλέον,
3755 2627 3883 2683 ἀλλά

2205 2717 2448 2768 γενέσθω
2481 2715 2605 2780 νῦν,
2646 2717 2740 2769 καὶ
2788 2716 2895 2769 ἀπὸ
2934 2718 3033 2788 τῆς
3092 2716 3377 2789 παρούσης
3428 2715 3883 2787 σωφρονισθέντες

2206 2814 2514 2883 συμφορᾶς,
2544 2810 2662 2883 [25]
2686 2811 3003 2881 ἐπίσχωμεν
3021 2807 3120 2877 τὴν
3145 2808 3382 2861 ἄτακτον
3411 2806 3636 2858 ἐκείνων
3665 2808 3880 2875 μανίαν.

2217 2896 2619 2969 Ἐμφράξωμεν
2648 2897 2828 2950 αὑτῶν
2850 2896 2920 2949 τὰ
2944 2895 3210 2965 στόματα,
3244 2891 3495 2962 καθάπερ
3522 2890 3711 2962 πηγὰς
3735 2892 3888 2944 θαναο

2201 2988 2341 3057 τηφό
2349 3003 2473 3058 ρους
2506 2985 2942 3057 ἀποκλείσωμεν,
2974 2990 3067 3039 καὶ
3083 2988 3220 3057 πρὸς
3236 2988 3298 3038 τὸ
3312 2988 3554 3038 ἐναντίον
3570 2982 3883 3053 μεταϐάλω-

2207 3092 2326 3147 μεν,
2342 3074 2438 3129 καὶ
2450 3074 2669 3137 πάντως
2683 3076 2941 3145 στήσεται
2955 3074 3025 3128 τὰ
3042 3073 3408 3143 κατειληφότα
3425 3071 3524 3143 τὴν
3542 3072 3698 3124 πόλιν
3717 3069 3882 3123 κακά.

2274 3163 2388 3216 Οὑκ
2445 3161 2561 3215 ἐστι
2617 3161 2846 3233 θέατρον
2902 3162 2936 3233 ή
2996 3160 3305 3232 ἐκκλησία,
3355 3161 3442 3213 ἵνα
3494 3159 3634 3231 πρὸς
3694 3157 3885 3230 τέρψιν

2202 3251 2512 3322 ἀκούωμεν·
2542 3250 2923 3323 ὠφεληθέντας
2951 3249 3206 3304 ἐντεῦθεν
3244 3250 3463 3304 ἀπιέναι
3508 3249 3616 3320 χρὴ
3637 3289 3653 3315 ,
3687 3246 3886 3319 κερδά-

2204 3339 2404 3402 ναντάς
2431 3355 2485 3392 τι
2531 3338 2694 3392 πλέον
2736 3340 2833 3393 καὶ
2876 3339 3039 3410 μέγα,
3071 3337 3247 3401 οὕτως
3290 3338 3596 3408 ἀναχωρεῖν
3626 3336 3741 3389 δεῖ·
3769 3337 3888 3389 ἐπεὶ

2208 3428 2385 3499 μάτην
2414 3427 2508 3481 καὶ
2541 3427 2664 3497 εἰκῆ
2701 3424 3139 3496 παραγινόμεθα,
3176 3426 3226 3478 εἰ
3253 3425 3388 3496 πρὸς
3412 3425 3602 3495 καιρὸν
3628 3422 3889 3494 ψυχαγω-

2207 3515 2466 3586 γηθέντες
2485 3513 2657 3579 οὑτως
2680 3514 2989 3585 ἀναχωροίη
2999 3530 3116 3584 μεν,
3139 3513 3339 3586 ἔρημοι
3369 3514 3463 3567 καὶ
3491 3512 3638 3566 κενοὶ
3654 3512 3761 3583 τῆς
3785 3510 3892 3564 ἀπὸ

2203 3603 2313 3657 τῶν
2346 3602 2657 3674 λεγομένων
2687 3603 2956 3673 ὠφελείας
2988 3602 3293 3673 γενόμενοι.
3319 3602 3385 3655 Τί
3415 3618 3506 3673 μοι
3532 3599 3643 3653 τῶν
3676 3600 3891 3672 κρότων

2205 3689 2398 3760 ὄφελος
2428 3691 2669 3757 τούτων;
2714 3690 2767 3745 τί
2804 3691 2861 3744 δέ
2899 3689 3007 3744 τῶν
3043 3690 3283 3744 ἐπαίνων
3327 3689 3423 3742 καὶ
3461 3688 3569 3742 τῶν
3600 3686 3889 3756 θορύϐων;

2209 3780 2469 3845 Ἐπαινος
2501 3779 2635 3851 ἐμὸς
2660 3780 2721 3833 τὸ
2750 3778 2838 3833 διὰ
2869 3780 2980 3833 τῶν
3007 3777 3185 3849 ἔργων
3224 3779 3370 3849 ὑμᾶς
3401 3776 3663 3842 ἐπιδεῖξαι
3691 3775 3767 3829 τά
3806 3774 3891 3827 λε-

2204 3867 2411 3937 γόμενα
2452 3868 2687 3922 ἅπαντα·
2730 3867 2854 3919 τότε
2892 3866 3005 3933 ἐγὼ
3039 3865 3281 3936 ζηλωτὸς
3312 3865 3407 3918 καὶ
3456 3864 3753 3935 μακάριος,
3793 3864 3893 3934 οὑχ

2201 3956 2332 4010 ὅταν
2359 3955 2716 4028 ἀποδέχησθε,
2735 3955 2850 4009 ἀλλ’
2874 3955 3004 4009 ὅταν
3029 3954 3219 4025 ποιῆτε
3246 3952 3385 4025 μετά
3407 3952 3721 4026 προθυμίας
3752 3952 3894 4006 ἀπά-

2206 4060 2325 4114 σης,
2357 4043 2502 4114 άπερ
2523 4042 2591 4097 ἂν
2620 4042 2892 4113 ἀκούσητε
2927 4042 3058 4113 παρ’
3089 4040 3269 4112 ήμῶν.
3309 4042 3580 4103 Ἕκαστος
3615 4041 3712 4095 τὸν
3750 4040 3894 4111 πλη-

2204 4131 2317 4185 σίον
2349 4129 2698 4202 διορθούσθω·
2735 4128 3112 4199 Οἰκοδομεῖτε
3140 4128 3249 4200 γὰρ
3288 4126 3377 4195 εἷς
3407 4128 3512 4182 τὸν
3534 4128 3667 4193 ἕνα,
3696 4129 3890 4199 φησίν·

2202 4219 2269 4273 ἂν
2304 4219 2415 4291 γὰρ
2450 4219 2524 4291 μὴ
2566 4217 2727 4271 τοῦτο
2772 4218 3046 4289 ποιῶμεν,
3092 4218 3127 4288 ή
3170 4216 3301 4287 παρ’
3346 4217 3578 4271 ἐκάστου
3622 4218 3896 4289 γινομένη

2205 4305 2554 4377 πλημμέλεια
2579 4307 2766 4377 κοινήν
2797 4323 2920 4360 τινα
2958 4306 3055 4359 καὶ
3086 4305 3363 4378 ἀφόρητον
3385 4307 3521 4359 οίσει
3546 4306 3648 4377 τὴν
3678 4306 3901 4377 βλάϐην

2201 4398 2267 4467 τῇ
2300 4396 2473 4449 πόλει.
2512 4395 2666 4461 Ἰδοὺ,
2695 4394 2862 4467 μηδὲν
2886 4394 3185 4457 συνειδότες
3222 4396 3334 4459 τοῖς
3363 4394 3759 4467 γεγενημένοις
3783 4396 3898 4451 τῶν

2200 4482 2609 4555 τετολμηκότων
2642 4483 2743 4536 οὐκ
2775 4482 2999 4537 ἔλαττον
3034 4481 3373 4552 δεδοίκαμεν,
3439 4482 3533 4536 καὶ
3561 4482 3894 4554 φρίττομεν,

2206 4571 2281 4643 μὴ
2315 4574 2524 4635 πάντας
2548 4571 2577 4625 ὁ
2598 4570 2692 4624 τοῦ
2724 4568 2992 4642 βασιλέως
3017 4568 3186 4639 θυμὸς
3212 4568 3519 4643 καταλάϐῃ·
3540 4570 3635 4623 καὶ
3664 4572 3771 4625 οὑκ
3790 4572 3897 4644 ἀρ-

2203 4661 2291 4713 κεῖ
2311 4661 2389 4723 εἰς
2418 4658 2716 4727 ἀπολογίαν
2747 4660 2881 4729 ήμῖν
2906 4656 2968 4710 τὸ
2989 4656 3189 4726 λέγειν·
3217 4656 3296 4710 Οὑ
3323 4659 3472 4729 παρή
3482 4675 3612 4730 μην,
3652 4660 3715 4711 οὑ
3760 4677 3898 4712 συν-

2200 4746 2369 4817 ήδειν,
2384 4746 2483 4799 οὑκ
2502 4744 2839 4815 ἐκοινώνησα
2856 4744 2963 4798 τῶν
2982 4744 3389 4815 γεγενημένων.
3406 4744 3487 4797 Δι’
3506 4743 3639 4798 αὑτὸ
3664 4745 3769 4817 μέν
3797 4742 3898 4800 οῦν

2199 4839 2358 4893 τοῦτο
2380 4836 2631 4901 κολάζου,
2661 4836 2816 4907 φησὶ,
2840 4835 3098 4889 καὶ-δίδου
3125 4834 3282 4906 δίκην
3297 4835 3396 4907 τὴν
3416 4833 3677 4905 ἐσχάτην,
3705 4835 3797 4889 ὅτι
3818 4838 3899 4908 μὴ

2202 4926 2407 4999 παρῆς.
2447 4924 2587 4996 μηδὲ
2607 4921 2863 4986 ὲκὼλυες,
2891 4921 3024 4993 μηδὲ
3056 4923 3184 4985 τοὺς
3208 4921 3588 4992 ἀκοσμοῦντας
3609 4926 3895 4995 κατεῖχες,

2203 5012 2341 5084 μηδέ
2387 5009 2726 5073 ἐκινδύνευες
2765 5009 2905 5079 ὑπὲρ
2940 5008 3041 5080 τῆς
3068 5010 3150 5073 εἰς
3180 5008 3269 5062 τὸν
3312 5006 3537 5079 βασιλέα
3572 5011 3764 5080 τιμῆς.
3818 5012 3905 5064 Οὑ

2203 5099 2465 5171 μετέσχες
2482 5097 2590 5149 τῶν
2609 5094 3057 5168 τετολμημένων;
3086 5094 3293 5150 ἐπαινῶ
3323 5094 3481 5150 τοῦτο
3506 5095 3600 5148 καὶ
3621 5095 3873 5167 ἀποδέχο
3887 5125 3901 5136 -

2203 5205 2323 5259 μαι·
2374 5185 2487 5240 ἀλλ’
2531 5184 2654 5238 οὑδέ
2676 5184 2907 5255 ἐπέσχες
2920 5182 2990 5237 τὰ
3012 5184 3273 5256 γινόμενα
3304 5200 3319 5216 ·
3343 5184 3504 5238 τοῦτο
3545 5184 3900 5255 κατηγορίας

2200 5275 2369 5343 ἀξιον.
2394 5272 2581 5328 Ταῦτα
2608 5272 2704 5326 καὶ
2727 5272 2880 5343 παρά
2900 5270 2995 5324 τοῦ
3017 5270 3152 5325 Θεοῦ
3176 5272 3245 5325 τά
3268 5273 3490 5344 ῥήματα
3512 5271 3899 5341 ἀκουσόμεθα,

2198 5364 2328 5417 ὅταν
2363 5363 2487 5432 σιγῇ
2518 5360 2775 5432 φέρωμεν
2800 5359 2900 5422 τάς
2925 5360 3005 5423 εἰς
3034 5359 3196 5413 αὑτὸν
3228 5358 3415 5431 ὕϐρεις
3463 5358 3555 5413 καὶ
3593 5359 3901 5430 παροινίας

2200 5451 2518 5522 γενομένας·
2553 5448 2677 5502 ἐπεὶ
2700 5448 2798 5502 καὶ
2822 5448 2851 5500 ὁ
2871 5446 2932 5501 τὸ
2954 5447 3217 5502 τάλαντον
3237 5450 3414 5501 ἐκεῖνο
3440 5445 3771 5517 καταχώσας
3788 5450 3901 5521 οὐχ

2199 5538 2342 5610 ὑπὲρ
2371 5536 2481 5591 τῶν
2519 5534 2640 5589 καθ’
2664 5535 2858 5588 ἐαυτὸν
2906 5534 3216 5588 ἐνεκαλεῖτο
3241 5535 3364 5588 τότε
3418 5533 3733 5605 (ὁλόκληρον
3775 5537 3901 5609 γάρ

2198 5626 2298 5696 τὴν
2349 5621 2821 5696 παρακαταθήκην
2864 5621 3205 5691 ἀπέδωκεν),
3267 5620 3382 5674 ἀλλ’
3439 5620 3524 5674 ὅτι
3573 5622 3747 5693 αὐτὴν
3786 5626 3903 5680 οὐκ

2199 5712 2643 5777 ἐπλεόνασεν,ὂτι
2672 5710 2896 5781 ἐτέρους
2916 5709 3017 5762 οὑκ
3045 5709 3391 5775 ἐπαίδευσεν,
3418 5710 3499 5763 ὅτι
3530 5709 3591 5763 τὸ
3617 5710 3903 5784 ἀργύριον

2261 5885 2287 5927 δ
2315 5886 2408 5951 Alii
2442 5888 2871 5951 σωφρονίζοντας..)
2906 5884 3228 5951 παιδεύοντας.

2268 5964 2289 5992 e
2313 5943 2855 6010 Quidam'fnanusm-ipli
2882 5950 3081 6008 βασιλέα
3112 5944 3311 6009 φθαρτὸν
3348 5943 3427 5991 καὶ
3454 5943 3677 6004 ἐπίκηρον
3700 5944 3786 5991 καὶ
3814 5947 3903 5996 τὸν

2202 6012 2323 6073 napi.
2351 6012 2459 6061 Mox
2483 6009 2564 6060 alii
2588 6009 2819 6068 διὲισωμεν
2843 6011 2992 6066 δίκην.
