3998 6468
190 432 240 489 5'!
1164 422 1253 478 AD
1280 419 1599 478 POPULUM
1630 418 2114 476 ANTIOCHENUM
2168 420 2398 478 HOMIL.
2437 423 2501 478 ll.
3377 422 3448 480 58

195 548 371 603 unitate
396 543 619 599 exsilire
647 560 662 596 :
688 541 767 596 sic
796 554 892 595 nec
921 536 974 592 in
1003 536 1329 592 audientium
1373 542 1604 590 mentem
1649 548 1772 602 per-

196 637 339 692 mittit
384 635 529 689 illabi
574 650 697 689 cum
744 632 956 701 propria
1002 630 1214 683 virtute.
1262 627 1466 683 Idcirco
1505 636 1560 682 et
1600 623 1771 681 Judaei

193 727 446 798 quondam
478 727 592 780 luto
619 734 674 780 et
700 722 933 779 lateritio
958 720 1107 792 Operi
1144 720 1437 775 servientes
1489 717 1680 789 (Exod.
1713 717 1767 771 6.

194 821 275 891 9),
303 819 501 874 Mosam
538 832 728 887 magna
757 814 822 869 de
851 815 1085 882 ipsorum
1123 812 1290 865 salute
1328 824 1471 879 saepe
1503 809 1767 863 dicentem

194 913 368 968 audire
405 927 509 966 non
539 916 801 980 poterant,
828 906 1034 960 tristitia
1062 904 1238 958 verbis
1265 904 1586 957 inaccessam
1616 915 1768 955 meu-

196 1016 292 1060 tem
324 1003 598 1063 reddente,
628 1009 682 1055 et
708 998 944 1053 auditum
976 996 1306 1051 obstruente.
1337 993 1499 1062 Igitur
1527 991 1768 1047 volebam

192 1095 395 1166 quidem
424 1103 478 1148 et
506 1093 617 1163 ipse
644 1091 804 1144 ﬁnem
833 1089 917 1143 hic
940 1086 1148 1141 dicendi
1179 1084 1381 1149 facere;
1410 1082 1506 1139 sed
1532 1082 1769 1153 cogitans

190 1186 325 1257 quod
346 1202 452 1241 non
478 1185 648 1239 solum
674 1182 880 1237 nebulae
907 1188 1090 1233 natura
1118 1177 1251 1232 radii
1277 1177 1328 1230 in
1359 1177 1620 1230 anteriora
1648 1191 1772 1245 pro-

189 1291 395 1331 cessum
425 1275 660 1344 impedit,
687 1272 783 1327 sed
810 1280 863 1324 et
881 1269 1203 1324 contrarium
1227 1268 1337 1336 ipsa
1367 1280 1509 1335 smpe
1532 1266 1729 1336 patitur
1752 1284 1765 1319 :

191 1380 303 1420 cum
334 1365 479 1419 enim
519 1364 597 1418 sol
625 1362 845 1417 calidior
873 1361 1123 1414 continue
1160 1358 1377 1426 illapsus
1417 1358 1611 1411 nubem
1639 1371 1770 1411 con-

193 1457 410 1522 triverit,
435 1457 667 1511 medium
695 1455 857 1525 ipsius
880 1468 1024 1522 swpe
1048 1450 1345 1519 dissipavit,
1372 1458 1423 1504 et
1447 1457 1588 1504 totus
1612 1449 1769 1504 simul

191 1547 423 1610 elucens,
449 1546 755 1615 splendidus
779 1542 1108 1599 cernentium
1134 1541 1404 1595 obtutibus
1424 1540 1607 1595 incidit
1630 1557 1644 1593 :
1670 1539 1772 1595 hoc

189 1650 240 1694 et
265 1642 377 1708 ipse
403 1638 563 1693 hodie
590 1653 673 1691 me
698 1637 954 1691 facturum
986 1648 1144 1703 spero
1174 1651 1187 1686 :
1220 1649 1282 1687 ac
1311 1648 1558 1688 sermone
1580 1633 1631 1685 in
1655 1632 1770 1686 ani-

190 1731 287 1785 mis
327 1733 519 1784 vestris
555 1729 765 1782 assidue
793 1736 1041 1781 versante
1060 1767 1075 1791 ,
1104 1733 1157 1778 et
1184 1725 1379 1779 diutius
1414 1725 1730 1779 immoranle
1750 1764 1766 1791 ,

187 1822 418 1875 solutum
460 1820 521 1874 iri
563 1834 721 1888 spero
760 1817 983 1871 tristitiae
1017 1816 1260 1870 nebulam
1281 1856 1295 1878 ,
1329 1824 1382 1869 et
1411 1825 1643 1869 mentem
1675 1830 1769 1869 ve-

189 1925 349 1966 stram
380 1913 531 1965 solita
556 1925 764 1965 rursum
784 1909 1023 1963 doctrinm
1056 1908 1381 1961 micaturam.
1406 1906 1511 1961 Sed
1539 1906 1769 1975 praebete

188 2007 315 2061 mihi
355 2007 584 2059 animam
636 2018 902 2068 vesmtm,
947 2001 1178 2070 praebete
1217 2000 1345 2053 mihi
1386 2000 1766 2069 aliquantulum

188 2112 361 2160 aures,
396 2097 660 2151 tristitiam
693 2096 954 2159 cxcutite;
985 2092 1050 2146 ad
1079 2093 1304 2161 priorem
1331 2092 1766 2147 consuetudinem

187 2190 463 2243 redeamus
486 2230 501 2254 ,
536 2198 586 2242 et
630 2187 765 2242 sicut
791 2185 1162 2241 consuevimus
1200 2199 1412 2251 semper
1439 2199 1558 2237 cum
1588 2183 1765 2237 lzelilia

188 2281 285 2335 huc
312 2281 597 2345 advenire,
631 2281 707 2334 sic
731 2287 786 2334 et
814 2293 951 2333 nunc
982 2278 1235 2332 faciamus
1255 2319 1269 2342 ,
1300 2276 1476 2330 omnia
1509 2277 1559 2329 in
1600 2276 1764 2330 Deum

186 2372 503 2441 rejieientes.
551 2373 659 2427 Hoc
701 2381 754 2426 et
795 2372 860 2426 ad
902 2372 1066 2441 ipsam
1101 2370 1416 2424 calamitatis
1445 2370 1761 2425 solutionem

184 2464 335 2518 nobis
358 2462 615 2519 conferet.
640 2463 696 2518 Si
717 2463 856 2518 enim
882 2462 1135 2516 Dominus
1157 2476 1253 2515 nos
1275 2460 1463 2514 viderit
1489 2475 1765 2516 sermones

184 2571 306 2609 suos
336 2570 455 2609 cum
484 2555 764 2609 sedulitate
790 2554 1087 2619 audientes,
1118 2562 1171 2607 ct
1195 2553 1525 2620 disciplinam
1556 2568 1584 2606 a
1612 2553 1767 2609 nobis

185 2647 434 2716 temporis
467 2646 774 2700 difficultate
802 2660 902 2699 non
931 2644 1141 2714 respui,
1174 2643 1418 2697 celeriter
1459 2658 1556 2697 nos
1592 2645 1765 2698 susci-

181 2739 308 2807 piet,
342 2747 395 2792 et
428 2737 859 2806 tranquillitatem
889 2735 1046 2790 faciet
1072 2743 1124 2789 et
1147 2749 1211 2788 ex
1251 2734 1499 2804 praesenti
1528 2734 1762 2804 procella

181 2829 370 2881 bonam
404 2828 768 2882 mutationem.

247 2919 562 2975 Christianus
580 2935 668 2989 spe
688 2920 971 2989 futurorum
993 2917 1160 2970 omnia
1184 2931 1419 2984 generose
1438 2919 1569 2985 ferre
1596 2916 1759 2971 debet.

178 3041 245 3051 —
268 3010 629 3065 Christianum
658 3008 797 3065 enim
824 3017 879 3063 et
916 3009 965 3062 in
998 3007 1100 3061 hoc
1129 3008 1196 3060 ab
1227 3006 1524 3061 inﬁdelibus
1547 3007 1761 3063 differre

178 3110 414 3172 oportet,
446 3111 503 3156 ut
543 3100 717 3156 omnia
754 3113 1012 3171 generose
1047 3098 1211 3163 ferat,
1246 3107 1299 3152 et
1334 3113 1428 3167 spe
1465 3098 1759 3152 futurorum

176 3203 385 3248 erectus
419 3192 769 3246 humanorum
799 3190 1057 3244 malorum
1096 3190 1293 3259 impetu
1334 3203 1393 3243 se
1431 3189 1758 3257 superiorem

177 3286 443 3339 exhibeat.
463 3285 632 3353 Supra
658 3292 865 3353 petram
889 3289 1116 3335 statutus
1136 3290 1218 3336 est
1244 3280 1416 3335 ﬁdelis
1440 3296 1454 3333 :
1482 3287 1761 3350 propterea

174 3387 228 3430 et
256 3377 519 3431 undarum
548 3374 739 3429 ictibus
766 3372 1183 3442 inexpugnabilis
1209 3379 1309 3426 est.
1337 3371 1391 3427 Si
1418 3373 1562 3426 enim
1590 3381 1761 3427 tenta-

178 3468 379 3522 tionum
408 3464 565 3519 undae
589 3463 809 3519 elevatae
833 3462 1048 3529 fuerint,
1072 3461 1137 3516 ad
1163 3461 1301 3515 illius
1321 3460 1485 3532 pedes
1507 3477 1611 3515 non
1638 3477 1761 3532 per-

176 3559 399 3614 veniunt
423 3574 438 3610 :
464 3557 549 3611 hic
566 3556 712 3610 omni
737 3555 828 3610 tali
852 3554 1063 3609 incursu
1090 3553 1367 3608 sublimior
1394 3552 1631 3607 ﬁrmatus
1655 3562 1756 3609 est.

175 3650 252 3706 Ne
281 3649 443 3720 igitur
468 3649 647 3703 animo
672 3646 1031 3711 concidamus,
1058 3644 1235 3700 dilecti
1263 3662 1276 3698 :
1301 3659 1406 3698 non
1431 3642 1509 3699 sic
1536 3643 1759 3700 salutem

170 3746 417 3792 nostram
434 3747 715 3798 curamus,
734 3734 875 3788 sicut
899 3733 990 3802 qui
1026 3732 1153 3786 fecit
1178 3748 1276 3788 nos
1307 3732 1447 3787 Deus
1472 3749 1613 3787 :non
1638 3742 1761 3789 tan-

171 3842 237 3884 ta:
261 3828 421 3882 nobis
451 3841 598 3880 cura:
621 3834 734 3891 est,
759 3825 894 3879 nihil
922 3840 1085 3896 grave
1117 3828 1251 3895 pati,
1281 3835 1499 3896 quantm
1530 3828 1607 3881 illi
1662 3828 1756 3897 qui

166 3919 330 3974 nobis
354 3917 590 3972 animam
610 3915 851 3980 donavit,
874 3924 926 3971 et
948 3926 1026 3970 tot
1050 3926 1173 3986 post
1194 3917 1308 3973 haec
1334 3918 1472 3972 bona
1504 3920 1753 3973 contulit.

163 4007 262 4065 His
274 4009 390 4078 spei
405 4007 927 4062 rationibusnostros
938 4009 1150 4063 animos
1162 4008 1756 4077 erigamus,etdicenda

162 4115 288 4154 cum
308 4099 592 4153 alacritate
613 4090 771 4151 solita
796 4098 1101 4153 audiamus.
1128 4098 1368 4169 Longam
1404 4115 1574 4169 nuper
1608 4099 1752 4168 apud

163 4195 731 4246 cltarttatemvestram
747 4190 957 4243 extendi
971 4190 1367 4253 concionem,et
1392 4208 1581 4246 omnes
1594 4194 1752 4249 obse-

169 4289 400 4350 quentes
416 4278 721 4339 cerneham,
745 4278 1050 4347 nullumque
1066 4292 1131 4330 ex
1150 4274 1320 4329 media
1350 4291 1622 4330 reversum
1651 4276 1755 4331 via.

243 4371 435 4425 Contra
466 4370 798 4439 blasphemas.
828 4398 897 4409 -—-
920 4367 1153 4423 Gratiam
1182 4366 1332 4420 vobis
1365 4365 1432 4420 de
1473 4366 1564 4421 illo
1595 4367 1758 4422 animi

166 4464 353 4519 studio
391 4463 593 4525 habeo,
634 4470 687 4517 et
723 4461 961 4515 laborum
994 4458 1294 4514 mercedem
1324 4459 1544 4527 accepi;
1576 4458 1670 4513 sed
1706 4468 1762 4515 et

164 4555 333 4609 aliam
366 4570 395 4608 a
427 4554 577 4607 vobis
604 4564 727 4607 tunc
765 4550 1063 4607 mercedem
1103 4549 1275 4619 exegi.
1316 4547 1476 4602 Forte
1515 4549 1680 4603 nostis
1708 4557 1763 4604 et

165 4647 515 4703 meministis.
543 4647 670 4713 Quae
694 4661 822 4699 vero
850 4658 1056 4699 merces
1077 4652 1190 4696 erat
1207 4642 1230 4694 ‘l
1249 4641 1489 4696 Civitatis
1516 4642 1763 4712 blasphe-

165 4751 413 4794 matores
444 4738 629 4808 punire
649 4779 664 4803 ,
692 4748 746 4791 et
781 4736 1042 4805 caetigare
1082 4735 1259 4805 Deum,
1280 4733 1603 4788 contumelia
1642 4732 1762 4787 afﬁ-

161 4834 417 4897 cientes,
448 4840 502 4885 et
530 4829 759 4885 furiosos
786 4827 1055 4883 cohibere.
1097 4826 1213 4882 Non
1254 4841 1320 4880 ex
1366 4841 1451 4879 me
1486 4826 1601 4894 ipso
1639 4826 1792 4893 talia,

162 4941 254 4979 me
284 4925 492 4978 dixisse
519 4923 768 4988 arbitror,
798 4920 891 4976 sed
923 4921 1085 4975 Deum
1116 4919 1287 4973 futura
1317 4917 1679 4987 providentem
1709 4917 1762 4971 itt

162 5026 410 5070 mentem
458 5024 691 5068 nostram
734 5012 893 5067 verba
937 5012 1165 5066 misisse.
1200 5009 1254 5064 Si
1286 5010 1426 5064 enim
1456 5008 1579 5062 talia
1605 5022 1763 5062 ausos

164 5108 516 5175 futuissemus
534 5144 549 5169 ,
581 5118 683 5157 non
709 5102 830 5156 talia
859 5116 998 5155 nunc
1025 5099 1374 5163 accidissent,
1404 5114 1523 5167 quae
1551 5097 1762 5152 accide-

162 5208 315 5254 runt.
366 5198 577 5265 Quanto
620 5196 809 5251 melius
847 5202 997 5257 erat,
1029 5192 1075 5248 si
1120 5190 1404 5261 periclitari
1442 5190 1760 5259 oportebat,

164 5293 318 5361 ipsos
365 5288 684 5358 castigantes
726 5296 780 5340 et
820 5285 1146 5354 corrigentes
1196 5280 1393 5352 aliquid
1439 5279 1758 5350 pertulisse,

162 5380 312 5451 quod
338 5388 394 5433 et
412 5377 653 5449 martyrii
677 5391 928 5432 coronam
956 5374 1108 5429 nobis
1130 5372 1414 5437 attulisset,
1441 5385 1598 5440 quam
1621 5384 1764 5424 nunc

164 5470 467 5526 formidare
495 5477 550 5524 et
579 5479 838 5531 tremere,
864 5475 918 5520 et
947 5480 1012 5519 ex
1051 5464 1259 5518 illorum
1300 5459 1586 5530 petulantia
1617 5474 1759 5513 mor~

164 5571 273 5617 tem
320 5558 671 5631 exspectare?
717 5557 856 5612 Ecce
892 5556 1093 5610 crimen
1132 5569 1162 5607 a
1201 5551 1383 5621 paucis
1420 5549 1762 5604 commissum

164 5665 251 5707 eat
273 5695 292 5720 ,
318 5661 378 5708 et
402 5652 557 5723 culpa
595 5646 896 5705 communis
922 5645 1144 5700 efficitur
1174 5661 1188 5697 :
1220 5657 1347 5696 ecce
1391 5649 1608 5709 propter
1644 5638 1766 5694 illos

164 5758 313 5800 nunc
340 5758 533 5799 omnes
556 5739 910 5812 pavescitnus,
933 5745 988 5792 et
1006 5736 1074 5790 ab
1096 5735 1198 5788 illis
1226 5742 1552 5803 patratorum
1576 5745 1763 5799 ptenas

162 5837 265 5908 ipsi
297 5837 644 5893 sustinemus.
674 5832 735 5889 Si
757 5838 933 5884 autem
964 5825 1347 5898 prtevenientes
1374 5823 1517 5894 ipsos
1543 5835 1610 5876 ex
1631 5818 1761 5874 urbe

1878 532 2269 603 expulissemus
2288 576 2305 601 ,
2336 544 2391 590 et
2419 537 2871 603 eorrexissemus,
2904 547 2957 593 et
2994 547 3249 610 :rgrotum
3278 556 3453 595 curas-

1878 638 2059 678 semus
2088 625 2385 679 membrum
2409 669 2423 691 ,
2458 644 2561 681 non
2595 630 2841 696 praesenti
2886 637 3190 685 tenerentur
3239 647 3453 701 pavore.

1877 715 2012 770 Novi
2036 717 2262 771 civitatis
2289 734 2465 773 mores
2491 735 2521 773 a
2550 720 2837 790 majoribus
2868 722 3145 789 liberales,
3174 724 3268 779 sed
3298 740 3453 795 pere-

1877 808 2012 877 grini
2039 808 2251 878 quidam
2279 819 2333 863 et
2360 811 2642 878 promiscui
2670 811 2930 879 homines,
2960 815 3168 870 scelesti
3195 824 3248 869 et
3280 817 3451 885 perni-

1881 899 2034 964 ciosi,
2063 906 2117 954 et
2144 899 2209 953 de
2234 916 2325 953 sua
2350 900 2695 971 desperantes
2722 904 2911 965 salute,
2940 906 3052 959 ausi
3084 915 3207 959 sunt
3231 921 3313 969 ea,
3336 921 3453 977 quae

1877 997 2082 1058 patrata
2127 999 2269 1044 sunt.
2314 991 2600 1061 Propterea
2642 993 2876 1049 clamare
2918 1002 2971 1048 et
3015 997 3299 1050 contestari
3347 1011 3451 1050 non

1876 1082 2102 1136 destiti:
2136 1083 2622 1154 Blasphemantium
2666 1085 2900 1141 furorem
2946 1089 3261 1156 puniatnus,
3311 1090 3455 1158 ipso.

1878 1189 1995 1226 rum
2014 1183 2242 1228 mentem
2264 1175 2602 1247 castigemus,
2628 1178 2860 1247 ipsorum
2884 1179 3038 1233 saluti
3061 1181 3448 1247 provideamus;

1875 1274 1930 1318 et
1956 1266 1999 1319 si
2031 1266 2132 1321 hoc
2156 1265 2410 1322 facientes
2441 1270 2576 1323 mori
2604 1278 2867 1339 oporteat,
2896 1286 3141 1341 maguum
3174 1273 3326 1326 nobis
3353 1274 3452 1328 hoc

1840 1403 1851 1411 .
1876 1356 2062 1412 afferet
2090 1358 2295 1413 lucrum
2322 1376 2337 1413 :
2370 1375 2437 1415 ne
2462 1376 2798 1417 communem
2823 1362 3095 1418 dominum
3117 1368 3452 1421 contumeliis

1876 1448 2014 1504 afﬁci
2046 1452 2409 1522 negligamus;
2436 1468 2683 1525 magnum
2711 1455 2912 1511 civitati
2940 1458 3137 1511 malum
3179 1459 3348 1528 pariet
3375 1467 3425 1514 ta

1876 1539 1944 1593 lia
1971 1541 2267 1610 despicere.

1946 1634 2000 1686 4.
2061 1632 2186 1687 flare
2232 1635 2585 1704 prtedicebam
2611 1679 2626 1705 ,
2673 1637 2790 1695 hmc
2832 1655 2972 1695 nunc
3010 1642 3350 1704 acciderunt,
3394 1654 3445 1699 et

1878 1724 2109 1792 torporis
2147 1724 2293 1781 illitts
2335 1744 2521 1797 poenas
2571 1731 2870 1799 pendimus.
2917 1733 3083 1787 Deum
3130 1737 3452 1793 contumelia

1875 1811 2122 1867 affectum
2174 1815 2509 1886 despexisti:
2555 1836 2680 1875 ecce
2733 1822 2972 1891 permisit
3029 1825 3404 1893 Imperatorem
3434 1829 3448 1858 '

1874 1905 2195 1960 contumelia
2221 1907 2359 1961 affici
2383 1947 2400 1975 ,
2428 1919 2481 1964 et
2509 1910 2576 1964 de
2600 1912 2853 1967 extremis
2875 1914 3168 1982 periculum
3206 1917 3451 1971 omnibus

1875 1994 2202 2064 impendere,
2233 2009 2288 2052 nt
2315 2001 2365 2053 in
2408 2002 2510 2056 hoc
2539 2004 2728 2058 timore
2750 2004 2889 2060 illius
2911 2007 3240 2077 negligentiae
3271 2025 3451 2078 poenas

1873 2088 2080 2143 demus.
2109 2089 2246 2145 Num
2278 2092 2437 2162 igitur
2460 2093 2655 2149 frustra
2677 2136 2690 2160 ,
2715 2112 2841 2150 nunt
2872 2105 3072 2153 temere
3114 2098 3227 2153 lucc
3264 2100 3451 2168 prtedi-

1873 2178 2081 2244 cebam,
2112 2188 2167 2235 et
2193 2183 2405 2237 assidue
2429 2186 3401 2256 vestrameharitateminterpellahant
3424 2190 3447 2242 ?

1873 2270 1976 2323 Sed
2003 2279 2176 2324 tamen
2210 2271 2340 2326 nihil
2370 2275 2598 2343 amplius
2634 2274 2825 2328 factum
2855 2287 2974 2341 est;
3006 2277 3099 2331 sed
3145 2278 3234 2331 fiat
3281 2294 3447 2344 nunc,

1873 2369 1927 2415 et
1956 2376 1986 2414 e
2011 2363 2263 2431 prtesenti
2292 2364 2597 2419 calamitate
2626 2367 2867 2435 Castigati
2891 2408 2905 2433 ,
2935 2367 3292 2422 inordinatum
3336 2369 3450 2422 illo-

1874 2469 1989 2506 rum
2019 2452 2253 2510 furorem
2280 2455 2625 2511 cohibeamus
2654 2475 2669 2512 :
2700 2458 3043 2513 obstruamus
3074 2460 3306 2529 ipsorum
3331 2478 3445 2525 ora,

1875 2554 2141 2615 tamquam
2180 2547 2352 2604 fontes
2381 2549 2686 2604 mortiferos
2722 2551 3099 2616 occludamus,
3129 2560 3184 2607 et
3224 2553 3276 2606 in
3319 2567 3449 2608 ροη-

1870 2640 2093 2694 trarium
2131 2651 2419 2708 mutemus,
2445 2652 2499 2697 et
2530 2643 2744 2713 penitus
2776 2653 3094 2700 evanescent
3133 2644 3264 2699 mala
3287 2686 3303 2714 ,
3334 2661 3450 2716 qute

1869 2731 2136 2786 civitatem
2167 2734 2709 2801 comprehenderunt.

1940 2822 2324 2893 Chrysostomus
2358 2826 2566 2896 plausus
2602 2826 2871 2898 rejicit._
2894 2826 3009 2881 Non
3051 2836 3134 2881 est
3184 2826 3447 2881 theatrum

1867 2915 2092 2969 ecclesia
2120 2957 2136 2982 ,
2166 2925 2224 2969 ut
2271 2917 2339 2971 ad
2390 2917 2794 2973 delectationem
2849 2919 3126 2972 audiamus
3178 2935 3193 2973 :
3240 2918 3449 2988 atljntos

1868 3003 1993 3059 hinc
2020 3005 2272 3062 recedere
2300 3017 2545 3075 oportet,
2577 3007 2812 3064 lucratos
2837 3008 3086 3078 quiddam
3126 3008 3354 3078 amplius
3396 3018 3449 3063 et

1868 3114 2137 3168 magnum,
2168 3099 2245 3152 sic
2276 3099 2531 3154 recedere
2571 3100 2790 3170 expedit
2818 3118 2829 3152 :
2865 3101 3126 3169 siquidem
3157 3108 3358 3155 temere
3396 3110 3448 3155 et

1864 3188 2061 3244 fru5tra
2090 3190 2491 3253 accesserimus,
2521 3190 2565 3245 si
2590 3191 2656 3244 ad
2683 3201 2891 3260 tempus
2920 3191 3143 3244 instituti
3185 3191 3447 3245 dictorum

1864 3291 2050 3352 postea
2093 3280 2319 3336 utilitate
2342 3280 2499 3335 vacui
2536 3281 2873 3337 recedamus.
2905 3282 3035 3348 Qum
3081 3281 3213 3336 mihi
3256 3281 3444 3336 horum

1865 3373 2145 3443 plausuum
2164 3372 2532 3444 utilitasiqua:
2558 3373 2769 3429 laudum
2815 3384 2870 3428 et
2908 3372 3271 3428 tumultuum?
3311 3373 3448 3430 Laus

1866 3480 1984 3521 mea
2014 3472 2132 3533 est,
2161 3473 2217 3519 ut
2241 3481 2338 3520 vos
2364 3466 2540 3521 omnia
2569 3481 2689 3536 qua:
2713 3464 2964 3520 dicuntur
2987 3507 3002 3530 ,
3024 3465 3276 3537 operibus
3301 3464 3450 3521 exhi-

1862 3559 2034 3614 beatis
2082 3575 2095 3611 :
2132 3567 2257 3612 tunc
2302 3573 2403 3629 ego
2456 3558 2578 3612 felix
2631 3558 2909 3614 habendus
2950 3568 3003 3613 et
3046 3560 3231 3614 beatus
3278 3577 3292 3613 :
3344 3574 3449 3614 non

1862 3649 2077 3720 quando
2102 3664 2222 3704 cum
2259 3650 2517 3719 applausu
2555 3651 2871 3719 exceperitis
2892 3692 2907 3714 ,
2936 3652 3031 3706 sed
3063 3652 3277 3719 quando
3305 3653 3448 3706 Oznni

1861 3757 1986 3797 cum
2027 3741 2305 3795 alacritate
2332 3739 2570 3796 feceritis
2600 3755 2949 3810 qna-cumque
2993 3758 3021 3794 a
3070 3742 3222 3796 nobis
3264 3742 3449 3796 audie-

1860 3832 2000 3886 ritis.
2047 3830 2283 3902 Quisque
2335 3832 2637 3901 proximum
2688 3832 2963 3902 corrigat:
3003 3830 3285 3899 xEdiﬁcale
3317 3834 3448 3885 enim

1862 3921 1991 3976 alter
2036 3923 2249 3975 alterum
2279 3920 2321 3994 (l
2350 3922 2524 3976 Thess.
2557 3923 2611 3977 5.
2645 3923 2759 3992 if),
2780 3923 2968 3992 inquit.
3000 3923 3112 3978 Nisi
3156 3923 3298 3977 enim
3348 3923 3450 3978 hoc

1862 4012 2155 4079 faciamus,
2184 4028 2213 4068 a
2257 4028 2593 4081 quocumque
2626 4012 2914 4067 admissum
2957 4013 3133 4066 scelus
3167 4028 3450 4068 commune

1867 4102 2131 4173 quoddam
2157 4112 2210 4157 et
2232 4102 2566 4157 intolerabile
2590 4102 2843 4157 damnum
2865 4103 3062 4158 civitati
3083 4104 3286 4159 afferet.
3312 4105 3451 4161 Ecce

1863 4195 2064 4251 nullius
2092 4196 2292 4251 conscii
2321 4211 2426 4250 non
2472 4196 2648 4250 minus
2674 4196 2761 4263 iis,
2793 4198 2882 4267 qui
2924 4206 3310 4267 peccaverunt,
3344 4210 3451 4254 ter-

1865 4288 1953 4343 riti
1978 4304 2165 4344 sumus
2191 4298 2246 4343 et
2269 4289 2753 4354 contremiscimus,
2782 4306 2852 4345 ne
2874 4305 3067 4345 omnes
3107 4292 3449 4362 Imperatoris

1867 4384 1945 4438 ira
1973 4384 2245 4453 corripiat.
2268 4382 2377 4438 Nec
2406 4383 2545 4438 enim
2573 4383 2626 4437 in
2652 4385 3051 4438 excusationem
3081 4385 3234 4439 nobis
3269 4385 3450 4442 dicere

1866 4474 2101 4530 sufﬁcit:
2124 4475 2238 4530 Non
2262 4474 2500 4541 aderam,
2528 4491 2633 4529 non
2656 4477 2900 4530 conscius
2921 4490 3064 4529 eram
3084 4518 3099 4541 ,
3119 4492 3223 4531 non
3251 4476 3451 4534 facino-

1866 4585 1984 4623 rum
2032 4583 2254 4624 cousors
2301 4569 2393 4622 fui.
2419 4568 2499 4625 0b
2531 4570 2634 4625 hoc
2662 4570 2838 4640 igitur,
2872 4570 3070 4639 inquit,
3094 4573 3366 4641 punieris,
3397 4585 3453 4629 et

1868 4662 2106 4717 ultimam
2131 4660 2331 4731 pendes
2356 4676 2589 4730 poenam,
2618 4663 2742 4731 quia
2774 4676 2877 4715 non
2914 4660 3159 4728 adfuisti,
3197 4678 3296 4718 nec
3329 4680 3452 4733 pro-

1868 4754 2085 4809 hibuisti
2103 4795 2116 4819 ,
2140 4769 2245 4807 non
2274 4752 2560 4808 cohibuisti
2591 4752 3000 4815 tumultuantes,
3025 4768 3127 4806 nec
3150 4768 3246 4821 pro
3274 4753 3446 4822 Impe-

1869 4847 2061 4901 ratoris
2088 4848 2292 4901 honore
2315 4845 2646 4915 periclitatus
2688 4859 2769 4898 es.
2812 4842 2930 4897 Non
2978 4845 3200 4912 patratis
3237 4846 3455 4914 partici-

1867 4939 2044 5008 pasti?
2065 4938 2223 4992 laudo
2252 4937 2355 4992 hoc
2384 4945 2439 4991 et
2464 4944 2721 5004 accepto;
2750 4934 2846 4989 sed
2871 4949 3045 5003 neque
3090 4933 3224 4988 facta
3265 4934 3453 5005 prohi-

1868 5031 2066 5096 buisti;
2095 5030 2198 5085 hoc
2224 5029 2566 5084 accusatione
2587 5026 2827 5095 dignum.
2868 5024 2995 5079 Haec
3024 5032 3078 5077 et
3111 5038 3141 5077 a
3161 5023 3271 5077 Deo
3295 5027 3454 5082 verba

1869 5120 2149 5177 audiemus
2168 5162 2182 5186 ,
2205 5119 2419 5189 quando
2439 5132 2561 5181 cum
2589 5116 2802 5171 silentio
2833 5114 3185 5170 contumelias
3228 5126 3287 5172 et
3314 5118 3452 5185 inju-

1870 5215 1979 5269 rias
2003 5214 2055 5268 in
2083 5213 2254 5282 ipsum
2283 5210 2604 5267 commissas
2631 5207 2895 5277 patimur:
2920 5209 3171 5277 quoniam
3200 5219 3254 5263 et
3293 5211 3337 5264 is
3369 5210 3457 5279 qui

1871 5307 2127 5361 talentum
2158 5302 2362 5357 defodit
2386 5300 2603 5373 (Matth.
2628 5300 2720 5354 25.
2744 5298 2836 5354 25.
2866 5298 2980 5367 '50),
3013 5314 3119 5354 non
3150 5314 3250 5369 pro
3288 5301 3454 5355 reati-

1870 5398 1970 5453 bus
1994 5396 2105 5451 suis
2127 5403 2255 5449 tunc
2278 5391 2662 5455 accusabatur;
2697 5390 2958 5460 integrum
2981 5391 3123 5446 enim
3154 5389 3455 5457 depositum

1871 5489 2137 5551 reddidit;
2168 5487 2262 5543 sed
2284 5486 2535 5556 quoniam
2564 5485 2734 5553 ipsum
2755 5499 2861 5538 non
2896 5480 3265 5552 multiplicavit
3282 5520 3299 5546 ,
3321 5494 3455 5548 quo-

1871 5585 2013 5640 niam
2038 5596 2147 5635 non
2171 5578 2448 5647 castigavit
2491 5585 2736 5642 caeteros,
2770 5575 3022 5645 quoniam
3061 5580 3339 5640 argentum
3384 5570 3450 5623 ad

1872 5672 2258 5730 nummularius
2282 5687 2390 5728 non
2415 5669 2625 5734 detulit,
2653 5668 2756 5723 hoc
2771 5676 2875 5733 est,
2904 5681 3007 5719 non
3031 5661 3329 5729 admonuit,
3346 5676 3453 5718 non

1938 5823 1955 5853 ³
1988 5817 2186 5881 quidam
2204 5812 2536 5878 manusu'ipti,
2559 5808 2806 5862 mortalem
2827 5812 2872 5858 et
2895 5803 3133 5869 fragilem.
