3998 6464
554 419 623 472 39
1253 422 1310 477 S.
1351 423 1628 481 JOANNIS
1654 423 2126 481 CllRYSOSTOMi
2166 422 2489 482 ARCHIEP.
2523 424 3063 484 CONSTANTINOP.
3771 440 3830 496 ω

552 546 835 604 comiiium
863 544 1031 609 dedit,
1056 558 1159 596 non
1209 541 1501 612 increpuit,
1535 556 1639 597 non
1682 540 1918 595 correxit
1962 536 2140 606 proxi-

554 656 670 694 mos
712 649 1020 709 peccatores
1056 636 1388 690 inordinatos
1414 634 1655 701 ;.ideirco
1683 635 1883 703 absque
1924 632 2141 688 miseri-

551 731 732 787 cordia
764 730 814 784 in
848 729 963 783 illas
993 727 1357 782 intolerabiles
1396 742 1579 795 ptenas
1605 726 1935 780 mittebatur.
1961 723 2067 779 Sed
2093 724 2138 778 si

552 841 654 880 uon
681 834 858 889 antea,
888 837 1030 876 nunc
1058 822 1244 875 saltem
1286 836 1444 889 spero
1475 835 1571 874 vos
1616 819 1737 873 huic
1776 816 2137 873 emendationi

546 916 947 986 advigilaturos,
976 925 1029 968 et
1062 914 1226 967 Deum
1251 912 1574 967 contumelia
1601 909 1848 964 allectum
1892 924 2000 963 non
2037 924 2127 961 ne-

545 1011 836 1081 glecturus.
864 1008 1095 1061 Possunt
1134 1006 1275 1060 enim
1321 1020 1439 1074 qua:
1485 1003 1816 1067 acciderunt,
1850 1003 1973 1055 licet
2023 1016 2137 1054 mo-

546 1110 706 1157 nente
753 1103 970 1156 nemine
991 1141 1004 1164 ,
1039 1100 1121 1153 vel
1164 1099 1448 1153 insensatis
1473 1097 1755 1165 deinceps,
1782 1104 1837 1148 ut
1864 1095 2133 1166 propriam

544 1204 787 1248 asserant
825 1191 1075 1256 salutem,
1106 1190 1448 1261 persuadere.
1488 1191 1651 1244 Nobis
1682 1201 1809 1245 Vero
1846 1189 1954 1258 jam
2003 1187 2134 1242 hora

544 1296 627 1342 est
653 1329 664 1349 ,
693 1286 904 1340 solitam
951 1285 1105 1338 vobis
1136 1294 1189 1337 ut
1217 1299 1247 1337 a
1276 1282 1439 1337 Paulo
1479 1297 1717 1337 mensam
1759 1296 2091 1351 apponaiaus
2116 1322 2129 1345 ,

546 1382 941 1447 lectionemque
969 1378 1278 1431 hodiernam
1310 1391 1639 1445 promamus,
1661 1386 1715 1428 et
1743 1376 1793 1427 in
1820 1374 1993 1427 medio
2018 1389 2135 1429 om-

545 1473 705 1526 nibus
738 1485 1121 1540 proponamus.
1148 1468 1283 1537 Quid
1313 1469 1470 1538 igitur
1491 1478 1567 1520 est
1597 1466 1754 1520 hodie
1784 1466 1977 1519 lectum
2001 1464 2024 1515 ?
2050 1463 2135 1516 Di-

544 1563 725 1615 vitibus
742 1562 892 1628 Iiujus
918 1561 1088 1613 seaculi
1114 1561 1328 1627 prtrripe
1355 1576 1452 1612 non
1473 1557 1682 1610 sublime
1702 1557 1910 1626 sapere(
1926 1557 1972 1608 l.
1992 1553 2127 1608 Tim.

543 1654 596 1710 6.
632 1655 746 1725 17).
776 1656 873 1719 Qui
897 1654 1050 1719 dixit,
1085 1652 1329 1707 Divitibus
1356 1653 1507 1722 hujus
1528 1651 1718 1714 steculi,
1744 1650 2133 1704 demonstravit

543 1756 596 1800 et
620 1746 752 1799 alios
779 1745 942 1799 futuri
973 1747 1151 1800 smeuli
1177 1746 1365 1799 divites
1394 1759 1517 1798 esse
1550 1760 1563 1795 :
1596 1742 1768 1811 qualis
1790 1741 1877 1794 ille
1898 1740 2130 1794 Lazarus

543 1847 657 1888 erat
681 1876 696 1902 ,
730 1837 778 1889 in
812 1838 1061 1905 pra~senti
1083 1837 1297 1906 quidem
1330 1836 1435 1888 vita
1465 1848 1688 1902 pauper,
1722 1832 1772 1884 in
1804 1833 1975 1884 lutura
1999 1844 2129 1884 vero

540 1926 687 1981 dives
713 1945 725 1980 :
756 1942 863 1981 non
892 1943 1024 1980 auro
1050 1936 1104 1981 et
1134 1936 1356 1995 argento
1384 1936 1435 1979 et
1455 1925 1556 1977 ulla
1600 1922 1689 1976 tali
1721 1922 2052 1990 corruptibili
2075 1930 2130 1975 et

543 2020 896 2074 marcescibili
920 2022 1141 2074 materia
1163 2019 1409 2082 afﬂuens,
1430 2018 1519 2072 sed
1542 2018 1754 2070 areanis
1776 2015 1878 2069 illis
1906 2015 2055 2068 boois
2085 2016 2124 2080 ¹,

536 2130 656 2185 quae
687 2114 796 2168 Nec
817 2115 993 2167 oculus
1015 2114 1157 2175 vidit,
1178 2130 1267 2166 nec
1295 2112 1434 2165 auris
1471 2111 1663 2163 audivit
1683 2152 1695 2170 ,
1721 2125 1811 2163 nec
1842 2108 1893 2161 in
1916 2125 2003 2162 cor
2026 2107 2125 2162 Ito-

537 2205 683 2257 miuis
712 2204 1040 2257 ascenderunt
1068 2204 1143 2275 (l.
1175 2201 1292 2257 Cor.
1324 2201 1378 2255 2.
1407 2202 1484 2269 9).

620 2295 758 2349 Vera:
786 2296 974 2349 divitiae
994 2295 1344 2364 quw?—ll;e
1383 2309 1611 2363 namque
1642 2309 1780 2347 vene
1825 2292 2024 2346 divilite
2072 2299 2127 2344 et

534 2386 804 2454 opulentia
825 2426 838 2449 ,
869 2387 1083 2455 quando
1124 2396 1179 2439 et
1211 2385 1676 2439 innnarcescibilia
1716 2394 1843 2438 sunt
1877 2385 2049 2446 bona,
2073 2393 2127 2437 et

537 2478 730 2530 nullam
780 2478 997 2547 capiunt
1043 2477 1412 2531 mutationem.
1438 2478 1505 2530 At
1548 2490 1652 2529 non
1695 2474 1821 2529 talis
1863 2483 1981 2529 erat
2034 2475 2125 2530 ille

534 2580 872 2637 contemptor
900 2570 1069 2633 dives,
1098 2570 1190 2624 sed
1243 2569 1480 2623 omnium
1529 2568 1900 2638 pauperrimus
1954 2568 2125 2622 factus

534 2673 638 2717 est.
666 2663 792 2716 Post
818 2663 933 2715 hate
963 2663 1123 2732 igitur
1164 2662 1361 2716 stillam
1418 2661 1663 2715 obtinere
1708 2674 1953 2729 quazrens
1978 2701 1990 2719 .
2025 2674 2124 2713 nec

536 2753 702 2821 ipsius
744 2752 913 2807 laetus
944 2763 1027 2807 est
1069 2767 1290 2823 eumpos
1318 2771 1330 2806 :
1363 2756 1413 2805 in
1461 2760 1566 2805 tam
1611 2762 1905 2806 extremam
1958 2750 2121 2805 deve-

535 2852 690 2899 nerat
718 2853 1107 2913 paupertatem.
1143 2842 1346 2896 Idcirco
1379 2842 1659 2910 praesentis
1697 2841 1874 2895 smeuli
1922 2841 2124 2895 divites

532 2936 846 3004 appellavit,
879 2943 936 2988 ut
962 2935 1137 2989 discas
1162 2934 1304 3002 quod
1345 2949 1466 2987 cum
1535 2934 1641 2987 vita
1689 2934 1937 3002 praesenti
1984 2948 2120 3001 opu-

534 3025 690 3079 lentia
715 3025 1023 3079 dissolvitur
1058 3040 1205 3079 :non
1234 3024 1474 3093 procedit
1514 3023 1765 3089 ulterius,
1806 3039 1910 3077 non
1960 3024 2120 3078 simul

533 3116 860 3183 migratcum
891 3116 1285 3183 possessoribus
1314 3114 1683 3183 migrantibus,
1713 3113 1809 3168 sed
1832 3115 1976 3183 ipSos
2019 3129 2122 3168 sae-

530 3206 648 3273 pius
674 3212 728 3259 et
752 3215 877 3259 ante
905 3206 1063 3259 ﬁnem
1103 3205 1303 3260 deserit
1333 3223 1346 3259 :
1392 3205 1534 3275 quod
1563 3214 1617 3259 et
1669 3207 1840 3274 ipsum
1892 3205 2117 3260 demon-

532 3304 667 3350 strat
711 3296 917 3361 dicens,
955 3298 1132 3365 Neque
1169 3314 1373 3369 sperare
1400 3299 1453 3350 in
1500 3300 1689 3351 incerto
1727 3298 2017 3351 divitiarum
2041 3298 2115 3367 (l.

530 3384 665 3439 Tim.
680 3386 852 3455 6.17):
869 3387 1000 3440 nihil
1018 3389 1157 3441 enim
1172 3396 1280 3441 tam
1304 3386 1704 3456 inﬁdum,quam
1723 3388 1919 3442 divitiae
1943 3405 1956 3440 :
1976 3386 2117 3456 quod

530 3492 650 3531 cum
677 3493 820 3546 saepe
848 3477 1100 3541 dixerim,
1131 3478 1309 3531 dicere
1336 3492 1439 3532 non
1458 3481 1680 3531 cessabo
1703 3519 1718 3542 ,
1747 3478 1888 3547 quod
1936 3478 2116 3547 fugiti-

532 3585 634 3625 vus
657 3579 743 3625 est
769 3581 823 3625 et
851 3570 1089 3639 ingratus
1109 3586 1296 3625 servus
1338 3571 1496 3626 ﬁdem
1550 3587 1654 3625 non
1693 3571 1913 3633 habens,
1944 3570 2031 3626 vel
2072 3571 2115 3625 si

533 3663 809 3716 innumera
840 3663 938 3730 ipsi
966 3664 1175 3716 vincula
1201 3663 1441 3731 injicias,
1471 3664 1547 3717 sic
1585 3679 1793 3733 quoque
1823 3668 1943 3717 cum
1986 3664 2115 3734 ipsis

532 3752 756 3807 vinculis
802 3754 1024 3823 aufugit.
1072 3753 1279 3822 Saepius
1330 3754 1491 3824 igitur
1538 3755 1765 3824 pessulis
1808 3763 1863 3809 et
1913 3754 2115 3809 foribus

532 3843 702 3912 ipsum
731 3858 1069 3913 posseSSores
1099 3844 1506 3911 cont-luserunt,
1542 3862 1820 3901 servomm
1878 3847 2111 3901 adhibita

529 3937 769 3991 custodia
795 3953 807 3989 :
840 3939 924 3991 ille
951 3952 1079 3992 vero
1109 3940 1281 3992 servis
1307 3939 1613 3994 subornatis
1650 3956 1769 3995 cum
1824 3940 1954 4010 ipsis
1986 3942 2114 4009 l‘ugit

527 4028 858 4092 custodibus,
892 4038 1160 4098 tamquam
1206 4038 1449 4084 catenam
1498 4045 1595 4086 eos
1626 4033 1860 4095 trahens,
1887 4040 1943 4087 et
1981 4033 2111 4086 nihil

529 4118 726 4187 profuit
753 4119 1013 4175 custodia.
1037 4120 1176 4185 Quid
1218 4120 1321 4176 hoc
1352 4123 1659 4176 inlidelius?
1697 4122 1822 4192 quid
1848 4139 1976 4178 vero
2007 4124 2069 4180 iis
2093 4165 2109 4192 ,

527 4209 616 4276 qui
672 4211 813 4263 circa
868 4209 1008 4265 hunc
1068 4211 1301 4266 studium
1367 4212 1665 4273 collocant.
1712 4214 2113 4270 miserabilius?

451 4305 455 4309 ‘
527 4298 739 4365 quando
767 4316 875 4353 rem
904 4311 1009 4356 tam
1038 4302 1247 4358 labilem
1275 4304 1419 4357 omni
1448 4303 1622 4358 stadio
1650 4304 1902 4376 colligere
1925 4321 2113 4376 aggre-

528 4389 767 4457 diuntur,
796 4407 898 4447 nec
920 4396 1232 4462 prophetam
1260 4398 1481 4450 audiunt
1504 4398 1793 4464 dicentem,
1831 4397 1916 4453 Vte
1937 4400 1998 4453 iis
2025 4401 2111 4470 qui

527 4482 787 4547 conﬁdunt
806 4482 859 4535 in
878 4483 1057 4536 virtute
1076 4502 1189 4545 sua,
1210 4497 1254 4538 et
1275 4488 1328 4539 in
1347 4489 1665 4542 multitudine
1679 4490 1965 4543 divitiarum
1990 4509 2111 4544 sua-

529 4587 640 4623 rum
655 4573 937 4643 gloriantur
951 4574 1215 4645 (Psal.48.
1226 4579 1302 4646 7).
1324 4579 1414 4633 Dic
1430 4581 1711 4650 quare,V:e
1723 4584 1745 4635 ?
1757 4582 2104 4650 Thesaurizat,

531 4663 736 4731 inquit,
762 4673 810 4717 et
844 4664 1083 4734 ignorat,
1117 4667 1197 4719 cui
1252 4672 1572 4741 congregabit
1618 4689 1676 4725 ca
1702 4673 1872 4741 (Psal.
1902 4676 1991 4731 58.
2017 4677 2105 4746 7):

528 4757 777 4827 quoniam
816 4757 968 4812 labor
993 4760 1210 4829 quidem
1238 4770 1438 4827 certus,
1469 4762 1670 4820 fructus
1696 4782 1821 4820 vero
1851 4766 2105 4822 incertus.

527 4848 733 4919 Saepius
754 4848 982 4904 inimicis
1000 4851 1227 4916 laboras,
1249 4862 1304 4907 et
1322 4856 1574 4907 azruninis
1589 4859 1865 4913 conﬁceris
1881 4877 1896 4912 :
1915 4862 2108 4928 sepius

527 4947 649 5007 post
666 4950 891 4995 mortem
921 4951 1060 4996 tuam
1087 4943 1154 4997 ad
1185 4959 1277 4998 eos
1303 4945 1392 5014 qui
1424 4956 1473 5000 te
1498 4947 1789 5003 affet-erunt
1817 4952 2027 5019 injuria,
2055 4963 2108 5007 et

524 5030 820 5086 innumeris
846 5033 1310 5089 circumvenerunt
1331 5037 1557 5105 insidiis,
1578 5038 1846 5095 hereditas
1863 5043 2102 5106 veniens,

525 5122 616 5175 tibi
645 5123 857 5193 quidem
882 5137 1115 5193 peccata,
1153 5131 1543 5197 possessionem
1570 5147 1698 5187 vero
1722 5134 1839 5188 aliis
1861 5135 2103 5203 praebuit.

590 5212 645 5268 5.
688 5212 806 5266 Jam
852 5215 978 5271 illud
1029 5219 1299 5284 inquirere
1356 5222 1571 5293 dignum
1624 5233 1738 5292 est,
1785 5242 1947 5295 quare
1998 5244 2103 5283 non

519 5304 946 5371 dixit,Divitibus
962 5312 1241 5379 praesentis
1255 5315 1433 5367 steculi
1452 5316 1607 5382 prteci
1616 5332 1680 5385 pe
1699 5332 1802 5369 non
1818 5317 2100 5385 ditescere,

521 5398 754 5466 praecipe
783 5396 1156 5469 depauperari,
1182 5405 1410 5473 praecipe
1434 5420 1553 5473 qua:
1576 5406 1771 5459 habent
1791 5407 2102 5462 exhaurire:

521 5486 614 5539 sed
631 5487 783 5548 dixit,
814 5486 1043 5558 Prtecipe
1068 5507 1168 5545 non
1197 5492 1408 5546 sublime
1424 5495 1625 5564 sapere?
1637 5494 1944 5566 Novitquod
1971 5499 2108 5552 divi-

525 5575 715 5632 tiarum
741 5580 888 5634 radis
908 5590 963 5636 et
986 5584 1202 5636 materia
1224 5585 1294 5637 sit
1317 5585 1562 5654 superbia
1587 5602 1600 5638 :
1624 5596 1677 5640 et
1697 5587 1740 5641 si
1761 5590 1877 5658 quis
1898 5589 2105 5644 modice

527 5666 704 5724 vivere
730 5672 939 5738 scierit,
972 5691 1077 5729 non
1125 5677 1342 5731 multam
1369 5692 1551 5732 earum
1593 5693 1772 5733 curam
1818 5690 1958 5752 aget.
1986 5681 2102 5750 Qua

528 5776 773 5886 ὺυξηὲιιιιε
801 5784 960 5836 Codex
984 5794 1039 5838 et
1056 5787 1197 5839 savii.
1214 5788 1265 5841 in
1299 5803 1475 5854 ωιτη-8.,
1494 5804 1696 5847 arcanis
1715 5798 1760 5845 et
1789 5793 2103 5861 incﬂ'abz‘tz‘bus

2249 539 2416 605 enim,
2439 538 2526 595 dic
2553 540 2702 604 mihi,
2728 539 2794 596 de
2821 555 2979 595 causa
3006 542 3201 598 multos
3226 545 3585 602 circumducis
3609 562 3791 605 servos
3809 596 3826 618 ,

2249 641 2532 698 parasitos,
2558 632 2865 689 adulatores
2889 676 2904 701 ,
2928 645 2979 688 et
3002 637 3258 706 reliquam
3289 654 3503 693 omnem
3544 644 3831 711 pompam?

2244 720 2361 775 Non
2395 723 2637 778 Utilitatis
2668 740 2825 779 causa
2846 768 2862 791 ,
2890 726 2985 780 sed
3022 730 3338 798 arrogantia:
3363 732 3553 797 solius,
3577 745 3634 786 ut
3663 750 3725 788 ex
3754 736 3829 790 his

2245 815 2599 869 venerabilior
2624 816 2741 871 aliis
2782 817 3085 872 hominibus
3118 835 3238 876 esse
3285 822 3533 877 videaris.
3575 826 3831 883 Praeterea

2246 906 2389 957 novit
2417 922 2519 957 non
2551 907 2843 975 prohibitus
2860 924 2978 963 esse
2998 910 3230 976 divitias,
3259 916 3301 967 si
3321 914 3442 983 quis
3465 918 3517 969 in
3547 919 3830 973 necessita-

2245 1005 2349 1048 tem
2387 996 2514 1064 ip~is
2544 1013 2670 1051 usus
2713 997 2889 1053 fuerit.
2937 1000 3083 1055 Sicut
3121 1005 3264 1057 enim
3286 1005 3416 1065 dixi.
3448 1022 3551 1061 non
3584 1010 3717 1063 mala
3749 1027 3831 1066 nes

2243 1085 2444 1151 viuum,
2478 1087 2571 1140 sed
2602 1088 2738 1141 mala
2782 1090 3012 1144 ebrietas
3044 1108 3058 1144 :
3089 1092 3158 1147 ita
3186 1109 3291 1148 non
3323 1096 3458 1150 mala
3490 1113 3575 1152 res
3600 1099 3826 1166 divitim,

2240 1176 2334 1228 sed
2382 1178 2516 1229 mala
2565 1178 2806 1245 avaritia,
2830 1182 2967 1234 mala
3018 1183 3299 1251 cupiditas.
3337 1186 3493 1241 Aliud
3537 1203 3752 1256 avarus,
3777 1201 3829 1246 et

2239 1268 2379 1321 aliud
2407 1270 2555 1323 dives
2580 1288 2593 1324 :
2624 1286 2813 1325 avarus
2841 1288 2943 1326 nou
2967 1284 3048 1328 est
3074 1274 3245 1343 dives,
3269 1292 3461 1333 avarus
3489 1282 3668 1335 multis
3699 1284 3830 1338 indic

2238 1369 2346 1428 get,
2376 1361 2619 1431 indigens
2648 1374 2822 1417 autem
2856 1366 3034 1420 multis
3063 1383 3347 1438 numquam
3372 1371 3522 1426 dives
3552 1388 3672 1428 esse
3704 1390 3827 1444 pos-

2238 1452 2326 1505 sit.
2379 1454 2583 1507 Avarus
2635 1465 2815 1509 custos
2859 1465 3100 1522 est,non
3148 1458 3395 1514 dominus
3443 1466 3824 1532 pecuniarum;

2238 1560 2448 1609 servus,
2472 1560 2577 1599 non
2600 1561 2878 1614 posseSSor
2898 1568 2909 1600 :
2926 1549 3130 1604 facilius
3157 1554 3297 1606 enim
3321 1554 3477 1608 alicui
3502 1573 3565 1610 ex
3598 1561 3824 1628 propriis

2236 1636 2508 1699 carnibus,
2537 1652 2693 1705 quam
2717 1655 2778 1691 ex
2813 1640 3023 1693 defosso
3049 1656 3180 1696 auro
3209 1647 3646 1702 communicaret.
3672 1647 3829 1705 Velut

2236 1726 2381 1779 enim
2407 1726 2587 1793 jussus
2616 1728 2745 1782 nihil
2768 1729 2835 1784 de
2882 1732 3133 1800 repositis
3163 1742 3400 1804 tangere,
3429 1737 3506 1792 sic
3531 1756 3649 1793 cum
3681 1744 3823 1796 oraui

2235 1817 2504 1887 diligentia
2533 1834 2595 1874 ea
2624 1832 2801 1876 servat
2832 1834 2884 1876 et
2914 1825 3135 1891 detinet,
3166 1841 3194 1879 a
3224 1828 3335 1882 suis
3366 1837 3611 1900 tanquam
3640 1834 3827 1889 alienis

2236 1907 2509 1964 abstinens
2542 1928 2557 1963 :
2587 1921 2638 1964 et
2666 1921 2812 1968 certe
2840 1923 2962 1967 sunt
2988 1915 3182 1971 aliena.
3213 1917 3342 1983 Qttte
3381 1922 3521 1974 enim
3562 1924 3681 1976 aliis
3711 1940 3825 1979 ero-

2233 2014 2361 2067 gare
2400 2017 2689 2071 numquam
2738 2014 3024 2072 pateretur,
3068 2024 3238 2077 neque
3286 2010 3337 2063 in
3389 2027 3588 2081 egenos
3639 2015 3824 2071 distri-

2235 2092 2419 2160 buere,
2445 2095 2602 2149 etiam
2639 2097 2683 2151 si
2724 2097 2954 2154 inﬁnitas
2985 2104 3271 2158 sustineret
3292 2120 3478 2175 poenas
3506 2125 3520 2162 :
3556 2113 3825 2180 quomodo

2233 2181 2350 2238 hazc
2394 2200 2515 2240 esse
2583 2189 2798 2258 propria
2842 2202 3033 2261 putare
3088 2196 3318 2263 posset?
3363 2198 3643 2266 Quomodo
3697 2219 3824 2259 vero

2231 2290 2417 2329 eorum
2474 2276 2633 2333 habet
2701 2286 3134 2350 possessionem,
3185 2304 3411 2357 quorum
3479 2308 3577 2346 nec
3645 2310 3821 2362 usum,

2232 2381 2331 2419 nec
2361 2365 2585 2422 fructum
2620 2385 2739 2425 cum
2785 2372 3029 2430 libertate
3056 2375 3259 2432 habet?
3288 2378 3366 2433 Ad
3396 2379 3513 2436 haec
3543 2399 3672 2438 vero
3720 2403 3821 2441 non

2230 2460 2478 2514 omnibus
2532 2464 2708 2518 omnia
2743 2464 2935 2521 Paulus
2975 2467 3242 2537 imperare
3283 2475 3585 2542 consuevit,
3632 2476 3731 2532 sed
3773 2489 3826 2533 et

2229 2553 2557 2608 audientium
2588 2556 2934 2613 imbecillitati
2960 2575 3019 2615 se
3046 2571 3384 2631 attemperat,
3420 2567 3556 2621 sicut
3582 2579 3635 2622 et
3660 2570 3825 2626 Chii.

2228 2654 2342 2701 stus
2380 2646 2522 2702 fecit.
2565 2648 2772 2703 Etenim
2826 2651 2897 2705 illi
2947 2652 3095 2707 diviti
3139 2655 3205 2709 ad
3245 2670 3304 2711 se
3331 2660 3633 2728 accedenti,
3665 2673 3722 2717 et
3759 2664 3823 2718 de

2230 2740 2335 2793 vita
2381 2738 2657 2810 loquenti,
2715 2759 2817 2796 non
2876 2744 3007 2799 dixit
3040 2747 3244 2810 :Vade,
3278 2750 3447 2806 vende
3487 2754 3664 2807 omnia
3705 2773 3822 2825 qua:

2229 2827 2426 2895 habes;
2459 2832 2554 2886 sed
2604 2832 2705 2887 hoc
2752 2839 3191 2903 praetermittens,
3217 2841 3284 2896 de
3312 2844 3430 2897 aliis
3465 2843 3637 2914 ipsum
3671 2865 3823 2902 nian-

2226 2919 2363 2975 datis
2391 2921 2620 2976 instruit.
2651 2925 2853 2980 Deinde
2889 2936 3164 2998 postquam
3198 2929 3284 2986 ille
3328 2934 3495 3003 ipsum
3541 2937 3817 3002 invitavit,

2229 3011 2473 3081 inquiens
2504 3032 2516 3067 :
2546 3015 2680 3079 Quid
2710 3016 2876 3071 adhuc
2900 3019 3021 3073 mihi
3048 3021 3183 3075 deest
3206 3022 3415 3093 (Mutila.
3454 3025 3535 3081 l9.
3560 3026 3652 3098 ‘20)
3672 3031 3698 3081 Υ
3725 3046 3819 3084 ne-

2225 3120 2327 3174 que
2356 3115 2463 3158 tum
2494 3107 2809 3175 simpliciter
2836 3109 3008 3176 dixit,
3045 3111 3227 3169 Vende
3260 3117 3439 3170 omnia
3465 3135 3582 3188 qua:
3613 3121 3816 3189 habes;

2224 3195 2338 3260 sed,
2370 3195 2430 3251 Si
2461 3198 2533 3249 vis
2557 3203 2807 3269 prrfectus
2835 3217 2961 3265 esse,
2991 3205 3145 3257 vende
3170 3223 3283 3276 qua:
3311 3209 3462 3264 habes
3490 3210 3596 3279 (Ib.
3619 3215 3816 3285 v.21):

2227 3286 2326 3339 hoc
2354 3287 2405 3340 in
2440 3297 2530 3342 tuo
2561 3305 2699 3357 pono
2718 3291 2959 3358 arbitrio,
2992 3303 3041 3349 te
3069 3296 3346 3352 electionis
3372 3300 3645 3358 dominum
3679 3321 3813 3360 con-

2223 3377 2418 3443 sﬁtuo,
2477 3397 2578 3433 non
2636 3381 2689 3435 in
2744 3386 3113 3441 necessitatem
3184 3388 3357 3445 traho.
3423 3392 3712 3463 Propterea
3765 3408 3818 3452 et

2226 3468 2416 3521 l’aulus
2444 3470 2572 3525 nihil
2600 3472 2666 3527 de
2695 3485 3004 3545 paupertate
3043 3479 3296 3536 divitibus
3342 3484 3688 3554 loquebatur,
3725 3491 3817 3545 sed

2222 3558 2288 3611 de
2318 3559 2634 3631 humilitate,
2656 3574 2763 3618 tum
2788 3578 3003 3637 propter
3022 3571 3349 3627 audientium
3376 3576 3815 3647 imbecillitatem,

2224 3660 2331 3705 tum
2376 3654 2497 3722 quia
2547 3657 2745 3724 optime
2799 3660 3017 3725 sciebat,
3042 3662 3087 3716 si
3131 3665 3373 3720 modeste
3420 3678 3659 3739 agerent,
3692 3681 3745 3725 et
3786 3688 3814 3726 a

2220 3746 2469 3814 superbia
2501 3746 2659 3802 alieni
2690 3761 2891 3816 essent,
2915 3751 3058 3807 brevi
3111 3754 3314 3811 futuros
3343 3774 3372 3811 a
3400 3762 3574 3813 Sllltitt)
3600 3763 3815 3818 divitia-

2219 3853 2337 3891 rum
2366 3838 2579 3893 liheros.
2610 3841 2872 3897 Prmterea
2912 3860 3016 3898 non
3052 3847 3214 3901 altum
3275 3864 3463 3919 sapere
3491 3853 3812 3924 admonens,

2219 3940 2273 3984 et
2301 3933 2546 3993 modum,
2573 3949 2678 4003 quo
2726 3952 2830 3989 non
2874 3937 3037 3990 altum
3089 3955 3277 4009 sapere
3322 3945 3546 4010 pessint.
3591 3946 3818 4003 demon-

2218 4023 2426 4079 stravit.
2474 4024 2602 4089 Quis
2654 4042 2781 4081 vero
2819 4028 2902 4082 hic
2943 4030 3071 4085 est?
3101 4030 3155 4085 Si
3215 4033 3512 4089 divitiarum
3566 4050 3813 4094 naturam

2216 4115 2728 4185 animadverterent,
2761 4137 2917 4189 quam
2949 4123 3163 4179 incerta:
3191 4126 3298 4181 sint
3333 4138 3385 4182 et
3412 4130 3586 4186 inﬁda:
3620 4150 3633 4186 :
3675 4151 3806 4204 qua-

2220 4217 2439 4277 propter
2481 4210 2675 4275 intulit,
2710 4211 2888 4284 Neque
2925 4233 3129 4285 sperare
3170 4220 3220 4272 in
3264 4223 3549 4278 divitiarum
3595 4227 3811 4282 incerto.

2219 4297 2376 4353 Dives
2402 4308 2502 4365 est,
2528 4316 2629 4355 non
2662 4305 2747 4373 qui
2782 4306 2943 4359 multa
2974 4309 3246 4376 possidet,
3273 4312 3365 4366 sed
3396 4315 3481 4383 qui
3511 4318 3676 4371 multa
3711 4320 3816 4373 lar-

2215 4389 2356 4458 gitur
2393 4390 2584 4446 :dives
2632 4405 2747 4447 erat
2789 4396 3087 4463 Abraham,
3139 4400 3231 4454 sed
3274 4418 3377 4457 non
3425 4419 3618 4462 atarus
3655 4427 3668 4462 :
3704 4427 3811 4466 non

2214 4481 2355 4533 enim
2380 4481 2534 4551 hujus
2564 4483 2779 4538 domum
2808 4488 3210 4557 considerabat,
3245 4509 3344 4550 nec
3374 4495 3514 4550 illius
3552 4501 3811 4557 substan-

2218 4571 2340 4625 tiam
2372 4572 2583 4628 curiose
2620 4578 2984 4645 scrutabatur;
3018 4581 3112 4635 sed
3135 4584 3417 4653 egrediens
3452 4589 3808 4659 explorabat,

2217 4677 2341 4715 nam
2365 4662 2557 4719 alicubi
2584 4662 2797 4737 hospes,
2830 4682 2956 4722 num
2985 4669 3183 4726 alicubi
3224 4688 3460 4743 pauper,
3494 4686 3551 4731 ut
3574 4693 3813 4749 pauper-

2216 4762 2380 4808 tatem
2409 4757 2714 4821 resarciret,
2747 4768 2806 4813 ut
2834 4764 3172 4832 peregrinum
3204 4767 3510 4837 exciperet:
3540 4786 3647 4826 non
3673 4790 3811 4831 auro

2217 4855 2412 4901 tectum
2438 4848 2627 4913 linivit,
2658 4850 2751 4905 sed
2782 4853 2920 4922 apud
2952 4870 3207 4924 quercum
3236 4858 3376 4913 illam
3406 4861 3806 4922 tabernaculum

2216 4937 2405 5007 ﬁgens,
2438 4939 2679 4994 foliorum
2706 4943 2889 4997 umbra
2915 4956 3196 5002 contentus
3221 4960 3335 5004 crat
3360 4969 3374 5006 :
3407 4960 3461 5005 et
3489 4963 3593 5006 tam
3620 4959 3809 5026 splen-

2213 5031 2393 5085 didum
2455 5032 2553 5102 ipsi
2606 5043 2721 5087 erat
2760 5037 3141 5107 diversorium,
3170 5051 3226 5096 ut
3268 5059 3368 5098 nec
3400 5048 3619 5115 angelos
3661 5054 3805 5121 apud

2213 5127 2384 5195 ipsum
2413 5145 2627 5185 manere
2658 5134 2912 5201 puderet;
2948 5153 3051 5192 non
3081 5142 3224 5196 enim
3251 5147 3565 5212 quaerebant
3604 5150 3805 5206 domus

2212 5219 2548 5288 Splendorem
2575 5265 2588 5285 ,
2622 5226 2713 5277 sed
2740 5230 2900 5280 animi
2932 5231 3200 5288 virtutem.
3240 5234 3396 5291 Hunc
3416 5215 3492 5293 ἐι
3532 5257 3630 5294 nos
3676 5243 3803 5297 imi-

2212 5321 2404 5376 temur,
2421 5316 2756 5381 charissimi,
2779 5327 2832 5373 et
2850 5335 2971 5389 qua:
2992 5323 3284 5391 habemus,
3317 5328 3368 5379 in
3400 5343 3663 5397 pauperes
3695 5333 3801 5388 im-

2210 5403 2522 5470 pendamus.
2557 5407 2694 5462 Rudi
2735 5411 2896 5465 modo
2945 5424 3181 5481 paratum
3217 5427 3334 5472 erat
3363 5419 3431 5474 ibi
3476 5414 3791 5479 tabei'naeu-

2210 5492 2341 5555 lum.
2373 5496 2468 5551 sed
2498 5500 2657 5568 regiis
2688 5502 2826 5555 aulis
2850 5504 3181 5572 splendidius
3202 5508 3318 5566 fuit.

2285 5585 2654 5657 Hospitalitatis
2679 5590 2789 5647 laus
2805 5604 2849 5647 et
2867 5598 3130 5665 praemium
3152 5600 3413 5657 —Nullus
3440 5621 3667 5675 unquam
3704 5625 3799 5666 rex

2207 5678 2425 5747 angelos
2459 5683 2692 5750 suscepit
2721 5701 2735 5737 :
2767 5683 2854 5738 hic
2895 5702 3021 5740 vero
3050 5690 3150 5744 sub
3196 5707 3394 5762 querco
3431 5696 3627 5751 sedens
3667 5700 3759 5752 illa
3781 5741 3797 5764 ,

2207 5768 2505 5840 cenamque
2526 5771 2712 5842 ﬁgens,
2730 5773 2835 5831 hoc
2861 5778 3060 5834 honore
3088 5780 3277 5852 dignus
3303 5784 3514 5841 habitos
3540 5797 3655 5854 est,
3685 5804 3797 5844 non

2210 5869 2431 5931 pr0pter
2452 5861 2642 5920 domus
2661 5866 2913 5923 vilitatem
2943 5870 3250 5941 honoratus,
3274 5876 3366 5931 sed
3397 5888 3612 5948 propter
3626 5882 3794 5937 animi
