3998 6480
175 399 228 458 59

177 516 261 578 τδῖς
297 509 624 582 τραπεζίταις
677 523 703 552 ει
743 511 804 565 οὐ
837 511 1126 576 κατέϐαλε,
1171 513 1485 582 τουτέστιν,
1527 514 1588 568 οὐ
1648 532 1789 586 παρ-

175 600 343 671 ᾑνεσεν,
359 599 412 653 οὐ
441 596 988 662 συνεϐούλευσεν,οὐκ
1029 600 1381 672 ἐπετίμησεν,
1404 603 1463 654 οὐ
1510 600 1787 673 διὼρθωσε

176 689 270 750 τοὺς
294 686 494 758 πλησίον
519 686 894 758 ἀκοσμοῦντας
926 687 1035 741 τῶν
1065 689 1336 760 πονηρῶν
1370 689 1460 744 διά
1483 689 1642 744 τοῦτο
1673 709 1786 762 χω.

177 776 242 845 ρὶς
263 772 557 845 συγγνώμης
585 775 804 846 ἀπάσης
827 777 906 839 εἰς
929 774 1026 841 τάς
1057 776 1366 848 ἀφορήτους
1397 777 1676 848 ἐπέμπετο
1701 797 1793 832 x0-

175 861 321 926 λάσεις
352 863 568 926 ἐκείνας.
621 861 761 916 Ἀλλ’
793 863 877 916 ὅτι
909 862 1030 934 μὲν,
1064 865 1113 916 εἰ
1143 865 1238 917 καὶ
1271 865 1346 936 μὴ
1377 865 1664 938 πρότερον,
1695 865 1792 921 νῦν

175 948 275 1018 γοῦν
307 947 489 1022 ταύτην
531 949 829 1021 ἐργάσεσθε
871 949 968 1022 τὴν
1014 949 1333 1022 διόρθωσιν,
1385 953 1480 1006 καὶ
1532 952 1622 1006 τὸν
1659 949 1791 1006 Θεὸν

175 1036 472 1108 ὑϐριζόμενον
490 1037 548 1091 οὐ
571 1039 919 1110 περιόψεσθε,
959 1039 1166 1110 σφόδρα
1197 1039 1561 1095 πεπίστευκα.
1607 1041 1792 1095 Ἱκανὰ

175 1124 256 1197 γὰρ
277 1125 332 1179 τὰ
359 1119 751 1199 συμϐεϐηκότα,
791 1129 841 1180 εἰ
878 1127 972 1181 καὶ
1007 1127 1196 1198 μηδεὶς
1224 1129 1253 1181 ό
1285 1128 1568 1200 παραινῶν
1589 1125 1791 1200 ἦν,καὶ⁹

170 1215 267 1278 τοὺς
293 1213 471 1286 σφόδρα
493 1214 830 1288 ἀναισθήτως
859 1214 1239 1286 διακειμένους
1268 1219 1453 1270 πεῖσαι
1477 1217 1661 1271 λοιπὸν
1693 1221 1792 1290 τῆς

169 1300 333 1363 οἰκείας
370 1301 710 1356 ἐπιλαϐέσθαι
740 1303 768 1343 b
807 1301 1104 1374 σωτηρίας.
1153 1304 1317 1374 Ἡμῖν
1353 1303 1412 1357 δέ
1457 1303 1577 1378 ὥρα
1603 1305 1790 1362 λοιπὸν

167 1387 479 1459 τὴνείωθυῖαν
503 1390 628 1462 ὑμῖν
653 1389 761 1444 ἀπὸ
776 1389 870 1444 τοῦ
898 1389 1114 1444 Παύλου
1139 1392 1466 1462 παραθεῖναι
1484 1392 1788 1464 τράπεζαν,
1832 1431 1841 1438 -

166 1480 241 1552 τήν
273 1481 486 1552 σήμερον
536 1481 978 1550 ἀναγνωσθεῖσαν
1036 1481 1196 1552 ῥῆσιν
1237 1484 1786 1554 προχειρισαμένους,

166 1568 236 1622 καὶ
261 1570 330 1632 εἰς
365 1569 519 1641 μέσον
551 1569 960 1640 καταθεμένους
994 1568 1187 1623 ἅπασι.
1222 1569 1288 1622 Τί
1314 1572 1430 1623 ποτ’
1457 1567 1550 1624 οὖν
1577 1573 1695 1624 ἐστι
1729 1573 1790 1625 τὸ

166 1659 356 1727 σήμερον
380 1657 716 1726 ἀναγνωσθέν
737 1675 752 1724 ;
783 1657 918 1721 Τοῖς
938 1657 1262 1724 πλουσίοις
1282 1657 1353 1710 ἐν
1373 1655 1455 1724 τῷ
1474 1657 1592 1712 νῦν
1619 1657 1788 1714 αἰῶνι

161 1742 483 1814 παράγγελλε
525 1743 614 1814 μὴ
659 1743 1136 1813 ὑψηλοφρονεῖν.
1178 1741 1388 1808 Εἰπὼν,
1439 1744 1568 1812 Τοῖς
1601 1749 1790 1800 πλου-

159 1831 284 1896 σίοις
305 1832 368 1885 ἐν
386 1831 462 1898 τῷ
488 1830 608 1886 νῦν
631 1830 822 1898 αίῶνι,
854 1831 1022 1898 ἔδειξε
1051 1833 1146 1886 καὶ¹
1178 1831 1396 1904 ἐτέρους
1428 1831 1590 1896 ὄντας
1621 1833 1788 1889 πλου-

161 1917 274 1981 σίους
297 1919 410 1982 τοὺς
433 1917 525 1973 τοῦ
562 1919 846 1990 μέλλοντος
872 1919 1091 1985 αἰῶνος·
1114 1914 1226 1984 οἷος
1253 1921 1458 1984 ἐκεῖνος
1485 1921 1514 1972 ὁ
1537 1920 1789 1993 Λάζαρος

156 2001 223 2075 ἦν,
253 2008 374 2061 κατά
409 2009 504 2077 μὲν
524 2008 618 2064 τὸν
649 2009 890 2080 παρόντα
922 2008 1032 2080 βίον
1064 2009 1251 2079 πένης,
1287 2008 1432 2062 κατὰ
1457 2008 1514 2062 δέ
1533 2009 1627 2064 τὸν
1656 2009 1788 2081 μέλ-

156 2089 280 2148 λοντα
303 2095 564 2162 πλούσιος,
590 2097 651 2151 οὐ
679 2097 882 2168 χρυσοῦ
919 2099 1013 2152 καὶ
1040 2097 1281 2168 ἀργύρου
1309 2087 1658 2170 καῖτοιαύτῃ
1681 2102 1787 2152 τινὶ

156 2177 326 2250 φθαρτῇ
355 2179 705 2250 καὶέπικήρῳ
735 2179 981 2234 πλουτῶν
1012 2178 1136 2253 ὕλῃ,
1163 2177 1282 2253 [26]
1311 2177 1446 2232 ἀλλὰ
1473 2179 1584 2240 τοῖς
1605 2177 1781 2248 ἀπορ-

156 2267 300 2335 ρήτοις
325 2267 543 2331 ἐκείνοις
563 2281 586 2307 ο
616 2269 859 2336 ἀγαθοῖς,
889 2268 925 2322 ἃ
945 2267 1110 2336 Μήτε
1139 2265 1448 2336 ὀφθαλμὸς
1468 2263 1610 2328 εἰδε,
1627 2260 1783 2332 μήτε

151 2344 235 2416 οὖς
255 2351 478 2419 ἢκουσε,
507 2353 666 2424 μήτε
701 2353 803 2406 ἐπὶ
838 2353 1094 2422 καρδίαν
1123 2354 1438 2422 ἀνθρώπου
1465 2354 1669 2424 ἀνέϐη.

202 2439 346 2496 Τοῦτο
374 2441 479 2514 γάρ
528 2441 750 2514 ἀληθῶς
803 2441 1032 2504 πλοῦτος
1079 2442 1175 2494 καὶ
1213 2441 1464 2512 εὐπορία,
1516 2441 1644 2494 ὅταν
1687 2442 1783 2496 καὶ

148 2525 356 2598 ἀκήρατα
452 2529 522 2586 τά
555 2530 721 2594 καλά,
755 2531 849 2584 καὶ
889 2529 1158 2602 μηδεμίαν
1189 2528 1412 2600 δέχηται
1453 2527 1778 2600 μεταϐολήν.

157 2615 265 2668 Ἀλλ’
285 2619 374 2690 οὐχ
399 2622 426 2674 ὁ
452 2619 698 2692 παριδὼν
741 2617 768 2659 ά
816 2618 978 2672 αὐτὸν
1032 2617 1283 2680 πλούσιος
1327 2617 1590 2682 τοιοῦτος,
1645 2617 1784 2672 ἀλλά

146 2703 322 2760 πάντων
351 2709 672 2780 πενέστερος
701 2707 934 2777 ἐγένετο.
963 2706 1120 2761 Μετὰ
1151 2705 1326 2760 ταῦτα
1357 2707 1488 2776 γοῦν
1524 2707 1784 2776 σταγόνος

145 2789 340 2859 ἀξιώσας
372 2796 686 2868 ἐπιτυχεῖν,
745 2794 866 2849 οὔτε
913 2796 1084 2866 αὐτῆς
1129 2794 1345 2864 ἐγένετο
1382 2795 1592 2866 κύριος⁶
1639 2794 1783 2848 οὕτω

144 2879 250 2950 πρὸς
269 2883 487 2955 ἐσχάτην
513 2883 772 2954 ἐληλάκει
801 2882 1012 2936 πενίαν.
1047 2881 1149 2935 Διά
1173 2879 1333 2936 τοῦτο
1367 2881 1657 2946 πλουσίους
1685 2883 1780 2936 τοῦ

141 2967 361 3036 παρόντος
386 2971 579 3035 αἰῶνος
607 2971 887 3035 ἐκάλεσεν,
906 2970 995 3023 ἵνα
1015 2969 1212 3042 μάθῃς,
1245 2970 1327 3022 ὃτι
1350 2969 1486 3040 μετά
1517 2969 1616 3040 τῆς
1647 2987 1785 3040 παρ-

140 3051 272 3126 ούσης
309 3059 442 3130 ζωῆς
499 3060 598 3113 καλ⁸
630 3061 662 3130 ἠ
694 3057 924 3129 εὐπορία
970 3057 1427 3126 συγκαταλύεται·
1469 3059 1530 3110 οὐ
1567 3059 1782 3128 πρόεισι

137 3146 417 3217 περαιτέρω,
436 3147 558 3202 οὐδὲ
583 3145 1021 3218 συμμεθίσταται
1048 3145 1390 3216 ἀποδημοῦσι
1411 3149 1524 3211 τοῖς
1545 3146 1780 3217 ἔχουσιν,

137 3229 244 3286 ἀλλά
285 3234 531 3300 πολλάκις
575 3237 780 3300 αὐτοὺς
810 3236 905 3289 καὶ
960 3235 1067 3308 πρὸ
1106 3235 1207 3306 τῆς
1235 3234 1494 3304 τελευτῆς
1535 3235 1776 3305 ἀφίησιν·

133 3318 241 3390 ὅπερ
263 3317 346 3376 οῦν
383 3334 404 3362 ε
437 3326 534 3378 καὶ
557 3324 687 3378 αὐτὸ
708 3323 882 3393 δηλῶν
912 3321 1064 3390 ἔλεγε
1085 3358 1102 3386 ,
1134 3321 1302 3390 Μηδὲ
1328 3321 1648 3390 ἠλπικέναι
1679 3323 1780 3378 ἐπὶ

133 3409 356 3466 πλούτου
369 3410 889 3480 ἁδηλότητι.οὐδέν
907 3410 976 3480 γά
984 3427 1015 3483 ρ
1029 3407 1201 3474 οὕτως
1217 3411 1462 3475 ἄπιστον,
1481 3410 1556 3474 ὡς
1575 3411 1603 3463 6
1621 3410 1784 3464 πλοῦ-

131 3510 218 3564 τος,
245 3497 270 3552 6
297 3500 555 3564 πολλάκις
584 3495 762 3564 εἷπον,
789 3501 883 3554 καὶ
914 3499 1090 3568 λέγων
1121 3500 1182 3552 οὐ
1217 3499 1520 3570 παύσομαι,
1542 3501 1626 3553 ὅτι
1651 3501 1770 3572 δρα-

133 3583 266 3656 πέτης
293 3587 430 3642 ἐστὶν
465 3586 764 3660 ἀγνώμων,
797 3588 1014 3660 οἰκέτης
1039 3587 1220 3641 πίστιν
1240 3588 1340 3641 οὐκ
1362 3587 1524 3658 ἔχων,
1555 3587 1658 3642 κᾶν
1674 3605 1781 3662 μυ-

132 3669 227 3739 ρίας
247 3674 381 3746 αὐτῷ
404 3675 716 3748 περιϐάλῃς
749 3675 937 3742 πέδας,
971 3670 1126 3740 οὗτος
1155 3676 1250 3728 καὶ
1281 3675 1381 3738 τὰς
1413 3675 1580 3738 πέδας
1609 3675 1779 3740 αὐτάς

129 3761 474 3836 ἐπισυρόμενος
495 3765 710 3821 ἄπεισι.
739 3765 1006 3829 Πολλάκις
1035 3764 1167 3833 γοῦν
1203 3764 1421 3836 μοχλοῖς
1450 3764 1543 3818 καὶ
1587 3763 1779 3834 θύραις

126 3848 412 3908 ἀπέκλεισαν
439 3855 608 3910 αὐτὸν
635 3855 685 3907 οἱ
715 3853 1064 3924 κεκτημένοι,
1099 3853 1314 3915 οἰκέτας
1346 3853 1778 3924 περιστήσαντες

128 3937 350 4008 φύλακας⁸
381 3945 408 3997 6
435 3943 494 3998 δέ
521 3944 650 4006 τοὺς
679 3943 896 4003 οἰκέτας
922 3943 1119 4003 αὐτοὺς
1149 3940 1474 4004 ἀναπείσας,
1521 3940 1640 4010 μετ’
1679 3942 1777 3995 αὐ-

125 4025 212 4080 τῶν
227 4029 416 4102 ἀπέδρα
436 4031 552 4085 τῶν
569 4029 968 4100 φυλαττόντων,
991 4029 1246 4101 καθάπερ
1295 4028 1484 4082 ἀλυσιν
1505 4029 1634 4092 τοὺς
1679 4047 1778 4100 τη-

129 4113 317 4180 ροῦντας
359 4119 781 4191 ἐπισυρόμενος,
813 4119 906 4172 καὶ
937 4117 1098 4172 πλέον
1125 4117 1278 4172 οὐδὲν
1321 4117 1427 4171 ἀπὸ
1462 4118 1560 4188 τῆς
1606 4117 1776 4189 φυλα-

127 4199 206 4271 κῆς
231 4203 432 4274 ἐγένετο
461 4207 698 4276 ταύτης.
757 4205 822 4259 Τί
846 4204 1036 4259 τούτου
1060 4205 1260 4274 γένοιτ’
1284 4205 1350 4259 ἂν
1385 4206 1774 4277 ἀπιστότερον;

127 4286 164 4338 τί
193 4289 241 4342 δέ
269 4293 370 4348 τῶν
403 4297 539 4367 περὶ
564 4293 728 4348 αὐτὸν
752 4293 1166 4347 ἐσπουδακότων
1194 4293 1589 4366 ἐλεεινότερον;
1651 4295 1778 4350 ὅταν

128 4377 320 4448 πρᾶγμα
345 4379 488 4434 οὓτω
528 4380 731 4452 σαθρὸν
765 4379 858 4434 καὶ
903 4379 1326 4450 εὐμετάπτωτον
1371 4377 1520 4450 πάσῃ
1574 4380 1775 4451 σπουδῇ

127 4461 360 4531 συλλέγειν
387 4465 738 4538 ἐπιχειρῶσι,
763 4465 854 4518 καὶ
880 4464 954 4536 μὴ
981 4463 1224 4518 ἀκούωσι
1258 4463 1352 4518 τοῦ
1384 4463 1666 4535 προφήτου
1689 4463 1778 4517 λέ-

125 4559 295 4614 γοντος·
344 4555 488 4608 Οῠαί
545 4555 602 4607 οί
632 4552 983 4618 πεποιθότες
1015 4551 1113 4606 ἐπὶ
1143 4549 1216 4620 τῇ
1261 4549 1515 4620 δυνάμει
1554 4549 1775 4616 αὐτῶν,

125 4629 202 4682 καὶ
227 4634 312 4689 ἐπὶ
342 4637 421 4703 τῷ
462 4636 688 4703 πλήθει
715 4636 822 4690 τοῦ
855 4636 1124 4690 πλούτου
1154 4633 1354 4690 αὐτῶν
1381 4633 1776 4704 καυχώμενοι.

124 4712 250 4782 Εἰπὲ,
275 4720 416 4786 τίνος
442 4721 637 4776 ἕνεκεν
658 4720 816 4787 οὐαί;
847 4717 1219 4790 Θησαυρίζει,
1249 4718 1405 4790 φησὶ,
1439 4718 1541 4771 καί
1581 4719 1652 4773 οὐ
1689 4736 1778 4790 γι·-

122 4794 302 4856 νώσκει
331 4804 449 4858 τίνι
474 4802 739 4868 συνάξει
756 4801 930 4858 αὑτά·
962 4803 1042 4856 ὅτι
1068 4803 1098 4854 ό
1127 4801 1226 4872 μὲν
1257 4801 1418 4864 πόνος
1453 4799 1634 4870 δῆλος,
1661 4802 1694 4870 ἡ
1723 4800 1780 4854 δὲ
1828 4792 1850 4848 ἓ

125 4879 382 4948 ἀπόλαυσις
409 4886 632 4957 ἄδηλος.
667 4885 936 4949 Πολλάκις
963 4883 1180 4956 ἐχθροῖς
1209 4883 1460 4955 κάμνεις,
1479 4885 1575 4938 καὶ
1593 4883 1790 4938 ταλαι-

126 4969 309 5036 ττωρείς¹
342 4969 609 5032 πολλάκις
642 4969 782 5042 μετὰ
807 4969 907 5040 τὴν
945 4969 1044 5040 σὴν
1074 4967 1332 5039 τελευτὴν
1373 4969 1454 5032 εἰς
1489 4968 1618 5031 τοὺς
1663 4966 1780 5038 ἠδι-

123 5049 320 5115 κηκότας
345 5055 441 5108 καὶ
464 5053 640 5126 μυρία
662 5071 745 5106 σοι
769 5051 1288 5115 ἐπιϐουλεύσαντας,
1305 5054 1334 5106 6
1353 5051 1556 5122 κλῆρος
1583 5049 1776 5114 ἐλθὼν,

125 5129 189 5181 σοὶ
207 5133 294 5202 μὲν
321 5137 386 5190 τά
407 5138 812 5210 ἁμαρτήματα,
830 5137 930 5210 τὴν
949 5137 1008 5191 δὲ
1033 5137 1334 5193 ἀπόλαυσιν
1359 5136 1635 5208 παρέσχεν
1665 5138 1781 5191 ἐτέ-

125 5229 230 5281 ροις.

173 5305 225 5352 ε’.
240 5301 374 5357 Ἀλλ’
384 5305 452 5374 άξ
459 5323 540 5360 ιον
553 5307 730 5362 ἐκεῖνο
740 5305 1014 5374 ἐξετάσαι,
1027 5305 1174 5371 τίνος
1187 5307 1272 5360 ἐνε
1278 5323 1372 5360 κεν
1383 5306 1484 5360 οὐκ
1495 5299 1642 5372 εἶπε,
1655 5303 1780 5368 Τοῖς

120 5377 163 5432 δὲ
190 5383 450 5452 πλουσίοις
481 5391 544 5444 ἐν
573 5388 652 5460 τῷ
689 5389 786 5444 νῦν
821 5389 978 5446 αἰῶνι
1013 5389 1360 5462 παράγγελλε
1393 5388 1468 5461 μὴ
1503 5388 1775 5450 πλουτεῖν,

120 5468 428 5538 παράγγελλε
451 5473 741 5535 πένεσθαι,
775 5473 1124 5546 παράγγελλε
1145 5476 1212 5528 τά
1237 5475 1368 5529 ὄντα
1389 5473 1607 5538 κενοῦν,
1641 5471 1777 5526 ἀλλά

117 5547 469 5626 Παράγγελλε
487 5557 578 5628 μὴ
611 5559 1088 5628 ὑψηλοφρονεῖν.
1124 5555 1280 5615 Οἶδεν
1321 5559 1404 5612 ὅτι
1427 5555 1447 5596 τ
1483 5557 1578 5612 τοῦ
1614 5555 1778 5612 πλού-

165 5689 347 5765 ῗὲενξῑι
369 5705 426 5765 ξι
443 5699 532 5765 3!“
557 5699 1086 5765 §F‘_T°‘5¢_‘FP¢7F5§5‘F“<-

164 5751 344 5827 Eﬁavil.
367 5761 728 5827 ἀντιλαϐέρθαι,
744 5751 874 5827 ριἰὺε
895 5751 1338 5827 ἀντιλαμϐάνεσθαι.

166 5818 185 5888 ξ
209 5817 335 5888 ζὶιιυε
344 5823 506 5888 τοόεκ
520 5830 574 5872 ει
584 5817 808 5888 Sayilen
827 5838 981 5888 marg.
996 5817 1080 5888 ἀπῖ
1102 5825 1552 5888 καὶάνεκδιηγήτοις
1563 5825 1612 5874 ἐκ
1620 5823 1756 5881 είνοις

163 5873 559 5952 ξριίἱπεριιδῴν.
585 5884 714 5952 lnf_ra
736 5873 889 5952 Sam;
925 5873 980 5936 ἔι
1001 5873 1130 5952 illius
1149 5873 1602 5952 06660665166750
1613 5873 1679 5935 ιο.

170 5937 433 6013 ςξςιχιιιρι
456 5947 1180 6013 αιὶιιεῄτᾼελευτῆς-ἐγκατέλιπεψ
1204 5950 1322 6013 ὅπερ
1343 5937 1443 5998 οοὶέ

139 5997 186 6074 ,Ατ
207 6002 298 6074 A_lii
319 6006 680 6074 qtbeyﬁzpﬁéz
695 5997 914 6060 611.6103:
926 5997 1080 6063 Sai'il.
1093 6012 1182 6059 κᾶν
1204 5997 1307 6074 εἰδέῖά
1328 5997 1416 6071 τις,
1430 5997 1610 6061 melius
1627 6023 1774 6074 quam

117 6057 264 6114 Eorel.
295 6069 381 6116 κᾶν
400 6070 512 6132 ᾔδει
535 6057 616 6127 τις.

1168 397 1262 452 AD
1299 397 1632 456 POPULUM
1671 397 2176 455 ANTIOCIIENUM
2217 398 2450 455 IIOMIL.
2494 399 2552 456 ΙΙ.

1897 531 1993 568 του
2021 512 2146 586 ῥίζα
2173 515 2265 568 καὶ
2287 514 2545 580 ὑπόθεσίς
2574 519 2722 569 ἐστιν
2753 517 2785 588 ἠ
2815 516 3065 586 ἀπόνοια,
3096 517 3197 572 κᾶν
3225 518 3339 594 εἰδῇ
3372 537 3456 586 τις
3481 537 3583 592 με-

1896 605 2176 676 τριάζειν,
2204 605 2265 658 οὐ
2303 606 2505 677 πολλὴν
2547 608 2674 679 περὶ
2707 607 2768 660 τὸ
2811 610 3043 680 πρᾶγμα
3084 612 3372 681 ποιήσεται
3406 629 3576 668 σπουν

1898 691 2012 763 δήν.
2046 693 2202 758 Τίνος
2239 693 2348 764 γὰρ
2391 692 2598 754 ἕνεκεν,
2627 695 2746 748 εἰπέ
2783 711 2895 766 μοι,
2935 697 3060 760 τούς
3103 697 3330 762 πολλοὺς
3363 700 3580 763 οἰκέτας

1895 782 2208 853 περιάγεις,
2249 784 2380 846 τοὺς
2407 783 2744 854 παρασίτους
2765 823 2779 848 ,
2815 785 2941 848 τοὺς
2982 785 3240 850 κόλακας,
3285 786 3381 858 τὴν
3411 789 3578 859 ἀλλην

1893 870 2112 924 ἃπασαν
2141 871 2479 940 φαντασίαν;
2506 871 2580 924 Οὐ
2603 871 2792 942 χρείας
2817 873 3022 936 ἕνεκεν,
3054 874 3168 927 ἀλλ’
3197 876 3456 939 ἀπονοίας
3490 876 3582 948 μό-

1893 976 1990 1028 νης
2013 1000 2027 1024 ,
2059 960 2144 1013 ἵνα
2174 959 2282 1012 ἀπὸ
2310 959 2515 1013 τούτων
2549 960 2871 1030 σεμνότερος
2910 961 3018 1015 τῶν
3069 963 3244 1017 ἄλλων
3270 963 3577 1036 ἀνθρώπων

1892 1041 2032 1100 εἷναι
2059 1047 2242 1118 δοκῇς.
2281 1047 2491 1112 Ἀλλως
2515 1047 2572 1102 δὲ
2605 1043 2744 1101 οἶδεν
2779 1049 2840 1102 οὐ
2875 1049 3256 1121 κεκωλυμένον
3286 1052 3378 1105 τὸν
3407 1053 3576 1107 πλοῦ-

1890 1151 2006 1200 τον,
2045 1135 2141 1189 ἐάν
2177 1153 2262 1198 τις
2293 1135 2444 1206 αὐτῷ
2487 1135 2568 1199 εἰς
2593 1135 2709 1188 δέον
2758 1133 3100 1206 κεχρημένος
3231 1139 3443 1212 Ὥσπερ
3465 1141 3575 1212 γὰρ

1891 1218 2068 1289 εἷπον,
2099 1224 2160 1276 οὐ
2188 1223 2356 1278 κακὸν
2380 1225 2408 1276 6
2445 1219 2616 1288 οἶνος,
2649 1223 2784 1278 ἀλλά
2825 1226 2992 1278 κακὸν
3029 1228 3061 1296 ή
3101 1227 3271 1298 μέθη⁹
3306 1227 3479 1294 οὓτως
3511 1232 3572 1284 οὐ

1890 1311 2058 1364 κακὸν
2089 1313 2118 1365 6
2147 1311 2398 1376 πλοῦτος.
2431 1311 2569 1366 ἀλλά
2601 1312 2826 1384 κακόνή
2859 1312 3164 1379 πλεονεξία,
3197 1317 3364 1370 κακὸν
3390 1319 3422 1388 ἡ
3451 1319 3575 1386 φιλ-

1890 1398 2151 1470 αργυρία.
2198 1398 2424 1470 Ἕτερον
2476 1399 2838 1470 φιλάργυρος,
2870 1401 2966 1454 καὶ
3007 1401 3192 1472 ἕτερον
3226 1403 3514 1470 πλούσιοςο
3548 1408 3578 1460 6

1890 1486 2226 1558 φιλάργυρος
2269 1487 2370 1540 οὐκ
2420 1485 2538 1540 ἔστι
2576 1487 2832 1551 πλούσιος
2857 1526 2872 1552 ,
2921 1489 2950 1541 6
2989 1487 3322 1561 φιλάργυρος
3364 1493 3577 1546 πολλῶν

1887 1571 2086 1627 δεῖται*
2119 1575 2148 1626 6
2175 1573 2233 1626 δέ
2261 1573 2470 1628 πολλῶν
2505 1574 2758 1644 δεόμενος
2787 1575 2887 1629 οὐκ
2915 1574 2982 1629 ἂν
3010 1577 3338 1649 εὐπορήσειέ
3365 1597 3494 1634 ποτε
3525 1582 3574 1634 ε.

1901 1660 1960 1716 '0
1988 1661 2325 1735 φιλάργυρος
2353 1661 2547 1732 φύλαξ,
2577 1664 2640 1717 οὐ
2668 1663 2938 1734 δεσπότης
2973 1667 3092 1720 ἐστὶ
3117 1665 3224 1720 τῶν
3252 1669 3574 1738 χρημάτων,

1889 1752 2096 1820 δοῦλος,
2120 1758 2182 1808 οὐ
2211 1755 2399 1828 κύριος
2425 1757 2539 1830 [27]
2564 1758 2935 1831 εὐκολώτερον
2968 1761 3079 1832 γάρ
3103 1761 3212 1814 τῶν
3239 1763 3404 1815 αὐτοῦ
3432 1779 3572 1834 σρα-

1889 1837 2004 1890 κῶν
2027 1839 2284 1911 μεταδοίη
2302 1843 2408 1895 τινὶ
2423 1843 2455 1914 ἣ
2472 1841 2563 1894 τοῦ
2588 1843 3012 1914 κατωρυγμένου
3035 1845 3282 1916 χρυσίου.
3313 1847 3422 1900 Καὶ
3441 1845 3574 1898 καθ-

1889 1920 2034 1991 άπερ
2063 1921 2206 1985 τινὸς
2233 1923 2611 1987 ἐπιτάττοντος
2633 1929 2724 1978 καὶ
2749 1926 3063 1991 κελεύοντος
3083 1929 3310 2000 μηδενὸς
3327 1929 3572 2000 ἅψασθαι

1889 1999 1998 2055 τῶν
2031 2003 2430 2074 ἀποκειμένων·
2480 2005 2623 2059 οὕτω
2677 2010 2816 2078 μετὰ
2864 2009 3046 2082 πάσης
3092 1999 3387 2082 ἀκριϐείας
3430 2011 3573 2066 αὐτὰ

1888 2087 2047 2156 τηρεῖ
2073 2086 2168 2139 καὶ
2195 2088 2419 2158 κατέχει
2452 2087 2707 2158 καθάπερ
2749 2089 3048 2162 ἀλλοτρίων
3083 2092 3421 2164 ἀπεχόμενος
3460 2093 3572 2148 τῶν

1888 2173 2102 2228 οἰκείων
2127 2174 2179 2230 λι.
2225 2175 2334 2228 Καὶ
2376 2175 2485 2246 γάρ
2520 2177 2669 2230 ἐστιν
2711 2177 2879 2234 ὅντως
2925 2179 3204 2245 ἀλλότρια·
3239 2180 3277 2235 ἀ
3323 2182 3435 2252 γὰρ
3491 2183 3574 2246 εἰς

1883 2269 2104 2342 ἐτέρους
2127 2267 2410 2322 ἐκϐάλλειν
2429 2268 2531 2321 οὐκ
2557 2267 2623 2322 ἂν
2651 2267 2846 2333 ἕλοιτο,
2871 2267 2992 2320 οὐδέ
3016 2271 3130 2332 τοῖς
3159 2267 3433 2336 δεομένοις
3458 2267 3578 2322 δια-

1881 2359 2086 2426 νεῖμαι.
2116 2355 2218 2409 κᾶν
2256 2356 2456 2426 μυρίας
2483 2353 2751 2425 ὑποσταίη
2781 2355 3076 2426 τιμωρίας,
3118 2354 3236 2419 πῶς
3263 2354 3330 2408 ἂν
3359 2355 3574 2408 δύναιτο

1879 2442 2054 2496 ταῦτα
2084 2441 2190 2496 ἴδια
2215 2441 2459 2512 νομίζειν
2486 2435 2664 2506 εἷναις
2701 2441 2824 2504 Πῶς
2871 2441 2929 2494 δὲ
2961 2441 3075 2512 ἔχει
3117 2441 3217 2514 τὴν
3253 2443 3466 2514 κτῆσιν,
3499 2437 3574 2496 ὧν

1881 2530 1980 2602 τὴν
2010 2530 2208 2602 χρῆσιν
2233 2529 2332 2582 οὐκ
2365 2527 2479 2599 ἔχει
2521 2527 2660 2599 μετά
2689 2527 2904 2591 ἀδείας,
2941 2529 3060 2582 οὐδέ
3093 2527 3192 2600 τὴν
3233 2529 3572 2589 ἀπόλαυσιν;

1881 2619 2028 2692 Πρὸς
2059 2619 2116 2672 δέ
2153 2617 2368 2681 τούτοις
2411 2617 2472 2670 οὐ
2522 2619 2657 2670 πᾶσι
2705 2616 2883 2671 πάντα
2933 2618 3246 2672 ἐπιτάττειν
3283 2621 3311 2672 ό
3363 2618 3574 2682 Παῦλος

1883 2711 2092 2773 εῖωθεν,
2119 2707 2258 2762 ἀλλά
2298 2709 2394 2762 καὶ
2430 2709 2496 2778 τῇ
2533 2707 2641 2760 τῶν
2672 2706 2980 2760 ἀκουόντων
3007 2705 3266 2779 ἀσθενείᾳ
3295 2725 3574 2776 συγκατα-

1883 2798 2081 2862 ϐαίνει,
2117 2796 2372 2868 καθάπερ
2409 2792 2501 2850 οὖν
2547 2795 2642 2848 καὶ
2679 2797 2708 2848 6
2745 2795 2980 2866 Χριστὸς
3025 2795 3271 2865 ἐποίησε.
3326 2797 3435 2850 Καὶ
3466 2797 3576 2869 γὰρ

1881 2886 2076 2957 ἐκείνῳ
2120 2884 2202 2955 τῷ
2253 2882 2496 2953 πλουσίῳ
2543 2881 2917 2954 προσελθόντι,
2954 2882 3048 2936 καὶ
3091 2883 3220 2954 περὶ
3273 2883 3375 2952 τῆς
3429 2884 3578 2956 ζωῆς

1882 2973 2032 3044 αὐτῷ
2075 2971 2442 3043 διαλεγομένῳ
2471 2971 2571 3024 οὐκ
2593 2966 2768 3030 εἶπεν.
2807 2971 3028 3038 Ὕπαγε
3048 3011 3062 3034 ,
3087 2971 3336 3042 πώλησόν
3373 2987 3467 3025 σου
3502 2973 3574 3026 τά

1884 3063 2220 3133 ὑπάρχοντα,
2248 3060 2364 3112 ἀλλ’
2383 3059 2542 3127 ἀφεὶς
2569 3059 2750 3123 τοῦτο,
2776 3060 2906 3128 περὶ
2931 3057 3136 3130 ἐτέρων
3165 3060 3316 3130 αὐτῴ
3343 3059 3578 3115 ἐντολῶν

1881 3151 2152 3218 διελέγετο
2177 3165 2191 3176 ’
2227 3147 2348 3200 εἶτα
2378 3145 2566 3216 ἐπειδὴ
2589 3147 2794 3208 ἐκεῖνος
2827 3145 2991 3200 αὐτὸν
3019 3147 3452 3217 προεκαλέσατο,
3480 3147 3578 3203 καί

1883 3255 2047 3308 φησιν
2067 3253 2080 3266 ·
2109 3235 2175 3289 Τί
2205 3234 2287 3288 ἔτι
2334 3251 2424 3304 μοι
2449 3232 2662 3296 λείπει;
2696 3232 2818 3284 οὐδέ
2861 3231 2986 3284 τότε
3033 3233 3222 3296 ἁπλῶς
3250 3230 3425 3300 εἶπεν,
3455 3234 3576 3289 Πώ-

1883 3326 2049 3396 λησόν
2086 3341 2178 3376 σου
2204 3323 2272 3376 τά
2297 3322 2635 3393 ὑπάρχοντα,
2662 3320 2798 3386 ἀλλ’,
2830 3323 2903 3375 El
2930 3319 3126 3387 θέλεις
3149 3321 3380 3389 τέλειος
3398 3319 3574 3390 εἶναι,

1881 3414 2076 3484 ὕπαγε
2099 3453 2116 3476 ,
2147 3409 2442 3478 πώλησόν
2482 3423 2600 3462 σου
2650 3408 2723 3462 τὰ
2754 3407 3136 3478 ὑπάρχονταο
3170 3410 3263 3463 ἐπὶ
3293 3413 3360 3482 τῇ
3391 3413 3456 3482 σῇ
3489 3411 3574 3464 τί-

1883 3503 2020 3574 θημι
2047 3500 2276 3572 γνώμῃ,
2327 3499 2387 3551 σέ
2416 3497 2607 3568 κύριον
2651 3497 2791 3551 ποιῶ
2827 3497 2928 3566 τῆς
2978 3499 3355 3569 προαιρέσεως
3400 3501 3444 3568 ί,
3477 3501 3576 3554 οὐκ

1883 3594 1963 3655 εἰς
1990 3591 2237 3659 ἀνάγκην
2270 3587 2410 3657 ἄγω.
2441 3587 2540 3640 Διά
2571 3585 2731 3642 τοῦτο
2761 3586 2857 3641 καὶ
2889 3587 3100 3652 Παῦλος
3127 3587 3280 3642 οὐδὲν
3313 3591 3442 3662 περὶ
3479 3606 3579 3643 πε-

1881 3681 2003 3744 νίας
2041 3682 2153 3742 τοῖς
2200 3675 2492 3730 πλουτοῦσι
2525 3675 2818 3744 διελέγετο,
2877 3675 3016 3728 ἀλλὰ
3059 3677 3186 3748 περὶ
3213 3694 3579 3750 ταπεινοφρο-

1885 3769 2074 3839 σύνης,
2105 3767 2194 3821 διά
2217 3783 2278 3820 τε
2303 3767 2402 3836 τὴν
2431 3764 2719 3818 ἀσθένειαν
2747 3764 2855 3816 τῶν
2886 3763 3214 3830 ἀκουόντων,
3241 3767 3338 3820 καὶ
3363 3765 3425 3819 τὺ
3449 3767 3580 3836 σφό-

1881 3856 1984 3928 δρα
2010 3855 2228 3918 εἰδέναι,
2262 3855 2343 3907 ὅτι
2377 3853 2438 3906 τὸ
2471 3852 2786 3924 μετριάζειν
2812 3853 2906 3905 καὶ
2937 3852 3197 3916 ἀπονοίας
3223 3853 3576 3925 ἀπηλλάχθαι

1883 3946 2102 4016 ποιήσει
2134 3943 2344 4014 ταχέως
2367 3942 2566 4003 αὐτοὺς
2591 3941 2686 3993 καὶ
2719 3941 2819 4010 τῆς
2844 3957 2912 3992 πε
2923 3941 2976 4010 ρὶ
3001 3939 3094 3993 τοῦ
3127 3940 3380 3994 πλουτεῖν
3403 3944 3580 3996 ἀπαλ-

1883 4033 2116 4103 λαγῆναι
2167 4030 2425 4100 σπουδῆς.
2462 4025 2598 4082 Εἶτα
2649 4029 2990 4100 παραινέσας
3035 4027 3111 4098 μὴ
3159 4027 3576 4101 ὑψηλοφρονεῖν,

1883 4117 2132 4188 ἐδίδαξεὶ
2176 4119 2272 4174 καὶ
2303 4118 2394 4172 τὸν
2425 4117 2648 4188 τρόπον,
2679 4115 2800 4169 καθ’
2849 4114 2908 4168 ὃν
2957 4115 3280 4185 δυνήσονται
3318 4117 3393 4188 μὴ
3439 4117 3579 4190 ὑψη-

1882 4209 2183 4282 λοφρονεῖν.
2225 4208 2322 4269 Τίς
2353 4206 2411 4260 δέ
2447 4199 2602 4268 οὗτός
2644 4207 2830 4268 ἐστιν;
2867 4204 2930 4256 Εἰ
2960 4202 3054 4256 τοῦ
3091 4203 3321 4258 πλούτου
3354 4204 3452 4276 τὴν
3479 4207 3580 4277 φύ-

1885 4317 1968 4353 σιν
1999 4295 2390 4367 καταμάθοιεν,
2427 4287 2727 4365 ὡς’άδηλός
2771 4293 2852 4354 τίς
2895 4293 3011 4345 ἐστι
3049 4292 3144 4345 καὶ
3181 4293 3446 4358 ἄπιστος,
3493 4294 3580 4350 διὰ

1882 4386 2040 4440 τοῦτο
2079 4385 2348 4456 ἐπήγαγε·
2387 4381 2556 4450 Μηδὲ
2596 4379 2914 4450 ἠλπικέναι
2959 4379 3058 4432 ἐπὶ
3109 4381 3380 4435 πλούτου
3416 4382 3580 4450 ἀδη-

1881 4475 2110 4543 λότητι.
2161 4471 2423 4536 Πλούσιός
2453 4471 2602 4524 ἐστιν
2627 4469 2726 4540 οὐχ
2755 4471 2782 4523 6
2813 4468 2984 4522 πολλὰ
3013 4470 3374 4541 κεκτημένος,
3409 4471 3524 4525 ἀλλ’
3549 4475 3580 4526 6

1883 4563 2056 4617 πολλὰ
2082 4561 2288 4626 διδοῦς’
2331 4559 2586 4624 πλούσιος
2634 4555 2702 4631 ἦν
2740 4559 2769 4612 6
2812 4559 3088 4632 Ἀϐραὰμ,
3124 4559 3238 4614 ἀλλ’
3279 4561 3340 4614 οὐ
3387 4561 3580 4634 φιλάρ-

1880 4670 2048 4726 γυρος
2075 4668 2088 4682 ·
2117 4652 2178 4705 οὐ
2225 4650 2334 4724 γὰρ
2364 4649 2720 4723 περιεσκόπει
2753 4649 2852 4720 τὴν
2895 4649 2987 4702 τοῦ
3030 4649 3201 4714 δεῖνος
3229 4649 3428 4718 οἰκίαν,
3459 4652 3580 4705 οὐδέ

1881 4739 2300 4813 περιειργάζετο
2334 4739 2434 4811 τὴν
2465 4738 2562 4792 τοῦ
2608 4739 2780 4802 δεῖνος
2809 4738 3030 4792 οὐσίαν⁶
3064 4737 3180 4792 ἀλλ’
3228 4737 3389 4803 ἐξιὼν
3426 4757 3582 4811 περι-

1882 4824 2106 4878 ἐσκόπει
2143 4825 2218 4896 μή
2265 4841 2367 4876 που
2403 4823 2585 4889 ξένος,
2615 4823 2688 4894 μή
2723 4839 2825 4875 που
2854 4823 3026 4892 πένης
3049 4863 3064 4888 ,
3094 4820 3232 4874 ὥστε
3287 4819 3581 4895 διορθῶσαι

1880 4908 1982 4979 τὴν
2025 4909 2255 4970 πενίαν,
2305 4906 2448 4960 ὥστε
2493 4905 2857 4970 ὑποδέξασθαι
2901 4906 2994 4958 τὸν
3044 4905 3246 4976 ὁδίτην.
3285 4906 3361 4960 Οὐ
3391 4907 3581 4978 χρυσῷ

1881 4990 1973 5044 τὸν
2034 4991 2234 5062 ὄροφον
2261 4989 2505 5062 ἤλειφεν,
2540 4988 2678 5041 ἀλλά
2717 4987 2870 5060 παρὰ
2905 4989 3006 5060 τὴν
3057 4987 3188 5060 δρῦν
3227 4989 3446 5061 ἐκείνην
3479 4990 3580 5062 τὴν

1883 5073 2130 5146 καλύϐην
2159 5073 2496 5144 πηξάμενος,
2523 5075 2588 5144 τῇ
2623 5072 2732 5128 τῶν
2765 5072 2981 5140 φύλλων
3011 5075 3238 5144 ἠρκεῖτο
3274 5076 3406 5146 σκιᾷ
3428 5092 3444 5106 ⁸
3485 5077 3580 5130 καὶ

1881 5154 2028 5210 οὕτω
2055 5155 2312 5227 λαμπρὸν
2339 5151 2406 5226 ἧν
2443 5154 2594 5224 αὐτῷ
2627 5155 2687 5206 τὺ
2726 5153 3102 5223 καταγώγιον,
3133 5156 3210 5220 ῶς
3243 5156 3380 5228 μηδὲ
3413 5157 3580 5228 ἀγγέ-

1880 5239 2010 5304 λους
2062 5240 2492 5310 ἐπαισχυνθῆναι
2539 5239 2638 5310 τὴν
2686 5241 2817 5311 παρ’
2860 5239 3056 5312 ἐκείνῳ
3105 5242 3274 5311 μονήν
3301 5257 3316 5271 ⁸
3370 5241 3430 5294 οὐ
3469 5241 3578 5312 γὰρ

1882 5322 2248 5395 λαμπρότητα
2305 5323 2486 5384 οἰκίας
2545 5319 2875 5391 ἐπεζήτουν,
2925 5321 3062 5375 ἀλλά
3122 5321 3304 5393 ψυχῆς
3349 5321 3572 5392 ἀρετήν.

1884 5406 2089 5460 Τοῦτον
2128 5405 2192 5476 δὴ
2244 5405 2339 5460 καὶ
2388 5407 2550 5476 ἡμεῖς
2592 5403 2984 5476 μιμησώμεθα,
3031 5403 3329 5474 ἀγαπητοὶ,
3365 5401 3462 5454 καὶ
3504 5404 3575 5454 τά

1881 5490 2012 5544 ὄντα
2035 5491 2116 5553 είς
2138 5491 2264 5552 τοὺς
2287 5488 2578 5560 δεομένους
2599 5487 3000 5558 ἀναλίσκωμεν.
3039 5484 3483 5556 Ἐσχεδιασμένον
3506 5479 3576 5556 ἦν

1882 5575 2060 5628 ἐκεῖνο
2096 5573 2158 5628 τὸ
2189 5572 2560 5643 καταγώγιον,
2591 5571 2728 5626 ἀλλά
2763 5571 2874 5626 τῶν
2902 5569 3200 5643 βασιλικῶν
3231 5569 3412 5624 αὐλῶν
3432 5568 3576 5640 λαμ-

1882 5652 2412 5806 πρὲαῗςῗλζύἲΐύδεὶς
2431 5739 2692 5795 οὐδέποτε
2713 5739 2982 5810 ἀγγέλους
3001 5734 3316 5804 ὑπεδέξατο,
3336 5739 3364 5793 6
3389 5737 3449 5794 δὲ
3474 5739 3580 5794 ὑπὸ

1949 5884 1976 5924 8
2005 5883 2156 5934 Savil.
2185 5889 2238 5934 et
2266 5885 2346 5934 alii
2369 5883 2458 5933 οὐκ
2479 5883 2536 5932 ἀν
2557 5883 2754 5940 εὔπορος
2785 5881 2859 5940 εἰη
2881 5881 3018 5930 ποτέ.

1949 5897 1972 5924 δ
2005 5897 2156 5934 δεγιι.
2185 5897 2238 5934 et
2266 5897 2346 5934 am
2369 5897 2458 5933 οὐκ
2479 5897 2536 5932 αν
2557 5897 2672 5932 ευπο
2703 5899 2754 5939 ος
2785 5897 2859 5940 ειη

1949 5947 1979 6015 ξ·
1999 5945 2100 6015 ﬂii
2117 5947 2383 6015 tibvﬁéiwv.
2408 5944 2536 5994 Infra
2558 5943 2643 6015 alii

1957 6008 1975 6071 ξ
2004 6007 2088 6071 Sjc
2104 6009 2315 6071 maxima
2333 6021 2448 6071 pars
2462 6020 2584 6055 mss.
2597 6005 2751 6071 Saﬁl.
2765 6004 2934 6071 quiem
2957 6004 3308 6071 pilai-91.79:;
3329 6005 3573 6067 αἱρέσεως,

1959 6067 1978 6120 ί
2018 6067 2206 6120 Omnes
2228 6067 2425 6128 ἐδίδαξε,
2447 6075 2630 6130 pmlcr
2653 6067 2826 6117 More].
2853 6067 2937 6131 qui
2957 6067 3111 6116 habet
3135 6067 3300 6116 ἔδειξε.
