  <div class='ocr_page' id='page_1' title='image "/cluster/home/n/w/nwhite01/storage/ocr_20150623/49:no.2:pt.1/coo.31924054869486/043.png"; bbox 0 0 3998 6436; ppageno 0'>
   <div class='ocr_carea' id='block_1_1' title="bbox 407 364 3867 468">
    <p class='ocr_par' dir='ltr' id='par_1_1' title="bbox 407 364 3867 468">
     <span class='ocr_line' id='line_1_1' title="bbox 407 364 3867 468; baseline -0.012 -8"><span class='ocrx_word' id='word_1_1' title='bbox 407 416 466 468; x_wconf 69' lang='grc' dir='ltr'>,ιιι</span> <span class='ocrx_word' id='word_1_2' title='bbox 1147 395 1207 451; x_wconf 91' lang='lat' dir='ltr'>S.</span> <span class='ocrx_word' id='word_1_3' title='bbox 1251 391 1536 450; x_wconf 78' lang='lat' dir='ltr'>JOANNIS</span> <span class='ocrx_word' id='word_1_4' title='bbox 1573 387 2071 446; x_wconf 75' lang='lat' dir='ltr'>CIIRYSOSTOMI</span> <span class='ocrx_word' id='word_1_5' title='bbox 2108 382 2433 443; x_wconf 81' lang='lat' dir='ltr'>ARCHIEP.</span> <span class='ocrx_word' id='word_1_6' title='bbox 2477 374 3031 438; x_wconf 67' lang='lat' dir='ltr'>CONSTANTINOP.</span> <span class='ocrx_word' id='word_1_7' title='bbox 3795 364 3867 420; x_wconf 64' lang='grc' dir='ltr'>ιφ.</span> 
     </span>
    </p>
   </div>
   <div class='ocr_carea' id='block_1_2' title="bbox 402 505 2080 591">
    <p class='ocr_par' dir='ltr' id='par_1_2' title="bbox 402 505 2080 591">
     <span class='ocr_line' id='line_1_2' title="bbox 402 505 2080 591; baseline -0.009 -19"><span class='ocrx_word' id='word_1_8' title='bbox 402 519 504 590; x_wconf 79' lang='grc' dir='ltr'>τὴν</span> <span class='ocrx_word' id='word_1_9' title='bbox 540 515 673 591; x_wconf 84' lang='grc' dir='ltr'>δρῦν</span> <span class='ocrx_word' id='word_1_10' title='bbox 713 515 1021 585; x_wconf 80' lang='grc' dir='ltr'>καθήμενος</span> <span class='ocrx_word' id='word_1_11' title='bbox 1066 510 1283 581; x_wconf 86' lang='grc' dir='ltr'>ἐκείνην</span> <span class='ocrx_word' id='word_1_12' title='bbox 1328 510 1423 564; x_wconf 66' lang='grc' dir='ltr'>καὶ</span> <span class='ocrx_word' id='word_1_13' title='bbox 1474 507 1719 577; x_wconf 81' lang='grc' dir='ltr'>καλύϐην</span> <span class='ocrx_word' id='word_1_14' title='bbox 1769 505 2080 577; x_wconf 77' lang='grc' dir='ltr'>πηξάμενος</span> 
     </span>
    </p>
   </div>
   <div class='ocr_carea' id='block_1_3' title="bbox 404 592 2084 676">
    <p class='ocr_par' dir='ltr' id='par_1_3' title="bbox 404 592 2084 676">
     <span class='ocr_line' id='line_1_3' title="bbox 404 592 2084 676; baseline -0.01 -17"><span class='ocrx_word' id='word_1_15' title='bbox 404 603 613 676; x_wconf 70' lang='grc' dir='ltr'>1ήξιώθη</span> <span class='ocrx_word' id='word_1_16' title='bbox 644 604 742 674; x_wconf 89' lang='grc' dir='ltr'>τῆς</span> <span class='ocrx_word' id='word_1_17' title='bbox 798 604 963 671; x_wconf 83' lang='grc' dir='ltr'>τιμῆς</span> <span class='ocrx_word' id='word_1_18' title='bbox 1011 598 1248 668; x_wconf 79' lang='grc' dir='ltr'>ταύτης,</span> <span class='ocrx_word' id='word_1_19' title='bbox 1280 597 1340 649; x_wconf 85' lang='grc' dir='ltr'>ού</span> <span class='ocrx_word' id='word_1_20' title='bbox 1388 595 1477 649; x_wconf 74' lang='grc' dir='ltr'>διὰ</span> <span class='ocrx_word' id='word_1_21' title='bbox 1516 596 1614 665; x_wconf 77' lang='grc' dir='ltr'>τὴν</span> <span class='ocrx_word' id='word_1_22' title='bbox 1665 592 1944 646; x_wconf 87' lang='grc' dir='ltr'>εὐτέλειαν</span> <span class='ocrx_word' id='word_1_23' title='bbox 1983 592 2084 661; x_wconf 89' lang='grc' dir='ltr'>τῆς</span> 
     </span>
    </p>
   </div>
   <div class='ocr_carea' id='block_1_4' title="bbox 406 680 2080 763">
    <p class='ocr_par' dir='ltr' id='par_1_4' title="bbox 406 680 2080 763">
     <span class='ocr_line' id='line_1_4' title="bbox 406 680 2080 763; baseline -0.014 -15"><span class='ocrx_word' id='word_1_24' title='bbox 406 693 584 757; x_wconf 81' lang='grc' dir='ltr'>οίκίας</span> <span class='ocrx_word' id='word_1_25' title='bbox 624 690 908 763; x_wconf 77' lang='grc' dir='ltr'>τιμηθεὶς,</span> <span class='ocrx_word' id='word_1_26' title='bbox 949 686 1084 741; x_wconf 80' lang='grc' dir='ltr'>ἀλλὰ</span> <span class='ocrx_word' id='word_1_27' title='bbox 1122 685 1210 739; x_wconf 86' lang='grc' dir='ltr'>διὰ</span> <span class='ocrx_word' id='word_1_28' title='bbox 1245 685 1346 755; x_wconf 81' lang='grc' dir='ltr'>τὴν</span> <span class='ocrx_word' id='word_1_29' title='bbox 1396 682 1746 736; x_wconf 79' lang='grc' dir='ltr'>πολυτέλειαν</span> <span class='ocrx_word' id='word_1_30' title='bbox 1777 681 1876 751; x_wconf 86' lang='grc' dir='ltr'>τῆς</span> <span class='ocrx_word' id='word_1_31' title='bbox 1904 680 2080 751; x_wconf 72' lang='grc' dir='ltr'>ψυχῆς</span> 
     </span>
    </p>
   </div>
   <div class='ocr_carea' id='block_1_5' title="bbox 406 768 2083 847">
    <p class='ocr_par' dir='ltr' id='par_1_5' title="bbox 406 768 2083 847">
     <span class='ocr_line' id='line_1_5' title="bbox 406 768 2083 847; baseline -0.009 -10"><span class='ocrx_word' id='word_1_32' title='bbox 406 782 502 836; x_wconf 71' lang='grc' dir='ltr'>καὶ</span> <span class='ocrx_word' id='word_1_33' title='bbox 536 781 626 834; x_wconf 81' lang='grc' dir='ltr'>τὸν</span> <span class='ocrx_word' id='word_1_34' title='bbox 656 778 1075 847; x_wconf 88' lang='grc' dir='ltr'>ἐναποκείμενον</span> <span class='ocrx_word' id='word_1_35' title='bbox 1115 773 1343 827; x_wconf 91' lang='grc' dir='ltr'>πλοῦτον</span> <span class='ocrx_word' id='word_1_36' title='bbox 1370 773 1506 843; x_wconf 85' lang='grc' dir='ltr'>αὐτῇ</span> <span class='ocrx_word' id='word_1_37' title='bbox 1540 770 1743 840; x_wconf 83' lang='grc' dir='ltr'>ταύτης</span> <span class='ocrx_word' id='word_1_38' title='bbox 1769 768 2083 830; x_wconf 77' lang='grc' dir='ltr'>ἀπολαύσας</span> 
     </span>
    </p>
   </div>
   <div class='ocr_carea' id='block_1_6' title="bbox 405 854 2083 940">
    <p class='ocr_par' dir='ltr' id='par_1_6' title="bbox 405 854 2083 940">
     <span class='ocr_line' id='line_1_6' title="bbox 405 854 2083 940; baseline -0.01 -18"><span class='ocrx_word' id='word_1_39' title='bbox 405 870 507 940; x_wconf 89' lang='grc' dir='ltr'>τῆς</span> <span class='ocrx_word' id='word_1_40' title='bbox 533 868 761 938; x_wconf 82' lang='grc' dir='ltr'>δωρεᾶς.</span> <span class='ocrx_word' id='word_1_41' title='bbox 794 865 903 917; x_wconf 73' lang='grc' dir='ltr'>Καὶ</span> <span class='ocrx_word' id='word_1_42' title='bbox 950 864 1111 933; x_wconf 83' lang='grc' dir='ltr'>ἡμεῖς</span> <span class='ocrx_word' id='word_1_43' title='bbox 1141 861 1319 914; x_wconf 84' lang='grc' dir='ltr'>τοίνυν</span> <span class='ocrx_word' id='word_1_44' title='bbox 1360 861 1433 931; x_wconf 82' lang='grc' dir='ltr'>μὴ</span> <span class='ocrx_word' id='word_1_45' title='bbox 1464 858 1562 922; x_wconf 82' lang='grc' dir='ltr'>τὰς</span> <span class='ocrx_word' id='word_1_46' title='bbox 1589 859 1765 919; x_wconf 87' lang='grc' dir='ltr'>οἰκίας</span> <span class='ocrx_word' id='word_1_47' title='bbox 1808 854 2083 909; x_wconf 90' lang='grc' dir='ltr'>καλλωπί-</span> 
     </span>
    </p>
   </div>
   <div class='ocr_carea' id='block_1_7' title="bbox 408 944 2081 1027">
    <p class='ocr_par' dir='ltr' id='par_1_7' title="bbox 408 944 2081 1027">
     <span class='ocr_line' id='line_1_7' title="bbox 408 944 2081 1027; baseline -0.008 -17"><span class='ocrx_word' id='word_1_48' title='bbox 408 956 610 1027; x_wconf 82' lang='grc' dir='ltr'>ζωμεν,</span> <span class='ocrx_word' id='word_1_49' title='bbox 661 953 797 1007; x_wconf 82' lang='grc' dir='ltr'>ἀλλὰ</span> <span class='ocrx_word' id='word_1_50' title='bbox 840 952 945 1024; x_wconf 78' lang='grc' dir='ltr'>πρὸ</span> <span class='ocrx_word' id='word_1_51' title='bbox 973 951 1073 1020; x_wconf 86' lang='grc' dir='ltr'>τῆς</span> <span class='ocrx_word' id='word_1_52' title='bbox 1100 948 1274 1012; x_wconf 79' lang='grc' dir='ltr'>οἰκίας</span> <span class='ocrx_word' id='word_1_53' title='bbox 1307 947 1404 1019; x_wconf 80' lang='grc' dir='ltr'>τὴν</span> <span class='ocrx_word' id='word_1_54' title='bbox 1438 947 1613 1018; x_wconf 73' lang='grc' dir='ltr'>ψυχὴν</span> <span class='ocrx_word' id='word_1_55' title='bbox 1646 946 1743 1016; x_wconf 82' lang='grc' dir='ltr'>τὴν</span> <span class='ocrx_word' id='word_1_56' title='bbox 1787 944 2081 1015; x_wconf 80' lang='grc' dir='ltr'>ἡμετέραν.</span> 
     </span>
    </p>
   </div>
   <div class='ocr_carea' id='block_1_8' title="bbox 408 1032 2084 1117">
    <p class='ocr_par' dir='ltr' id='par_1_8' title="bbox 408 1032 2084 1117">
     <span class='ocr_line' id='line_1_8' title="bbox 408 1032 2084 1117; baseline -0.009 -19"><span class='ocrx_word' id='word_1_57' title='bbox 408 1043 671 1117; x_wconf 17' lang='grc' dir='ltr'>Πῶςηγάρ</span> <span class='ocrx_word' id='word_1_58' title='bbox 697 1042 797 1095; x_wconf 90' lang='grc' dir='ltr'>οὐκ</span> <span class='ocrx_word' id='word_1_59' title='bbox 843 1039 1063 1110; x_wconf 79' lang='grc' dir='ltr'>αἰσχρὸν</span> <span class='ocrx_word' id='word_1_60' title='bbox 1097 1036 1408 1108; x_wconf 87' lang='grc' dir='ltr'>μαρμάροις</span> <span class='ocrx_word' id='word_1_61' title='bbox 1438 1035 1535 1105; x_wconf 77' lang='grc' dir='ltr'>μὲν</span> <span class='ocrx_word' id='word_1_62' title='bbox 1579 1034 1924 1105; x_wconf 92' lang='grc' dir='ltr'>περιϐάλλειν</span> <span class='ocrx_word' id='word_1_63' title='bbox 1957 1032 2084 1094; x_wconf 80' lang='grc' dir='ltr'>τοὺς</span> 
     </span>
    </p>
   </div>
   <div class='ocr_carea' id='block_1_9' title="bbox 407 1122 2071 1203">
    <p class='ocr_par' dir='ltr' id='par_1_9' title="bbox 407 1122 2071 1203">
     <span class='ocr_line' id='line_1_9' title="bbox 407 1122 2071 1203; baseline -0.009 -17"><span class='ocrx_word' id='word_1_64' title='bbox 407 1134 620 1203; x_wconf 87' lang='grc' dir='ltr'>τοίχους</span> <span class='ocrx_word' id='word_1_65' title='bbox 642 1131 763 1201; x_wconf 88' lang='grc' dir='ltr'>εἰκῆ</span> <span class='ocrx_word' id='word_1_66' title='bbox 802 1130 895 1182; x_wconf 76' lang='grc' dir='ltr'>καὶ</span> <span class='ocrx_word' id='word_1_67' title='bbox 927 1129 1124 1198; x_wconf 87' lang='grc' dir='ltr'>μάτην,</span> <span class='ocrx_word' id='word_1_68' title='bbox 1152 1126 1243 1178; x_wconf 84' lang='grc' dir='ltr'>τὸν</span> <span class='ocrx_word' id='word_1_69' title='bbox 1271 1125 1328 1178; x_wconf 88' lang='grc' dir='ltr'>δέ</span> <span class='ocrx_word' id='word_1_70' title='bbox 1364 1123 1597 1195; x_wconf 77' lang='grc' dir='ltr'>Χριστὸν</span> <span class='ocrx_word' id='word_1_71' title='bbox 1623 1122 1828 1192; x_wconf 83' lang='grc' dir='ltr'>γυμνὸν</span> <span class='ocrx_word' id='word_1_72' title='bbox 1860 1136 2071 1191; x_wconf 85' lang='grc' dir='ltr'>περιερ-</span> 
     </span>
    </p>
   </div>
   <div class='ocr_carea' id='block_1_10' title="bbox 409 1207 2074 1287">
    <p class='ocr_par' dir='ltr' id='par_1_10' title="bbox 409 1207 2074 1287">
     <span class='ocr_line' id='line_1_10' title="bbox 409 1207 2074 1287; baseline -0.007 -18"><span class='ocrx_word' id='word_1_73' title='bbox 409 1217 637 1287; x_wconf 90' lang='grc' dir='ltr'>χόμενον</span> <span class='ocrx_word' id='word_1_74' title='bbox 668 1217 959 1286; x_wconf 79' lang='grc' dir='ltr'>περιορᾷν;</span> <span class='ocrx_word' id='word_1_75' title='bbox 997 1214 1062 1267; x_wconf 96' lang='grc' dir='ltr'>Τί</span> <span class='ocrx_word' id='word_1_76' title='bbox 1092 1230 1175 1265; x_wconf 91' lang='grc' dir='ltr'>σοι</span> <span class='ocrx_word' id='word_1_77' title='bbox 1196 1213 1296 1281; x_wconf 88' lang='grc' dir='ltr'>τῆς</span> <span class='ocrx_word' id='word_1_78' title='bbox 1329 1213 1503 1273; x_wconf 78' lang='grc' dir='ltr'>οἰκίας</span> <span class='ocrx_word' id='word_1_79' title='bbox 1540 1210 1761 1277; x_wconf 71' lang='grc' dir='ltr'>ὄφελος,</span> <span class='ocrx_word' id='word_1_80' title='bbox 1796 1207 2074 1287; x_wconf 78' lang='grc' dir='ltr'>ἄνθρωπες</span> 
     </span>
    </p>
   </div>
   <div class='ocr_carea' id='block_1_11' title="bbox 411 1285 2095 1369">
    <p class='ocr_par' dir='ltr' id='par_1_11' title="bbox 411 1285 2095 1369">
     <span class='ocr_line' id='line_1_11' title="bbox 411 1285 2095 1369; baseline -0.008 -16"><span class='ocrx_word' id='word_1_81' title='bbox 509 1297 619 1368; x_wconf 81' lang='grc' dir='ltr'>γὰρ</span> <span class='ocrx_word' id='word_1_82' title='bbox 647 1285 1024 1363; x_wconf 73' lang='grc' dir='ltr'>λαϐὼναύτὴν</span> <span class='ocrx_word' id='word_1_83' title='bbox 1045 1290 1322 1362; x_wconf 87' lang='grc' dir='ltr'>ἀπελεύσῃ</span> <span class='ocrx_word' id='word_1_84' title='bbox 1353 1310 1365 1354; x_wconf 89' lang='grc'>;</span> <span class='ocrx_word' id='word_1_85' title='bbox 1412 1288 1528 1362; x_wconf 72' lang='grc'>[28]</span> <span class='ocrx_word' id='word_1_86' title='bbox 1561 1290 1636 1343; x_wconf 86' lang='grc' dir='ltr'>Οὐ</span> <span class='ocrx_word' id='word_1_87' title='bbox 1664 1288 1870 1358; x_wconf 89' lang='grc' dir='ltr'>ταύτην</span> <span class='ocrx_word' id='word_1_88' title='bbox 1908 1285 2095 1341; x_wconf 69' lang='grc' dir='ltr'>λαϐὼν</span> 
     </span>
    </p>
   </div>
   <div class='ocr_carea' id='block_1_12' title="bbox 406 1376 2086 1455">
    <p class='ocr_par' dir='ltr' id='par_1_12' title="bbox 406 1376 2086 1455">
     <span class='ocr_line' id='line_1_12' title="bbox 406 1376 2086 1455; baseline -0.007 -15"><span class='ocrx_word' id='word_1_89' title='bbox 406 1384 684 1455; x_wconf 86' lang='grc' dir='ltr'>ἀπελεύσῃ</span> <span class='ocrx_word' id='word_1_90' title='bbox 708 1397 756 1447; x_wconf 72' lang='grc' dir='ltr'>α,</span> <span class='ocrx_word' id='word_1_91' title='bbox 781 1384 881 1452; x_wconf 82' lang='grc' dir='ltr'>τὴν</span> <span class='ocrx_word' id='word_1_92' title='bbox 905 1382 963 1435; x_wconf 83' lang='grc' dir='ltr'>δέ</span> <span class='ocrx_word' id='word_1_93' title='bbox 985 1381 1160 1452; x_wconf 75' lang='grc' dir='ltr'>ψυχὴν</span> <span class='ocrx_word' id='word_1_94' title='bbox 1184 1379 1457 1451; x_wconf 82' lang='grc' dir='ltr'>ἀπελεύσῃ</span> <span class='ocrx_word' id='word_1_95' title='bbox 1487 1379 1701 1440; x_wconf 88' lang='grc' dir='ltr'>πάντως</span> <span class='ocrx_word' id='word_1_96' title='bbox 1716 1376 1914 1432; x_wconf 88' lang='grc' dir='ltr'>λαϐών.</span> <span class='ocrx_word' id='word_1_97' title='bbox 1952 1377 2086 1429; x_wconf 84' lang='grc' dir='ltr'>Ἰδοὺ</span> 
     </span>
    </p>
   </div>
   <div class='ocr_carea' id='block_1_13' title="bbox 409 1458 2091 1531">
    <p class='ocr_par' dir='ltr' id='par_1_13' title="bbox 409 1458 2091 1531">
     <span class='ocr_line' id='line_1_13' title="bbox 409 1458 2091 1531; baseline -0.008 -8"><span class='ocrx_word' id='word_1_98' title='bbox 409 1468 652 1531; x_wconf 86' lang='grc' dir='ltr'>τοιοῦτος</span> <span class='ocrx_word' id='word_1_99' title='bbox 698 1465 938 1528; x_wconf 85' lang='grc' dir='ltr'>κίνδυνος</span> <span class='ocrx_word' id='word_1_100' title='bbox 990 1463 1258 1517; x_wconf 83' lang='grc' dir='ltr'>κατέλαϐε</span> <span class='ocrx_word' id='word_1_101' title='bbox 1302 1461 1417 1515; x_wconf 89' lang='grc' dir='ltr'>νῦν·</span> <span class='ocrx_word' id='word_1_102' title='bbox 1468 1464 1905 1531; x_wconf 87' lang='grc' dir='ltr'>παραστήτωσαν</span> <span class='ocrx_word' id='word_1_103' title='bbox 1957 1458 2091 1529; x_wconf 85' lang='grc' dir='ltr'>ήμῖν</span> 
     </span>
    </p>
   </div>
   <div class='ocr_carea' id='block_1_14' title="bbox 412 1544 2086 1620">
    <p class='ocr_par' dir='ltr' id='par_1_14' title="bbox 412 1544 2086 1620">
     <span class='ocr_line' id='line_1_14' title="bbox 412 1544 2086 1620; baseline -0.008 -11"><span class='ocrx_word' id='word_1_104' title='bbox 412 1558 470 1609; x_wconf 86' lang='grc' dir='ltr'>αἰ</span> <span class='ocrx_word' id='word_1_105' title='bbox 504 1554 705 1617; x_wconf 88' lang='grc' dir='ltr'>οἰκίαι,</span> <span class='ocrx_word' id='word_1_106' title='bbox 746 1553 1063 1605; x_wconf 80' lang='grc' dir='ltr'>λυσάτωσαν</span> <span class='ocrx_word' id='word_1_107' title='bbox 1108 1552 1243 1620; x_wconf 87' lang='grc' dir='ltr'>ήμῖν</span> <span class='ocrx_word' id='word_1_108' title='bbox 1277 1548 1365 1601; x_wconf 69' lang='grc' dir='ltr'>τὸν</span> <span class='ocrx_word' id='word_1_109' title='bbox 1398 1546 1777 1618; x_wconf 84' lang='grc' dir='ltr'>ἐπηρτημένον</span> <span class='ocrx_word' id='word_1_110' title='bbox 1823 1544 2086 1597; x_wconf 86' lang='grc' dir='ltr'>κίνδυνον-</span> 
     </span>
    </p>
   </div>
   <div class='ocr_carea' id='block_1_15' title="bbox 412 1631 2089 1713">
    <p class='ocr_par' dir='ltr' id='par_1_15' title="bbox 412 1631 2089 1713">
     <span class='ocr_line' id='line_1_15' title="bbox 412 1631 2089 1713; baseline -0.006 -17"><span class='ocrx_word' id='word_1_111' title='bbox 412 1643 526 1696; x_wconf 85' lang='grc' dir='ltr'>ὰλλ’</span> <span class='ocrx_word' id='word_1_112' title='bbox 555 1644 617 1697; x_wconf 92' lang='grc' dir='ltr'>οὐ</span> <span class='ocrx_word' id='word_1_113' title='bbox 644 1642 984 1713; x_wconf 87' lang='grc' dir='ltr'>δυνήσονται.</span> <span class='ocrx_word' id='word_1_114' title='bbox 1020 1640 1130 1693; x_wconf 78' lang='grc' dir='ltr'>Καὶ</span> <span class='ocrx_word' id='word_1_115' title='bbox 1163 1638 1438 1708; x_wconf 86' lang='grc' dir='ltr'>μάρτυρες</span> <span class='ocrx_word' id='word_1_116' title='bbox 1466 1636 1625 1705; x_wconf 81' lang='grc' dir='ltr'>ὑμεῖς</span> <span class='ocrx_word' id='word_1_117' title='bbox 1661 1635 1711 1686; x_wconf 86' lang='grc' dir='ltr'>οί</span> <span class='ocrx_word' id='word_1_118' title='bbox 1742 1631 2089 1701; x_wconf 82' lang='grc' dir='ltr'>καταλιμπά-</span> 
     </span>
    </p>
   </div>
   <div class='ocr_carea' id='block_1_16' title="bbox 414 1721 2094 1798">
    <p class='ocr_par' dir='ltr' id='par_1_16' title="bbox 414 1721 2094 1798">
     <span class='ocr_line' id='line_1_16' title="bbox 414 1721 2094 1798; baseline -0.008 -14"><span class='ocrx_word' id='word_1_119' title='bbox 414 1747 596 1793; x_wconf 89' lang='grc' dir='ltr'>νοντες</span> <span class='ocrx_word' id='word_1_120' title='bbox 636 1729 805 1791; x_wconf 81' lang='grc' dir='ltr'>αὐτάς</span> <span class='ocrx_word' id='word_1_121' title='bbox 848 1730 1084 1798; x_wconf 79' lang='grc' dir='ltr'>ἐρήμους</span> <span class='ocrx_word' id='word_1_122' title='bbox 1109 1767 1122 1787; x_wconf 87' lang='grc'>,</span> <span class='ocrx_word' id='word_1_123' title='bbox 1156 1726 1248 1778; x_wconf 76' lang='grc' dir='ltr'>καὶ</span> <span class='ocrx_word' id='word_1_124' title='bbox 1287 1724 1423 1793; x_wconf 79' lang='grc' dir='ltr'>πρὸς</span> <span class='ocrx_word' id='word_1_125' title='bbox 1470 1722 1570 1794; x_wconf 81' lang='grc' dir='ltr'>τὴν</span> <span class='ocrx_word' id='word_1_126' title='bbox 1615 1721 1851 1793; x_wconf 76' lang='grc' dir='ltr'>ἐρημίαν</span> <span class='ocrx_word' id='word_1_127' title='bbox 1887 1721 2094 1789; x_wconf 85' lang='grc' dir='ltr'>ἀποτη-</span> 
     </span>
    </p>
   </div>
   <div class='ocr_carea' id='block_1_17' title="bbox 408 1814 2087 1889">
    <p class='ocr_par' dir='ltr' id='par_1_17' title="bbox 408 1814 2087 1889">
     <span class='ocr_line' id='line_1_17' title="bbox 408 1814 2087 1889; baseline -0.002 -19"><span class='ocrx_word' id='word_1_128' title='bbox 408 1816 628 1883; x_wconf 89' lang='grc' dir='ltr'>δῶντες,</span> <span class='ocrx_word' id='word_1_129' title='bbox 653 1817 904 1889; x_wconf 88' lang='grc' dir='ltr'>καθάπερ</span> <span class='ocrx_word' id='word_1_130' title='bbox 945 1817 1179 1885; x_wconf 82' lang='grc' dir='ltr'>παγίδας</span> <span class='ocrx_word' id='word_1_131' title='bbox 1230 1817 1326 1870; x_wconf 78' lang='grc' dir='ltr'>καὶ</span> <span class='ocrx_word' id='word_1_132' title='bbox 1354 1817 1547 1870; x_wconf 84' lang='grc' dir='ltr'>δίκτυα</span> <span class='ocrx_word' id='word_1_133' title='bbox 1584 1814 1898 1878; x_wconf 81' lang='grc' dir='ltr'>δεδοικότες.</span> <span class='ocrx_word' id='word_1_134' title='bbox 1954 1815 2087 1885; x_wconf 87' lang='grc' dir='ltr'>Βοη-</span> 
     </span>
    </p>
   </div>
   <div class='ocr_carea' id='block_1_18' title="bbox 408 1900 2087 1976">
    <p class='ocr_par' dir='ltr' id='par_1_18' title="bbox 408 1900 2087 1976">
     <span class='ocr_line' id='line_1_18' title="bbox 408 1900 2087 1976; baseline -0.002 -20"><span class='ocrx_word' id='word_1_135' title='bbox 408 1903 572 1957; x_wconf 89' lang='grc' dir='ltr'>θείτω</span> <span class='ocrx_word' id='word_1_136' title='bbox 603 1906 673 1959; x_wconf 83' lang='grc' dir='ltr'>τὰ</span> <span class='ocrx_word' id='word_1_137' title='bbox 703 1906 963 1976; x_wconf 84' lang='grc' dir='ltr'>χρήματα</span> <span class='ocrx_word' id='word_1_138' title='bbox 986 1904 1082 1958; x_wconf 89' lang='grc' dir='ltr'>νῦν</span> <span class='ocrx_word' id='word_1_139' title='bbox 1100 1921 1113 1934; x_wconf 82' lang='lat'><strong><em>°</em></strong></span> <span class='ocrx_word' id='word_1_140' title='bbox 1139 1904 1256 1957; x_wconf 82' lang='grc' dir='ltr'>ἀλλ’</span> <span class='ocrx_word' id='word_1_141' title='bbox 1278 1905 1379 1957; x_wconf 87' lang='grc' dir='ltr'>οὐκ</span> <span class='ocrx_word' id='word_1_142' title='bbox 1402 1904 1513 1973; x_wconf 81' lang='grc' dir='ltr'>ἔχει</span> <span class='ocrx_word' id='word_1_143' title='bbox 1545 1903 1755 1972; x_wconf 78' lang='grc' dir='ltr'>καιρόν.</span> <span class='ocrx_word' id='word_1_144' title='bbox 1789 1902 1849 1954; x_wconf 87' lang='grc' dir='ltr'>Εἰ</span> <span class='ocrx_word' id='word_1_145' title='bbox 1875 1902 1930 1954; x_wconf 86' lang='grc' dir='ltr'>δέ</span> <span class='ocrx_word' id='word_1_146' title='bbox 1959 1900 2087 1954; x_wconf 84' lang='grc' dir='ltr'>ἔνθα</span> 
     </span>
    </p>
   </div>
   <div class='ocr_carea' id='block_1_19' title="bbox 408 1987 2087 2062">
    <p class='ocr_par' dir='ltr' id='par_1_19' title="bbox 408 1987 2087 2062">
     <span class='ocr_line' id='line_1_19' title="bbox 408 1987 2087 2062; baseline -0.002 -19"><span class='ocrx_word' id='word_1_147' title='bbox 408 1989 697 2061; x_wconf 89' lang='grc' dir='ltr'>ἀνθρώπου</span> <span class='ocrx_word' id='word_1_148' title='bbox 730 1992 904 2062; x_wconf 81' lang='grc' dir='ltr'>ὀργὴ,</span> <span class='ocrx_word' id='word_1_149' title='bbox 942 1991 1243 2062; x_wconf 88' lang='grc' dir='ltr'>χρημάτων</span> <span class='ocrx_word' id='word_1_150' title='bbox 1286 1991 1569 2060; x_wconf 81' lang='grc' dir='ltr'>ἐλέγχεται</span> <span class='ocrx_word' id='word_1_151' title='bbox 1619 1988 1866 2060; x_wconf 87' lang='grc' dir='ltr'>δύναμις,</span> <span class='ocrx_word' id='word_1_152' title='bbox 1910 1987 2087 2058; x_wconf 82' lang='grc' dir='ltr'>πολλῷ</span> 
     </span>
    </p>
   </div>
   <div class='ocr_carea' id='block_1_20' title="bbox 412 2074 2089 2146">
    <p class='ocr_par' dir='ltr' id='par_1_20' title="bbox 412 2074 2089 2146">
     <span class='ocr_line' id='line_1_20' title="bbox 412 2074 2089 2146; baseline -0.001 -18"><span class='ocrx_word' id='word_1_153' title='bbox 412 2077 612 2146; x_wconf 82' lang='grc' dir='ltr'>μᾶλλον</span> <span class='ocrx_word' id='word_1_154' title='bbox 646 2077 736 2130; x_wconf 74' lang='grc' dir='ltr'>ἐπὶ</span> <span class='ocrx_word' id='word_1_155' title='bbox 767 2076 861 2129; x_wconf 90' lang='grc' dir='ltr'>τοῦ</span> <span class='ocrx_word' id='word_1_156' title='bbox 892 2078 1039 2129; x_wconf 82' lang='grc' dir='ltr'>θείου</span> <span class='ocrx_word' id='word_1_157' title='bbox 1071 2078 1164 2130; x_wconf 78' lang='grc' dir='ltr'>καὶ</span> <span class='ocrx_word' id='word_1_158' title='bbox 1206 2077 1507 2130; x_wconf 83' lang='grc' dir='ltr'>ἀδεκάστου</span> <span class='ocrx_word' id='word_1_159' title='bbox 1544 2076 1895 2146; x_wconf 81' lang='grc' dir='ltr'>δικαστηρίου</span> <span class='ocrx_word' id='word_1_160' title='bbox 1930 2074 2089 2127; x_wconf 85' lang='grc' dir='ltr'>τοῦτο</span> 
     </span>
    </p>
   </div>
   <div class='ocr_carea' id='block_1_21' title="bbox 406 2162 2083 2235">
    <p class='ocr_par' dir='ltr' id='par_1_21' title="bbox 406 2162 2083 2235">
     <span class='ocr_line' id='line_1_21' title="bbox 406 2162 2083 2235; baseline -0.001 -19"><span class='ocrx_word' id='word_1_161' title='bbox 406 2164 711 2234; x_wconf 85' lang='grc' dir='ltr'>γενήσεται.</span> <span class='ocrx_word' id='word_1_162' title='bbox 732 2165 793 2216; x_wconf 67' lang='lat' dir='ltr'>Et</span> <span class='ocrx_word' id='word_1_163' title='bbox 818 2164 1104 2233; x_wconf 82' lang='grc' dir='ltr'>ἄνθρωπός</span> <span class='ocrx_word' id='word_1_164' title='bbox 1128 2167 1274 2216; x_wconf 89' lang='grc' dir='ltr'>ἐστιν</span> <span class='ocrx_word' id='word_1_165' title='bbox 1298 2166 1324 2215; x_wconf 97' lang='lat'>6</span> <span class='ocrx_word' id='word_1_166' title='bbox 1354 2162 1785 2235; x_wconf 79' lang='grc' dir='ltr'>παροξυνόμενος</span> <span class='ocrx_word' id='word_1_167' title='bbox 1811 2162 1905 2215; x_wconf 73' lang='grc' dir='ltr'>καί</span> <span class='ocrx_word' id='word_1_168' title='bbox 1922 2163 2083 2230; x_wconf 82' lang='grc' dir='ltr'>ἀγαν-</span> 
     </span>
    </p>
   </div>
   <div class='ocr_carea' id='block_1_22' title="bbox 406 2248 2087 2321">
    <p class='ocr_par' dir='ltr' id='par_1_22' title="bbox 406 2248 2087 2321">
     <span class='ocr_line' id='line_1_22' title="bbox 406 2248 2087 2321; baseline -0.001 -19"><span class='ocrx_word' id='word_1_169' title='bbox 406 2251 588 2303; x_wconf 89' lang='grc' dir='ltr'>ακτῶν</span> <span class='ocrx_word' id='word_1_170' title='bbox 611 2290 626 2316; x_wconf 94' lang='grc'>,</span> <span class='ocrx_word' id='word_1_171' title='bbox 663 2251 758 2304; x_wconf 75' lang='grc' dir='ltr'>καὶ</span> <span class='ocrx_word' id='word_1_172' title='bbox 825 2251 975 2304; x_wconf 80' lang='grc' dir='ltr'>οὐδὲν</span> <span class='ocrx_word' id='word_1_173' title='bbox 1007 2252 1159 2321; x_wconf 85' lang='grc' dir='ltr'>ήμᾶς</span> <span class='ocrx_word' id='word_1_174' title='bbox 1194 2252 1254 2303; x_wconf 88' lang='grc' dir='ltr'>τὸ</span> <span class='ocrx_word' id='word_1_175' title='bbox 1280 2252 1506 2321; x_wconf 89' lang='grc' dir='ltr'>χρυσίον</span> <span class='ocrx_word' id='word_1_176' title='bbox 1544 2250 1741 2318; x_wconf 81' lang='grc' dir='ltr'>ὠφελεῖ</span> <span class='ocrx_word' id='word_1_177' title='bbox 1759 2248 1875 2314; x_wconf 90' lang='grc' dir='ltr'>νῦν,</span> <span class='ocrx_word' id='word_1_178' title='bbox 1908 2248 2087 2320; x_wconf 81' lang='grc' dir='ltr'>πολλῷ</span> 
     </span>
    </p>
   </div>
   <div class='ocr_carea' id='block_1_23' title="bbox 411 2337 2087 2408">
    <p class='ocr_par' dir='ltr' id='par_1_23' title="bbox 411 2337 2087 2408">
     <span class='ocr_line' id='line_1_23' title="bbox 411 2337 2087 2408; baseline -0.001 -18"><span class='ocrx_word' id='word_1_179' title='bbox 411 2337 613 2407; x_wconf 80' lang='grc' dir='ltr'>μᾶλλον</span> <span class='ocrx_word' id='word_1_180' title='bbox 642 2337 997 2407; x_wconf 78' lang='grc' dir='ltr'>ὀργιζομένου</span> <span class='ocrx_word' id='word_1_181' title='bbox 1042 2338 1136 2390; x_wconf 87' lang='grc' dir='ltr'>τοῦ</span> <span class='ocrx_word' id='word_1_182' title='bbox 1168 2339 1304 2390; x_wconf 80' lang='grc' dir='ltr'>Θεοῦ</span> <span class='ocrx_word' id='word_1_183' title='bbox 1334 2338 1426 2390; x_wconf 90' lang='grc' dir='ltr'>τοῦ</span> <span class='ocrx_word' id='word_1_184' title='bbox 1467 2338 1541 2408; x_wconf 84' lang='grc' dir='ltr'>μὴ</span> <span class='ocrx_word' id='word_1_185' title='bbox 1581 2337 1838 2408; x_wconf 81' lang='grc' dir='ltr'>δεομένου</span> <span class='ocrx_word' id='word_1_186' title='bbox 1869 2338 2087 2407; x_wconf 86' lang='grc' dir='ltr'>χρημά-</span> 
     </span>
    </p>
   </div>
   <div class='ocr_carea' id='block_1_24' title="bbox 406 2424 2090 2496">
    <p class='ocr_par' dir='ltr' id='par_1_24' title="bbox 406 2424 2090 2496">
     <span class='ocr_line' id='line_1_24' title="bbox 406 2424 2090 2496; baseline 0.001 -21"><span class='ocrx_word' id='word_1_187' title='bbox 406 2441 547 2485; x_wconf 88' lang='grc' dir='ltr'>των,</span> <span class='ocrx_word' id='word_1_188' title='bbox 578 2424 870 2494; x_wconf 82' lang='grc' dir='ltr'>ἀσθενήσει</span> <span class='ocrx_word' id='word_1_189' title='bbox 900 2425 1119 2487; x_wconf 87' lang='grc' dir='ltr'>πάντως</span> <span class='ocrx_word' id='word_1_190' title='bbox 1153 2424 1248 2477; x_wconf 89' lang='grc' dir='ltr'>τοῦ</span> <span class='ocrx_word' id='word_1_191' title='bbox 1284 2427 1512 2496; x_wconf 83' lang='grc' dir='ltr'>χρυσίου</span> <span class='ocrx_word' id='word_1_192' title='bbox 1541 2428 1574 2495; x_wconf 85' lang='grc' dir='ltr'><strong>ἡ</strong></span> <span class='ocrx_word' id='word_1_193' title='bbox 1606 2425 1856 2494; x_wconf 88' lang='grc' dir='ltr'>δύναμις.</span> <span class='ocrx_word' id='word_1_194' title='bbox 1896 2425 2090 2487; x_wconf 85' lang='grc' dir='ltr'>Οἱκίας</span> 
     </span>
    </p>
   </div>
   <div class='ocr_carea' id='block_1_25' title="bbox 408 2509 2091 2582">
    <p class='ocr_par' dir='ltr' id='par_1_25' title="bbox 408 2509 2091 2582">
     <span class='ocr_line' id='line_1_25' title="bbox 408 2509 2091 2582; baseline -0.001 -19"><span class='ocrx_word' id='word_1_195' title='bbox 408 2509 860 2581; x_wconf 86' lang='grc' dir='ltr'>οίκοδομούμεθα,</span> <span class='ocrx_word' id='word_1_196' title='bbox 906 2512 993 2563; x_wconf 85' lang='grc' dir='ltr'>ἴνα</span> <span class='ocrx_word' id='word_1_197' title='bbox 1021 2511 1280 2581; x_wconf 90' lang='grc' dir='ltr'>οἰκῶμεν,</span> <span class='ocrx_word' id='word_1_198' title='bbox 1307 2513 1403 2581; x_wconf 78' lang='grc' dir='ltr'>οὐχ</span> <span class='ocrx_word' id='word_1_199' title='bbox 1430 2512 1516 2565; x_wconf 82' lang='grc' dir='ltr'>ἵνα</span> <span class='ocrx_word' id='word_1_200' title='bbox 1549 2510 1964 2582; x_wconf 87' lang='grc' dir='ltr'>φιλοτιμώμεθα</span> <span class='ocrx_word' id='word_1_201' title='bbox 2018 2511 2091 2563; x_wconf 86' lang='grc' dir='ltr'>Τὸ</span> 
     </span>
    </p>
   </div>
   <div class='ocr_carea' id='block_1_26' title="bbox 412 2597 2091 2669">
    <p class='ocr_par' dir='ltr' id='par_1_26' title="bbox 412 2597 2091 2669">
     <span class='ocr_line' id='line_1_26' title="bbox 412 2597 2091 2669; baseline 0.001 -20"><span class='ocrx_word' id='word_1_202' title='bbox 412 2598 594 2667; x_wconf 80' lang='grc' dir='ltr'>μεῖζον</span> <span class='ocrx_word' id='word_1_203' title='bbox 621 2597 722 2667; x_wconf 85' lang='grc' dir='ltr'>τῆς</span> <span class='ocrx_word' id='word_1_204' title='bbox 752 2598 963 2669; x_wconf 85' lang='grc' dir='ltr'>χρείας,</span> <span class='ocrx_word' id='word_1_205' title='bbox 995 2598 1248 2668; x_wconf 86' lang='grc' dir='ltr'>περιττὸν</span> <span class='ocrx_word' id='word_1_206' title='bbox 1280 2600 1377 2664; x_wconf 86' lang='grc' dir='ltr'>τῆς</span> <span class='ocrx_word' id='word_1_207' title='bbox 1409 2599 1599 2669; x_wconf 87' lang='grc' dir='ltr'>χρείας</span> <span class='ocrx_word' id='word_1_208' title='bbox 1628 2598 1744 2651; x_wconf 77' lang='grc' dir='ltr'>ἐστὶ</span> <span class='ocrx_word' id='word_1_209' title='bbox 1782 2597 1876 2650; x_wconf 81' lang='grc' dir='ltr'>καὶ</span> <span class='ocrx_word' id='word_1_210' title='bbox 1917 2597 2091 2669; x_wconf 85' lang='grc' dir='ltr'>ἄχρη-</span> 
     </span>
    </p>
   </div>
   <div class='ocr_carea' id='block_1_27' title="bbox 411 2684 2090 2757">
    <p class='ocr_par' dir='ltr' id='par_1_27' title="bbox 411 2684 2090 2757">
     <span class='ocr_line' id='line_1_27' title="bbox 411 2684 2090 2757; baseline 0.001 -21"><span class='ocrx_word' id='word_1_211' title='bbox 411 2702 554 2740; x_wconf 89' lang='grc' dir='ltr'>στον.</span> <span class='ocrx_word' id='word_1_212' title='bbox 604 2686 900 2756; x_wconf 80' lang='grc' dir='ltr'>’Υπόδησαι</span> <span class='ocrx_word' id='word_1_213' title='bbox 950 2687 1203 2757; x_wconf 86' lang='grc' dir='ltr'>ὑπόδημα</span> <span class='ocrx_word' id='word_1_214' title='bbox 1242 2685 1336 2739; x_wconf 86' lang='grc' dir='ltr'>τοῦ</span> <span class='ocrx_word' id='word_1_215' title='bbox 1383 2687 1542 2750; x_wconf 72' lang='grc' dir='ltr'>ποδὸς</span> <span class='ocrx_word' id='word_1_216' title='bbox 1586 2684 1804 2756; x_wconf 80' lang='grc' dir='ltr'>μεῖζον·</span> <span class='ocrx_word' id='word_1_217' title='bbox 1842 2686 1958 2738; x_wconf 75' lang='grc' dir='ltr'>ἀλλ’</span> <span class='ocrx_word' id='word_1_218' title='bbox 1990 2687 2090 2738; x_wconf 82' lang='grc' dir='ltr'>οὐκ</span> 
     </span>
    </p>
   </div>
   <div class='ocr_carea' id='block_1_28' title="bbox 408 2772 2090 2845">
    <p class='ocr_par' dir='ltr' id='par_1_28' title="bbox 408 2772 2090 2845">
     <span class='ocr_line' id='line_1_28' title="bbox 408 2772 2090 2845; baseline 0.001 -19"><span class='ocrx_word' id='word_1_219' title='bbox 408 2773 573 2843; x_wconf 79' lang='grc' dir='ltr'>ἀνέξῃ</span> <span class='ocrx_word' id='word_1_220' title='bbox 599 2790 612 2802; x_wconf 85' lang='grc'>·</span> <span class='ocrx_word' id='word_1_221' title='bbox 656 2772 937 2843; x_wconf 76' lang='grc' dir='ltr'>ἐμποδίζει</span> <span class='ocrx_word' id='word_1_222' title='bbox 962 2774 1073 2845; x_wconf 81' lang='grc' dir='ltr'>γάρ</span> <span class='ocrx_word' id='word_1_223' title='bbox 1112 2791 1194 2826; x_wconf 91' lang='grc' dir='ltr'>σοι</span> <span class='ocrx_word' id='word_1_224' title='bbox 1226 2774 1362 2844; x_wconf 83' lang='grc' dir='ltr'>πρὸς</span> <span class='ocrx_word' id='word_1_225' title='bbox 1404 2774 1502 2845; x_wconf 79' lang='grc' dir='ltr'>τὴν</span> <span class='ocrx_word' id='word_1_226' title='bbox 1536 2772 1777 2842; x_wconf 79' lang='grc' dir='ltr'>βάδισιν·</span> <span class='ocrx_word' id='word_1_227' title='bbox 1817 2772 1967 2826; x_wconf 71' lang='grc' dir='ltr'>οὐτιιῑ</span> <span class='ocrx_word' id='word_1_228' title='bbox 1997 2776 2090 2827; x_wconf 71' lang='grc' dir='ltr'>καὶ</span> 
     </span>
    </p>
   </div>
   <div class='ocr_carea' id='block_1_29' title="bbox 407 2860 2092 2934">
    <p class='ocr_par' dir='ltr' id='par_1_29' title="bbox 407 2860 2092 2934">
     <span class='ocr_line' id='line_1_29' title="bbox 407 2860 2092 2934; baseline 0.001 -20"><span class='ocrx_word' id='word_1_229' title='bbox 407 2863 557 2915; x_wconf 87' lang='grc' dir='ltr'>οἰκία</span> <span class='ocrx_word' id='word_1_230' title='bbox 607 2863 807 2932; x_wconf 75' lang='grc' dir='ltr'>μείζων</span> <span class='ocrx_word' id='word_1_231' title='bbox 854 2864 951 2933; x_wconf 87' lang='grc' dir='ltr'>τῆς</span> <span class='ocrx_word' id='word_1_232' title='bbox 978 2863 1167 2932; x_wconf 85' lang='grc' dir='ltr'>χρείας</span> <span class='ocrx_word' id='word_1_233' title='bbox 1199 2863 1481 2930; x_wconf 78' lang='grc' dir='ltr'>ἐμποδίζει</span> <span class='ocrx_word' id='word_1_234' title='bbox 1521 2862 1659 2934; x_wconf 82' lang='grc' dir='ltr'>πρὸς</span> <span class='ocrx_word' id='word_1_235' title='bbox 1687 2860 1786 2932; x_wconf 85' lang='grc' dir='ltr'>τὴν</span> <span class='ocrx_word' id='word_1_236' title='bbox 1819 2864 1899 2925; x_wconf 87' lang='grc' dir='ltr'>εἰς</span> <span class='ocrx_word' id='word_1_237' title='bbox 1927 2862 2092 2933; x_wconf 89' lang='grc' dir='ltr'>οὐρα-</span> 
     </span>
    </p>
   </div>
   <div class='ocr_carea' id='block_1_30' title="bbox 409 2948 2092 3021">
    <p class='ocr_par' dir='ltr' id='par_1_30' title="bbox 409 2948 2092 3021">
     <span class='ocr_line' id='line_1_30' title="bbox 409 2948 2092 3021; baseline 0.001 -20"><span class='ocrx_word' id='word_1_238' title='bbox 409 2949 533 3012; x_wconf 78' lang='grc' dir='ltr'>νοὺς</span> <span class='ocrx_word' id='word_1_239' title='bbox 570 2950 901 3020; x_wconf 86' lang='grc' dir='ltr'>ἀποδημίαν.</span> <span class='ocrx_word' id='word_1_240' title='bbox 946 2951 1134 3003; x_wconf 85' lang='grc' dir='ltr'>Βούλει</span> <span class='ocrx_word' id='word_1_241' title='bbox 1182 2949 1442 3021; x_wconf 85' lang='grc' dir='ltr'>λαμπρὰς</span> <span class='ocrx_word' id='word_1_242' title='bbox 1475 2950 1568 3003; x_wconf 77' lang='grc' dir='ltr'>καὶ</span> <span class='ocrx_word' id='word_1_243' title='bbox 1609 2948 1853 3019; x_wconf 84' lang='grc' dir='ltr'>μεγάλας</span> <span class='ocrx_word' id='word_1_244' title='bbox 1886 2950 2092 3002; x_wconf 87' lang='grc' dir='ltr'>οίκοδο-</span> 
     </span>
    </p>
   </div>
   <div class='ocr_carea' id='block_1_31' title="bbox 411 3037 2091 3109">
    <p class='ocr_par' dir='ltr' id='par_1_31' title="bbox 411 3037 2091 3109">
     <span class='ocr_line' id='line_1_31' title="bbox 411 3037 2091 3109; baseline 0.002 -20"><span class='ocrx_word' id='word_1_245' title='bbox 411 3040 532 3108; x_wconf 87' lang='grc' dir='ltr'>μεῖν</span> <span class='ocrx_word' id='word_1_246' title='bbox 563 3039 740 3103; x_wconf 89' lang='grc' dir='ltr'>οἰκίας</span> <span class='ocrx_word' id='word_1_247' title='bbox 767 3056 780 3103; x_wconf 90' lang='lat'><strong>;</strong></span> <span class='ocrx_word' id='word_1_248' title='bbox 810 3039 871 3091; x_wconf 87' lang='grc' dir='ltr'>οὐ</span> <span class='ocrx_word' id='word_1_249' title='bbox 900 3038 1115 3103; x_wconf 89' lang='grc' dir='ltr'>κωλύω,</span> <span class='ocrx_word' id='word_1_250' title='bbox 1153 3038 1289 3091; x_wconf 88' lang='grc' dir='ltr'>ἀλλά</span> <span class='ocrx_word' id='word_1_251' title='bbox 1326 3039 1400 3109; x_wconf 84' lang='grc' dir='ltr'>μὴ</span> <span class='ocrx_word' id='word_1_252' title='bbox 1433 3039 1526 3091; x_wconf 77' lang='grc' dir='ltr'>ἐπὶ</span> <span class='ocrx_word' id='word_1_253' title='bbox 1553 3039 1658 3107; x_wconf 89' lang='grc' dir='ltr'>γῆς</span> <span class='ocrx_word' id='word_1_254' title='bbox 1683 3055 1696 3068; x_wconf 75' lang='grc' dir='ltr'><strong>ο</strong></span> <span class='ocrx_word' id='word_1_255' title='bbox 1732 3037 2091 3109; x_wconf 87' lang='grc' dir='ltr'>οίκοδόμησον</span> 
     </span>
    </p>
   </div>
   <div class='ocr_carea' id='block_1_32' title="bbox 409 3126 2092 3198">
    <p class='ocr_par' dir='ltr' id='par_1_32' title="bbox 409 3126 2092 3198">
     <span class='ocr_line' id='line_1_32' title="bbox 409 3126 2092 3198; baseline 0.002 -22"><span class='ocrx_word' id='word_1_256' title='bbox 409 3127 617 3196; x_wconf 78' lang='grc' dir='ltr'>σκηνὰς</span> <span class='ocrx_word' id='word_1_257' title='bbox 665 3128 722 3179; x_wconf 89' lang='grc' dir='ltr'>ἐν</span> <span class='ocrx_word' id='word_1_258' title='bbox 751 3127 1034 3198; x_wconf 76' lang='grc' dir='ltr'>οὐρανοῖς,</span> <span class='ocrx_word' id='word_1_259' title='bbox 1068 3127 1154 3179; x_wconf 79' lang='grc' dir='ltr'>ἵνα</span> <span class='ocrx_word' id='word_1_260' title='bbox 1211 3127 1306 3179; x_wconf 77' lang='grc' dir='ltr'>καὶ</span> <span class='ocrx_word' id='word_1_261' title='bbox 1351 3126 1573 3197; x_wconf 82' lang='grc' dir='ltr'>ἐτέρους</span> <span class='ocrx_word' id='word_1_262' title='bbox 1605 3126 1967 3191; x_wconf 75' lang='grc' dir='ltr'>ὑποδέξασθαι</span> <span class='ocrx_word' id='word_1_263' title='bbox 1996 3127 2092 3180; x_wconf 90' lang='grc' dir='ltr'>δυ-</span> 
     </span>
    </p>
   </div>
   <div class='ocr_carea' id='block_1_33' title="bbox 407 3212 2093 3287">
    <p class='ocr_par' dir='ltr' id='par_1_33' title="bbox 407 3212 2093 3287">
     <span class='ocr_line' id='line_1_33' title="bbox 407 3212 2093 3287; baseline 0 -20"><span class='ocrx_word' id='word_1_264' title='bbox 407 3212 597 3284; x_wconf 86' lang='grc' dir='ltr'>νηθῇς,</span> <span class='ocrx_word' id='word_1_265' title='bbox 650 3214 853 3285; x_wconf 86' lang='grc' dir='ltr'>σκηνάς</span> <span class='ocrx_word' id='word_1_266' title='bbox 908 3214 1165 3267; x_wconf 85' lang='grc' dir='ltr'>οὐδέποτε</span> <span class='ocrx_word' id='word_1_267' title='bbox 1223 3214 1658 3284; x_wconf 88' lang='grc' dir='ltr'>καταλυομένας.</span> <span class='ocrx_word' id='word_1_268' title='bbox 1718 3215 1784 3265; x_wconf 90' lang='grc' dir='ltr'>Τί</span> <span class='ocrx_word' id='word_1_269' title='bbox 1839 3215 2093 3287; x_wconf 83' lang='grc' dir='ltr'>μέμηνας</span> 
     </span>
    </p>
   </div>
   <div class='ocr_carea' id='block_1_34' title="bbox 409 3300 2094 3373">
    <p class='ocr_par' dir='ltr' id='par_1_34' title="bbox 409 3300 2094 3373">
     <span class='ocr_line' id='line_1_34' title="bbox 409 3300 2094 3373; baseline 0.001 -19"><span class='ocrx_word' id='word_1_270' title='bbox 409 3301 538 3371; x_wconf 76' lang='grc' dir='ltr'>περὶ</span> <span class='ocrx_word' id='word_1_271' title='bbox 559 3300 630 3354; x_wconf 83' lang='grc' dir='ltr'>τὰ</span> <span class='ocrx_word' id='word_1_272' title='bbox 658 3301 951 3370; x_wconf 84' lang='grc' dir='ltr'>φεύγοντα,</span> <span class='ocrx_word' id='word_1_273' title='bbox 985 3302 1082 3355; x_wconf 79' lang='grc' dir='ltr'>καὶ</span> <span class='ocrx_word' id='word_1_274' title='bbox 1107 3302 1189 3355; x_wconf 75' lang='grc' dir='ltr'>τά-</span> <span class='ocrx_word' id='word_1_275' title='bbox 1209 3301 1396 3355; x_wconf 82' lang='grc' dir='ltr'>ἐνθάδε</span> <span class='ocrx_word' id='word_1_276' title='bbox 1435 3303 1699 3371; x_wconf 82' lang='grc' dir='ltr'>μένοντα;</span> <span class='ocrx_word' id='word_1_277' title='bbox 1743 3302 1911 3355; x_wconf 82' lang='grc' dir='ltr'>Οὐδὲν</span> <span class='ocrx_word' id='word_1_278' title='bbox 1955 3319 2094 3373; x_wconf 87' lang='grc' dir='ltr'>σφα-</span> 
     </span>
    </p>
   </div>
   <div class='ocr_carea' id='block_1_35' title="bbox 406 3389 2093 3465">
    <p class='ocr_par' dir='ltr' id='par_1_35' title="bbox 406 3389 2093 3465">
     <span class='ocr_line' id='line_1_35' title="bbox 406 3389 2093 3465; baseline 0.004 -23"><span class='ocrx_word' id='word_1_279' title='bbox 406 3389 710 3463; x_wconf 85' lang='grc' dir='ltr'>λερώτερον</span> <span class='ocrx_word' id='word_1_280' title='bbox 744 3390 997 3455; x_wconf 89' lang='grc' dir='ltr'>πλούτου,</span> <span class='ocrx_word' id='word_1_281' title='bbox 1029 3394 1272 3462; x_wconf 80' lang='grc' dir='ltr'>σήμερον</span> <span class='ocrx_word' id='word_1_282' title='bbox 1300 3393 1440 3462; x_wconf 88' lang='grc' dir='ltr'>μετά</span> <span class='ocrx_word' id='word_1_283' title='bbox 1469 3393 1586 3457; x_wconf 88' lang='grc' dir='ltr'>σοῦ,</span> <span class='ocrx_word' id='word_1_284' title='bbox 1611 3394 1708 3446; x_wconf 76' lang='grc' dir='ltr'>καὶ</span> <span class='ocrx_word' id='word_1_285' title='bbox 1735 3393 1924 3465; x_wconf 77' lang='grc' dir='ltr'>αὔριον</span> <span class='ocrx_word' id='word_1_286' title='bbox 1953 3394 2093 3448; x_wconf 84' lang='grc' dir='ltr'>κατὰ</span> 
     </span>
    </p>
   </div>
   <div class='ocr_carea' id='block_1_36' title="bbox 410 3476 2089 3551">
    <p class='ocr_par' dir='ltr' id='par_1_36' title="bbox 410 3476 2089 3551">
     <span class='ocr_line' id='line_1_36' title="bbox 410 3476 2089 3551; baseline 0.002 -21"><span class='ocrx_word' id='word_1_287' title='bbox 410 3476 505 3530; x_wconf 88' lang='grc' dir='ltr'>σοῦ</span> <span class='ocrx_word' id='word_1_288' title='bbox 527 3517 542 3540; x_wconf 94' lang='grc'>,</span> <span class='ocrx_word' id='word_1_289' title='bbox 568 3479 695 3541; x_wconf 82' lang='grc' dir='ltr'>τοὺς</span> <span class='ocrx_word' id='word_1_290' title='bbox 722 3477 831 3531; x_wconf 87' lang='grc' dir='ltr'>τῶν</span> <span class='ocrx_word' id='word_1_291' title='bbox 877 3478 1165 3548; x_wconf 86' lang='grc' dir='ltr'>βασκάνων</span> <span class='ocrx_word' id='word_1_292' title='bbox 1192 3480 1505 3551; x_wconf 78' lang='grc' dir='ltr'>ὀφθαλμοὺς</span> <span class='ocrx_word' id='word_1_293' title='bbox 1534 3481 1745 3546; x_wconf 75' lang='grc' dir='ltr'>ὁπλίζει</span> <span class='ocrx_word' id='word_1_294' title='bbox 1789 3483 2057 3536; x_wconf 84' lang='grc' dir='ltr'>πάντοθεν</span> <span class='ocrx_word' id='word_1_295' title='bbox 2074 3500 2089 3515; x_wconf 82' lang='grc' dir='ltr'><strong>ο</strong></span> 
     </span>
    </p>
   </div>
   <div class='ocr_carea' id='block_1_37' title="bbox 409 3565 2092 3644">
    <p class='ocr_par' dir='ltr' id='par_1_37' title="bbox 409 3565 2092 3644">
     <span class='ocr_line' id='line_1_37' title="bbox 409 3565 2092 3644; baseline 0.005 -27"><span class='ocrx_word' id='word_1_296' title='bbox 409 3565 671 3636; x_wconf 86' lang='grc' dir='ltr'>πολέμιός</span> <span class='ocrx_word' id='word_1_297' title='bbox 721 3568 871 3619; x_wconf 89' lang='grc' dir='ltr'>ἐστιν</span> <span class='ocrx_word' id='word_1_298' title='bbox 908 3566 1237 3637; x_wconf 85' lang='grc' dir='ltr'>όμόσκηνος,</span> <span class='ocrx_word' id='word_1_299' title='bbox 1267 3570 1461 3639; x_wconf 77' lang='grc' dir='ltr'>ἐχθρὸς</span> <span class='ocrx_word' id='word_1_300' title='bbox 1510 3569 1792 3635; x_wconf 86' lang='grc' dir='ltr'>σύνοικος·</span> <span class='ocrx_word' id='word_1_301' title='bbox 1829 3572 1923 3624; x_wconf 77' lang='grc' dir='ltr'>καὶ</span> <span class='ocrx_word' id='word_1_302' title='bbox 1950 3572 2092 3644; x_wconf 85' lang='grc' dir='ltr'>μάρ-</span> 
     </span>
    </p>
   </div>
   <div class='ocr_carea' id='block_1_38' title="bbox 408 3655 2095 3731">
    <p class='ocr_par' dir='ltr' id='par_1_38' title="bbox 408 3655 2095 3731">
     <span class='ocr_line' id='line_1_38' title="bbox 408 3655 2095 3731; baseline 0.005 -26"><span class='ocrx_word' id='word_1_303' title='bbox 408 3670 573 3723; x_wconf 86' lang='grc' dir='ltr'>τυρες</span> <span class='ocrx_word' id='word_1_304' title='bbox 600 3655 761 3724; x_wconf 81' lang='grc' dir='ltr'>ὑμεῖς</span> <span class='ocrx_word' id='word_1_305' title='bbox 788 3656 837 3706; x_wconf 87' lang='grc' dir='ltr'>οί</span> <span class='ocrx_word' id='word_1_306' title='bbox 869 3656 1218 3725; x_wconf 84' lang='grc' dir='ltr'>κεκτημένοι,</span> <span class='ocrx_word' id='word_1_307' title='bbox 1240 3657 1289 3709; x_wconf 87' lang='grc' dir='ltr'>οἰ</span> <span class='ocrx_word' id='word_1_308' title='bbox 1324 3657 1491 3711; x_wconf 81' lang='grc' dir='ltr'>παντὶ</span> <span class='ocrx_word' id='word_1_309' title='bbox 1512 3659 1701 3730; x_wconf 86' lang='grc' dir='ltr'>τρόπῳ</span> <span class='ocrx_word' id='word_1_310' title='bbox 1731 3659 2095 3731; x_wconf 84' lang='grc' dir='ltr'>κατορύττον-</span> 
     </span>
    </p>
   </div>
   <div class='ocr_carea' id='block_1_39' title="bbox 409 3742 2095 3815">
    <p class='ocr_par' dir='ltr' id='par_1_39' title="bbox 409 3742 2095 3815">
     <span class='ocr_line' id='line_1_39' title="bbox 409 3742 2095 3815; baseline 0.004 -20"><span class='ocrx_word' id='word_1_311' title='bbox 409 3759 502 3804; x_wconf 88' lang='grc' dir='ltr'>τες</span> <span class='ocrx_word' id='word_1_312' title='bbox 535 3742 697 3795; x_wconf 81' lang='grc' dir='ltr'>αὐτὸν</span> <span class='ocrx_word' id='word_1_313' title='bbox 736 3745 833 3797; x_wconf 78' lang='grc' dir='ltr'>καὶ</span> <span class='ocrx_word' id='word_1_314' title='bbox 861 3744 1312 3815; x_wconf 80' lang='grc' dir='ltr'>ἀποκρύπτοντες</span> <span class='ocrx_word' id='word_1_315' title='bbox 1336 3762 1350 3776; x_wconf 91' lang='grc'><strong>·</strong></span> <span class='ocrx_word' id='word_1_316' title='bbox 1381 3747 1506 3798; x_wconf 78' lang='grc' dir='ltr'>ἐπεὶ</span> <span class='ocrx_word' id='word_1_317' title='bbox 1547 3748 1644 3801; x_wconf 72' lang='grc' dir='ltr'>καὶ</span> <span class='ocrx_word' id='word_1_318' title='bbox 1678 3747 1772 3801; x_wconf 88' lang='grc' dir='ltr'>νῦν</span> <span class='ocrx_word' id='word_1_319' title='bbox 1795 3749 1887 3802; x_wconf 78' lang='grc' dir='ltr'>τὸν</span> <span class='ocrx_word' id='word_1_320' title='bbox 1914 3749 2095 3802; x_wconf 87' lang='grc' dir='ltr'>κίνδυ-</span> 
     </span>
    </p>
   </div>
   <div class='ocr_carea' id='block_1_40' title="bbox 410 3831 2095 3906">
    <p class='ocr_par' dir='ltr' id='par_1_40' title="bbox 410 3831 2095 3906">
     <span class='ocr_line' id='line_1_40' title="bbox 410 3831 2095 3906; baseline 0.002 -21"><span class='ocrx_word' id='word_1_321' title='bbox 410 3831 511 3885; x_wconf 84' lang='grc' dir='ltr'>νον⁸</span> <span class='ocrx_word' id='word_1_322' title='bbox 526 3831 928 3903; x_wconf 77' lang='grc' dir='ltr'>ἀφορητότερον</span> <span class='ocrx_word' id='word_1_323' title='bbox 973 3834 1104 3902; x_wconf 88' lang='grc' dir='ltr'>ήμῖν</span> <span class='ocrx_word' id='word_1_324' title='bbox 1122 3834 1151 3885; x_wconf 85' lang='grc' dir='ltr'>ό</span> <span class='ocrx_word' id='word_1_325' title='bbox 1175 3832 1402 3898; x_wconf 86' lang='grc' dir='ltr'>πλοῦτος</span> <span class='ocrx_word' id='word_1_326' title='bbox 1424 3838 1586 3887; x_wconf 85' lang='grc' dir='ltr'>ποιεῖ.</span> <span class='ocrx_word' id='word_1_327' title='bbox 1628 3835 1792 3906; x_wconf 81' lang='grc' dir='ltr'>Ὁρᾷς</span> <span class='ocrx_word' id='word_1_328' title='bbox 1813 3835 1944 3905; x_wconf 85' lang='grc' dir='ltr'>γοῦν</span> <span class='ocrx_word' id='word_1_329' title='bbox 1966 3838 2095 3902; x_wconf 75' lang='grc' dir='ltr'>τοὺς</span> 
     </span>
    </p>
   </div>
   <div class='ocr_carea' id='block_1_41' title="bbox 413 3918 2095 3996">
    <p class='ocr_par' dir='ltr' id='par_1_41' title="bbox 413 3918 2095 3996">
     <span class='ocr_line' id='line_1_41' title="bbox 413 3918 2095 3996; baseline 0.004 -25"><span class='ocrx_word' id='word_1_330' title='bbox 413 3918 514 3989; x_wconf 78' lang='grc' dir='ltr'>μὲν</span> <span class='ocrx_word' id='word_1_331' title='bbox 549 3919 789 3989; x_wconf 87' lang='grc' dir='ltr'>πένητας</span> <span class='ocrx_word' id='word_1_332' title='bbox 842 3918 1113 3984; x_wconf 74' lang='grc' dir='ltr'>εὐζώνους</span> <span class='ocrx_word' id='word_1_333' title='bbox 1151 3920 1246 3974; x_wconf 75' lang='grc' dir='ltr'>καί⁵</span> <span class='ocrx_word' id='word_1_334' title='bbox 1297 3921 1757 3993; x_wconf 84' lang='grc' dir='ltr'>ἀπολελυμένους,</span> <span class='ocrx_word' id='word_1_335' title='bbox 1809 3924 1903 3977; x_wconf 72' lang='grc' dir='ltr'>καὶ</span> <span class='ocrx_word' id='word_1_336' title='bbox 1958 3924 2095 3996; x_wconf 82' lang='grc' dir='ltr'>πρὸς</span> 
     </span>
    </p>
   </div>
   <div class='ocr_carea' id='block_1_42' title="bbox 410 4010 2095 4084">
    <p class='ocr_par' dir='ltr' id='par_1_42' title="bbox 410 4010 2095 4084">
     <span class='ocr_line' id='line_1_42' title="bbox 410 4010 2095 4084; baseline 0.004 -23"><span class='ocrx_word' id='word_1_337' title='bbox 410 4010 628 4062; x_wconf 76' lang='grc' dir='ltr'>ἅπαντα</span> <span class='ocrx_word' id='word_1_338' title='bbox 672 4010 1259 4080; x_wconf 86' lang='grc' dir='ltr'>παρεσκευασμένους·</span> <span class='ocrx_word' id='word_1_339' title='bbox 1293 4013 1419 4074; x_wconf 81' lang='grc' dir='ltr'>τοὺς</span> <span class='ocrx_word' id='word_1_340' title='bbox 1446 4012 1504 4065; x_wconf 83' lang='grc' dir='ltr'>δὲ</span> <span class='ocrx_word' id='word_1_341' title='bbox 1551 4013 1842 4077; x_wconf 85' lang='grc' dir='ltr'>πλουσίους</span> <span class='ocrx_word' id='word_1_342' title='bbox 1894 4013 2095 4084; x_wconf 83' lang='grc' dir='ltr'>πολλὴν</span> 
     </span>
    </p>
   </div>
   <div class='ocr_carea' id='block_1_43' title="bbox 410 4096 2093 4172">
    <p class='ocr_par' dir='ltr' id='par_1_43' title="bbox 410 4096 2093 4172">
     <span class='ocr_line' id='line_1_43' title="bbox 410 4096 2093 4172; baseline 0.004 -23"><span class='ocrx_word' id='word_1_343' title='bbox 410 4096 634 4167; x_wconf 86' lang='grc' dir='ltr'>ἔχοντας</span> <span class='ocrx_word' id='word_1_344' title='bbox 657 4097 945 4152; x_wconf 89' lang='grc' dir='ltr'>δυσκολίαν</span> <span class='ocrx_word' id='word_1_345' title='bbox 968 4139 983 4164; x_wconf 93' lang='grc'>,</span> <span class='ocrx_word' id='word_1_346' title='bbox 1027 4100 1121 4152; x_wconf 74' lang='grc' dir='ltr'>καὶ</span> <span class='ocrx_word' id='word_1_347' title='bbox 1148 4100 1461 4170; x_wconf 83' lang='grc' dir='ltr'>περιιόντας</span> <span class='ocrx_word' id='word_1_348' title='bbox 1485 4139 1500 4164; x_wconf 96' lang='grc'>,</span> <span class='ocrx_word' id='word_1_349' title='bbox 1535 4103 1628 4154; x_wconf 75' lang='grc' dir='ltr'>καὶ</span> <span class='ocrx_word' id='word_1_350' title='bbox 1665 4099 1964 4172; x_wconf 76' lang='grc' dir='ltr'>ζητοῦντας</span> <span class='ocrx_word' id='word_1_351' title='bbox 1990 4104 2093 4156; x_wconf 90' lang='grc' dir='ltr'>ποῦ</span> 
     </span>
    </p>
   </div>
   <div class='ocr_carea' id='block_1_44' title="bbox 407 4185 2094 4258">
    <p class='ocr_par' dir='ltr' id='par_1_44' title="bbox 407 4185 2094 4258">
     <span class='ocr_line' id='line_1_44' title="bbox 407 4185 2094 4258; baseline 0.004 -21"><span class='ocrx_word' id='word_1_352' title='bbox 407 4186 470 4238; x_wconf 82' lang='grc' dir='ltr'>τὸ</span> <span class='ocrx_word' id='word_1_353' title='bbox 495 4186 718 4257; x_wconf 89' lang='grc' dir='ltr'>χρυσίον</span> <span class='ocrx_word' id='word_1_354' title='bbox 750 4185 1113 4258; x_wconf 80' lang='grc' dir='ltr'>κατορύξωσι,</span> <span class='ocrx_word' id='word_1_355' title='bbox 1146 4186 1579 4257; x_wconf 65' lang='grc' dir='ltr'>ζητοῦνταςιτίνι</span> <span class='ocrx_word' id='word_1_356' title='bbox 1604 4191 1994 4244; x_wconf 68' lang='grc' dir='ltr'>κατάθοιντοδ.</span> <span class='ocrx_word' id='word_1_357' title='bbox 2028 4191 2094 4244; x_wconf 95' lang='grc' dir='ltr'>Τί</span> 
     </span>
    </p>
   </div>
   <div class='ocr_carea' id='block_1_45' title="bbox 411 4271 2096 4349">
    <p class='ocr_par' dir='ltr' id='par_1_45' title="bbox 411 4271 2096 4349">
     <span class='ocr_line' id='line_1_45' title="bbox 411 4271 2096 4349; baseline 0.003 -23"><span class='ocrx_word' id='word_1_358' title='bbox 411 4271 594 4344; x_wconf 78' lang='grc' dir='ltr'>ζητεῖς</span> <span class='ocrx_word' id='word_1_359' title='bbox 615 4313 630 4336; x_wconf 93' lang='grc'>,</span> <span class='ocrx_word' id='word_1_360' title='bbox 675 4273 948 4345; x_wconf 81' lang='grc' dir='ltr'>ἄνθρωπε,</span> <span class='ocrx_word' id='word_1_361' title='bbox 979 4277 1106 4338; x_wconf 83' lang='grc' dir='ltr'>τοὺς</span> <span class='ocrx_word' id='word_1_362' title='bbox 1139 4276 1499 4345; x_wconf 83' lang='grc' dir='ltr'>ὀμοδούλους;</span> <span class='ocrx_word' id='word_1_363' title='bbox 1531 4277 1763 4349; x_wconf 81' lang='grc' dir='ltr'>ἔστηκεν</span> <span class='ocrx_word' id='word_1_364' title='bbox 1792 4279 1820 4330; x_wconf 89' lang='lat'>6</span> <span class='ocrx_word' id='word_1_365' title='bbox 1861 4277 2096 4349; x_wconf 81' lang='grc' dir='ltr'>Χριστὸς</span> 
     </span>
    </p>
   </div>
   <div class='ocr_carea' id='block_1_46' title="bbox 410 4362 2095 4438">
    <p class='ocr_par' dir='ltr' id='par_1_46' title="bbox 410 4362 2095 4438">
     <span class='ocr_line' id='line_1_46' title="bbox 410 4362 2095 4438; baseline 0.004 -25"><span class='ocrx_word' id='word_1_366' title='bbox 410 4363 626 4431; x_wconf 70' lang='grc' dir='ltr'>ἕτοιμος</span> <span class='ocrx_word' id='word_1_367' title='bbox 649 4362 1035 4427; x_wconf 81' lang='grc' dir='ltr'>ὐποδέξασθαι,</span> <span class='ocrx_word' id='word_1_368' title='bbox 1069 4365 1164 4417; x_wconf 82' lang='grc' dir='ltr'>καὶ</span> <span class='ocrx_word' id='word_1_369' title='bbox 1192 4365 1429 4435; x_wconf 81' lang='grc' dir='ltr'>τηρῆσαί</span> <span class='ocrx_word' id='word_1_370' title='bbox 1459 4382 1541 4418; x_wconf 90' lang='grc' dir='ltr'>σοι</span> <span class='ocrx_word' id='word_1_371' title='bbox 1568 4366 1666 4429; x_wconf 80' lang='grc' dir='ltr'>τὰς</span> <span class='ocrx_word' id='word_1_372' title='bbox 1703 4366 2095 4438; x_wconf 78' lang='grc' dir='ltr'>παρακαταθή-</span> 
     </span>
    </p>
   </div>
   <div class='ocr_carea' id='block_1_47' title="bbox 414 4447 2093 4520">
    <p class='ocr_par' dir='ltr' id='par_1_47' title="bbox 414 4447 2093 4520">
     <span class='ocr_line' id='line_1_47' title="bbox 414 4447 2093 4520; baseline 0.004 -19"><span class='ocrx_word' id='word_1_373' title='bbox 414 4465 517 4511; x_wconf 87' lang='grc' dir='ltr'>κας</span> <span class='ocrx_word' id='word_1_374' title='bbox 539 4489 555 4513; x_wconf 91' lang='grc'>,</span> <span class='ocrx_word' id='word_1_375' title='bbox 583 4447 705 4516; x_wconf 68' lang='grc' dir='ltr'>οὐχὶ</span> <span class='ocrx_word' id='word_1_376' title='bbox 736 4452 974 4520; x_wconf 80' lang='grc' dir='ltr'>τηρῆσαι</span> <span class='ocrx_word' id='word_1_377' title='bbox 1012 4449 1068 4502; x_wconf 86' lang='grc' dir='ltr'>δέ</span> <span class='ocrx_word' id='word_1_378' title='bbox 1109 4454 1291 4520; x_wconf 86' lang='grc' dir='ltr'>μόνον,</span> <span class='ocrx_word' id='word_1_379' title='bbox 1333 4452 1474 4504; x_wconf 87' lang='grc' dir='ltr'>ἀλλά</span> <span class='ocrx_word' id='word_1_380' title='bbox 1519 4454 1614 4506; x_wconf 75' lang='grc' dir='ltr'>καὶ</span> <span class='ocrx_word' id='word_1_381' title='bbox 1647 4453 1962 4519; x_wconf 85' lang='grc' dir='ltr'>πλεονάσαι,</span> <span class='ocrx_word' id='word_1_382' title='bbox 1999 4455 2093 4508; x_wconf 81' lang='grc' dir='ltr'>καὶ</span> 
     </span>
    </p>
   </div>
   <div class='ocr_carea' id='block_1_48' title="bbox 416 4534 2092 4612">
    <p class='ocr_par' dir='ltr' id='par_1_48' title="bbox 416 4534 2092 4612">
     <span class='ocr_line' id='line_1_48' title="bbox 416 4534 2092 4612; baseline 0.004 -24"><span class='ocrx_word' id='word_1_383' title='bbox 416 4536 555 4607; x_wconf 86' lang='grc' dir='ltr'>μετά</span> <span class='ocrx_word' id='word_1_384' title='bbox 586 4535 789 4604; x_wconf 87' lang='grc' dir='ltr'>πολλῆς</span> <span class='ocrx_word' id='word_1_385' title='bbox 820 4534 1225 4607; x_wconf 85' lang='grc' dir='ltr'>ἀποδοῦναιτῆς</span> <span class='ocrx_word' id='word_1_386' title='bbox 1255 4538 1575 4609; x_wconf 82' lang='grc' dir='ltr'>προσθήκης</span> <span class='ocrx_word' id='word_1_387' title='bbox 1599 4558 1613 4571; x_wconf 77' lang='grc' dir='ltr'><strong><em>ο</em></strong></span> <span class='ocrx_word' id='word_1_388' title='bbox 1655 4542 1721 4593; x_wconf 89' lang='grc' dir='ltr'>ἐκ</span> <span class='ocrx_word' id='word_1_389' title='bbox 1749 4542 1847 4612; x_wconf 89' lang='grc' dir='ltr'>τῆς</span> <span class='ocrx_word' id='word_1_390' title='bbox 1884 4542 2092 4595; x_wconf 89' lang='grc' dir='ltr'>ἐκείνου</span> 
     </span>
    </p>
   </div>
   <div class='ocr_carea' id='block_1_49' title="bbox 412 4624 2097 4702">
    <p class='ocr_par' dir='ltr' id='par_1_49' title="bbox 412 4624 2097 4702">
     <span class='ocr_line' id='line_1_49' title="bbox 412 4624 2097 4702; baseline 0.005 -26"><span class='ocrx_word' id='word_1_391' title='bbox 412 4624 595 4696; x_wconf 84' lang='grc' dir='ltr'>χειρὸς</span> <span class='ocrx_word' id='word_1_392' title='bbox 626 4624 801 4688; x_wconf 74' lang='grc' dir='ltr'>οὐδεὶς</span> <span class='ocrx_word' id='word_1_393' title='bbox 828 4624 1084 4695; x_wconf 77' lang='grc' dir='ltr'>ἁρπάζει.</span> <span class='ocrx_word' id='word_1_394' title='bbox 1117 4626 1190 4677; x_wconf 80' lang='grc' dir='ltr'>Οὐ</span> <span class='ocrx_word' id='word_1_395' title='bbox 1208 4630 1367 4698; x_wconf 89' lang='grc' dir='ltr'>τηρεῖ</span> <span class='ocrx_word' id='word_1_396' title='bbox 1385 4627 1441 4679; x_wconf 88' lang='grc' dir='ltr'>δέ</span> <span class='ocrx_word' id='word_1_397' title='bbox 1473 4629 1630 4697; x_wconf 91' lang='grc' dir='ltr'>μόνον</span> <span class='ocrx_word' id='word_1_398' title='bbox 1648 4629 1747 4693; x_wconf 89' lang='grc' dir='ltr'>τάς</span> <span class='ocrx_word' id='word_1_399' title='bbox 1779 4648 2097 4702; x_wconf 89' lang='grc' dir='ltr'>παρακατα-</span> 
     </span>
    </p>
   </div>
   <div class='ocr_carea' id='block_1_50' title="bbox 414 4711 2093 4785">
    <p class='ocr_par' dir='ltr' id='par_1_50' title="bbox 414 4711 2093 4785">
     <span class='ocr_line' id='line_1_50' title="bbox 414 4711 2093 4785; baseline 0.005 -19"><span class='ocrx_word' id='word_1_400' title='bbox 414 4713 608 4783; x_wconf 85' lang='grc' dir='ltr'>θήκας,</span> <span class='ocrx_word' id='word_1_401' title='bbox 647 4711 786 4767; x_wconf 80' lang='grc' dir='ltr'>ἀλλά</span> <span class='ocrx_word' id='word_1_402' title='bbox 817 4713 912 4765; x_wconf 75' lang='grc' dir='ltr'>καὶ</span> <span class='ocrx_word' id='word_1_403' title='bbox 945 4713 1084 4784; x_wconf 84' lang='grc' dir='ltr'>ὑπὲρ</span> <span class='ocrx_word' id='word_1_404' title='bbox 1117 4713 1283 4767; x_wconf 88' lang='grc' dir='ltr'>αὐτοῦ</span> <span class='ocrx_word' id='word_1_405' title='bbox 1312 4714 1502 4768; x_wconf 89' lang='grc' dir='ltr'>τούτου</span> <span class='ocrx_word' id='word_1_406' title='bbox 1536 4715 1652 4769; x_wconf 89' lang='grc' dir='ltr'>λύει</span> <span class='ocrx_word' id='word_1_407' title='bbox 1682 4734 1763 4770; x_wconf 91' lang='grc' dir='ltr'>σοι</span> <span class='ocrx_word' id='word_1_408' title='bbox 1813 4721 1941 4785; x_wconf 74' lang='grc' dir='ltr'>τοὺς</span> <span class='ocrx_word' id='word_1_409' title='bbox 1971 4739 2093 4775; x_wconf 89' lang='grc' dir='ltr'>κιν-</span> 
     </span>
    </p>
   </div>
   <div class='ocr_carea' id='block_1_51' title="bbox 412 4801 2094 4877">
    <p class='ocr_par' dir='ltr' id='par_1_51' title="bbox 412 4801 2094 4877">
     <span class='ocr_line' id='line_1_51' title="bbox 412 4801 2094 4877; baseline 0.005 -22"><span class='ocrx_word' id='word_1_410' title='bbox 412 4801 622 4867; x_wconf 89' lang='grc' dir='ltr'>δύνους.</span> <span class='ocrx_word' id='word_1_411' title='bbox 675 4802 797 4856; x_wconf 80' lang='grc' dir='ltr'>Ἐπὶ</span> <span class='ocrx_word' id='word_1_412' title='bbox 827 4803 927 4873; x_wconf 87' lang='grc' dir='ltr'>μὲν</span> <span class='ocrx_word' id='word_1_413' title='bbox 956 4801 1067 4873; x_wconf 80' lang='grc' dir='ltr'>γὰρ</span> <span class='ocrx_word' id='word_1_414' title='bbox 1110 4802 1220 4856; x_wconf 88' lang='grc' dir='ltr'>τῶν</span> <span class='ocrx_word' id='word_1_415' title='bbox 1262 4802 1567 4875; x_wconf 85' lang='grc' dir='ltr'>ἀνθρώπων</span> <span class='ocrx_word' id='word_1_416' title='bbox 1611 4807 1659 4858; x_wconf 87' lang='grc' dir='ltr'>οἱ</span> <span class='ocrx_word' id='word_1_417' title='bbox 1688 4805 1970 4877; x_wconf 81' lang='grc' dir='ltr'>δεξάμενοι</span> <span class='ocrx_word' id='word_1_418' title='bbox 1994 4809 2094 4873; x_wconf 87' lang='grc' dir='ltr'>τάς</span> 
     </span>
    </p>
   </div>
   <div class='ocr_carea' id='block_1_52' title="bbox 416 4889 2092 4965">
    <p class='ocr_par' dir='ltr' id='par_1_52' title="bbox 416 4889 2092 4965">
     <span class='ocr_line' id='line_1_52' title="bbox 416 4889 2092 4965; baseline 0.004 -21"><span class='ocrx_word' id='word_1_419' title='bbox 416 4889 886 4962; x_wconf 81' lang='grc' dir='ltr'>παρακαταθήκας</span> <span class='ocrx_word' id='word_1_420' title='bbox 911 4890 1071 4961; x_wconf 87' lang='grc' dir='ltr'>χάριν</span> <span class='ocrx_word' id='word_1_421' title='bbox 1099 4892 1229 4960; x_wconf 84' lang='grc' dir='ltr'>ἡμῖν</span> <span class='ocrx_word' id='word_1_422' title='bbox 1251 4890 1541 4945; x_wconf 79' lang='grc' dir='ltr'>δεδωκέναι</span> <span class='ocrx_word' id='word_1_423' title='bbox 1567 4893 1867 4963; x_wconf 76' lang='grc' dir='ltr'>νομίζουσι,</span> <span class='ocrx_word' id='word_1_424' title='bbox 1894 4896 2092 4965; x_wconf 78' lang='grc' dir='ltr'>φυλάτ·</span> 
     </span>
    </p>
   </div>
   <div class='ocr_carea' id='block_1_53' title="bbox 412 4979 2091 5053">
    <p class='ocr_par' dir='ltr' id='par_1_53' title="bbox 412 4979 2091 5053">
     <span class='ocr_line' id='line_1_53' title="bbox 412 4979 2091 5053; baseline 0.004 -20"><span class='ocrx_word' id='word_1_425' title='bbox 412 4997 596 5043; x_wconf 89' lang='grc' dir='ltr'>τοντες</span> <span class='ocrx_word' id='word_1_426' title='bbox 634 4979 778 5050; x_wconf 81' lang='grc' dir='ltr'>ἅπερ</span> <span class='ocrx_word' id='word_1_427' title='bbox 822 4979 1049 5034; x_wconf 72' lang='grc' dir='ltr'>ἔλαϐον*</span> <span class='ocrx_word' id='word_1_428' title='bbox 1101 4980 1193 5033; x_wconf 76' lang='grc' dir='ltr'>ἐπὶ</span> <span class='ocrx_word' id='word_1_429' title='bbox 1225 4980 1281 5034; x_wconf 85' lang='grc' dir='ltr'>δέ</span> <span class='ocrx_word' id='word_1_430' title='bbox 1323 4982 1416 5034; x_wconf 86' lang='grc' dir='ltr'>τοῦ</span> <span class='ocrx_word' id='word_1_431' title='bbox 1461 4983 1699 5053; x_wconf 82' lang='grc' dir='ltr'>Χριστοῦ</span> <span class='ocrx_word' id='word_1_432' title='bbox 1748 4986 2091 5040; x_wconf 79' lang='grc' dir='ltr'>τούναντίονο</span> 
     </span>
    </p>
   </div>
   <div class='ocr_carea' id='block_1_54' title="bbox 411 5068 2093 5145">
    <p class='ocr_par' dir='ltr' id='par_1_54' title="bbox 411 5068 2093 5145">
     <span class='ocr_line' id='line_1_54' title="bbox 411 5068 2093 5145; baseline 0.005 -25"><span class='ocrx_word' id='word_1_433' title='bbox 411 5069 474 5121; x_wconf 83' lang='grc' dir='ltr'>οὐ</span> <span class='ocrx_word' id='word_1_434' title='bbox 506 5068 618 5138; x_wconf 77' lang='grc' dir='ltr'>γάρ</span> <span class='ocrx_word' id='word_1_435' title='bbox 666 5068 958 5121; x_wconf 86' lang='grc' dir='ltr'>δεδωκέναι</span> <span class='ocrx_word' id='word_1_436' title='bbox 1012 5069 1171 5140; x_wconf 86' lang='grc' dir='ltr'>χάριν</span> <span class='ocrx_word' id='word_1_437' title='bbox 1199 5109 1213 5132; x_wconf 93' lang='grc'>,</span> <span class='ocrx_word' id='word_1_438' title='bbox 1260 5069 1376 5123; x_wconf 87' lang='grc' dir='ltr'>ἀλλ’</span> <span class='ocrx_word' id='word_1_439' title='bbox 1430 5070 1711 5142; x_wconf 89' lang='grc' dir='ltr'>εἰληφέναι</span> <span class='ocrx_word' id='word_1_440' title='bbox 1749 5075 1929 5145; x_wconf 90' lang='grc' dir='ltr'>χάριν,</span> <span class='ocrx_word' id='word_1_441' title='bbox 1965 5077 2093 5129; x_wconf 80' lang='grc' dir='ltr'>ὅταν</span> 
     </span>
    </p>
   </div>
   <div class='ocr_carea' id='block_1_55' title="bbox 411 5156 2093 5235">
    <p class='ocr_par' dir='ltr' id='par_1_55' title="bbox 411 5156 2093 5235">
     <span class='ocr_line' id='line_1_55' title="bbox 411 5156 2093 5235; baseline 0.005 -26"><span class='ocrx_word' id='word_1_442' title='bbox 411 5156 635 5227; x_wconf 79' lang='grc' dir='ltr'>δέξηται</span> <span class='ocrx_word' id='word_1_443' title='bbox 663 5172 756 5207; x_wconf 91' lang='grc' dir='ltr'>σου</span> <span class='ocrx_word' id='word_1_444' title='bbox 790 5156 888 5219; x_wconf 84' lang='grc' dir='ltr'>τὰς</span> <span class='ocrx_word' id='word_1_445' title='bbox 935 5157 1428 5229; x_wconf 80' lang='grc' dir='ltr'>παρακαταθήκας,</span> <span class='ocrx_word' id='word_1_446' title='bbox 1470 5161 1654 5228; x_wconf 74' lang='grc' dir='ltr'>φησὶν,</span> <span class='ocrx_word' id='word_1_447' title='bbox 1698 5162 1790 5214; x_wconf 74' lang='grc' dir='ltr'>καὶ</span> <span class='ocrx_word' id='word_1_448' title='bbox 1825 5163 1965 5235; x_wconf 83' lang='grc' dir='ltr'>ὑπὲρ</span> <span class='ocrx_word' id='word_1_449' title='bbox 1994 5165 2093 5235; x_wconf 88' lang='grc' dir='ltr'>τῆς</span> 
     </span>
    </p>
   </div>
   <div class='ocr_carea' id='block_1_56' title="bbox 414 5242 2092 5318">
    <p class='ocr_par' dir='ltr' id='par_1_56' title="bbox 414 5242 2092 5318">
     <span class='ocr_line' id='line_1_56' title="bbox 414 5242 2092 5318; baseline 0.006 -21"><span class='ocrx_word' id='word_1_450' title='bbox 414 5244 661 5315; x_wconf 79' lang='grc' dir='ltr'>φυλακῆς</span> <span class='ocrx_word' id='word_1_451' title='bbox 694 5243 890 5314; x_wconf 83' lang='grc' dir='ltr'>αὐτῆς,</span> <span class='ocrx_word' id='word_1_452' title='bbox 923 5242 991 5313; x_wconf 86' lang='grc' dir='ltr'>ἢν</span> <span class='ocrx_word' id='word_1_453' title='bbox 1025 5246 1154 5314; x_wconf 73' lang='grc' dir='ltr'>περὶ</span> <span class='ocrx_word' id='word_1_454' title='bbox 1191 5244 1259 5298; x_wconf 90' lang='grc' dir='ltr'>τά</span> <span class='ocrx_word' id='word_1_455' title='bbox 1306 5247 1567 5318; x_wconf 87' lang='grc' dir='ltr'>χρήματα</span> <span class='ocrx_word' id='word_1_456' title='bbox 1612 5249 1979 5304; x_wconf 87' lang='grc' dir='ltr'>ἐπιδείκνυται</span> <span class='ocrx_word' id='word_1_457' title='bbox 2027 5253 2092 5307; x_wconf 74' lang='grc' dir='ltr'>τὰ</span> 
     </span>
    </p>
   </div>
   <div class='ocr_carea' id='block_1_57' title="bbox 416 5331 1951 5407">
    <p class='ocr_par' dir='ltr' id='par_1_57' title="bbox 416 5331 1951 5407">
     <span class='ocr_line' id='line_1_57' title="bbox 416 5331 1951 5407; baseline 0.005 -23"><span class='ocrx_word' id='word_1_458' title='bbox 416 5332 507 5400; x_wconf 82' lang='grc' dir='ltr'>σὰ,</span> <span class='ocrx_word' id='word_1_459' title='bbox 541 5333 642 5385; x_wconf 85' lang='grc' dir='ltr'>οὐκ</span> <span class='ocrx_word' id='word_1_460' title='bbox 669 5331 892 5386; x_wconf 89' lang='grc' dir='ltr'>ἀπαιτεῖ</span> <span class='ocrx_word' id='word_1_461' title='bbox 929 5348 988 5384; x_wconf 90' lang='grc' dir='ltr'>σε</span> <span class='ocrx_word' id='word_1_462' title='bbox 1017 5332 1227 5403; x_wconf 84' lang='grc' dir='ltr'>μισθὸν,</span> <span class='ocrx_word' id='word_1_463' title='bbox 1257 5333 1396 5387; x_wconf 89' lang='grc' dir='ltr'>ἀλλά</span> <span class='ocrx_word' id='word_1_464' title='bbox 1419 5334 1602 5388; x_wconf 90' lang='grc' dir='ltr'>δίδωσί</span> <span class='ocrx_word' id='word_1_465' title='bbox 1635 5353 1716 5389; x_wconf 92' lang='grc' dir='ltr'>σοι</span> <span class='ocrx_word' id='word_1_466' title='bbox 1740 5337 1951 5407; x_wconf 89' lang='grc' dir='ltr'>μισθόν.</span> 
     </span>
    </p>
   </div>
   <div class='ocr_carea' id='block_1_58' title="bbox 486 5419 2096 5496">
    <p class='ocr_par' dir='ltr' id='par_1_58' title="bbox 486 5419 2096 5496">
     <span class='ocr_line' id='line_1_58' title="bbox 486 5419 2096 5496; baseline 0.009 -29"><span class='ocrx_word' id='word_1_467' title='bbox 486 5428 559 5485; x_wconf 87' lang='grc' dir='ltr'>ς’.</span> <span class='ocrx_word' id='word_1_468' title='bbox 588 5422 653 5474; x_wconf 76' lang='grc' dir='ltr'><strong>Ἀ</strong></span> <span class='ocrx_word' id='word_1_469' title='bbox 665 5437 733 5492; x_wconf 89' lang='grc' dir='ltr'>ρα</span> <span class='ocrx_word' id='word_1_470' title='bbox 763 5420 909 5484; x_wconf 89' lang='grc' dir='ltr'>τίνος</span> <span class='ocrx_word' id='word_1_471' title='bbox 929 5419 995 5473; x_wconf 83' lang='grc' dir='ltr'>ἂν</span> <span class='ocrx_word' id='word_1_472' title='bbox 1010 5422 1204 5492; x_wconf 79' lang='grc' dir='ltr'>εἴημεν</span> <span class='ocrx_word' id='word_1_473' title='bbox 1216 5422 1510 5491; x_wconf 87' lang='grc' dir='ltr'>ἀπολογίας</span> <span class='ocrx_word' id='word_1_474' title='bbox 1527 5423 1687 5489; x_wconf 78' lang='grc' dir='ltr'>ἄξιοι,</span> <span class='ocrx_word' id='word_1_475' title='bbox 1715 5426 1859 5489; x_wconf 87' lang='grc' dir='ltr'>τίνος</span> <span class='ocrx_word' id='word_1_476' title='bbox 1875 5426 1932 5479; x_wconf 82' lang='grc' dir='ltr'>δέ</span> <span class='ocrx_word' id='word_1_477' title='bbox 1963 5445 2096 5496; x_wconf 71' lang='grc' dir='ltr'>συγ-ο</span> 
     </span>
    </p>
   </div>
   <div class='ocr_carea' id='block_1_59' title="bbox 417 5507 2094 5583">
    <p class='ocr_par' dir='ltr' id='par_1_59' title="bbox 417 5507 2094 5583">
     <span class='ocr_line' id='line_1_59' title="bbox 417 5507 2094 5583; baseline 0.005 -22"><span class='ocrx_word' id='word_1_478' title='bbox 417 5507 637 5580; x_wconf 85' lang='grc' dir='ltr'>γνώμης</span> <span class='ocrx_word' id='word_1_479' title='bbox 662 5550 677 5571; x_wconf 89' lang='grc'>,</span> <span class='ocrx_word' id='word_1_480' title='bbox 716 5509 852 5562; x_wconf 84' lang='grc' dir='ltr'>ὅταν</span> <span class='ocrx_word' id='word_1_481' title='bbox 906 5510 1345 5582; x_wconf 88' lang='grc' dir='ltr'>παρατρέχοντες</span> <span class='ocrx_word' id='word_1_482' title='bbox 1380 5510 1471 5564; x_wconf 83' lang='grc' dir='ltr'>τὸν</span> <span class='ocrx_word' id='word_1_483' title='bbox 1519 5513 1614 5565; x_wconf 76' lang='grc' dir='ltr'>καὶ</span> <span class='ocrx_word' id='word_1_484' title='bbox 1659 5514 1891 5583; x_wconf 78' lang='grc' dir='ltr'>φυλάξαι</span> <span class='ocrx_word' id='word_1_485' title='bbox 1928 5517 2094 5570; x_wconf 77' lang='grc' dir='ltr'>δυνά-ο</span> 
     </span>
    </p>
   </div>
   <div class='ocr_carea' id='block_1_60' title="bbox 422 5592 2095 5669">
    <p class='ocr_par' dir='ltr' id='par_1_60' title="bbox 422 5592 2095 5669">
     <span class='ocr_line' id='line_1_60' title="bbox 422 5592 2095 5669; baseline 0.008 -28"><span class='ocrx_word' id='word_1_486' title='bbox 422 5605 601 5656; x_wconf 86' lang='grc' dir='ltr'>μενον,</span> <span class='ocrx_word' id='word_1_487' title='bbox 634 5592 730 5644; x_wconf 78' lang='grc' dir='ltr'>καὶ</span> <span class='ocrx_word' id='word_1_488' title='bbox 756 5594 916 5664; x_wconf 82' lang='grc' dir='ltr'>χάριν</span> <span class='ocrx_word' id='word_1_489' title='bbox 944 5593 1083 5664; x_wconf 80' lang='grc' dir='ltr'>ὑπὲρ</span> <span class='ocrx_word' id='word_1_490' title='bbox 1114 5593 1214 5663; x_wconf 84' lang='grc' dir='ltr'>τῆς</span> <span class='ocrx_word' id='word_1_491' title='bbox 1246 5592 1496 5665; x_wconf 83' lang='grc' dir='ltr'>φυλακῆς</span> <span class='ocrx_word' id='word_1_492' title='bbox 1524 5595 1722 5663; x_wconf 87' lang='grc' dir='ltr'>εἰδότα,</span> <span class='ocrx_word' id='word_1_493' title='bbox 1750 5599 1843 5651; x_wconf 75' lang='grc' dir='ltr'>καὶ</span> <span class='ocrx_word' id='word_1_494' title='bbox 1868 5599 2095 5669; x_wconf 77' lang='grc' dir='ltr'>μισθοὺς</span> 
     </span>
    </p>
   </div>
   <div class='ocr_carea' id='block_1_61' title="bbox 419 5672 2095 5753">
    <p class='ocr_par' dir='ltr' id='par_1_61' title="bbox 419 5672 2095 5753">
     <span class='ocr_line' id='line_1_61' title="bbox 419 5672 2095 5753; baseline 0.008 -31"><span class='ocrx_word' id='word_1_495' title='bbox 419 5672 761 5743; x_wconf 76' lang='grc' dir='ltr'>ἀπορρήτους</span> <span class='ocrx_word' id='word_1_496' title='bbox 783 5677 875 5729; x_wconf 77' lang='grc' dir='ltr'>καὶ</span> <span class='ocrx_word' id='word_1_497' title='bbox 903 5677 1176 5747; x_wconf 87' lang='grc' dir='ltr'>μεγάλους</span> <span class='ocrx_word' id='word_1_498' title='bbox 1214 5676 1531 5731; x_wconf 85' lang='grc' dir='ltr'>ἀποδιδόντα</span> <span class='ocrx_word' id='word_1_499' title='bbox 1561 5679 1683 5732; x_wconf 85' lang='grc' dir='ltr'>ἀντί</span> <span class='ocrx_word' id='word_1_500' title='bbox 1713 5682 1811 5751; x_wconf 86' lang='grc' dir='ltr'>τῆς</span> <span class='ocrx_word' id='word_1_501' title='bbox 1845 5682 2095 5753; x_wconf 81' lang='grc' dir='ltr'>φυλακῆς</span> 
     </span>
    </p>
   </div>
   <div class='ocr_carea' id='block_1_62' title="bbox 418 5754 2097 5833">
    <p class='ocr_par' dir='ltr' id='par_1_62' title="bbox 418 5754 2097 5833">
     <span class='ocr_line' id='line_1_62' title="bbox 418 5754 2097 5833; baseline 0.007 -29"><span class='ocrx_word' id='word_1_502' title='bbox 418 5754 621 5824; x_wconf 87' lang='grc' dir='ltr'>ταύτης</span> <span class='ocrx_word' id='word_1_503' title='bbox 665 5759 776 5821; x_wconf 87' lang='grc' dir='ltr'>τοῖς</span> <span class='ocrx_word' id='word_1_504' title='bbox 813 5760 954 5813; x_wconf 88' lang='grc' dir='ltr'>κατά</span> <span class='ocrx_word' id='word_1_505' title='bbox 980 5761 1081 5832; x_wconf 82' lang='grc' dir='ltr'>τὴν</span> <span class='ocrx_word' id='word_1_506' title='bbox 1131 5760 1380 5832; x_wconf 82' lang='grc' dir='ltr'>φυλακὴν</span> <span class='ocrx_word' id='word_1_507' title='bbox 1413 5761 1617 5833; x_wconf 88' lang='grc' dir='ltr'>ταύτην</span> <span class='ocrx_word' id='word_1_508' title='bbox 1649 5763 1966 5819; x_wconf 86' lang='grc' dir='ltr'>ἀσθενοῦσιν</span> <span class='ocrx_word' id='word_1_509' title='bbox 2002 5764 2097 5817; x_wconf 87' lang='grc' dir='ltr'>ἀν-</span> 
     </span>
    </p>
   </div>
   <div class='ocr_carea' id='block_1_63' title="bbox 482 5890 2095 5967">
    <p class='ocr_par' dir='ltr' id='par_1_63' title="bbox 482 5890 2095 5967">
     <span class='ocr_line' id='line_1_63' title="bbox 482 5890 2095 5967; baseline 0.011 -30"><span class='ocrx_word' id='word_1_510' title='bbox 482 5890 603 5967; x_wconf 34' lang='grc' dir='ltr'>ξιρυ</span> <span class='ocrx_word' id='word_1_511' title='bbox 625 5892 798 5967; x_wconf 65' lang='grc' dir='ltr'>ταύτην</span> <span class='ocrx_word' id='word_1_512' title='bbox 821 5896 1026 5967; x_wconf 38' lang='grc' dir='ltr'>ληᾴπελ.</span> <span class='ocrx_word' id='word_1_513' title='bbox 1053 5898 1190 5959; x_wconf 82' lang='lat' dir='ltr'>Haec,</span> <span class='ocrx_word' id='word_1_514' title='bbox 1212 5901 1262 5949; x_wconf 84' lang='lat' dir='ltr'>in</span> <span class='ocrx_word' id='word_1_515' title='bbox 1283 5901 1468 5967; x_wconf 84' lang='lat' dir='ltr'>Savi_|_io</span> <span class='ocrx_word' id='word_1_516' title='bbox 1486 5914 1746 5967; x_wconf 62' lang='lat' dir='ltr'>pxpressa,</span> <span class='ocrx_word' id='word_1_517' title='bbox 1770 5908 1827 5954; x_wconf 73' lang='lat' dir='ltr'>ut</span> <span class='ocrx_word' id='word_1_518' title='bbox 1844 5917 1956 5967; x_wconf 63' lang='lat' dir='ltr'>qua</span> <span class='ocrx_word' id='word_1_519' title='bbox 1979 5918 2095 5955; x_wconf 86' lang='lat' dir='ltr'><strong>sen-</strong></span> 
     </span>
    </p>
   </div>
   <div class='ocr_carea' id='block_1_64' title="bbox 426 5954 1802 6026">
    <p class='ocr_par' dir='ltr' id='par_1_64' title="bbox 426 5954 1802 6026">
     <span class='ocr_line' id='line_1_64' title="bbox 426 5954 1802 6026; baseline 0.012 -27"><span class='ocrx_word' id='word_1_520' title='bbox 426 5954 778 6026; x_wconf 60' lang='grc' dir='ltr'>ιεῃιὶεερεῐσιθε</span> <span class='ocrx_word' id='word_1_521' title='bbox 799 5959 987 6026; x_wconf 73' lang='lat' dir='ltr'>opti_r_ne</span> <span class='ocrx_word' id='word_1_522' title='bbox 1008 5954 1319 6025; x_wconf 71' lang='lat' dir='ltr'>conneétam,</span> <span class='ocrx_word' id='word_1_523' title='bbox 1344 5954 1629 6026; x_wconf 63' lang='lat' dir='ltr'>adjecimﬁs.</span> <span class='ocrx_word' id='word_1_524' title='bbox 1667 5954 1802 6018; x_wconf 71' lang='grc' dir='ltr'>Εόιτ.</span> 
     </span>
    </p>
   </div>
   <div class='ocr_carea' id='block_1_65' title="bbox 486 6009 1085 6077">
    <p class='ocr_par' dir='ltr' id='par_1_65' title="bbox 486 6009 1085 6077">
     <span class='ocr_line' id='line_1_65' title="bbox 486 6009 1085 6077; baseline 0.012 -16"><span class='ocrx_word' id='word_1_525' title='bbox 486 6009 514 6047; x_wconf 72' lang='grc' dir='ltr'>ι’</span> <span class='ocrx_word' id='word_1_526' title='bbox 533 6009 631 6062; x_wconf 70' lang='lat' dir='ltr'>Alii</span> <span class='ocrx_word' id='word_1_527' title='bbox 663 6009 1065 6077; x_wconf 73' lang='grc' dir='ltr'>παρακατάθοιντο</span> <span class='ocrx_word' id='word_1_528' title='bbox 1075 6054 1085 6067; x_wconf 95' lang='grc'>.</span> 
     </span>
    </p>
   </div>
   <div class='ocr_carea' id='block_1_66' title="bbox 2188 478 3883 573">
    <p class='ocr_par' dir='ltr' id='par_1_66' title="bbox 2188 478 3883 573">
     <span class='ocr_line' id='line_1_66' title="bbox 2188 478 3883 573; baseline -0.014 -19"><span class='ocrx_word' id='word_1_529' title='bbox 2188 499 2451 573; x_wconf 81' lang='grc' dir='ltr'>θρώποις,</span> <span class='ocrx_word' id='word_1_530' title='bbox 2498 498 2593 552; x_wconf 77' lang='grc' dir='ltr'>καὶ</span> <span class='ocrx_word' id='word_1_531' title='bbox 2638 496 2797 567; x_wconf 87' lang='grc' dir='ltr'>χάριν</span> <span class='ocrx_word' id='word_1_532' title='bbox 2841 494 2974 563; x_wconf 77' lang='grc' dir='ltr'>ἡμῖν</span> <span class='ocrx_word' id='word_1_533' title='bbox 3007 487 3211 544; x_wconf 84' lang='grc' dir='ltr'>διδόναι</span> <span class='ocrx_word' id='word_1_534' title='bbox 3254 484 3559 573; x_wconf 78' lang='grc' dir='ltr'>νομίζουσι,</span> <span class='ocrx_word' id='word_1_535' title='bbox 3593 481 3690 573; x_wconf 54' lang='grc' dir='ltr'>καῖ</span> 
     </span>
    </p>
   </div>
   <div class='ocr_carea' id='block_1_67' title="bbox 2189 568 3869 657">
    <p class='ocr_par' dir='ltr' id='par_1_67' title="bbox 2189 568 3869 657">
     <span class='ocr_line' id='line_1_67' title="bbox 2189 568 3869 657; baseline -0.013 -14"><span class='ocrx_word' id='word_1_536' title='bbox 2189 568 2330 643; x_wconf 82' lang='grc' dir='ltr'>αὐτά</span> <span class='ocrx_word' id='word_1_537' title='bbox 2358 587 2428 641; x_wconf 87' lang='grc' dir='ltr'>τά</span> <span class='ocrx_word' id='word_1_538' title='bbox 2451 586 2706 657; x_wconf 88' lang='grc' dir='ltr'>διδόμενα</span> <span class='ocrx_word' id='word_1_539' title='bbox 2732 578 3073 636; x_wconf 87' lang='grc' dir='ltr'>ἀποδιδοῦσιν</span> <span class='ocrx_word' id='word_1_540' title='bbox 3108 575 3233 628; x_wconf 80' lang='grc' dir='ltr'>ύστε</span> <span class='ocrx_word' id='word_1_541' title='bbox 3244 591 3354 646; x_wconf 88' lang='grc' dir='ltr'>ρον,</span> <span class='ocrx_word' id='word_1_542' title='bbox 3381 572 3612 636; x_wconf 87' lang='grc' dir='ltr'>ἐκείνοις</span> <span class='ocrx_word' id='word_1_543' title='bbox 3638 570 3706 624; x_wconf 84' lang='grc' dir='ltr'>τά</span> <span class='ocrx_word' id='word_1_544' title='bbox 3731 568 3869 641; x_wconf 75' lang='grc' dir='ltr'>ήμέμ</span> 
     </span>
    </p>
   </div>
   <div class='ocr_carea' id='block_1_68' title="bbox 2181 663 3866 746">
    <p class='ocr_par' dir='ltr' id='par_1_68' title="bbox 2181 663 3866 746">
     <span class='ocr_line' id='line_1_68' title="bbox 2181 663 3866 746; baseline -0.008 -17"><span class='ocrx_word' id='word_1_545' title='bbox 2181 692 2316 746; x_wconf 87' lang='grc' dir='ltr'>τερα</span> <span class='ocrx_word' id='word_1_546' title='bbox 2364 673 2791 744; x_wconf 71' lang='grc' dir='ltr'>ἐγχειρίζωμεν;</span> <span class='ocrx_word' id='word_1_547' title='bbox 2854 671 3016 731; x_wconf 80' lang='grc' dir='ltr'>Ξένος</span> <span class='ocrx_word' id='word_1_548' title='bbox 3070 663 3122 720; x_wconf 75' lang='grc' dir='ltr'>εί</span> <span class='ocrx_word' id='word_1_549' title='bbox 3173 668 3270 719; x_wconf 77' lang='grc' dir='ltr'>καὶ</span> <span class='ocrx_word' id='word_1_550' title='bbox 3320 664 3701 737; x_wconf 89' lang='grc' dir='ltr'>παρεπίδημος</span> <span class='ocrx_word' id='word_1_551' title='bbox 3732 663 3866 746; x_wconf 13' lang='grc' dir='ltr'>Ϋτῶν</span> 
     </span>
    </p>
   </div>
   <div class='ocr_carea' id='block_1_69' title="bbox 2183 745 3864 826">
    <p class='ocr_par' dir='ltr' id='par_1_69' title="bbox 2183 745 3864 826">
     <span class='ocr_line' id='line_1_69' title="bbox 2183 745 3864 826; baseline -0.01 -13"><span class='ocrx_word' id='word_1_552' title='bbox 2183 745 2448 822; x_wconf 87' lang='grc' dir='ltr'>ἐνταῦθα;</span> <span class='ocrx_word' id='word_1_553' title='bbox 2473 754 2707 826; x_wconf 85' lang='grc' dir='ltr'>πατρίδα</span> <span class='ocrx_word' id='word_1_554' title='bbox 2728 753 2873 823; x_wconf 90' lang='grc' dir='ltr'>ἔχεις</span> <span class='ocrx_word' id='word_1_555' title='bbox 2895 753 2953 804; x_wconf 85' lang='grc' dir='ltr'>ἐν</span> <span class='ocrx_word' id='word_1_556' title='bbox 2981 751 3250 821; x_wconf 77' lang='grc' dir='ltr'>οὐρανοῖς,</span> <span class='ocrx_word' id='word_1_557' title='bbox 3276 749 3455 802; x_wconf 86' lang='grc' dir='ltr'>πάντα</span> <span class='ocrx_word' id='word_1_558' title='bbox 3476 748 3595 800; x_wconf 86' lang='grc' dir='ltr'>ἐκεῖ</span> <span class='ocrx_word' id='word_1_559' title='bbox 3611 745 3864 817; x_wconf 86' lang='grc' dir='ltr'>μετάθες,</span> 
     </span>
    </p>
   </div>
   <div class='ocr_carea' id='block_1_70' title="bbox 2184 831 3869 921">
    <p class='ocr_par' dir='ltr' id='par_1_70' title="bbox 2184 831 3869 921">
     <span class='ocr_line' id='line_1_70' title="bbox 2184 831 3869 921; baseline -0.008 -23"><span class='ocrx_word' id='word_1_560' title='bbox 2184 845 2301 921; x_wconf 62' lang='grc' dir='ltr'>βυ]</span> <span class='ocrx_word' id='word_1_561' title='bbox 2343 847 2432 898; x_wconf 85' lang='grc' dir='ltr'>ἶνα</span> <span class='ocrx_word' id='word_1_562' title='bbox 2459 844 2557 897; x_wconf 82' lang='grc' dir='ltr'>καὶ</span> <span class='ocrx_word' id='word_1_563' title='bbox 2592 841 2700 913; x_wconf 83' lang='grc' dir='ltr'>πρὸ</span> <span class='ocrx_word' id='word_1_564' title='bbox 2740 843 2843 912; x_wconf 87' lang='grc' dir='ltr'>τῆς</span> <span class='ocrx_word' id='word_1_565' title='bbox 2872 838 3229 902; x_wconf 87' lang='grc' dir='ltr'>ἀπολαύσεως</span> <span class='ocrx_word' id='word_1_566' title='bbox 3270 835 3501 891; x_wconf 84' lang='grc' dir='ltr'>ἐνταῦθα</span> <span class='ocrx_word' id='word_1_567' title='bbox 3550 831 3869 905; x_wconf 77' lang='grc' dir='ltr'>ἀπολαύσῃς</span> 
     </span>
    </p>
   </div>
   <div class='ocr_carea' id='block_1_71' title="bbox 2182 924 3869 1007">
    <p class='ocr_par' dir='ltr' id='par_1_71' title="bbox 2182 924 3869 1007">
     <span class='ocr_line' id='line_1_71' title="bbox 2182 924 3869 1007; baseline -0.009 -16"><span class='ocrx_word' id='word_1_568' title='bbox 2182 938 2283 1007; x_wconf 80' lang='grc' dir='ltr'>τῆς</span> <span class='ocrx_word' id='word_1_569' title='bbox 2305 935 2561 1006; x_wconf 87' lang='grc' dir='ltr'>ἀμοιϐῆς.</span> <span class='ocrx_word' id='word_1_570' title='bbox 2602 933 2662 986; x_wconf 83' lang='grc' dir='ltr'>Ὀ</span> <span class='ocrx_word' id='word_1_571' title='bbox 2686 930 2794 1002; x_wconf 87' lang='grc' dir='ltr'>γάρ</span> <span class='ocrx_word' id='word_1_572' title='bbox 2820 931 3087 1001; x_wconf 87' lang='grc' dir='ltr'>χρησταῖς</span> <span class='ocrx_word' id='word_1_573' title='bbox 3110 926 3540 998; x_wconf 81' lang='grc' dir='ltr'>συντρεφόμενος</span> <span class='ocrx_word' id='word_1_574' title='bbox 3568 924 3753 978; x_wconf 89' lang='grc' dir='ltr'>ἐλπίσι</span> <span class='ocrx_word' id='word_1_575' title='bbox 3775 924 3869 977; x_wconf 83' lang='grc' dir='ltr'>καὶ</span> 
     </span>
    </p>
   </div>
   <div class='ocr_carea' id='block_1_72' title="bbox 2185 1011 3870 1096">
    <p class='ocr_par' dir='ltr' id='par_1_72' title="bbox 2185 1011 3870 1096">
     <span class='ocr_line' id='line_1_72' title="bbox 2185 1011 3870 1096; baseline -0.009 -19"><span class='ocrx_word' id='word_1_576' title='bbox 2185 1026 2313 1096; x_wconf 84' lang='grc' dir='ltr'>περί</span> <span class='ocrx_word' id='word_1_577' title='bbox 2360 1023 2468 1076; x_wconf 90' lang='grc' dir='ltr'>τῶν</span> <span class='ocrx_word' id='word_1_578' title='bbox 2508 1020 2814 1093; x_wconf 89' lang='grc' dir='ltr'>μελλόντων</span> <span class='ocrx_word' id='word_1_579' title='bbox 2848 1015 3103 1090; x_wconf 76' lang='grc' dir='ltr'>θαρρῶν,</span> <span class='ocrx_word' id='word_1_580' title='bbox 3143 1014 3394 1067; x_wconf 78' lang='grc' dir='ltr'>ἐντεῦθεν</span> <span class='ocrx_word' id='word_1_581' title='bbox 3430 1014 3532 1084; x_wconf 84' lang='grc' dir='ltr'>ῆδη</span> <span class='ocrx_word' id='word_1_582' title='bbox 3563 1012 3666 1082; x_wconf 82' lang='grc' dir='ltr'>τῆς</span> <span class='ocrx_word' id='word_1_583' title='bbox 3708 1011 3870 1081; x_wconf 86' lang='grc' dir='ltr'>βασι-</span> 
     </span>
    </p>
   </div>
   <div class='ocr_carea' id='block_1_73' title="bbox 2182 1100 3870 1178">
    <p class='ocr_par' dir='ltr' id='par_1_73' title="bbox 2182 1100 3870 1178">
     <span class='ocr_line' id='line_1_73' title="bbox 2182 1100 3870 1178; baseline -0.007 -15"><span class='ocrx_word' id='word_1_584' title='bbox 2182 1110 2332 1175; x_wconf 90' lang='grc' dir='ltr'>λείας</span> <span class='ocrx_word' id='word_1_585' title='bbox 2375 1109 2669 1178; x_wconf 82' lang='grc' dir='ltr'>ἐγεύσατο.</span> <span class='ocrx_word' id='word_1_586' title='bbox 2702 1106 2869 1160; x_wconf 86' lang='grc' dir='ltr'>Οὐδὲν</span> <span class='ocrx_word' id='word_1_587' title='bbox 2896 1105 3006 1175; x_wconf 84' lang='grc' dir='ltr'>γὰρ</span> <span class='ocrx_word' id='word_1_588' title='bbox 3035 1103 3180 1156; x_wconf 74' lang='grc' dir='ltr'>οὕτω</span> <span class='ocrx_word' id='word_1_589' title='bbox 3203 1101 3380 1173; x_wconf 76' lang='grc' dir='ltr'>ψυχὴν</span> <span class='ocrx_word' id='word_1_590' title='bbox 3407 1102 3597 1154; x_wconf 84' lang='grc' dir='ltr'>εἴωθεν</span> <span class='ocrx_word' id='word_1_591' title='bbox 3628 1100 3870 1152; x_wconf 80' lang='grc' dir='ltr'>ἀνακτᾶ-</span> 
     </span>
    </p>
   </div>
   <div class='ocr_carea' id='block_1_74' title="bbox 2186 1188 3871 1269">
    <p class='ocr_par' dir='ltr' id='par_1_74' title="bbox 2186 1188 3871 1269">
     <span class='ocr_line' id='line_1_74' title="bbox 2186 1188 3871 1269; baseline -0.008 -16"><span class='ocrx_word' id='word_1_592' title='bbox 2186 1199 2311 1253; x_wconf 90' lang='grc' dir='ltr'>σθαι</span> <span class='ocrx_word' id='word_1_593' title='bbox 2344 1199 2439 1252; x_wconf 83' lang='grc' dir='ltr'>καὶ</span> <span class='ocrx_word' id='word_1_594' title='bbox 2479 1196 2687 1269; x_wconf 89' lang='grc' dir='ltr'>ἀμείνω</span> <span class='ocrx_word' id='word_1_595' title='bbox 2718 1196 2892 1248; x_wconf 88' lang='grc' dir='ltr'>ποιεῖν</span> <span class='ocrx_word' id='word_1_596' title='bbox 2912 1234 2927 1259; x_wconf 96' lang='grc'>,</span> <span class='ocrx_word' id='word_1_597' title='bbox 2976 1193 3053 1257; x_wconf 86' lang='grc' dir='ltr'>ὡς</span> <span class='ocrx_word' id='word_1_598' title='bbox 3086 1194 3120 1263; x_wconf 87' lang='grc' dir='ltr'>ή</span> <span class='ocrx_word' id='word_1_599' title='bbox 3171 1190 3383 1263; x_wconf 87' lang='grc' dir='ltr'>χρηστὴ</span> <span class='ocrx_word' id='word_1_600' title='bbox 3422 1191 3531 1242; x_wconf 89' lang='grc' dir='ltr'>τῶν</span> <span class='ocrx_word' id='word_1_601' title='bbox 3564 1188 3871 1260; x_wconf 87' lang='grc' dir='ltr'>μελλόντων</span> 
     </span>
    </p>
   </div>
   <div class='ocr_carea' id='block_1_75' title="bbox 2184 1276 3874 1355">
    <p class='ocr_par' dir='ltr' id='par_1_75' title="bbox 2184 1276 3874 1355">
     <span class='ocr_line' id='line_1_75' title="bbox 2184 1276 3874 1355; baseline -0.008 -13"><span class='ocrx_word' id='word_1_602' title='bbox 2184 1288 2357 1351; x_wconf 71' lang='grc' dir='ltr'>ἐλπὶς,</span> <span class='ocrx_word' id='word_1_603' title='bbox 2383 1287 2478 1340; x_wconf 90' lang='grc' dir='ltr'>ἐάν</span> <span class='ocrx_word' id='word_1_604' title='bbox 2504 1287 2621 1339; x_wconf 89' lang='grc' dir='ltr'>ἐκεῖ</span> <span class='ocrx_word' id='word_1_605' title='bbox 2645 1282 2889 1355; x_wconf 87' lang='grc' dir='ltr'>μεταθῇς</span> <span class='ocrx_word' id='word_1_606' title='bbox 2908 1280 3001 1334; x_wconf 83' lang='grc' dir='ltr'>τὸν</span> <span class='ocrx_word' id='word_1_607' title='bbox 3031 1279 3283 1346; x_wconf 88' lang='grc' dir='ltr'>πλοῦτον,</span> <span class='ocrx_word' id='word_1_608' title='bbox 3310 1280 3402 1332; x_wconf 76' lang='grc' dir='ltr'>καὶ</span> <span class='ocrx_word' id='word_1_609' title='bbox 3427 1279 3526 1348; x_wconf 87' lang='grc' dir='ltr'>τῆς</span> <span class='ocrx_word' id='word_1_610' title='bbox 3550 1276 3729 1348; x_wconf 78' lang='grc' dir='ltr'>ψυχῆς</span> <span class='ocrx_word' id='word_1_611' title='bbox 3754 1278 3874 1329; x_wconf 84' lang='grc' dir='ltr'>ἐπι-</span> 
     </span>
    </p>
   </div>
   <div class='ocr_carea' id='block_1_76' title="bbox 2188 1365 3870 1446">
    <p class='ocr_par' dir='ltr' id='par_1_76' title="bbox 2188 1365 3870 1446">
     <span class='ocr_line' id='line_1_76' title="bbox 2188 1365 3870 1446; baseline -0.006 -19"><span class='ocrx_word' id='word_1_612' title='bbox 2188 1374 2401 1446; x_wconf 83' lang='grc' dir='ltr'>μελήσῃ</span> <span class='ocrx_word' id='word_1_613' title='bbox 2427 1376 2530 1444; x_wconf 84' lang='grc' dir='ltr'>τῆς</span> <span class='ocrx_word' id='word_1_614' title='bbox 2562 1371 2793 1424; x_wconf 89' lang='grc' dir='ltr'>σεαυτοῦ</span> <span class='ocrx_word' id='word_1_615' title='bbox 2834 1368 2973 1440; x_wconf 85' lang='grc' dir='ltr'>μετὰ</span> <span class='ocrx_word' id='word_1_616' title='bbox 3003 1367 3202 1438; x_wconf 80' lang='grc' dir='ltr'>σχολῆς</span> <span class='ocrx_word' id='word_1_617' title='bbox 3235 1367 3335 1437; x_wconf 90' lang='grc' dir='ltr'>τῆς</span> <span class='ocrx_word' id='word_1_618' title='bbox 3368 1365 3775 1437; x_wconf 88' lang='grc' dir='ltr'>προσηκούσης.</span> <span class='ocrx_word' id='word_1_619' title='bbox 3807 1366 3870 1417; x_wconf 87' lang='grc' dir='ltr'>Οἰ</span> 
     </span>
    </p>
   </div>
   <div class='ocr_carea' id='block_1_77' title="bbox 2189 1452 3873 1530">
    <p class='ocr_par' dir='ltr' id='par_1_77' title="bbox 2189 1452 3873 1530">
     <span class='ocr_line' id='line_1_77' title="bbox 2189 1452 3873 1530; baseline -0.007 -15"><span class='ocrx_word' id='word_1_620' title='bbox 2189 1461 2287 1530; x_wconf 83' lang='grc' dir='ltr'>μὲν</span> <span class='ocrx_word' id='word_1_621' title='bbox 2315 1460 2424 1530; x_wconf 79' lang='grc' dir='ltr'>γάρ</span> <span class='ocrx_word' id='word_1_622' title='bbox 2462 1460 2681 1513; x_wconf 77' lang='grc' dir='ltr'>ἃπασαν</span> <span class='ocrx_word' id='word_1_623' title='bbox 2710 1458 2809 1527; x_wconf 75' lang='grc' dir='ltr'>τὴν</span> <span class='ocrx_word' id='word_1_624' title='bbox 2842 1454 3079 1527; x_wconf 80' lang='grc' dir='ltr'>σπουδὴν</span> <span class='ocrx_word' id='word_1_625' title='bbox 3122 1455 3203 1517; x_wconf 87' lang='grc' dir='ltr'>είς</span> <span class='ocrx_word' id='word_1_626' title='bbox 3239 1453 3331 1506; x_wconf 80' lang='grc' dir='ltr'>τὸν</span> <span class='ocrx_word' id='word_1_627' title='bbox 3360 1452 3750 1523; x_wconf 75' lang='grc' dir='ltr'>καλλωπισμὸν</span> <span class='ocrx_word' id='word_1_628' title='bbox 3780 1470 3873 1506; x_wconf 89' lang='grc' dir='ltr'>κε-</span> 
     </span>
    </p>
   </div>
   <div class='ocr_carea' id='block_1_78' title="bbox 2185 1541 3871 1615">
    <p class='ocr_par' dir='ltr' id='par_1_78' title="bbox 2185 1541 3871 1615">
     <span class='ocr_line' id='line_1_78' title="bbox 2185 1541 3871 1615; baseline -0.004 -14"><span class='ocrx_word' id='word_1_629' title='bbox 2185 1549 2402 1611; x_wconf 90' lang='grc' dir='ltr'>νοῦντες</span> <span class='ocrx_word' id='word_1_630' title='bbox 2454 1547 2557 1615; x_wconf 87' lang='grc' dir='ltr'>τῆς</span> <span class='ocrx_word' id='word_1_631' title='bbox 2590 1545 2801 1600; x_wconf 77' lang='grc' dir='ltr'>ἑαυτῶν</span> <span class='ocrx_word' id='word_1_632' title='bbox 2855 1543 3066 1610; x_wconf 90' lang='grc' dir='ltr'>οἰκίας,</span> <span class='ocrx_word' id='word_1_633' title='bbox 3100 1546 3158 1597; x_wconf 92' lang='grc' dir='ltr'>ἐν</span> <span class='ocrx_word' id='word_1_634' title='bbox 3187 1546 3299 1606; x_wconf 87' lang='grc' dir='ltr'>τοῖς</span> <span class='ocrx_word' id='word_1_635' title='bbox 3336 1542 3441 1606; x_wconf 81' lang='grc' dir='ltr'>ἔξω</span> <span class='ocrx_word' id='word_1_636' title='bbox 3490 1541 3871 1610; x_wconf 84' lang='grc' dir='ltr'>πλουτοῦντες,</span> 
     </span>
    </p>
   </div>
   <div class='ocr_carea' id='block_1_79' title="bbox 2185 1630 3876 1706">
    <p class='ocr_par' dir='ltr' id='par_1_79' title="bbox 2185 1630 3876 1706">
     <span class='ocr_line' id='line_1_79' title="bbox 2185 1630 3876 1706; baseline -0.003 -17"><span class='ocrx_word' id='word_1_637' title='bbox 2185 1634 2452 1706; x_wconf 88' lang='grc' dir='ltr'>ἀμελοῦσι</span> <span class='ocrx_word' id='word_1_638' title='bbox 2477 1634 2588 1688; x_wconf 89' lang='grc' dir='ltr'>τῶν</span> <span class='ocrx_word' id='word_1_639' title='bbox 2608 1633 2778 1697; x_wconf 90' lang='grc' dir='ltr'>ἔνδον,</span> <span class='ocrx_word' id='word_1_640' title='bbox 2803 1631 3009 1704; x_wconf 86' lang='grc' dir='ltr'>ἔρημον</span> <span class='ocrx_word' id='word_1_641' title='bbox 3038 1632 3131 1685; x_wconf 81' lang='grc' dir='ltr'>καὶ</span> <span class='ocrx_word' id='word_1_642' title='bbox 3158 1630 3458 1701; x_wconf 82' lang='grc' dir='ltr'>αὐχμῶσαν</span> <span class='ocrx_word' id='word_1_643' title='bbox 3479 1630 3573 1683; x_wconf 75' lang='grc' dir='ltr'>καὶ</span> <span class='ocrx_word' id='word_1_644' title='bbox 3597 1631 3876 1701; x_wconf 84' lang='grc' dir='ltr'>ἀραχνίων</span> 
     </span>
    </p>
   </div>
   <div class='ocr_carea' id='block_1_80' title="bbox 2196 1716 3875 1792">
    <p class='ocr_par' dir='ltr' id='par_1_80' title="bbox 2196 1716 3875 1792">
     <span class='ocr_line' id='line_1_80' title="bbox 2196 1716 3875 1792; baseline -0.002 -17"><span class='ocrx_word' id='word_1_645' title='bbox 2196 1723 2475 1792; x_wconf 85' lang='grc' dir='ltr'>γέμουσαν</span> <span class='ocrx_word' id='word_1_646' title='bbox 2506 1720 2872 1792; x_wconf 84' lang='grc' dir='ltr'>περιορῶντες</span> <span class='ocrx_word' id='word_1_647' title='bbox 2905 1730 2928 1758; x_wconf 77' lang='grc' dir='ltr'><strong>ο</strong></span> <span class='ocrx_word' id='word_1_648' title='bbox 2960 1718 3059 1789; x_wconf 84' lang='grc' dir='ltr'>τὴν</span> <span class='ocrx_word' id='word_1_649' title='bbox 3096 1718 3304 1771; x_wconf 86' lang='grc' dir='ltr'>ἐαυτῶν</span> <span class='ocrx_word' id='word_1_650' title='bbox 3339 1716 3518 1788; x_wconf 75' lang='grc' dir='ltr'>ψυχήν</span> <span class='ocrx_word' id='word_1_651' title='bbox 3537 1734 3551 1747; x_wconf 86' lang='grc'><strong>·</strong></span> <span class='ocrx_word' id='word_1_652' title='bbox 3580 1718 3647 1771; x_wconf 86' lang='grc' dir='ltr'>ἂν</span> <span class='ocrx_word' id='word_1_653' title='bbox 3674 1717 3734 1771; x_wconf 78' lang='grc' dir='ltr'>δὲ</span> <span class='ocrx_word' id='word_1_654' title='bbox 3768 1716 3875 1771; x_wconf 89' lang='grc' dir='ltr'>τῶν</span> 
     </span>
    </p>
   </div>
   <div class='ocr_carea' id='block_1_81' title="bbox 2187 1806 3874 1881">
    <p class='ocr_par' dir='ltr' id='par_1_81' title="bbox 2187 1806 3874 1881">
     <span class='ocr_line' id='line_1_81' title="bbox 2187 1806 3874 1881; baseline -0.003 -18"><span class='ocrx_word' id='word_1_655' title='bbox 2187 1811 2385 1875; x_wconf 80' lang='grc' dir='ltr'>ἔξωθεν</span> <span class='ocrx_word' id='word_1_656' title='bbox 2423 1809 2821 1881; x_wconf 75' lang='grc' dir='ltr'>ἀμελήσαντες,</span> <span class='ocrx_word' id='word_1_657' title='bbox 2847 1811 2926 1871; x_wconf 88' lang='grc' dir='ltr'>εἰς</span> <span class='ocrx_word' id='word_1_658' title='bbox 2958 1808 3060 1878; x_wconf 86' lang='grc' dir='ltr'>τὴν</span> <span class='ocrx_word' id='word_1_659' title='bbox 3090 1806 3299 1860; x_wconf 89' lang='grc' dir='ltr'>ἐαυτῶν</span> <span class='ocrx_word' id='word_1_660' title='bbox 3329 1806 3568 1859; x_wconf 86' lang='grc' dir='ltr'>διάνοιαν</span> <span class='ocrx_word' id='word_1_661' title='bbox 3609 1806 3711 1875; x_wconf 84' lang='grc' dir='ltr'>τὴν</span> <span class='ocrx_word' id='word_1_662' title='bbox 3740 1823 3874 1877; x_wconf 75' lang='grc' dir='ltr'>προ-</span> 
     </span>
    </p>
   </div>
   <div class='ocr_carea' id='block_1_82' title="bbox 2188 1893 3875 1967">
    <p class='ocr_par' dir='ltr' id='par_1_82' title="bbox 2188 1893 3875 1967">
     <span class='ocr_line' id='line_1_82' title="bbox 2188 1893 3875 1967; baseline -0.002 -17"><span class='ocrx_word' id='word_1_663' title='bbox 2188 1897 2390 1967; x_wconf 85' lang='grc' dir='ltr'>θυμίαν</span> <span class='ocrx_word' id='word_1_664' title='bbox 2414 1895 2875 1951; x_wconf 85' lang='grc' dir='ltr'>καταναλώσωσιν</span> <span class='ocrx_word' id='word_1_665' title='bbox 2906 1896 3147 1959; x_wconf 80' lang='grc' dir='ltr'>ἃπασαν,</span> <span class='ocrx_word' id='word_1_666' title='bbox 3179 1894 3519 1964; x_wconf 86' lang='grc' dir='ltr'>πανταχόθεν</span> <span class='ocrx_word' id='word_1_667' title='bbox 3544 1894 3718 1965; x_wconf 80' lang='grc' dir='ltr'>αὐτὴν</span> <span class='ocrx_word' id='word_1_668' title='bbox 3740 1893 3875 1947; x_wconf 85' lang='grc' dir='ltr'>καλ-</span> 
     </span>
    </p>
   </div>
   <div class='ocr_carea' id='block_1_83' title="bbox 2187 1982 3876 2055">
    <p class='ocr_par' dir='ltr' id='par_1_83' title="bbox 2187 1982 3876 2055">
     <span class='ocr_line' id='line_1_83' title="bbox 2187 1982 3876 2055; baseline -0.001 -16"><span class='ocrx_word' id='word_1_669' title='bbox 2187 1986 2538 2050; x_wconf 76' lang='grc' dir='ltr'>λωπίζοντες,</span> <span class='ocrx_word' id='word_1_670' title='bbox 2596 1983 2939 2054; x_wconf 86' lang='grc' dir='ltr'>καταγώγιον</span> <span class='ocrx_word' id='word_1_671' title='bbox 2970 1983 3126 2037; x_wconf 87' lang='grc' dir='ltr'>ἔσται</span> <span class='ocrx_word' id='word_1_672' title='bbox 3171 1982 3250 2054; x_wconf 86' lang='grc' dir='ltr'>τῷ</span> <span class='ocrx_word' id='word_1_673' title='bbox 3282 1982 3505 2055; x_wconf 82' lang='grc' dir='ltr'>Χριστῷ</span> <span class='ocrx_word' id='word_1_674' title='bbox 3555 1982 3666 2037; x_wconf 86' lang='grc' dir='ltr'>τῶν</span> <span class='ocrx_word' id='word_1_675' title='bbox 3701 1982 3876 2037; x_wconf 73' lang='grc' dir='ltr'>τοιούο</span> 
     </span>
    </p>
   </div>
   <div class='ocr_carea' id='block_1_84' title="bbox 2188 2071 3877 2145">
    <p class='ocr_par' dir='ltr' id='par_1_84' title="bbox 2188 2071 3877 2145">
     <span class='ocr_line' id='line_1_84' title="bbox 2188 2071 3877 2145; baseline -0.001 -20"><span class='ocrx_word' id='word_1_676' title='bbox 2188 2091 2297 2127; x_wconf 85' lang='grc' dir='ltr'>των</span> <span class='ocrx_word' id='word_1_677' title='bbox 2352 2072 2659 2145; x_wconf 89' lang='grc' dir='ltr'>ἀνθρώπων</span> <span class='ocrx_word' id='word_1_678' title='bbox 2709 2073 2921 2144; x_wconf 68' lang='grc' dir='ltr'>ήψυχή</span> <span class='ocrx_word' id='word_1_679' title='bbox 2949 2089 2962 2102; x_wconf 88' lang='grc'><strong>·</strong></span> <span class='ocrx_word' id='word_1_680' title='bbox 3004 2071 3098 2125; x_wconf 86' lang='grc' dir='ltr'>τοῦ</span> <span class='ocrx_word' id='word_1_681' title='bbox 3146 2071 3202 2125; x_wconf 83' lang='grc' dir='ltr'>δέ</span> <span class='ocrx_word' id='word_1_682' title='bbox 3251 2072 3341 2126; x_wconf 82' lang='grc' dir='ltr'>τὸν</span> <span class='ocrx_word' id='word_1_683' title='bbox 3388 2071 3623 2141; x_wconf 74' lang='grc' dir='ltr'>Χριστὸν</span> <span class='ocrx_word' id='word_1_684' title='bbox 3659 2071 3877 2141; x_wconf 85' lang='grc' dir='ltr'>ἔχοντος</span> 
     </span>
    </p>
   </div>
   <div class='ocr_carea' id='block_1_85' title="bbox 2189 2158 3877 2231">
    <p class='ocr_par' dir='ltr' id='par_1_85' title="bbox 2189 2158 3877 2231">
     <span class='ocr_line' id='line_1_85' title="bbox 2189 2158 3877 2231; baseline -0.001 -16"><span class='ocrx_word' id='word_1_685' title='bbox 2189 2160 2425 2223; x_wconf 81' lang='grc' dir='ltr'>ἔνοικον,</span> <span class='ocrx_word' id='word_1_686' title='bbox 2459 2161 2514 2213; x_wconf 87' lang='grc' dir='ltr'>τί</span> <span class='ocrx_word' id='word_1_687' title='bbox 2564 2161 2760 2230; x_wconf 84' lang='grc' dir='ltr'>γένοιτ’</span> <span class='ocrx_word' id='word_1_688' title='bbox 2794 2160 2860 2213; x_wconf 84' lang='grc' dir='ltr'>ἂν</span> <span class='ocrx_word' id='word_1_689' title='bbox 2902 2158 3321 2231; x_wconf 87' lang='grc' dir='ltr'>μακαριώτερον</span> <span class='ocrx_word' id='word_1_690' title='bbox 3380 2158 3637 2226; x_wconf 73' lang='grc' dir='ltr'>πώποτες</span> <span class='ocrx_word' id='word_1_691' title='bbox 3690 2159 3877 2213; x_wconf 86' lang='grc' dir='ltr'>Βούλει</span> 
     </span>
    </p>
   </div>
   <div class='ocr_carea' id='block_1_86' title="bbox 2190 2246 3879 2319">
    <p class='ocr_par' dir='ltr' id='par_1_86' title="bbox 2190 2246 3879 2319">
     <span class='ocr_line' id='line_1_86' title="bbox 2190 2246 3879 2319; baseline -0.001 -18"><span class='ocrx_word' id='word_1_692' title='bbox 2190 2248 2441 2303; x_wconf 86' lang='grc' dir='ltr'>πλουτεῖν</span> <span class='ocrx_word' id='word_1_693' title='bbox 2470 2265 2482 2312; x_wconf 93' lang='grc'><strong>;</strong></span> <span class='ocrx_word' id='word_1_694' title='bbox 2508 2248 2597 2318; x_wconf 79' lang='grc' dir='ltr'>ἔχε</span> <span class='ocrx_word' id='word_1_695' title='bbox 2629 2248 2782 2316; x_wconf 87' lang='grc' dir='ltr'>φίλον</span> <span class='ocrx_word' id='word_1_696' title='bbox 2815 2247 2905 2301; x_wconf 83' lang='grc' dir='ltr'>τὸν</span> <span class='ocrx_word' id='word_1_697' title='bbox 2929 2247 3084 2309; x_wconf 82' lang='grc' dir='ltr'>Θεὸν,</span> <span class='ocrx_word' id='word_1_698' title='bbox 3116 2247 3212 2300; x_wconf 77' lang='grc' dir='ltr'>καὶ</span> <span class='ocrx_word' id='word_1_699' title='bbox 3247 2246 3465 2299; x_wconf 86' lang='grc' dir='ltr'>πάντων</span> <span class='ocrx_word' id='word_1_700' title='bbox 3499 2247 3879 2319; x_wconf 81' lang='grc' dir='ltr'>εὐπορώτερος</span> 
     </span>
    </p>
   </div>
   <div class='ocr_carea' id='block_1_87' title="bbox 2190 2334 3880 2408">
    <p class='ocr_par' dir='ltr' id='par_1_87' title="bbox 2190 2334 3880 2408">
     <span class='ocr_line' id='line_1_87' title="bbox 2190 2334 3880 2408; baseline -0.001 -20"><span class='ocrx_word' id='word_1_701' title='bbox 2190 2335 2303 2408; x_wconf 77' lang='grc' dir='ltr'>ἔσῃ.</span> <span class='ocrx_word' id='word_1_702' title='bbox 2348 2334 2537 2389; x_wconf 87' lang='grc' dir='ltr'>Βούλει</span> <span class='ocrx_word' id='word_1_703' title='bbox 2586 2336 2872 2401; x_wconf 88' lang='grc' dir='ltr'>πλουτείν;</span> <span class='ocrx_word' id='word_1_704' title='bbox 2910 2334 2984 2406; x_wconf 84' lang='grc' dir='ltr'>μὴ</span> <span class='ocrx_word' id='word_1_705' title='bbox 3015 2334 3155 2405; x_wconf 86' lang='grc' dir='ltr'>μέγα</span> <span class='ocrx_word' id='word_1_706' title='bbox 3186 2335 3373 2405; x_wconf 87' lang='grc' dir='ltr'>φρόνει</span> <span class='ocrx_word' id='word_1_707' title='bbox 3400 2352 3411 2364; x_wconf 93' lang='grc'><strong>·</strong></span> <span class='ocrx_word' id='word_1_708' title='bbox 3446 2334 3604 2387; x_wconf 86' lang='grc' dir='ltr'>τοῦτο</span> <span class='ocrx_word' id='word_1_709' title='bbox 3637 2336 3703 2387; x_wconf 87' lang='grc' dir='ltr'>οὐ</span> <span class='ocrx_word' id='word_1_710' title='bbox 3746 2335 3880 2405; x_wconf 73' lang='grc' dir='ltr'>πρὸς</span> 
     </span>
    </p>
   </div>
   <div class='ocr_carea' id='block_1_88' title="bbox 2192 2423 3876 2495">
    <p class='ocr_par' dir='ltr' id='par_1_88' title="bbox 2192 2423 3876 2495">
     <span class='ocr_line' id='line_1_88' title="bbox 2192 2423 3876 2495; baseline -0.001 -19"><span class='ocrx_word' id='word_1_711' title='bbox 2192 2424 2261 2476; x_wconf 71' lang='grc' dir='ltr'>τὰ</span> <span class='ocrx_word' id='word_1_712' title='bbox 2308 2424 2604 2495; x_wconf 89' lang='grc' dir='ltr'>μέλλοντα,</span> <span class='ocrx_word' id='word_1_713' title='bbox 2642 2424 2778 2478; x_wconf 88' lang='grc' dir='ltr'>ἀλλά</span> <span class='ocrx_word' id='word_1_714' title='bbox 2827 2425 2920 2477; x_wconf 68' lang='grc' dir='ltr'>καὶ</span> <span class='ocrx_word' id='word_1_715' title='bbox 2958 2424 3097 2494; x_wconf 81' lang='grc' dir='ltr'>πρὸς</span> <span class='ocrx_word' id='word_1_716' title='bbox 3148 2424 3217 2476; x_wconf 90' lang='grc' dir='ltr'>τά</span> <span class='ocrx_word' id='word_1_717' title='bbox 3267 2423 3509 2494; x_wconf 86' lang='grc' dir='ltr'>παρόντα</span> <span class='ocrx_word' id='word_1_718' title='bbox 3538 2423 3876 2494; x_wconf 86' lang='grc' dir='ltr'>ἐπιτήδειον·</span> 
     </span>
    </p>
   </div>
   <div class='ocr_carea' id='block_1_89' title="bbox 2190 2509 3878 2583">
    <p class='ocr_par' dir='ltr' id='par_1_89' title="bbox 2190 2509 3878 2583">
     <span class='ocr_line' id='line_1_89' title="bbox 2190 2509 3878 2583; baseline 0.001 -21"><span class='ocrx_word' id='word_1_719' title='bbox 2190 2511 2344 2565; x_wconf 73' lang='grc' dir='ltr'>οὐδὲν</span> <span class='ocrx_word' id='word_1_720' title='bbox 2403 2512 2513 2583; x_wconf 85' lang='grc' dir='ltr'>γάρ</span> <span class='ocrx_word' id='word_1_721' title='bbox 2569 2510 2742 2574; x_wconf 75' lang='grc' dir='ltr'>οὕτως</span> <span class='ocrx_word' id='word_1_722' title='bbox 2777 2509 3100 2579; x_wconf 83' lang='grc' dir='ltr'>ἐπίφθονον,</span> <span class='ocrx_word' id='word_1_723' title='bbox 3145 2510 3221 2573; x_wconf 84' lang='grc' dir='ltr'>ὡς</span> <span class='ocrx_word' id='word_1_724' title='bbox 3268 2509 3556 2582; x_wconf 79' lang='grc' dir='ltr'>ἄνθρωπος</span> <span class='ocrx_word' id='word_1_725' title='bbox 3599 2509 3878 2563; x_wconf 85' lang='grc' dir='ltr'>πλουτῶν·</span> 
     </span>
    </p>
   </div>
   <div class='ocr_carea' id='block_1_90' title="bbox 2190 2596 3877 2669">
    <p class='ocr_par' dir='ltr' id='par_1_90' title="bbox 2190 2596 3877 2669">
     <span class='ocr_line' id='line_1_90' title="bbox 2190 2596 3877 2669; baseline -0.001 -18"><span class='ocrx_word' id='word_1_726' title='bbox 2190 2599 2319 2651; x_wconf 85' lang='grc' dir='ltr'>ὅταν</span> <span class='ocrx_word' id='word_1_727' title='bbox 2344 2598 2400 2651; x_wconf 86' lang='grc' dir='ltr'>δέ</span> <span class='ocrx_word' id='word_1_728' title='bbox 2427 2599 2522 2651; x_wconf 76' lang='grc' dir='ltr'>καὶ</span> <span class='ocrx_word' id='word_1_729' title='bbox 2551 2599 2779 2652; x_wconf 87' lang='grc' dir='ltr'>ἀπόνοια</span> <span class='ocrx_word' id='word_1_730' title='bbox 2814 2600 2990 2669; x_wconf 81' lang='grc' dir='ltr'>προσῇ</span> <span class='ocrx_word' id='word_1_731' title='bbox 3011 2639 3026 2662; x_wconf 93' lang='grc'>,</span> <span class='ocrx_word' id='word_1_732' title='bbox 3059 2596 3281 2661; x_wconf 87' lang='grc' dir='ltr'>διπλοῦς</span> <span class='ocrx_word' id='word_1_733' title='bbox 3318 2599 3345 2650; x_wconf 91' lang='lat'>6</span> <span class='ocrx_word' id='word_1_734' title='bbox 3368 2598 3614 2668; x_wconf 70' lang='grc' dir='ltr'>κρημνὸς</span> <span class='ocrx_word' id='word_1_735' title='bbox 3643 2598 3877 2667; x_wconf 84' lang='grc' dir='ltr'>γίνεται,</span> 
     </span>
    </p>
   </div>
   <div class='ocr_carea' id='block_1_91' title="bbox 2192 2682 3880 2757">
    <p class='ocr_par' dir='ltr' id='par_1_91' title="bbox 2192 2682 3880 2757">
     <span class='ocr_line' id='line_1_91' title="bbox 2192 2682 3880 2757; baseline -0.001 -20"><span class='ocrx_word' id='word_1_736' title='bbox 2192 2684 2568 2757; x_wconf 88' lang='grc' dir='ltr'>χαλεπώτερος</span> <span class='ocrx_word' id='word_1_737' title='bbox 2607 2684 2758 2755; x_wconf 87' lang='grc' dir='ltr'>παρά</span> <span class='ocrx_word' id='word_1_738' title='bbox 2783 2685 3002 2737; x_wconf 84' lang='grc' dir='ltr'>πάντων</span> <span class='ocrx_word' id='word_1_739' title='bbox 3026 2687 3053 2737; x_wconf 89' lang='lat'>6</span> <span class='ocrx_word' id='word_1_740' title='bbox 3078 2684 3334 2755; x_wconf 84' lang='grc' dir='ltr'>πόλεμος.</span> <span class='ocrx_word' id='word_1_741' title='bbox 3361 2686 3457 2737; x_wconf 79' lang='grc' dir='ltr'>Ἂν</span> <span class='ocrx_word' id='word_1_742' title='bbox 3479 2685 3535 2737; x_wconf 81' lang='grc' dir='ltr'>δέ</span> <span class='ocrx_word' id='word_1_743' title='bbox 3563 2682 3880 2755; x_wconf 75' lang='grc' dir='ltr'>μετριάζειν</span> 
     </span>
    </p>
   </div>
   <div class='ocr_carea' id='block_1_92' title="bbox 2191 2771 3879 2845">
    <p class='ocr_par' dir='ltr' id='par_1_92' title="bbox 2191 2771 3879 2845">
     <span class='ocr_line' id='line_1_92' title="bbox 2191 2771 3879 2845; baseline -0.001 -20"><span class='ocrx_word' id='word_1_744' title='bbox 2191 2772 2358 2843; x_wconf 83' lang='grc' dir='ltr'>εἰδῇς,</span> <span class='ocrx_word' id='word_1_745' title='bbox 2404 2773 2687 2844; x_wconf 87' lang='grc' dir='ltr'>ύποτέμνῃ</span> <span class='ocrx_word' id='word_1_746' title='bbox 2720 2771 2747 2811; x_wconf 77' lang='grc' dir='ltr'>(ι</span> <span class='ocrx_word' id='word_1_747' title='bbox 2785 2775 2852 2843; x_wconf 87' lang='grc' dir='ltr'>τῇ</span> <span class='ocrx_word' id='word_1_748' title='bbox 2904 2772 3380 2845; x_wconf 80' lang='grc' dir='ltr'>ταπεινοφροσύνῃ</span> <span class='ocrx_word' id='word_1_749' title='bbox 3432 2773 3534 2842; x_wconf 82' lang='grc' dir='ltr'>τῆς</span> <span class='ocrx_word' id='word_1_750' title='bbox 3578 2772 3879 2842; x_wconf 75' lang='grc' dir='ltr'>βασκανίας</span> 
     </span>
    </p>
   </div>
   <div class='ocr_carea' id='block_1_93' title="bbox 2191 2861 3877 2935">
    <p class='ocr_par' dir='ltr' id='par_1_93' title="bbox 2191 2861 3877 2935">
     <span class='ocr_line' id='line_1_93' title="bbox 2191 2861 3877 2935; baseline 0.001 -22"><span class='ocrx_word' id='word_1_751' title='bbox 2191 2862 2290 2933; x_wconf 79' lang='grc' dir='ltr'>τὴν</span> <span class='ocrx_word' id='word_1_752' title='bbox 2318 2863 2631 2934; x_wconf 88' lang='grc' dir='ltr'>τυραννίδα,</span> <span class='ocrx_word' id='word_1_753' title='bbox 2661 2864 2754 2916; x_wconf 74' lang='grc' dir='ltr'>καὶ</span> <span class='ocrx_word' id='word_1_754' title='bbox 2786 2861 2925 2931; x_wconf 89' lang='grc' dir='ltr'>μετά</span> <span class='ocrx_word' id='word_1_755' title='bbox 2952 2861 3254 2930; x_wconf 90' lang='grc' dir='ltr'>ἀσφαλείας</span> <span class='ocrx_word' id='word_1_756' title='bbox 3279 2861 3426 2933; x_wconf 82' lang='grc' dir='ltr'>ἔχεις</span> <span class='ocrx_word' id='word_1_757' title='bbox 3450 2862 3595 2933; x_wconf 80' lang='grc' dir='ltr'>άπερ</span> <span class='ocrx_word' id='word_1_758' title='bbox 3633 2862 3705 2915; x_wconf 86' lang='grc' dir='ltr'>ἂν</span> <span class='ocrx_word' id='word_1_759' title='bbox 3733 2862 3877 2935; x_wconf 87' lang='grc' dir='ltr'>ἔχῃς.</span> 
     </span>
    </p>
   </div>
   <div class='ocr_carea' id='block_1_94' title="bbox 2193 2950 3881 3022">
    <p class='ocr_par' dir='ltr' id='par_1_94' title="bbox 2193 2950 3881 3022">
     <span class='ocr_line' id='line_1_94' title="bbox 2193 2950 3881 3022; baseline 0.001 -20"><span class='ocrx_word' id='word_1_760' title='bbox 2193 2950 2431 3021; x_wconf 87' lang='grc' dir='ltr'>Τοιαύτη</span> <span class='ocrx_word' id='word_1_761' title='bbox 2466 2950 2574 3021; x_wconf 77' lang='grc' dir='ltr'>γὰρ</span> <span class='ocrx_word' id='word_1_762' title='bbox 2604 2951 2706 3020; x_wconf 84' lang='grc' dir='ltr'>τῆς</span> <span class='ocrx_word' id='word_1_763' title='bbox 2728 2950 2934 3022; x_wconf 86' lang='grc' dir='ltr'>ἀρετῆς</span> <span class='ocrx_word' id='word_1_764' title='bbox 2965 2952 2998 3021; x_wconf 88' lang='grc' dir='ltr'>ή</span> <span class='ocrx_word' id='word_1_765' title='bbox 3030 2950 3210 3019; x_wconf 84' lang='grc' dir='ltr'>φύσις,</span> <span class='ocrx_word' id='word_1_766' title='bbox 3249 2950 3308 3003; x_wconf 85' lang='grc' dir='ltr'>ού</span> <span class='ocrx_word' id='word_1_767' title='bbox 3344 2950 3480 3021; x_wconf 79' lang='grc' dir='ltr'>πρὸς</span> <span class='ocrx_word' id='word_1_768' title='bbox 3515 2950 3585 3003; x_wconf 84' lang='grc' dir='ltr'>τὰ</span> <span class='ocrx_word' id='word_1_769' title='bbox 3616 2950 3881 3020; x_wconf 81' lang='grc' dir='ltr'>μέλλοντα</span> 
     </span>
    </p>
   </div>
   <div class='ocr_carea' id='block_1_95' title="bbox 2192 3037 3882 3110">
    <p class='ocr_par' dir='ltr' id='par_1_95' title="bbox 2192 3037 3882 3110">
     <span class='ocr_line' id='line_1_95' title="bbox 2192 3037 3882 3110; baseline -0.001 -18"><span class='ocrx_word' id='word_1_770' title='bbox 2192 3039 2340 3109; x_wconf 71' lang='grc' dir='ltr'>ἡμᾶς</span> <span class='ocrx_word' id='word_1_771' title='bbox 2375 3039 2577 3108; x_wconf 81' lang='grc' dir='ltr'>ὠφελεῖ</span> <span class='ocrx_word' id='word_1_772' title='bbox 2606 3040 2765 3110; x_wconf 90' lang='grc' dir='ltr'>μόνον</span> <span class='ocrx_word' id='word_1_773' title='bbox 2790 3077 2804 3101; x_wconf 91' lang='grc'>,</span> <span class='ocrx_word' id='word_1_774' title='bbox 2841 3038 2974 3092; x_wconf 87' lang='grc' dir='ltr'>ἀλλά</span> <span class='ocrx_word' id='word_1_775' title='bbox 3008 3038 3103 3091; x_wconf 75' lang='grc' dir='ltr'>καὶ</span> <span class='ocrx_word' id='word_1_776' title='bbox 3146 3037 3398 3092; x_wconf 86' lang='grc' dir='ltr'>ἐντεῦθεν</span> <span class='ocrx_word' id='word_1_777' title='bbox 3435 3038 3536 3109; x_wconf 76' lang='grc' dir='ltr'>ήδη</span> <span class='ocrx_word' id='word_1_778' title='bbox 3573 3037 3763 3091; x_wconf 88' lang='grc' dir='ltr'>δίδωσι</span> <span class='ocrx_word' id='word_1_779' title='bbox 3786 3037 3882 3100; x_wconf 79' lang='grc' dir='ltr'>τὰς</span> 
     </span>
    </p>
   </div>
   <div class='ocr_carea' id='block_1_96' title="bbox 2193 3126 3877 3197">
    <p class='ocr_par' dir='ltr' id='par_1_96' title="bbox 2193 3126 3877 3197">
     <span class='ocr_line' id='line_1_96' title="bbox 2193 3126 3877 3197; baseline -0.002 -16"><span class='ocrx_word' id='word_1_780' title='bbox 2193 3127 2447 3197; x_wconf 83' lang='grc' dir='ltr'>ἀμοιϐάς.</span> <span class='ocrx_word' id='word_1_781' title='bbox 2484 3127 2575 3197; x_wconf 88' lang='grc' dir='ltr'>Μὴ</span> <span class='ocrx_word' id='word_1_782' title='bbox 2613 3126 2793 3179; x_wconf 87' lang='grc' dir='ltr'>τοίνυν</span> <span class='ocrx_word' id='word_1_783' title='bbox 2845 3126 2987 3196; x_wconf 84' lang='grc' dir='ltr'>μέγα</span> <span class='ocrx_word' id='word_1_784' title='bbox 3046 3126 3333 3197; x_wconf 87' lang='grc' dir='ltr'>φρονῶμεν</span> <span class='ocrx_word' id='word_1_785' title='bbox 3380 3128 3473 3178; x_wconf 54' lang='grc' dir='ltr'>ἐπὶ⁹</span> <span class='ocrx_word' id='word_1_786' title='bbox 3514 3126 3591 3197; x_wconf 83' lang='grc' dir='ltr'>τῷ</span> <span class='ocrx_word' id='word_1_787' title='bbox 3640 3127 3877 3197; x_wconf 85' lang='grc' dir='ltr'>πλούτῳ,</span> 
     </span>
    </p>
   </div>
   <div class='ocr_carea' id='block_1_97' title="bbox 2182 3213 3881 3287">
    <p class='ocr_par' dir='ltr' id='par_1_97' title="bbox 2182 3213 3881 3287">
     <span class='ocr_line' id='line_1_97' title="bbox 2182 3213 3881 3287; baseline 0 -20"><span class='ocrx_word' id='word_1_788' title='bbox 2182 3214 2329 3268; x_wconf 76' lang='grc' dir='ltr'>ἀλλὰ</span> <span class='ocrx_word' id='word_1_789' title='bbox 2365 3214 2502 3287; x_wconf 81' lang='grc' dir='ltr'>μηδὲ</span> <span class='ocrx_word' id='word_1_790' title='bbox 2532 3216 2616 3283; x_wconf 77' lang='grc' dir='ltr'>ἐφ’</span> <span class='ocrx_word' id='word_1_791' title='bbox 2639 3214 2812 3285; x_wconf 71' lang='grc' dir='ltr'>ἑτέρῳ</span> <span class='ocrx_word' id='word_1_792' title='bbox 2841 3214 3051 3284; x_wconf 89' lang='grc' dir='ltr'>μηδενί.</span> <span class='ocrx_word' id='word_1_793' title='bbox 3085 3214 3149 3266; x_wconf 86' lang='grc' dir='ltr'>Εί</span> <span class='ocrx_word' id='word_1_794' title='bbox 3176 3213 3286 3283; x_wconf 79' lang='grc' dir='ltr'>γὰρ</span> <span class='ocrx_word' id='word_1_795' title='bbox 3318 3213 3413 3267; x_wconf 77' lang='grc' dir='ltr'>ἐπὶ</span> <span class='ocrx_word' id='word_1_796' title='bbox 3440 3216 3553 3276; x_wconf 89' lang='grc' dir='ltr'>τοῖς</span> <span class='ocrx_word' id='word_1_797' title='bbox 3584 3230 3881 3285; x_wconf 84' lang='grc' dir='ltr'>πνευματι-</span> 
     </span>
    </p>
   </div>
   <div class='ocr_carea' id='block_1_98' title="bbox 2194 3302 3880 3375">
    <p class='ocr_par' dir='ltr' id='par_1_98' title="bbox 2194 3302 3880 3375">
     <span class='ocr_line' id='line_1_98' title="bbox 2194 3302 3880 3375; baseline 0.001 -20"><span class='ocrx_word' id='word_1_798' title='bbox 2194 3306 2309 3367; x_wconf 86' lang='grc' dir='ltr'>κοῖς</span> <span class='ocrx_word' id='word_1_799' title='bbox 2338 3305 2366 3356; x_wconf 90' lang='lat'>6</span> <span class='ocrx_word' id='word_1_800' title='bbox 2402 3304 2547 3374; x_wconf 88' lang='grc' dir='ltr'>μέγα</span> <span class='ocrx_word' id='word_1_801' title='bbox 2594 3302 2807 3375; x_wconf 87' lang='grc' dir='ltr'>φρονῶν</span> <span class='ocrx_word' id='word_1_802' title='bbox 2840 3302 3047 3374; x_wconf 73' lang='grc' dir='ltr'>οἴχεται</span> <span class='ocrx_word' id='word_1_803' title='bbox 3076 3302 3171 3356; x_wconf 73' lang='grc' dir='ltr'>καὶ</span> <span class='ocrx_word' id='word_1_804' title='bbox 3197 3302 3445 3356; x_wconf 83' lang='grc' dir='ltr'>ἀπόλωλε</span> <span class='ocrx_word' id='word_1_805' title='bbox 3470 3343 3485 3364; x_wconf 87' lang='grc'>,</span> <span class='ocrx_word' id='word_1_806' title='bbox 3520 3302 3703 3374; x_wconf 81' lang='grc' dir='ltr'>πολλῷ</span> <span class='ocrx_word' id='word_1_807' title='bbox 3748 3302 3880 3374; x_wconf 75' lang='grc' dir='ltr'>μᾶλ-</span> 
     </span>
    </p>
   </div>
   <div class='ocr_carea' id='block_1_99' title="bbox 2192 3390 3879 3462">
    <p class='ocr_par' dir='ltr' id='par_1_99' title="bbox 2192 3390 3879 3462">
     <span class='ocr_line' id='line_1_99' title="bbox 2192 3390 3879 3462; baseline 0.001 -20"><span class='ocrx_word' id='word_1_808' title='bbox 2192 3390 2284 3443; x_wconf 91' lang='grc' dir='ltr'>λον</span> <span class='ocrx_word' id='word_1_809' title='bbox 2316 3391 2409 3443; x_wconf 72' lang='grc' dir='ltr'>ἐπὶ</span> <span class='ocrx_word' id='word_1_810' title='bbox 2446 3393 2557 3454; x_wconf 85' lang='grc' dir='ltr'>τοῖς</span> <span class='ocrx_word' id='word_1_811' title='bbox 2587 3393 2891 3462; x_wconf 81' lang='grc' dir='ltr'>σαρκικοῖς.</span> <span class='ocrx_word' id='word_1_812' title='bbox 2937 3391 3315 3462; x_wconf 84' lang='grc' dir='ltr'>Ἐννοήσωμεν</span> <span class='ocrx_word' id='word_1_813' title='bbox 3359 3390 3518 3461; x_wconf 88' lang='grc' dir='ltr'>ήμῶν</span> <span class='ocrx_word' id='word_1_814' title='bbox 3559 3391 3660 3461; x_wconf 80' lang='grc' dir='ltr'>τὴν</span> <span class='ocrx_word' id='word_1_815' title='bbox 3700 3391 3879 3461; x_wconf 83' lang='grc' dir='ltr'>φύσιν,</span> 
     </span>
    </p>
   </div>
   <div class='ocr_carea' id='block_1_100' title="bbox 2194 3477 3882 3551">
    <p class='ocr_par' dir='ltr' id='par_1_100' title="bbox 2194 3477 3882 3551">
     <span class='ocr_line' id='line_1_100' title="bbox 2194 3477 3882 3551; baseline 0.001 -20"><span class='ocrx_word' id='word_1_816' title='bbox 2194 3478 2643 3549; x_wconf 87' lang='grc' dir='ltr'>ἀναλογισώμεθα</span> <span class='ocrx_word' id='word_1_817' title='bbox 2687 3478 2845 3549; x_wconf 88' lang='grc' dir='ltr'>ήμῶν</span> <span class='ocrx_word' id='word_1_818' title='bbox 2887 3477 2956 3532; x_wconf 89' lang='grc' dir='ltr'>τά</span> <span class='ocrx_word' id='word_1_819' title='bbox 2983 3479 3393 3550; x_wconf 84' lang='grc' dir='ltr'>ἁμαρτήματα,</span> <span class='ocrx_word' id='word_1_820' title='bbox 3442 3478 3709 3551; x_wconf 87' lang='grc' dir='ltr'>μάθωμεν</span> <span class='ocrx_word' id='word_1_821' title='bbox 3740 3480 3882 3544; x_wconf 87' lang='grc' dir='ltr'>τίνες</span> 
     </span>
    </p>
   </div>
   <div class='ocr_carea' id='block_1_101' title="bbox 2195 3565 3883 3638">
    <p class='ocr_par' dir='ltr' id='par_1_101' title="bbox 2195 3565 3883 3638">
     <span class='ocr_line' id='line_1_101' title="bbox 2195 3565 3883 3638; baseline 0.001 -19"><span class='ocrx_word' id='word_1_822' title='bbox 2195 3567 2402 3637; x_wconf 83' lang='grc' dir='ltr'>ἐσμὲν,</span> <span class='ocrx_word' id='word_1_823' title='bbox 2458 3567 2554 3619; x_wconf 81' lang='grc' dir='ltr'>καὶ</span> <span class='ocrx_word' id='word_1_824' title='bbox 2604 3568 2769 3638; x_wconf 82' lang='grc' dir='ltr'>ἀρκεῖ</span> <span class='ocrx_word' id='word_1_825' title='bbox 2820 3565 2981 3620; x_wconf 87' lang='grc' dir='ltr'>τοῦτο</span> <span class='ocrx_word' id='word_1_826' title='bbox 3014 3568 3095 3629; x_wconf 84' lang='grc' dir='ltr'>είς</span> <span class='ocrx_word' id='word_1_827' title='bbox 3142 3568 3325 3634; x_wconf 86' lang='grc' dir='ltr'>πάσης</span> <span class='ocrx_word' id='word_1_828' title='bbox 3374 3567 3883 3638; x_wconf 80' lang='grc' dir='ltr'>ταπεινοφροσύνης</span> 
     </span>
    </p>
   </div>
   <div class='ocr_carea' id='block_1_102' title="bbox 2194 3653 3882 3726">
    <p class='ocr_par' dir='ltr' id='par_1_102' title="bbox 2194 3653 3882 3726">
     <span class='ocr_line' id='line_1_102' title="bbox 2194 3653 3882 3726; baseline 0 -19"><span class='ocrx_word' id='word_1_829' title='bbox 2194 3656 2326 3725; x_wconf 82' lang='grc' dir='ltr'>ἡμῖν</span> <span class='ocrx_word' id='word_1_830' title='bbox 2357 3653 2634 3708; x_wconf 84' lang='grc' dir='ltr'>ὑπόθεσιν.</span> <span class='ocrx_word' id='word_1_831' title='bbox 2668 3656 2758 3726; x_wconf 89' lang='grc' dir='ltr'>Μή</span> <span class='ocrx_word' id='word_1_832' title='bbox 2794 3672 2883 3725; x_wconf 91' lang='grc' dir='ltr'>μοι</span> <span class='ocrx_word' id='word_1_833' title='bbox 2913 3654 3059 3723; x_wconf 80' lang='grc' dir='ltr'>λέγε,</span> <span class='ocrx_word' id='word_1_834' title='bbox 3093 3655 3175 3707; x_wconf 82' lang='grc' dir='ltr'>ὅτι</span> <span class='ocrx_word' id='word_1_835' title='bbox 3206 3654 3391 3708; x_wconf 90' lang='grc' dir='ltr'>Τόσων</span> <span class='ocrx_word' id='word_1_836' title='bbox 3418 3655 3514 3706; x_wconf 69' lang='grc' dir='ltr'>καὶ</span> <span class='ocrx_word' id='word_1_837' title='bbox 3545 3655 3727 3709; x_wconf 84' lang='grc' dir='ltr'>τόσων</span> <span class='ocrx_word' id='word_1_838' title='bbox 3749 3654 3882 3709; x_wconf 86' lang='grc' dir='ltr'>ἐτῶν</span> 
     </span>
    </p>
   </div>
   <div class='ocr_carea' id='block_1_103' title="bbox 2196 3742 3880 3816">
    <p class='ocr_par' dir='ltr' id='par_1_103' title="bbox 2196 3742 3880 3816">
     <span class='ocr_line' id='line_1_103' title="bbox 2196 3742 3880 3816; baseline 0.001 -22"><span class='ocrx_word' id='word_1_839' title='bbox 2196 3742 2488 3814; x_wconf 88' lang='grc' dir='ltr'>προσόδους</span> <span class='ocrx_word' id='word_1_840' title='bbox 2521 3743 2896 3814; x_wconf 83' lang='grc' dir='ltr'>ἀποκειμένας</span> <span class='ocrx_word' id='word_1_841' title='bbox 2940 3742 3085 3813; x_wconf 88' lang='grc' dir='ltr'>ἔχω,</span> <span class='ocrx_word' id='word_1_842' title='bbox 3130 3743 3357 3814; x_wconf 90' lang='grc' dir='ltr'>χρυσίου</span> <span class='ocrx_word' id='word_1_843' title='bbox 3401 3742 3640 3797; x_wconf 84' lang='grc' dir='ltr'>τάλαντα</span> <span class='ocrx_word' id='word_1_844' title='bbox 3693 3743 3880 3816; x_wconf 86' lang='grc' dir='ltr'>μυρία,</span> 
     </span>
    </p>
   </div>
   <div class='ocr_carea' id='block_1_104' title="bbox 2198 3832 3658 3908">
    <p class='ocr_par' dir='ltr' id='par_1_104' title="bbox 2198 3832 3658 3908">
     <span class='ocr_line' id='line_1_104' title="bbox 2198 3832 3658 3908; baseline -0.001 -19"><span class='ocrx_word' id='word_1_845' title='bbox 2198 3836 2360 3908; x_wconf 85' lang='grc' dir='ltr'>κέρδη</span> <span class='ocrx_word' id='word_1_846' title='bbox 2411 3835 2534 3890; x_wconf 85' lang='grc' dir='ltr'>καθ’</span> <span class='ocrx_word' id='word_1_847' title='bbox 2568 3833 2806 3906; x_wconf 78' lang='grc' dir='ltr'>ἑκάστην</span> <span class='ocrx_word' id='word_1_848' title='bbox 2846 3834 3253 3905; x_wconf 89' lang='grc' dir='ltr'>προσγινόμενα</span> <span class='ocrx_word' id='word_1_849' title='bbox 3292 3832 3389 3904; x_wconf 83' lang='grc' dir='ltr'>τὴν</span> <span class='ocrx_word' id='word_1_850' title='bbox 3420 3834 3658 3905; x_wconf 83' lang='grc' dir='ltr'>ἡμέραν.</span> 
     </span>
    </p>
   </div>
   <div class='ocr_carea' id='block_1_105' title="bbox 2268 3921 3880 3995">
    <p class='ocr_par' dir='ltr' id='par_1_105' title="bbox 2268 3921 3880 3995">
     <span class='ocr_line' id='line_1_105' title="bbox 2268 3921 3880 3995; baseline -0.003 -18"><span class='ocrx_word' id='word_1_851' title='bbox 2268 3926 2407 3977; x_wconf 84' lang='grc' dir='ltr'>Ὅσα</span> <span class='ocrx_word' id='word_1_852' title='bbox 2433 3923 2499 3977; x_wconf 83' lang='grc' dir='ltr'>ἂν</span> <span class='ocrx_word' id='word_1_853' title='bbox 2523 3924 2702 3995; x_wconf 79' lang='grc' dir='ltr'>εἴπῃς,</span> <span class='ocrx_word' id='word_1_854' title='bbox 2740 3922 2916 3975; x_wconf 86' lang='grc' dir='ltr'>πάντα</span> <span class='ocrx_word' id='word_1_855' title='bbox 2943 3922 3065 3991; x_wconf 85' lang='grc' dir='ltr'>εἰκῆ</span> <span class='ocrx_word' id='word_1_856' title='bbox 3090 3922 3185 3975; x_wconf 80' lang='grc' dir='ltr'>καὶ</span> <span class='ocrx_word' id='word_1_857' title='bbox 3213 3921 3387 3994; x_wconf 83' lang='grc' dir='ltr'>μάτην</span> <span class='ocrx_word' id='word_1_858' title='bbox 3412 3924 3555 3993; x_wconf 81' lang='grc' dir='ltr'>ἐρεῖς</span> <span class='ocrx_word' id='word_1_859' title='bbox 3571 3940 3586 3952; x_wconf 93' lang='grc'><strong>·</strong></span> <span class='ocrx_word' id='word_1_860' title='bbox 3616 3921 3880 3985; x_wconf 85' lang='grc' dir='ltr'>πολλάκις</span> 
     </span>
    </p>
   </div>
   <div class='ocr_carea' id='block_1_106' title="bbox 2196 4008 3879 4083">
    <p class='ocr_par' dir='ltr' id='par_1_106' title="bbox 2196 4008 3879 4083">
     <span class='ocr_line' id='line_1_106' title="bbox 2196 4008 3879 4083; baseline -0.002 -19"><span class='ocrx_word' id='word_1_861' title='bbox 2196 4013 2254 4064; x_wconf 86' lang='grc' dir='ltr'>ἐν</span> <span class='ocrx_word' id='word_1_862' title='bbox 2283 4009 2403 4083; x_wconf 73' lang='grc' dir='ltr'>ῶρᾳ</span> <span class='ocrx_word' id='word_1_863' title='bbox 2439 4012 2560 4081; x_wconf 84' lang='grc' dir='ltr'>μιᾷ,</span> <span class='ocrx_word' id='word_1_864' title='bbox 2583 4011 2678 4064; x_wconf 76' lang='grc' dir='ltr'>καί</span> <span class='ocrx_word' id='word_1_865' title='bbox 2706 4011 2937 4081; x_wconf 80' lang='grc' dir='ltr'>βραχείᾳ</span> <span class='ocrx_word' id='word_1_866' title='bbox 2962 4008 3156 4080; x_wconf 89' lang='grc' dir='ltr'>καιροῦ</span> <span class='ocrx_word' id='word_1_867' title='bbox 3193 4011 3354 4080; x_wconf 79' lang='grc' dir='ltr'>ῥοπῇ,</span> <span class='ocrx_word' id='word_1_868' title='bbox 3384 4008 3641 4080; x_wconf 84' lang='grc' dir='ltr'>καθάπερ</span> <span class='ocrx_word' id='word_1_869' title='bbox 3674 4010 3879 4081; x_wconf 80' lang='grc' dir='ltr'>ἀνέμου</span> 
     </span>
    </p>
   </div>
   <div class='ocr_carea' id='block_1_107' title="bbox 2196 4094 3882 4170">
    <p class='ocr_par' dir='ltr' id='par_1_107' title="bbox 2196 4094 3882 4170">
     <span class='ocr_line' id='line_1_107' title="bbox 2196 4094 3882 4170; baseline -0.002 -20"><span class='ocrx_word' id='word_1_870' title='bbox 2196 4097 2599 4170; x_wconf 87' lang='grc' dir='ltr'>προσπεσόντος</span> <span class='ocrx_word' id='word_1_871' title='bbox 2660 4097 2864 4150; x_wconf 83' lang='grc' dir='ltr'>ἀνωθεν</span> <span class='ocrx_word' id='word_1_872' title='bbox 2919 4096 3070 4159; x_wconf 88' lang='grc' dir='ltr'>κόνις</span> <span class='ocrx_word' id='word_1_873' title='bbox 3119 4096 3458 4168; x_wconf 86' lang='grc' dir='ltr'>εύρίπιστος,</span> <span class='ocrx_word' id='word_1_874' title='bbox 3513 4094 3661 4149; x_wconf 76' lang='grc' dir='ltr'>οὕτω</span> <span class='ocrx_word' id='word_1_875' title='bbox 3711 4096 3882 4149; x_wconf 86' lang='grc' dir='ltr'>ταῦτα</span> 
     </span>
    </p>
   </div>
   <div class='ocr_carea' id='block_1_108' title="bbox 2195 4182 3881 4256">
    <p class='ocr_par' dir='ltr' id='par_1_108' title="bbox 2195 4182 3881 4256">
     <span class='ocr_line' id='line_1_108' title="bbox 2195 4182 3881 4256; baseline -0.002 -17"><span class='ocrx_word' id='word_1_876' title='bbox 2195 4186 2372 4239; x_wconf 88' lang='grc' dir='ltr'>πάντα</span> <span class='ocrx_word' id='word_1_877' title='bbox 2402 4186 2703 4253; x_wconf 81' lang='grc' dir='ltr'>ἐκφυσᾶται</span> <span class='ocrx_word' id='word_1_878' title='bbox 2728 4184 2827 4256; x_wconf 89' lang='grc' dir='ltr'>τῆς</span> <span class='ocrx_word' id='word_1_879' title='bbox 2854 4184 3050 4247; x_wconf 85' lang='grc' dir='ltr'>οἰκίας.</span> <span class='ocrx_word' id='word_1_880' title='bbox 3078 4184 3189 4237; x_wconf 76' lang='grc' dir='ltr'>Καὶ</span> <span class='ocrx_word' id='word_1_881' title='bbox 3213 4182 3417 4237; x_wconf 89' lang='grc' dir='ltr'>τούτων</span> <span class='ocrx_word' id='word_1_882' title='bbox 3459 4184 3682 4254; x_wconf 83' lang='grc' dir='ltr'>πλήρης</span> <span class='ocrx_word' id='word_1_883' title='bbox 3720 4184 3820 4255; x_wconf 81' lang='grc' dir='ltr'>μὲν</span> <span class='ocrx_word' id='word_1_884' title='bbox 3853 4185 3881 4235; x_wconf 91' lang='grc' dir='ltr'>ό</span> 
     </span>
    </p>
   </div>
   <div class='ocr_carea' id='block_1_109' title="bbox 2197 4271 3879 4344">
    <p class='ocr_par' dir='ltr' id='par_1_109' title="bbox 2197 4271 3879 4344">
     <span class='ocr_line' id='line_1_109' title="bbox 2197 4271 3879 4344; baseline -0.002 -17"><span class='ocrx_word' id='word_1_885' title='bbox 2197 4273 2311 4343; x_wconf 90' lang='grc' dir='ltr'>βίος</span> <span class='ocrx_word' id='word_1_886' title='bbox 2342 4275 2476 4343; x_wconf 86' lang='grc' dir='ltr'>ἡμῖν</span> <span class='ocrx_word' id='word_1_887' title='bbox 2508 4272 2615 4327; x_wconf 90' lang='grc' dir='ltr'>τῶν</span> <span class='ocrx_word' id='word_1_888' title='bbox 2654 4271 3133 4343; x_wconf 87' lang='grc' dir='ltr'>παραδειγμάτων,</span> <span class='ocrx_word' id='word_1_889' title='bbox 3189 4271 3416 4344; x_wconf 87' lang='grc' dir='ltr'>πλήρεις</span> <span class='ocrx_word' id='word_1_890' title='bbox 3465 4271 3523 4324; x_wconf 81' lang='grc' dir='ltr'>δὲ</span> <span class='ocrx_word' id='word_1_891' title='bbox 3564 4274 3621 4325; x_wconf 88' lang='grc' dir='ltr'>αἱ</span> <span class='ocrx_word' id='word_1_892' title='bbox 3667 4272 3710 4324; x_wconf 88' lang='grc' dir='ltr'><strong>Γ</strong></span> <span class='ocrx_word' id='word_1_893' title='bbox 3716 4273 3879 4344; x_wconf 76' lang='grc' dir='ltr'>ραφαί</span> 
     </span>
    </p>
   </div>
   <div class='ocr_carea' id='block_1_110' title="bbox 2194 4353 3881 4428">
    <p class='ocr_par' dir='ltr' id='par_1_110' title="bbox 2194 4353 3881 4428">
     <span class='ocr_line' id='line_1_110' title="bbox 2194 4353 3881 4428; baseline -0.001 -19"><span class='ocrx_word' id='word_1_894' title='bbox 2194 4357 2302 4410; x_wconf 91' lang='grc' dir='ltr'>τῶν</span> <span class='ocrx_word' id='word_1_895' title='bbox 2325 4356 2690 4426; x_wconf 75' lang='grc' dir='ltr'>διδαγμάτωψ</span> <span class='ocrx_word' id='word_1_896' title='bbox 2715 4357 2744 4407; x_wconf 89' lang='lat'>6</span> <span class='ocrx_word' id='word_1_897' title='bbox 2774 4356 2839 4426; x_wconf 86' lang='grc' dir='ltr'>σή</span> <span class='ocrx_word' id='word_1_898' title='bbox 2851 4372 2913 4425; x_wconf 88' lang='grc' dir='ltr'>με</span> <span class='ocrx_word' id='word_1_899' title='bbox 2924 4371 3014 4425; x_wconf 92' lang='grc' dir='ltr'>ρον</span> <span class='ocrx_word' id='word_1_900' title='bbox 3040 4353 3314 4418; x_wconf 89' lang='grc' dir='ltr'>πλούσιος,</span> <span class='ocrx_word' id='word_1_901' title='bbox 3359 4354 3548 4428; x_wconf 81' lang='grc' dir='ltr'>αὐριον</span> <span class='ocrx_word' id='word_1_902' title='bbox 3572 4355 3768 4426; x_wconf 84' lang='grc' dir='ltr'>πένης.</span> <span class='ocrx_word' id='word_1_903' title='bbox 3793 4356 3881 4407; x_wconf 76' lang='grc' dir='ltr'>Διὸ</span> 
     </span>
    </p>
   </div>
   <div class='ocr_carea' id='block_1_111' title="bbox 2195 4436 3877 4508">
    <p class='ocr_par' dir='ltr' id='par_1_111' title="bbox 2195 4436 3877 4508">
     <span class='ocr_line' id='line_1_111' title="bbox 2195 4436 3877 4508; baseline -0.001 -15"><span class='ocrx_word' id='word_1_904' title='bbox 2195 4441 2290 4493; x_wconf 70' lang='grc' dir='ltr'>καὶ</span> <span class='ocrx_word' id='word_1_905' title='bbox 2307 4439 2565 4501; x_wconf 88' lang='grc' dir='ltr'>πολλάκις</span> <span class='ocrx_word' id='word_1_906' title='bbox 2589 4439 2828 4507; x_wconf 85' lang='grc' dir='ltr'>ἐγέλασα</span> <span class='ocrx_word' id='word_1_907' title='bbox 2860 4437 3125 4508; x_wconf 86' lang='grc' dir='ltr'>διαθήκας</span> <span class='ocrx_word' id='word_1_908' title='bbox 3156 4436 3548 4506; x_wconf 87' lang='grc' dir='ltr'>ἀναγινώσκων</span> <span class='ocrx_word' id='word_1_909' title='bbox 3592 4437 3877 4507; x_wconf 88' lang='grc' dir='ltr'>λεγούσας·</span> 
     </span>
    </p>
   </div>
   <div class='ocr_carea' id='block_1_112' title="bbox 2207 4520 3881 4594">
    <p class='ocr_par' dir='ltr' id='par_1_112' title="bbox 2207 4520 3881 4594">
     <span class='ocr_line' id='line_1_112' title="bbox 2207 4520 3881 4594; baseline -0.001 -17"><span class='ocrx_word' id='word_1_910' title='bbox 2207 4524 2265 4578; x_wconf 89' lang='lat'>&#39;0</span> <span class='ocrx_word' id='word_1_911' title='bbox 2284 4524 2433 4577; x_wconf 89' lang='grc' dir='ltr'>δεῖνα</span> <span class='ocrx_word' id='word_1_912' title='bbox 2490 4522 2589 4594; x_wconf 85' lang='grc' dir='ltr'>μὲν</span> <span class='ocrx_word' id='word_1_913' title='bbox 2618 4522 2789 4592; x_wconf 87' lang='grc' dir='ltr'>ἐχέτω</span> <span class='ocrx_word' id='word_1_914' title='bbox 2821 4520 2917 4592; x_wconf 83' lang='grc' dir='ltr'>τὴν</span> <span class='ocrx_word' id='word_1_915' title='bbox 2946 4521 3264 4576; x_wconf 88' lang='grc' dir='ltr'>δεσποτείαν</span> <span class='ocrx_word' id='word_1_916' title='bbox 3295 4521 3405 4574; x_wconf 89' lang='grc' dir='ltr'>τῶν</span> <span class='ocrx_word' id='word_1_917' title='bbox 3452 4520 3663 4593; x_wconf 90' lang='grc' dir='ltr'>ἀγρῶν,</span> <span class='ocrx_word' id='word_1_918' title='bbox 3716 4521 3750 4593; x_wconf 81' lang='grc' dir='ltr'>ἢ</span> <span class='ocrx_word' id='word_1_919' title='bbox 3786 4521 3881 4584; x_wconf 81' lang='grc' dir='ltr'>τῆς</span> 
     </span>
    </p>
   </div>
   <div class='ocr_carea' id='block_1_113' title="bbox 2191 4603 3879 4677">
    <p class='ocr_par' dir='ltr' id='par_1_113' title="bbox 2191 4603 3879 4677">
     <span class='ocr_line' id='line_1_113' title="bbox 2191 4603 3879 4677; baseline -0.002 -17"><span class='ocrx_word' id='word_1_920' title='bbox 2191 4607 2390 4674; x_wconf 76' lang='grc' dir='ltr'>οἰκίας,</span> <span class='ocrx_word' id='word_1_921' title='bbox 2435 4605 2536 4677; x_wconf 82' lang='grc' dir='ltr'>τὴν</span> <span class='ocrx_word' id='word_1_922' title='bbox 2566 4605 2623 4657; x_wconf 89' lang='grc' dir='ltr'>δέ</span> <span class='ocrx_word' id='word_1_923' title='bbox 2666 4605 2861 4676; x_wconf 85' lang='grc' dir='ltr'>χρῆσιν</span> <span class='ocrx_word' id='word_1_924' title='bbox 2903 4604 3091 4669; x_wconf 77' lang='grc' dir='ltr'>ἄλλος·</span> <span class='ocrx_word' id='word_1_925' title='bbox 3136 4606 3337 4669; x_wconf 86' lang='grc' dir='ltr'>πάντες</span> <span class='ocrx_word' id='word_1_926' title='bbox 3377 4603 3486 4676; x_wconf 89' lang='grc' dir='ltr'>γάρ</span> <span class='ocrx_word' id='word_1_927' title='bbox 3540 4605 3642 4677; x_wconf 82' lang='grc' dir='ltr'>τὴν</span> <span class='ocrx_word' id='word_1_928' title='bbox 3685 4605 3879 4677; x_wconf 83' lang='grc' dir='ltr'>χρῆσιν</span> 
     </span>
    </p>
   </div>
   <div class='ocr_carea' id='block_1_114' title="bbox 2196 4688 3879 4760">
    <p class='ocr_par' dir='ltr' id='par_1_114' title="bbox 2196 4688 3879 4760">
     <span class='ocr_line' id='line_1_114' title="bbox 2196 4688 3879 4760; baseline 0 -20"><span class='ocrx_word' id='word_1_929' title='bbox 2196 4688 2411 4760; x_wconf 82' lang='grc' dir='ltr'>ἔχομεν,</span> <span class='ocrx_word' id='word_1_930' title='bbox 2447 4689 2546 4760; x_wconf 86' lang='grc' dir='ltr'>τὴν</span> <span class='ocrx_word' id='word_1_931' title='bbox 2573 4688 2886 4742; x_wconf 82' lang='grc' dir='ltr'>δεσποτείαν</span> <span class='ocrx_word' id='word_1_932' title='bbox 2913 4688 2970 4740; x_wconf 88' lang='grc' dir='ltr'>δέ</span> <span class='ocrx_word' id='word_1_933' title='bbox 2997 4688 3190 4752; x_wconf 89' lang='grc' dir='ltr'>οὐδείς.</span> <span class='ocrx_word' id='word_1_934' title='bbox 3220 4688 3342 4742; x_wconf 82' lang='grc' dir='ltr'>Κᾶν</span> <span class='ocrx_word' id='word_1_935' title='bbox 3370 4688 3481 4760; x_wconf 80' lang='grc' dir='ltr'>γὰρ</span> <span class='ocrx_word' id='word_1_936' title='bbox 3512 4688 3667 4759; x_wconf 89' lang='grc' dir='ltr'>παρά</span> <span class='ocrx_word' id='word_1_937' title='bbox 3697 4690 3879 4742; x_wconf 84' lang='grc' dir='ltr'>πᾶσαν</span> 
     </span>
    </p>
   </div>
   <div class='ocr_carea' id='block_1_115' title="bbox 2197 4771 3879 4845">
    <p class='ocr_par' dir='ltr' id='par_1_115' title="bbox 2197 4771 3879 4845">
     <span class='ocr_line' id='line_1_115' title="bbox 2197 4771 3879 4845; baseline -0.002 -19"><span class='ocrx_word' id='word_1_938' title='bbox 2197 4775 2328 4843; x_wconf 80' lang='grc' dir='ltr'>ἡμῖν</span> <span class='ocrx_word' id='word_1_939' title='bbox 2347 4774 2447 4844; x_wconf 85' lang='grc' dir='ltr'>τὴν</span> <span class='ocrx_word' id='word_1_940' title='bbox 2472 4771 2616 4843; x_wconf 77' lang='grc' dir='ltr'>ζωὴν</span> <span class='ocrx_word' id='word_1_941' title='bbox 2650 4772 2942 4845; x_wconf 86' lang='grc' dir='ltr'>παραμένῃ</span> <span class='ocrx_word' id='word_1_942' title='bbox 2971 4772 3239 4843; x_wconf 88' lang='grc' dir='ltr'>μηδεμίαν</span> <span class='ocrx_word' id='word_1_943' title='bbox 3272 4771 3573 4843; x_wconf 81' lang='grc' dir='ltr'>μεταϐολὴν</span> <span class='ocrx_word' id='word_1_944' title='bbox 3598 4774 3627 4825; x_wconf 84' lang='grc' dir='ltr'>ὁ</span> <span class='ocrx_word' id='word_1_945' title='bbox 3651 4771 3879 4833; x_wconf 87' lang='grc' dir='ltr'>πλοῦτος</span> 
     </span>
    </p>
   </div>
   <div class='ocr_carea' id='block_1_116' title="bbox 2194 4856 3879 4929">
    <p class='ocr_par' dir='ltr' id='par_1_116' title="bbox 2194 4856 3879 4929">
     <span class='ocr_line' id='line_1_116' title="bbox 2194 4856 3879 4929; baseline -0.002 -19"><span class='ocrx_word' id='word_1_946' title='bbox 2194 4858 2504 4929; x_wconf 89' lang='grc' dir='ltr'>δεχόμενος,</span> <span class='ocrx_word' id='word_1_947' title='bbox 2540 4857 2632 4910; x_wconf 77' lang='grc' dir='ltr'>καὶ</span> <span class='ocrx_word' id='word_1_948' title='bbox 2666 4857 2883 4919; x_wconf 80' lang='grc' dir='ltr'>ἑκόντες</span> <span class='ocrx_word' id='word_1_949' title='bbox 2922 4857 3017 4909; x_wconf 75' lang='grc' dir='ltr'>καὶ</span> <span class='ocrx_word' id='word_1_950' title='bbox 3064 4857 3289 4919; x_wconf 81' lang='grc' dir='ltr'>ἄκοντες</span> <span class='ocrx_word' id='word_1_951' title='bbox 3328 4858 3386 4910; x_wconf 89' lang='grc' dir='ltr'>ἐν</span> <span class='ocrx_word' id='word_1_952' title='bbox 3412 4859 3478 4927; x_wconf 86' lang='grc' dir='ltr'>τῇ</span> <span class='ocrx_word' id='word_1_953' title='bbox 3518 4856 3751 4927; x_wconf 79' lang='grc' dir='ltr'>τελευτῇ</span> <span class='ocrx_word' id='word_1_954' title='bbox 3777 4873 3879 4908; x_wconf 48' lang='grc' dir='ltr'>πα.</span> 
     </span>
    </p>
   </div>
   <div class='ocr_carea' id='block_1_117' title="bbox 2198 4939 3879 5014">
    <p class='ocr_par' dir='ltr' id='par_1_117' title="bbox 2198 4939 3879 5014">
     <span class='ocr_line' id='line_1_117' title="bbox 2198 4939 3879 5014; baseline -0.001 -20"><span class='ocrx_word' id='word_1_955' title='bbox 2198 4943 2590 5014; x_wconf 89' lang='grc' dir='ltr'>ραχωρήσομεν</span> <span class='ocrx_word' id='word_1_956' title='bbox 2615 4940 2843 5012; x_wconf 80' lang='grc' dir='ltr'>ἑτέροις,</span> <span class='ocrx_word' id='word_1_957' title='bbox 2880 4940 2979 5011; x_wconf 86' lang='grc' dir='ltr'>τὴν</span> <span class='ocrx_word' id='word_1_958' title='bbox 3008 4941 3203 5011; x_wconf 87' lang='grc' dir='ltr'>χρῆσιν</span> <span class='ocrx_word' id='word_1_959' title='bbox 3247 4939 3413 4993; x_wconf 88' lang='grc' dir='ltr'>αὐτοῦ</span> <span class='ocrx_word' id='word_1_960' title='bbox 3448 4941 3879 5011; x_wconf 86' lang='grc' dir='ltr'>καρπωσάμενοι</span> 
     </span>
    </p>
   </div>
   <div class='ocr_carea' id='block_1_118' title="bbox 2198 5021 3880 5094">
    <p class='ocr_par' dir='ltr' id='par_1_118' title="bbox 2198 5021 3880 5094">
     <span class='ocr_line' id='line_1_118' title="bbox 2198 5021 3880 5094; baseline -0.001 -19"><span class='ocrx_word' id='word_1_961' title='bbox 2198 5022 2378 5092; x_wconf 85' lang='grc' dir='ltr'>μόνον,</span> <span class='ocrx_word' id='word_1_962' title='bbox 2405 5024 2504 5094; x_wconf 88' lang='grc' dir='ltr'>τῆς</span> <span class='ocrx_word' id='word_1_963' title='bbox 2532 5023 2852 5086; x_wconf 88' lang='grc' dir='ltr'>δεσποτείας</span> <span class='ocrx_word' id='word_1_964' title='bbox 2883 5021 2941 5075; x_wconf 85' lang='grc' dir='ltr'>δὲ</span> <span class='ocrx_word' id='word_1_965' title='bbox 2970 5023 3169 5093; x_wconf 80' lang='grc' dir='ltr'>γυμνοὶ</span> <span class='ocrx_word' id='word_1_966' title='bbox 3206 5024 3300 5075; x_wconf 73' lang='grc' dir='ltr'>καὶ</span> <span class='ocrx_word' id='word_1_967' title='bbox 3340 5022 3537 5094; x_wconf 88' lang='grc' dir='ltr'>ἔρημοι</span> <span class='ocrx_word' id='word_1_968' title='bbox 3563 5023 3706 5094; x_wconf 77' lang='grc' dir='ltr'>πρὸς</span> <span class='ocrx_word' id='word_1_969' title='bbox 3741 5023 3880 5076; x_wconf 81' lang='grc' dir='ltr'>ἐκεί-</span> 
     </span>
    </p>
   </div>
   <div class='ocr_carea' id='block_1_119' title="bbox 2195 5105 3877 5179">
    <p class='ocr_par' dir='ltr' id='par_1_119' title="bbox 2195 5105 3877 5179">
     <span class='ocr_line' id='line_1_119' title="bbox 2195 5105 3877 5179; baseline 0 -20"><span class='ocrx_word' id='word_1_970' title='bbox 2195 5123 2292 5176; x_wconf 88' lang='grc' dir='ltr'>νην</span> <span class='ocrx_word' id='word_1_971' title='bbox 2332 5106 2742 5179; x_wconf 89' lang='grc' dir='ltr'>ἀποδημοῦντες</span> <span class='ocrx_word' id='word_1_972' title='bbox 2792 5106 2891 5178; x_wconf 82' lang='grc' dir='ltr'>τὴν</span> <span class='ocrx_word' id='word_1_973' title='bbox 2939 5106 3106 5178; x_wconf 82' lang='grc' dir='ltr'>ζωήν.</span> <span class='ocrx_word' id='word_1_974' title='bbox 3130 5105 3296 5160; x_wconf 85' lang='grc' dir='ltr'>Ὅθεν</span> <span class='ocrx_word' id='word_1_975' title='bbox 3343 5106 3527 5177; x_wconf 86' lang='grc' dir='ltr'>δῆλον,</span> <span class='ocrx_word' id='word_1_976' title='bbox 3558 5107 3641 5161; x_wconf 86' lang='grc' dir='ltr'>ὃτι</span> <span class='ocrx_word' id='word_1_977' title='bbox 3677 5109 3877 5161; x_wconf 85' lang='grc' dir='ltr'>ἐκεῖνοι</span> 
     </span>
    </p>
   </div>
   <div class='ocr_carea' id='block_1_120' title="bbox 2197 5189 3876 5263">
    <p class='ocr_par' dir='ltr' id='par_1_120' title="bbox 2197 5189 3876 5263">
     <span class='ocr_line' id='line_1_120' title="bbox 2197 5189 3876 5263; baseline 0.002 -21"><span class='ocrx_word' id='word_1_978' title='bbox 2197 5189 2348 5259; x_wconf 89' lang='grc' dir='ltr'>μόνοι</span> <span class='ocrx_word' id='word_1_979' title='bbox 2375 5190 2476 5261; x_wconf 81' lang='grc' dir='ltr'>τὴν</span> <span class='ocrx_word' id='word_1_980' title='bbox 2504 5190 2822 5243; x_wconf 89' lang='grc' dir='ltr'>δεσποτείαν</span> <span class='ocrx_word' id='word_1_981' title='bbox 2844 5189 3078 5261; x_wconf 81' lang='grc' dir='ltr'>ἔχουσιν,</span> <span class='ocrx_word' id='word_1_982' title='bbox 3102 5191 3153 5244; x_wconf 89' lang='grc' dir='ltr'>οἱ</span> <span class='ocrx_word' id='word_1_983' title='bbox 3179 5191 3272 5244; x_wconf 77' lang='grc' dir='ltr'>καὶ</span> <span class='ocrx_word' id='word_1_984' title='bbox 3294 5191 3395 5261; x_wconf 82' lang='grc' dir='ltr'>τῆς</span> <span class='ocrx_word' id='word_1_985' title='bbox 3420 5192 3674 5263; x_wconf 83' lang='grc' dir='ltr'>χρήσεως</span> <span class='ocrx_word' id='word_1_986' title='bbox 3712 5192 3876 5246; x_wconf 85' lang='grc' dir='ltr'>αὐτοῦ</span> 
     </span>
    </p>
   </div>
   <div class='ocr_carea' id='block_1_121' title="bbox 2194 5273 3876 5340">
    <p class='ocr_par' dir='ltr' id='par_1_121' title="bbox 2194 5273 3876 5340">
     <span class='ocr_line' id='line_1_121' title="bbox 2194 5273 3876 5340; baseline 0.002 -18"><span class='ocrx_word' id='word_1_987' title='bbox 2194 5274 2725 5339; x_wconf 78' lang='grc' dir='ltr'>καταφρονήσαντες,</span> <span class='ocrx_word' id='word_1_988' title='bbox 2771 5273 2866 5326; x_wconf 79' lang='grc' dir='ltr'>καὶ</span> <span class='ocrx_word' id='word_1_989' title='bbox 2920 5274 3021 5340; x_wconf 81' lang='grc' dir='ltr'>τῆς</span> <span class='ocrx_word' id='word_1_990' title='bbox 3073 5274 3424 5328; x_wconf 74' lang='grc' dir='ltr'>ἀπολαύσεως</span> <span class='ocrx_word' id='word_1_991' title='bbox 3470 5275 3876 5340; x_wconf 81' lang='grc' dir='ltr'>καταγελάσαν-</span> 
     </span>
    </p>
   </div>
   <div class='ocr_carea' id='block_1_122' title="bbox 2189 5346 3878 5420">
    <p class='ocr_par' dir='ltr' id='par_1_122' title="bbox 2189 5346 3878 5420">
     <span class='ocr_line' id='line_1_122' title="bbox 2189 5346 3878 5420; baseline -0.002 -12"><span class='ocrx_word' id='word_1_992' title='bbox 2189 5371 2301 5418; x_wconf 89' lang='grc' dir='ltr'>τες.</span> <span class='ocrx_word' id='word_1_993' title='bbox 2362 5354 2422 5405; x_wconf 79' lang='lat'><strong>&#39;0</strong></span> <span class='ocrx_word' id='word_1_994' title='bbox 2467 5351 2577 5420; x_wconf 86' lang='grc' dir='ltr'>γὰρ</span> <span class='ocrx_word' id='word_1_995' title='bbox 2620 5350 2692 5402; x_wconf 85' lang='grc' dir='ltr'>τά</span> <span class='ocrx_word' id='word_1_996' title='bbox 2740 5349 2870 5400; x_wconf 74' lang='grc' dir='ltr'>ὄντα</span> <span class='ocrx_word' id='word_1_997' title='bbox 2920 5346 3121 5418; x_wconf 73' lang='grc' dir='ltr'>ῥίψας,</span> <span class='ocrx_word' id='word_1_998' title='bbox 3168 5348 3261 5399; x_wconf 77' lang='grc' dir='ltr'>καὶ</span> <span class='ocrx_word' id='word_1_999' title='bbox 3312 5350 3424 5412; x_wconf 83' lang='grc' dir='ltr'>τοῖς</span> <span class='ocrx_word' id='word_1_1000' title='bbox 3466 5348 3700 5419; x_wconf 81' lang='grc' dir='ltr'>πένησιν</span> <span class='ocrx_word' id='word_1_1001' title='bbox 3740 5351 3878 5404; x_wconf 77' lang='grc' dir='ltr'>αὐτὰ</span> 
     </span>
    </p>
   </div>
   <div class='ocr_carea' id='block_1_123' title="bbox 2190 5424 3877 5505">
    <p class='ocr_par' dir='ltr' id='par_1_123' title="bbox 2190 5424 3877 5505">
     <span class='ocr_line' id='line_1_123' title="bbox 2190 5424 3877 5505; baseline -0.011 -13"><span class='ocrx_word' id='word_1_1002' title='bbox 2190 5437 2423 5505; x_wconf 77' lang='grc' dir='ltr'>διδοὺςο,</span> <span class='ocrx_word' id='word_1_1003' title='bbox 2456 5432 2727 5505; x_wconf 86' lang='grc' dir='ltr'>ἐχρήσατό</span> <span class='ocrx_word' id='word_1_1004' title='bbox 2770 5448 2830 5484; x_wconf 87' lang='grc' dir='ltr'>τε</span> <span class='ocrx_word' id='word_1_1005' title='bbox 2862 5431 2942 5493; x_wconf 89' lang='grc' dir='ltr'>εἰς</span> <span class='ocrx_word' id='word_1_1006' title='bbox 2983 5430 3100 5484; x_wconf 84' lang='grc' dir='ltr'>δέον</span> <span class='ocrx_word' id='word_1_1007' title='bbox 3145 5432 3261 5493; x_wconf 90' lang='grc' dir='ltr'>τοῖς</span> <span class='ocrx_word' id='word_1_1008' title='bbox 3305 5424 3463 5498; x_wconf 75' lang='grc' dir='ltr'>οὖσι,</span> <span class='ocrx_word' id='word_1_1009' title='bbox 3509 5432 3607 5484; x_wconf 80' lang='grc' dir='ltr'>καὶ</span> <span class='ocrx_word' id='word_1_1010' title='bbox 3648 5434 3748 5503; x_wconf 80' lang='grc' dir='ltr'>τὴν</span> <span class='ocrx_word' id='word_1_1011' title='bbox 3794 5435 3877 5487; x_wconf 81' lang='grc' dir='ltr'>δε-</span> 
     </span>
    </p>
   </div>
   <div class='ocr_carea' id='block_1_124' title="bbox 2195 5516 3876 5591">
    <p class='ocr_par' dir='ltr' id='par_1_124' title="bbox 2195 5516 3876 5591">
     <span class='ocr_line' id='line_1_124' title="bbox 2195 5516 3876 5591; baseline -0.004 -12"><span class='ocrx_word' id='word_1_1012' title='bbox 2195 5523 2452 5579; x_wconf 89' lang='grc' dir='ltr'>σποτείαν</span> <span class='ocrx_word' id='word_1_1013' title='bbox 2477 5519 2656 5576; x_wconf 87' lang='grc' dir='ltr'>αὐτῶν</span> <span class='ocrx_word' id='word_1_1014' title='bbox 2680 5518 2820 5590; x_wconf 83' lang='grc' dir='ltr'>ἔχων</span> <span class='ocrx_word' id='word_1_1015' title='bbox 2851 5516 3115 5589; x_wconf 88' lang='grc' dir='ltr'>ἀπῆλθεν,</span> <span class='ocrx_word' id='word_1_1016' title='bbox 3142 5516 3267 5570; x_wconf 87' lang='grc' dir='ltr'>οὐδὲ</span> <span class='ocrx_word' id='word_1_1017' title='bbox 3288 5519 3347 5570; x_wconf 89' lang='grc' dir='ltr'>ἐν</span> <span class='ocrx_word' id='word_1_1018' title='bbox 3375 5518 3525 5590; x_wconf 81' lang='grc' dir='ltr'>αὐτῷ</span> <span class='ocrx_word' id='word_1_1019' title='bbox 3556 5518 3635 5590; x_wconf 81' lang='grc' dir='ltr'>τῷ</span> <span class='ocrx_word' id='word_1_1020' title='bbox 3659 5520 3876 5591; x_wconf 83' lang='grc' dir='ltr'>θανάτῳ</span> 
     </span>
    </p>
   </div>
   <div class='ocr_carea' id='block_1_125' title="bbox 2193 5599 3877 5680">
    <p class='ocr_par' dir='ltr' id='par_1_125' title="bbox 2193 5599 3877 5680">
     <span class='ocr_line' id='line_1_125' title="bbox 2193 5599 3877 5680; baseline -0.004 -17"><span class='ocrx_word' id='word_1_1021' title='bbox 2193 5611 2292 5680; x_wconf 84' lang='grc' dir='ltr'>τῆς</span> <span class='ocrx_word' id='word_1_1022' title='bbox 2312 5608 2562 5679; x_wconf 84' lang='grc' dir='ltr'>κτήσεως</span> <span class='ocrx_word' id='word_1_1023' title='bbox 2584 5604 2866 5657; x_wconf 85' lang='grc' dir='ltr'>ἐκπίπτων</span> <span class='ocrx_word' id='word_1_1024' title='bbox 2881 5601 3119 5672; x_wconf 87' lang='grc' dir='ltr'>ἐκείνης,</span> <span class='ocrx_word' id='word_1_1025' title='bbox 3141 5599 3254 5672; x_wconf 76' lang='lat'>[50]</span> <span class='ocrx_word' id='word_1_1026' title='bbox 3277 5601 3390 5654; x_wconf 85' lang='grc' dir='ltr'>ἀλλ’</span> <span class='ocrx_word' id='word_1_1027' title='bbox 3409 5604 3467 5656; x_wconf 86' lang='grc' dir='ltr'>ἐν</span> <span class='ocrx_word' id='word_1_1028' title='bbox 3483 5603 3678 5675; x_wconf 84' lang='grc' dir='ltr'>ἐκείνῳ</span> <span class='ocrx_word' id='word_1_1029' title='bbox 3700 5605 3877 5657; x_wconf 79' lang='grc' dir='ltr'>πάντα</span> 
     </span>
    </p>
   </div>
   <div class='ocr_carea' id='block_1_126' title="bbox 2194 5684 3872 5764">
    <p class='ocr_par' dir='ltr' id='par_1_126' title="bbox 2194 5684 3872 5764">
     <span class='ocr_line' id='line_1_126' title="bbox 2194 5684 3872 5764; baseline -0.005 -16"><span class='ocrx_word' id='word_1_1030' title='bbox 2194 5691 2597 5764; x_wconf 88' lang='grc' dir='ltr'>ἀπολαμϐάνων</span> <span class='ocrx_word' id='word_1_1031' title='bbox 2624 5688 2703 5758; x_wconf 85' lang='grc' dir='ltr'>τῷ</span> <span class='ocrx_word' id='word_1_1032' title='bbox 2742 5685 2953 5756; x_wconf 82' lang='grc' dir='ltr'>καιρῷ,</span> <span class='ocrx_word' id='word_1_1033' title='bbox 3003 5686 3101 5739; x_wconf 77' lang='grc' dir='ltr'>καὶ</span> <span class='ocrx_word' id='word_1_1034' title='bbox 3140 5684 3322 5757; x_wconf 87' lang='grc' dir='ltr'>πολλῷ</span> <span class='ocrx_word' id='word_1_1035' title='bbox 3361 5687 3585 5741; x_wconf 88' lang='grc' dir='ltr'>πλείονα</span> <span class='ocrx_word' id='word_1_1036' title='bbox 3624 5688 3872 5749; x_wconf 87' lang='grc' dir='ltr'>ἐκείνων,</span> 
     </span>
    </p>
   </div>
   <div class='ocr_carea' id='block_1_127' title="bbox 2185 5769 3871 5844">
    <p class='ocr_par' dir='ltr' id='par_1_127' title="bbox 2185 5769 3871 5844">
     <span class='ocr_line' id='line_1_127' title="bbox 2185 5769 3871 5844; baseline -0.011 -8"><span class='ocrx_word' id='word_1_1037' title='bbox 2185 5779 2325 5836; x_wconf 80' lang='grc' dir='ltr'>,ὅταν</span> <span class='ocrx_word' id='word_1_1038' title='bbox 2356 5775 2539 5831; x_wconf 87' lang='grc' dir='ltr'>αὐτῶν</span> <span class='ocrx_word' id='word_1_1039' title='bbox 2573 5772 2809 5843; x_wconf 85' lang='grc' dir='ltr'>μάλιστα</span> <span class='ocrx_word' id='word_1_1040' title='bbox 2848 5771 3036 5840; x_wconf 86' lang='grc' dir='ltr'>δέηται</span> <span class='ocrx_word' id='word_1_1041' title='bbox 3067 5769 3169 5838; x_wconf 88' lang='grc' dir='ltr'>τῆς</span> <span class='ocrx_word' id='word_1_1042' title='bbox 3200 5770 3540 5838; x_wconf 89' lang='grc' dir='ltr'>προστασίας</span> <span class='ocrx_word' id='word_1_1043' title='bbox 3580 5773 3640 5827; x_wconf 84' lang='grc' dir='ltr'>ἐν</span> <span class='ocrx_word' id='word_1_1044' title='bbox 3668 5775 3735 5844; x_wconf 79' lang='grc' dir='ltr'>τῇ</span> <span class='ocrx_word' id='word_1_1045' title='bbox 3776 5770 3871 5840; x_wconf 79' lang='grc' dir='ltr'>τῆς</span> 
     </span>
    </p>
   </div>
   <div class='ocr_carea' id='block_1_128' title="bbox 2260 5892 3497 5976">
    <p class='ocr_par' dir='ltr' id='par_1_128' title="bbox 2260 5892 3497 5976">
     <span class='ocr_line' id='line_1_128' title="bbox 2260 5892 3497 5976; baseline -0.005 -26"><span class='ocrx_word' id='word_1_1046' title='bbox 2260 5905 2285 5976; x_wconf 71' lang='grc' dir='ltr'><strong>εξ</strong></span> <span class='ocrx_word' id='word_1_1047' title='bbox 2310 5901 2485 5976; x_wconf 55' lang='grc' dir='ltr'>λὶςξςθ).</span> <span class='ocrx_word' id='word_1_1048' title='bbox 2506 5899 2833 5976; x_wconf 85' lang='grc' dir='ltr'>περιορῶντες,</span> <span class='ocrx_word' id='word_1_1049' title='bbox 2853 5895 3006 5946; x_wconf 75' lang='lat' dir='ltr'><strong>Savil.</strong></span> <span class='ocrx_word' id='word_1_1050' title='bbox 3043 5899 3099 5945; x_wconf 75' lang='lat' dir='ltr'>et</span> <span class='ocrx_word' id='word_1_1051' title='bbox 3117 5892 3200 5944; x_wconf 84' lang='lat' dir='ltr'>alii</span> <span class='ocrx_word' id='word_1_1052' title='bbox 3223 5897 3497 5959; x_wconf 84' lang='grc' dir='ltr'>περιορῶσι.</span> 
     </span>
    </p>
   </div>
   <div class='ocr_carea' id='block_1_129' title="bbox 2261 5963 2727 6020">
    <p class='ocr_par' dir='ltr' id='par_1_129' title="bbox 2261 5963 2727 6020">
     <span class='ocr_line' id='line_1_129' title="bbox 2261 5963 2727 6020; baseline -0.011 -8"><span class='ocrx_word' id='word_1_1053' title='bbox 2261 5963 2289 6002; x_wconf 72' lang='grc' dir='ltr'><em>δ</em></span> <span class='ocrx_word' id='word_1_1054' title='bbox 2314 5963 2412 6012; x_wconf 74' lang='lat' dir='ltr'><strong>Alii</strong></span> <span class='ocrx_word' id='word_1_1055' title='bbox 2438 5963 2727 6020; x_wconf 77' lang='grc' dir='ltr'>ὑποτέμνεις.</span> 
     </span>
    </p>
   </div>
   <div class='ocr_carea' id='block_1_130' title="bbox 2271 6018 3132 6084">
    <p class='ocr_par' dir='ltr' id='par_1_130' title="bbox 2271 6018 3132 6084">
     <span class='ocr_line' id='line_1_130' title="bbox 2271 6018 3132 6084; baseline -0.009 -9"><span class='ocrx_word' id='word_1_1056' title='bbox 2271 6028 2290 6049; x_wconf 81' lang='grc'><strong><em>⁸</em></strong></span> <span class='ocrx_word' id='word_1_1057' title='bbox 2326 6022 2476 6075; x_wconf 71' lang='lat' dir='ltr'>Savil.</span> <span class='ocrx_word' id='word_1_1058' title='bbox 2501 6018 2765 6084; x_wconf 74' lang='lat' dir='ltr'>etquidam</span> <span class='ocrx_word' id='word_1_1059' title='bbox 2788 6033 2904 6070; x_wconf 81' lang='lat' dir='ltr'>mss.</span> <span class='ocrx_word' id='word_1_1060' title='bbox 2930 6018 3132 6075; x_wconf 81' lang='grc' dir='ltr'>διαδούς.</span> 
     </span>
    </p>
   </div>
  </div>
