1999 3213
91 179 116 207 ιι
555 178 601 206 AD
621 176 781 205 I’OI’UI.UM
797 176 1044 206 ANTIOCIIENUM
1077 175 1191 204 HOMIL.
1212 176 1243 204 ll.
1695 181 1730 207 4g

91 242 207 264 ornatum
222 240 250 264 et
263 235 373 264 divitias
387 236 413 263 in
428 236 485 271 ipso
501 237 630 271 repositas
644 235 694 262 hoc
709 241 819 262 munere
830 241 880 269 po-

93 283 161 309 titus.
177 282 210 310 Et
224 289 274 309 nos
289 282 370 317 igitur
390 289 424 309 ne
446 282 540 309 domos
563 288 689 308 ornemus
701 301 708 313 ,
723 281 770 308 sed
795 280 884 315 ponus

91 336 168 363 quam
182 328 292 355 domum
306 328 423 356 animam
443 332 570 355 nostram.
587 327 726 361 Quomodo
740 326 811 354 enim
831 333 883 353 non

93 378 182 408 turpe,
198 373 377 401 marmoribus
394 373 508 407 parietes
521 372 619 400 frustra
639 377 667 400 et
680 376 780 399 temere
793 376 885 399 eonte-

91 425 164 452 gere,
176 418 311 445 Christum
325 425 388 445 vero
401 418 499 445 nudum
513 418 721 445 circumeuntem
733 417 885 452 negligere?

91 472 148 498 qua:
162 464 208 491 tibi
224 464 320 492 domus
333 465 442 496 utilitas,
458 464 556 491 homo?
570 464 697 499 numquid
714 464 784 491 enim
800 464 884 498 ipsam

94 514 178 536 tecum
191 510 293 537 ducens
309 510 414 537 abibis?
427 510 484 536 Non
502 510 570 537 hanc
585 515 670 537 tecum
687 509 775 537 ferens
789 509 883 543 abibis,

93 555 208 583 animam
219 563 283 583 vero
296 556 405 583 omnino
420 556 506 583 ferens
518 556 655 590 migmbis.
668 556 737 583 Ecce
750 563 820 582 nunc
834 556 886 583 tale

94 608 142 628 nos
152 602 259 635 excepit
279 602 423 636 periculum
439 610 445 628 :
461 602 587 629 assistant
607 602 685 630 nobis
702 602 797 630 domus
809 623 816 635 ,
829 602 886 629 sol-

93 650 156 673 vant
171 647 318 681 periculum
339 647 415 675 nobis
430 648 590 681 imminens;
606 648 653 675 sed
676 656 727 675 non
750 653 884 682 poterunt.

94 691 147 719 Vos
162 692 212 727 ipsi
225 693 286 720 mihi
302 698 381 721 testes
398 694 462 721 estis
472 714 479 726 ,
494 693 614 722 desertas
630 702 676 722 eas
698 695 886 730 derelinquen-

95 743 149 770 tes,
166 743 193 765 et
207 738 240 765 ad
255 738 423 766 solitudinem
441 740 611 773 exsilientes,
624 744 757 775 tamquam
776 740 886 775 laqueos

94 788 120 810 et
140 784 207 811 retia
229 791 275 810 eas
287 785 418 812 timentes.
434 785 604 819 Opitulentur
625 793 695 813 nunc
707 785 823 818 divitize;
840 786 886 813 sed

94 829 318 863 opportunitatem
335 838 386 857 non
398 830 507 858 habent.
518 830 593 863 Quod
607 831 629 858 si
641 831 684 858 ubi
700 830 814 858 hominis
829 831 866 858 ira
877 851 886 865 ,

96 875 266 908 pecuniarum
283 875 324 902 vis
345 880 484 910 superatur
496 897 503 908 ,
515 877 598 903 multo
614 877 697 911 magis
716 877 742 903 in
757 876 847 903 divino
861 881 888 904 et

96 920 254 954 implacabili
271 921 371 955 judicio
391 922 441 948 hoc
458 922 511 949 fiet.
526 922 554 949 Si
569 922 649 949 homo
663 926 704 950 est
718 923 761 957 qui
776 929 886 950 exacer-

95 965 187 996 batur,
203 970 229 993 et
246 974 315 1001 :rgre
330 967 395 999 fert,
410 972 437 994 et
450 967 515 995 nihil
528 968 604 995 nobis
625 975 694 995 nunc
711 976 804 995 aurum
824 976 887 1003 pro-

96 1011 154 1038 dest
171 1021 177 1037 :
192 1012 277 1038 multo
294 1013 377 1047 magis
398 1013 528 1041 irascente
545 1014 598 1041 Deo
610 1034 617 1044 ,
633 1014 678 1049 qui
698 1015 815 1048 pecuniis
835 1022 887 1041 non

97 1056 207 1092 indiget,
222 1057 278 1084 auri
292 1058 408 1092 potentia
429 1059 533 1093 penitus
546 1064 697 1087 evanescet.
712 1060 810 1086 Demos
822 1060 887 1087 ardi-

97 1100 207 1128 ticamus
219 1122 227 1134 ,
243 1107 271 1129 ut
290 1102 439 1131 habilemus
450 1124 458 1135 ,
481 1112 533 1131 non
552 1108 579 1131 ut
600 1104 795 1139 superbiamus.
809 1104 886 1138 Quod

98 1148 283 1175 necessitatem
301 1149 419 1181 excedit,
435 1150 598 1184 superﬂuum
617 1154 658 1177 est
670 1154 696 1179 et
710 1151 808 1177 inutile.
827 1150 888 1177 Cal-

97 1200 174 1220 ceare
192 1194 309 1221 calceum
324 1195 389 1229 pede
404 1197 548 1230 majorem,
563 1196 610 1224 sed
629 1204 681 1223 non
703 1196 848 1228 tolerabis;
864 1202 889 1224 te

97 1238 167 1264 enim
183 1238 215 1265 ad
235 1247 353 1273 gressum
370 1240 478 1275 impedit
492 1249 500 1268 :
515 1242 553 1269 sic
573 1245 602 1268 et
622 1242 717 1269 domus
733 1242 890 1269 necessitate

98 1284 198 1317 major,
216 1284 241 1310 in
264 1285 345 1312 ccelos
364 1285 502 1312 transitum
528 1286 648 1320 impedit.
661 1286 708 1313 Vis
729 1294 838 1321 magnas
864 1293 890 1313 ct

98 1327 251 1361 splendidas
265 1328 358 1356 domos
373 1330 523 1357 aedificare?
538 1339 589 1357 non
610 1331 753 1365 prohibeo,
768 1331 815 1358 sed
837 1339 889 1358 non

97 1381 180 1408 super
201 1378 298 1401 terram
315 1383 321 1401 :
336 1375 438 1403 :edifica
463 1376 631 1404 tabernacula
653 1376 679 1403 in
697 1377 790 1408 caelis,
815 1381 841 1403 ut
864 1381 891 1403 et

97 1419 165 1446 alios
178 1420 299 1454 excipere
315 1421 409 1454 possis,
422 1421 588 1448 tabernacula
605 1429 748 1456 numquam
762 1421 890 1448 deficien-

98 1464 143 1490 tia.
158 1465 227 1497 Quid
251 1465 349 1492 insanis
368 1467 438 1493 circa
461 1466 586 1501 fugientia
598 1487 607 1500 ,
622 1471 648 1494 et
669 1467 712 1494 hie
734 1466 891 1494 manentia?

97 1509 169 1536 Nihil
180 1510 278 1538 divitiis
292 1511 425 1538 fallacius:
439 1512 518 1540 hodie
533 1517 629 1544 tecum,
639 1517 665 1540 et
679 1520 737 1540 eras
748 1517 839 1539 contra
854 1517 889 1544 te,

98 1555 250 1582 invidorum
287 1557 379 1584 oculos
410 1562 514 1584 armant
542 1557 686 1593 undique:
710 1558 800 1585 hostes
830 1562 892 1585 sunt

97 1601 302 1629 contubernales
313 1623 320 1633 ,
337 1602 435 1630 inimici
449 1603 587 1630 domestici
604 1613 610 1630 z
625 1608 651 1630 et
665 1611 711 1630 vos
726 1603 891 1638 possidentes

99 1652 180 1674 testes
190 1668 197 1680 ,
214 1648 258 1682 qui
273 1649 345 1675 omni
360 1648 439 1675 modo
451 1649 522 1684 ipsas
538 1649 654 1676 iufoditis
669 1653 696 1677 et
710 1649 871 1676 absconditis
884 1659 889 1675 :

97 1693 224 1727 quoniam
240 1698 266 1720 ct
285 1702 355 1721 nunc
368 1694 445 1721 nobis
461 1695 606 1729 periculum
622 1695 813 1728 intolerabilius
823 1695 888 1722 divi-

98 1739 142 1765 tiae
162 1738 272 1766 faciunt.
286 1739 352 1766 Nam
370 1740 457 1768 cernis
471 1748 602 1775 pauperes
619 1741 725 1775 quidem
744 1741 892 1769 succinctos

98 1788 125 1810 et
138 1783 279 1818 expeditos
293 1784 325 1811 ad
336 1785 424 1812 omnia
436 1791 557 1819 paratos;
570 1785 667 1813 divites
681 1790 768 1813 autem
782 1786 891 1813 multam

98 1829 229 1856 habentes
241 1829 434 1862 difﬁcultatem,
450 1834 477 1857 et
487 1830 691 1862 circumeunles,
704 1835 730 1858 et
743 1836 893 1865 quan-entes

98 1874 142 1901 ubi
157 1881 252 1901 aurum
263 1874 402 1907 infodiant,
413 1879 563 1909 quaerentes
575 1875 644 1909 apud
657 1883 735 1909 quem
749 1875 891 1909 deponant.

98 1919 168 1952 Quid
183 1919 292 1954 quaeris,
308 1919 398 1952 homo,
413 1920 575 1947 conservos?
588 1920 708 1947 Christus
719 1924 770 1946 stat
785 1920 817 1947 ad
832 1928 893 1947 sus-

99 1965 252 1999 cipiendum
266 1970 384 2000 paratus,
404 1970 432 1992 et
450 1965 482 1992 ad
496 1965 615 2000 deposita
629 1966 675 1992 tibi
689 1965 830 1997 servanda,
844 1973 894 1993 nec

100 2015 204 2039 tantum
229 2010 373 2047 servanda,
389 2011 436 2039 sed
455 2011 534 2038 etiam
557 2011 771 2046 multiplicanda,
784 2016 811 2039 et
833 2018 892 2039 cum

100 2057 186 2084 multo
200 2056 303 2085 fenore
323 2057 457 2084 reddenda
471 2064 478 2083 :
494 2065 526 2084 ex
540 2057 611 2084 illius
624 2065 702 2084 manu
714 2065 791 2084 nemo
804 2057 892 2092 eripit.

99 2102 159 2129 Non
180 2106 267 2129 servat
286 2107 374 2129 autem
392 2106 493 2132 tantum
507 2101 644 2136 deposita,
659 2102 705 2129 sed
721 2103 801 2130 etiam
814 2110 894 2137 super

101 2148 152 2179 iis,
172 2155 295 2175 securum
318 2147 495 2182 depositorem
516 2147 587 2174 facit.
609 2148 635 2174 In
651 2147 803 2175 hominibus
823 2148 893 2175 enint

101 2194 146 2228 qui
169 2193 288 2228 deposita
308 2193 472 2227 suscipiunt,
488 2194 599 2228 gratiam
619 2201 648 2220 se
667 2194 744 2220 nobis
768 2198 895 2228 prtestare

101 2243 207 2273 putant,
220 2239 241 2264 si
254 2238 404 2265 custodiant
417 2246 475 2272 quae
487 2244 673 2272 susceperunt;
690 2239 715 2265 in
731 2238 836 2266 Christo
849 2246 895 2265 au-

103 2288 157 2310 tem
171 2283 332 2310 contrarium
346 2292 353 2310 :
368 2291 420 2310 non
436 2284 505 2311 enim
518 2283 628 2319 gratiam
640 2284 802 2318 prmstitisse,
813 2292 842 2311 se
851 2291 895 2311 ac-

101 2329 208 2362 cepisse
225 2336 254 2355 se
275 2328 340 2355 dicit
350 2349 358 2360 ,
369 2335 429 2355 cum
443 2328 562 2363 deposita
580 2329 725 2363 susceperit
738 2333 796 2355 tua:
808 2334 836 2356 et
848 2337 895 2363 pro

103 2373 160 2406 ipsa
179 2373 310 2405 custodia,
325 2380 404 2407 quam
415 2374 483 2400 circa
499 2373 624 2408 pecunias
638 2378 695 2400 tuas
709 2372 828 2406 exhibet,
840 2381 893 2400 non

102 2426 117 2444 a
140 2424 168 2445 te
187 2419 337 2446 mercedem
352 2419 465 2453 repetit,
477 2420 524 2447 sed
539 2419 595 2454 ipse
607 2419 655 2446 tibi
674 2419 721 2446 dat
733 2419 893 2447 mercedem.

139 2463 168 2491 6.
185 2463 358 2499 Eleemoayuw
367 2465 472 2500 fructus.
486 2479 522 2484 --
533 2464 589 2497 Qua
611 2464 690 2498 igitur
708 2471 800 2491 sumus
816 2472 896 2492 excu-

103 2509 210 2536 satione
223 2509 294 2544 digni
306 2531 314 2542 ,
330 2518 381 2544 qua
395 2510 480 2542 venia,
496 2510 601 2544 quando
615 2515 642 2537 et
656 2510 789 2537 custodire
803 2510 895 2537 valen-

104 2560 176 2587 tem,
192 2560 218 2582 et
235 2563 282 2590 pro
295 2556 412 2583 custodia
428 2557 524 2590 gratias
542 2556 681 2583 habentem
692 2577 699 2588 ,
714 2562 740 2583 et
761 2564 856 2583 arcana
872 2561 896 2583 et

105 2607 202 2634 magna
217 2602 323 2635 pnemia
338 2609 385 2635 pro
407 2602 457 2628 hac
477 2602 596 2628 custodia
617 2602 769 2629 reddentem
787 2607 896 2635 pra:ter-

104 2644 244 2671 mittentes
254 2666 260 2676 ,
277 2645 427 2673 hominibus
439 2647 508 2673 circa
522 2646 672 2680 huiusmodi
688 2647 833 2674 custodiam
848 2647 896 2674 de-

105 2691 258 2724 bilibus,el
280 2693 390 2727 gratiam
406 2693 480 2719 nobis
493 2693 613 2720 conferre
633 2701 662 2720 se
682 2694 831 2727 putantibus
844 2714 850 2724 ,
871 2698 897 2721 et

104 2737 163 2763 sola
180 2737 236 2772 ipsa
250 2745 308 2772 qua:
322 2737 418 2764 dantur
432 2744 521 2772 postea
537 2739 721 2770 reddentibus,
739 2743 827 2765 nostra
842 2743 896 2764 tra-

105 2782 215 2810 dimus?
228 2783 331 2818 Hospes
353 2791 382 2810 es
404 2785 446 2811 Itic
461 2789 488 2811 et
507 2785 677 2819 peregrinus;
690 2784 800 2819 patriam
816 2784 897 2811 habes

106 2827 133 2853 in
160 2827 232 2856 uelis
246 2837 252 2855 :
268 2829 330 2856 illuc
354 2830 441 2856 omnia
468 2830 633 2862 transmitte,
650 2835 680 2857 ut
703 2834 730 2857 et
755 2834 896 2864 antequam

103 2870 218 2907 Inaris,
234 2875 277 2902 hic
295 2875 493 2903 retl'ibutionem
506 2876 604 2905 capias.
620 2876 670 2910 Qui
683 2876 753 2904 enitn
763 2875 831 2903 bona
846 2882 894 2913 spe

262 2918 397 2949 ΡΑτιιοι..
419 2920 477 2949 Gtt.
503 2919 612 2950 XLIX.

937 232 1031 264 alitur,
1049 237 1075 259 et
1090 232 1123 259 de
1137 232 1232 261 futuris
1246 233 1372 268 confidit,
1387 234 1430 263 hie
1440 235 1495 271 jam
1515 244 1625 272 regnum
1637 243 1730 273 gusta-

937 279 982 305 vit.
999 277 1070 305 Nihil
1087 280 1157 306 enim
1185 284 1285 307 tantum
1300 284 1415 309 animam
1435 290 1560 317 reparare
1580 285 1730 316 consuevit.

937 328 963 351 et
975 324 1113 352 meliorem
1127 325 1224 359 facere,
1237 334 1316 361 quam
1329 327 1397 355 bona
1411 327 1559 356 futurorum
1573 337 1646 364 spes,
1661 330 1683 357 si
1699 338 1732 358 eo

938 370 1120 398 transmittens
1128 371 1234 399 divitias
1246 373 1342 400 animze
1363 378 1414 401 tuae
1427 382 1518 402 curam
1531 383 1591 403 cum
1604 376 1659 404 otio
1671 385 1731 404 cott-

936 415 1042 449 gruenti
1055 417 1151 451 egeris.
1167 416 1232 444 Nam
1245 418 1289 452 qui
1304 418 1419 446 studium
1434 427 1514 447 omne
1529 421 1554 448 in
1566 421 1662 449 domus
1677 430 1732 450 sua:

937 466 1059 489 ornatum
1081 463 1246 498 impendunt,
1258 464 1284 492 in
1295 466 1470 493 exterioribus
1484 467 1591 501 divites,
1606 469 1732 496 interiora

939 507 1090 542 negligant,
1105 516 1137 536 ac
1150 509 1281 537 desertam
1293 531 1301 542 ,
1321 511 1487 545 squalentem
1511 517 1538 540 et
1551 514 1658 541 araneis
1675 514 1731 549 ple-

940 560 1000 579 nam
1014 553 1132 581 animam
1147 561 1221 581 suam
1234 554 1383 590 despiciunt
1397 565 1403 583 :
1418 556 1442 583 si
1459 565 1522 585 vero
1534 559 1669 586 exteriora
1683 567 1729 587 ne-

938 598 1070 632 gligentes
1081 599 1152 627 circa
1166 605 1283 628 mentem
1302 609 1377 628 suam
1395 609 1475 630 omne
1495 604 1611 631 studium
1627 605 1730 640 impen-

939 643 1037 678 derint,
1048 644 1164 680 undique
1175 646 1258 680 ipsam
1269 652 1405 681 ornantes,
1418 648 1616 678 tabernaculum
1627 650 1733 679 Christo

940 690 990 716 erit
1010 690 1102 721 talium
1125 691 1261 719 hominum
1283 693 1393 720 anima:
1411 693 1544 722 Christum
1569 700 1658 723 autem
1683 697 1728 724 ha-

939 736 1018 763 bente
1032 736 1245 771 inhabitatorem,
1262 739 1324 774 quid
1337 747 1462 774 umquam
1482 740 1586 768 felicius
1600 749 1661 769 esse
1673 750 1729 777 pos-

940 780 1003 807 set?
1018 780 1062 808 Vis
1083 781 1184 809 ditari?
1197 783 1311 810 amicum
1331 784 1429 812 habeas
1451 785 1533 813 Deum
1545 807 1553 820 ,
1566 790 1594 814 et
1615 788 1732 814 omnium

940 825 1086 854 ditissimus
1105 828 1168 854 eris.
1183 828 1228 855 Vis
1241 828 1338 856 ditari?
1349 837 1382 857 nc
1395 831 1478 857 altum
1497 832 1593 866 sapias.
1611 832 1667 859 IIoc
1681 840 1733 860 non

940 870 973 897 ad
994 871 1081 899 futura
1096 876 1208 906 tantum,
1223 874 1269 901 sed
1281 874 1360 901 etiam
1378 875 1410 902 ad
1422 876 1562 909 prmsentia
1576 877 1649 904 utile.
1664 877 1734 904 Nihil

940 916 1010 943 enim
1033 921 1086 944 tam
1106 918 1264 946 invidiosum
1275 941 1282 952 ,
1294 928 1372 954 quam
1388 920 1468 947 homo
1488 921 1562 949 dives
1578 930 1584 948 :
1599 930 1659 949 cum
1671 931 1734 950 vero

940 963 1064 996 superbia
1077 965 1219 991 accesserit
1228 985 1236 997 ,
1251 965 1346 1000 duplex
1360 972 1468 1000 paratur
1482 968 1667 1003 praecipitium,
1681 969 1732 995 dii-

942 1007 1035 1035 ficilius
1054 1009 1087 1036 ab
1101 1011 1223 1037 onmibus
1244 1011 1353 1038 bellum.
1370 1012 1398 1039 Si
1423 1020 1486 1040 vero
1509 1014 1630 1042 modeste
1645 1015 1733 1042 vivere

941 1052 1051 1087 scieris,
1065 1055 1178 1083 succidis
1204 1056 1351 1085 humilitate
1376 1058 1482 1086 invidia:
1502 1060 1666 1095 tyrannidem
1680 1082 1687 1094 ,
1707 1066 1731 1089 et

941 1105 1002 1125 cum
1015 1101 1156 1128 securitate
1178 1101 1259 1129 habes
1277 1110 1451 1137 quatcumque
1471 1104 1562 1132 habes.
1575 1105 1649 1134 Talis
1663 1107 1732 1133 enim

942 1149 983 1172 est
993 1145 1097 1173 virtutis
1112 1151 1215 1180 natura,
1226 1155 1277 1175 non
1292 1148 1326 1175 ad
1338 1149 1424 1176 futura
1440 1157 1489 1176 nos
1504 1154 1603 1177 tantum
1617 1151 1733 1186 adjuvat,

943 1190 988 1217 sed
1004 1196 1029 1217 et
1043 1191 1085 1218 hic
1095 1191 1149 1226 jam
1164 1193 1352 1221 retributiones
1364 1195 1474 1229 prmbct.
1488 1195 1525 1223 Ne
1537 1196 1616 1230 igitur
1627 1197 1651 1223 in
1668 1197 1735 1224 divi-

944 1236 986 1262 tiis
998 1235 1079 1263 altum
1102 1238 1252 1272 sapiamus,
1266 1239 1313 1266 sed
1331 1247 1380 1267 nec
1395 1240 1421 1267 in
1436 1241 1488 1268 ulla
1508 1241 1558 1268 alia
1572 1249 1611 1269 re.
1625 1242 1653 1269 Si
1663 1243 1734 1269 enim

944 1282 969 1308 in
983 1282 1164 1316 spiritualibus
1177 1284 1259 1311 altum
1279 1286 1385 1320 sapiens
1403 1286 1499 1313 labitur
1511 1292 1538 1314 et
1552 1288 1633 1322 perit,
1653 1289 1736 1316 multo

944 1327 1027 1362 magis
1036 1328 1061 1354 in
1072 1329 1231 1357 carnalibus.
1239 1329 1389 1365 Cogitemus
1400 1336 1522 1359 naturam
1535 1338 1662 1366 nostram,
1673 1342 1736 1368 pec-

943 1377 1001 1398 cata
1015 1380 1198 1401 recenseamus
1210 1395 1218 1408 ,
1236 1375 1369 1403 discamus
1382 1377 1427 1411 qui
1442 1377 1523 1405 simus
1534 1399 1540 1409 ,
1556 1382 1583 1405 et
1595 1378 1645 1406 hoc
1660 1380 1736 1407 nobis

944 1416 977 1443 ad
989 1418 1075 1445 omnis
1084 1418 1239 1447 humilitatis
1253 1422 1388 1449 materiam
1403 1422 1508 1450 sufficit.
1521 1423 1559 1451 Ne
1568 1424 1640 1452 dicas
1652 1425 1715 1452 mihi
1729 1435 1735 1452 :

945 1462 995 1489 Tot
1004 1467 1030 1490 et
1038 1467 1077 1490 tot
1086 1471 1214 1492 annorum
1225 1471 1369 1500 proventus
1381 1468 1512 1501 repositos
1523 1468 1618 1500 habeo,
1628 1469 1685 1496 auri
1696 1475 1735 1497 ta-

945 1507 1015 1534 lenta
1026 1509 1175 1542 innumera,
1186 1510 1257 1537 lucra
1271 1519 1319 1545 per
1331 1512 1447 1546 singulos
1459 1513 1570 1540 adaucta
1579 1513 1644 1541 dies.

980 1551 1083 1579 Diuitia:
1105 1561 1182 1588 quam
1208 1555 1296 1588 ﬂuxae.
1312 1570 1348 1576 —
1370 1555 1588 1592 Quantaeumque
1617 1558 1736 1592 dixeris,

945 1598 1033 1625 omnia
1052 1603 1152 1626 temere
1173 1599 1246 1627 dices
1266 1605 1292 1627 et
1312 1601 1443 1628 incassum
1457 1610 1463 1627 :
1479 1610 1551 1637 stepe
1565 1610 1615 1629 una
1630 1602 1694 1630 hora
1710 1608 1736 1633 et

945 1642 1019 1669 brevi
1040 1643 1166 1678 temporis
1191 1649 1344 1677 momento,
1366 1646 1438 1672 velut
1454 1651 1533 1673 vento
1559 1654 1673 1682 superne
1700 1648 1737 1674 ir-

946 1693 1039 1714 ruente
1062 1687 1194 1722 jactabilis
1220 1690 1322 1723 pulvis,
1347 1690 1386 1717 sic
1408 1690 1464 1718 hzec
1487 1692 1575 1718 omnia
1600 1700 1633 1719 ex
1657 1692 1737 1720 domo

945 1733 1128 1761 exsufﬂantur.
1141 1734 1175 1761 Et
1189 1734 1282 1762 horum
1298 1735 1374 1763 nobis
1384 1737 1565 1771 exemplorum
1581 1738 1633 1765 vita
1648 1738 1736 1773 plena,

947 1778 1031 1813 plenae
1052 1787 1117 1807 vero
1133 1780 1277 1815 Scripturaa
1292 1781 1510 1810 documentorum
1524 1792 1529 1809 :
1544 1782 1623 1811 ltodie
1646 1784 1720 1812 dives
1730 1806 1737 1818 ,

946 1832 1005 1852 eras
1022 1833 1132 1860 pauper.
1149 1826 1249 1854 Idcirco
1273 1827 1369 1861 smpius
1394 1828 1441 1855 risi
1464 1832 1622 1856 testamenta
1647 1829 1738 1865 legens

946 1871 1060 1898 dicentia
1074 1880 1080 1898 :
1097 1871 1143 1898 Ille
1155 1872 1261 1906 quidem
1279 1872 1374 1900 habeat
1388 1881 1512 1908 agrorum
1526 1874 1566 1901 vel
1581 1874 1677 1902 domus
1690 1875 1738 1902 do-

948 1916 1068 1950 minium,
1085 1924 1160 1943 usum
1175 1925 1238 1944 vero
1252 1918 1338 1944 alius:
1355 1925 1448 1945 ontnes
1470 1919 1540 1945 enim
1561 1927 1637 1946 usum
1652 1919 1734 1947 habe—

946 1970 1006 1989 mus
1019 1984 1026 1994 ,
1042 1963 1187 1990 dominium
1212 1968 1299 1990 autem
1323 1972 1410 1991 nemo.
1428 1965 1483 1991 Etsi
1498 1965 1569 1992 enim
1592 1965 1669 1992 nobis
1689 1973 1738 2000 per

946 2016 1052 2036 onmem
1076 2014 1249 2043 permaneant
1270 2010 1350 2036 vitam
1376 2010 1475 2036 nullam
1499 2009 1627 2038 facientes
1640 2010 1738 2038 divitize

947 2055 1130 2087 mutationem,
1144 2054 1258 2081 velimus
1270 2054 1383 2082 nolimus
1395 2075 1402 2086 ,
1416 2055 1443 2082 in
1459 2054 1510 2082 fine
1524 2054 1582 2081 aliis
1600 2055 1736 2088 cedemus,

947 2100 1063 2134 ipsarum
1078 2107 1127 2125 usu
1142 2099 1199 2126 solo
1215 2105 1330 2134 recepto,
1346 2099 1465 2127 dominio
1477 2105 1566 2127 autem
1580 2100 1643 2127 nudi
1658 2105 1684 2128 et
1698 2108 1738 2128 or-

948 2145 1001 2172 bati
1016 2145 1049 2171 ad
1064 2144 1135 2171 illam
1149 2145 1229 2172 vitam
1246 2146 1398 2179 migrantes.
1411 2145 1487 2173 Unde
1501 2145 1670 2173 manifestum
1680 2152 1737 2178 est,

948 2190 1008 2217 illos
1022 2191 1092 2217 solos
1110 2190 1256 2217 dominium
1279 2190 1377 2218 habere
1388 2212 1395 2224 ,
1410 2191 1455 2226 qui
1478 2195 1505 2218 et
1529 2191 1645 2226 ipsarum
1661 2199 1736 2219 usum

948 2241 1183 2271 contempserunt,
1199 2242 1225 2264 et
1246 2230 1363 2264 fructum.
1374 2237 1535 2265 deriserunt.
1547 2238 1596 2272 Qui
1611 2238 1682 2266 enim
1697 2238 1737 2266 fa—

948 2282 1088 2309 cultatibus
1108 2282 1235 2317 abiectis,
1261 2283 1331 2317 ipsas
1352 2284 1512 2319 pauperibus
1534 2289 1644 2320 erogat,
1660 2289 1739 2319 prout

949 2328 1088 2363 oportebat
1103 2328 1270 2356 facultatibus
1285 2336 1350 2355 usus
1363 2334 1415 2362 est,
1429 2335 1455 2356 et
1465 2329 1581 2364 ipsorum
1592 2329 1738 2357 dominium

950 2374 1050 2401 habens
1064 2374 1143 2407 obiit,
1158 2381 1243 2409 neque
1259 2373 1284 2400 in
1300 2374 1355 2409 ipsa
1372 2378 1457 2400 morte
1478 2374 1521 2400 illa
1535 2373 1660 2401 excidens
1675 2381 1737 2409 pos-

949 2420 1078 2451 sessione,
1095 2419 1141 2446 sed
1155 2420 1243 2447 omnia
1264 2420 1310 2446 illo
1332 2419 1464 2454 recipiens
1486 2424 1621 2454 tetnpore,
1638 2423 1665 2446 et
1688 2420 1739 2446 illis

950 2465 1033 2491 nmlto
1045 2464 1118 2499 plura
1129 2485 1136 2498 ,
1151 2465 1257 2499 quando
1278 2465 1304 2491 in
1325 2464 1369 2492 die
1386 2464 1479 2499 judicii
1494 2464 1598 2492 illorum
1616 2465 1740 2499 przesidio

950 2510 1065 2537 maxime
1079 2511 1176 2545 egebit,
1192 2515 1219 2537 et
1230 2510 1336 2545 quando
1348 2517 1362 2536 a
1381 2510 1457 2537 nobis
1472 2510 1594 2537 omnibus
1608 2509 1738 2538 faetorutn

950 2556 1066 2583 rationes
1086 2560 1248 2590 repetentur.
1266 2555 1355 2590 Itaque
1370 2555 1392 2582 si
1407 2554 1467 2589 quis
1482 2555 1539 2582 vult
1551 2554 1703 2583 divitiarum
1714 2560 1740 2582 et

950 2600 1145 2635 possessionem
1162 2605 1188 2627 et
1203 2608 1280 2627 usum
1293 2606 1320 2627 et
1332 2599 1479 2627 dominium
1494 2600 1602 2634 habere,
1617 2600 1741 2628 omnibus

952 2647 1119 2674 facultatibus
1140 2647 1196 2673 suis
1218 2654 1248 2673 se
1270 2646 1393 2682 expediat
1408 2656 1415 2674 :
1429 2647 1555 2682 quoniam
1580 2647 1631 2674 hoc
1645 2647 1666 2674 si
1687 2654 1739 2673 non

951 2692 1042 2724 faciat,
1058 2692 1084 2719 in
1100 2697 1185 2719 morte
1199 2691 1232 2719 ab
1246 2692 1310 2727 ipsis
1324 2693 1432 2720 omnino
1445 2693 1610 2727 separabitur
1624 2701 1631 2719 :
1645 2691 1738 2718 multo-

951 2739 1001 2765 ties
1023 2746 1087 2765 vero
1111 2742 1139 2765 et
1160 2742 1222 2766 ante
1251 2738 1330 2766 tinent
1355 2746 1416 2765 cum
1439 2739 1563 2773 periculis
1583 2742 1609 2765 et
1632 2736 1738 2764 inﬁnitis

952 2784 1029 2811 malis
1042 2785 1111 2818 ipsas
1131 2784 1236 2811 amittit.
1252 2784 1307 2812 Nec
1319 2784 1369 2812 hoc
1382 2785 1467 2811 solum
1488 2784 1584 2810 malum
1597 2787 1655 2816 est,
1669 2782 1738 2817 quod

952 2830 1062 2857 mutatio
1076 2830 1104 2857 [it
1118 2834 1228 2865 repente
1241 2830 1373 2862 universa,
1388 2830 1435 2857 sed
1451 2829 1521 2863 quod
1535 2828 1732 2863 imprazmedita-

954 2879 995 2903 lus
1014 2875 1046 2903 ad
1069 2876 1230 2911 paupertatis
1245 2875 1410 2903 tolerantiam
1430 2874 1503 2902 dives
1520 2874 1666 2902 deducitur.
1687 2874 1737 2902 Sed

1563 2920 1581 2949 3
