3998 6428
519 370 590 423 λεδ
1235 359 1289 417 S.
1339 354 1608 419 JOANNIS
1648 352 2117 411 CilitYSOSTOMI
2160 352 2479 409 AllClllI-ZP.
2520 352 3057 410 COXSTANTINOP.
3740 356 3810 414 ,ιι

517 498 620 539 non
654 479 774 535 talis
799 490 999 549 pauper
1022 491 1035 529 :
1059 487 1164 529 non
1193 471 1335 528 enim
1363 484 1496 526 auro
1525 467 1746 525 confidit
1769 476 1823 523 et
1851 475 2106 539 argento,

498 570 826 626 inanimatis
855 565 1111 632 materiis,
1134 560 1229 617 sed
1250 562 1361 618 Deo
1384 561 1561 616 omnia
1588 561 1805 631 copiose
1831 555 2108 628 prmbenti.

484 692 489 697 -
519 665 700 734 Itaque
736 661 887 716 dives
915 657 1083 728 magis
1116 656 1168 711 in
1200 656 1406 711 incerto
1428 668 1587 726 quam
1624 667 1827 723 panper
1849 651 2111 705 -onstitu-

476 776 485 801 r
518 767 600 810 tus
626 762 741 820 est,
782 766 902 807 cum
939 750 1243 821 frequentes
1269 756 1323 803 et
1346 747 1623 802 continuas
1664 753 1987 799 mutationes
2023 756 2113 798 re-

476 880 481 885 ς
517 845 697 914 cipiat.
731 841 868 911 Quid
900 854 1029 895 vero
1072 836 1203 894 illud
1228 846 1309 893 est
1335 877 1349 902 ,
1383 835 1481 904 Qui
1510 843 1715 905 prestat
1752 833 1892 888 nobis
1916 831 2114 886 abunde

516 936 689 990 mum’a
743 932 811 988 ad
857 930 1131 1005 fruendum
1178 927 1272 1002 (1.
1302 927 1436 981 Tim.
1467 926 1522 983 ϐ.
1558 927 1620 981 17
1646 926 1665 998 )
1695 926 1721 980 ?
1758 923 1944 981 Omnia
1990 938 2113 979 cum

488 1025 765 1097 .largitate
802 1023 896 1078 dat
936 1022 1109 1088 Deus,
1138 1036 1256 1092 qua:
1286 1027 1411 1075 sunt
1450 1018 1619 1073 multo
1643 1019 1811 1087 magis
1840 1030 2001 1087 quam
2023 1030 2118 1085 pe-

490 1118 689 1173 -i:uni:e
714 1114 1040 1181 necessaria,
1071 1122 1128 1168 ut
1167 1126 1346 1175 aerem
1366 1152 1382 1179 ,
1405 1124 1633 1180 aquam,
1664 1108 1873 1180 ignem,
1903 1106 2072 1162 solem
2096 1147 2113 1173 ,

520 1210 702 1264 munia
748 1208 891 1263 talia.
924 1205 1039 1261 Non
1086 1204 1214 1260 licet
1259 1203 1439 1261 dicere
1467 1201 1609 1273 quod
1640 1200 1809 1269 magis
1839 1198 2001 1253 radiis
2028 1195 2116 1251 di-

497 1318 616 1356 vves
637 1345 651 1367 ,
679 1301 858 1357 minus
890 1313 1022 1354 vero
1065 1312 1265 1369 pauper
1308 1296 1516 1351 fruatur
1541 1311 1557 1350 :
1587 1308 1694 1348 non
1726 1293 1849 1348 licet
1885 1291 2068 1347 dicere
2097 1331 2113 1357 ,

527 1393 669 1464 quod
698 1391 1052 1461 copiosiorem
1082 1403 1261 1444 acrem
1288 1402 1450 1458 quam
1472 1399 1671 1457 pauper
1697 1383 1920 1454 respiret
1944 1381 2116 1446 dives,

525 1486 618 1541 sed
650 1486 828 1542 omnia
858 1485 1000 1554 paria
1028 1492 1082 1538 et
1112 1481 1416 1538 communia
1461 1478 1731 1550 proposita
1766 1483 1910 1531 sunt.
1941 1474 2119 1541 Quare

529 1582 689 1647 igitur
730 1578 930 1649 majora
954 1576 1170 1647 quidem
1213 1583 1269 1629 et
1310 1574 1477 1643 magis
1507 1570 1805 1625 necessaria
1828 1608 1842 1634 ,
1876 1576 1929 1622 et
1953 1567 2117 1621 vitam

532 1681 767 1727 nostram
812 1668 1172 1733 continentia,
1200 1666 1501 1723 communia
1544 1665 1682 1719 Deus
1711 1661 1869 1726 fecit;
1915 1659 2118 1713 minora

426 1806 435 1822 κ
530 1780 656 1819 vero
676 1773 734 1819 et
760 1764 941 1818 viliora
960 1777 1067 1816 non
1089 1766 1213 1815 sunt
1230 1755 1806 1826 communia,pecuni:e
1825 1751 2074 1806 nimirum
2095 1748 2121 1801 ?

528 1871 631 1925 qua
653 1853 935 1911 decausa?
965 1852 1036 1910 Ut
1064 1853 1167 1907 vita
1206 1860 1387 1906 nostra
1421 1856 1799 1909 conservetur,
1826 1852 1881 1899 et
1910 1841 2121 1897 virtutis

527 1945 699 2000 stadia
732 1944 1041 1999 habeamus.
1072 1942 1127 1997 Si
1160 1940 1303 1997 enim
1334 1955 1439 1995 non
1469 1947 1652 1995 essent
1675 1934 1977 1992 necessaria
2006 1932 2121 1987 hrec

527 2038 829 2094 communia
858 2077 874 2103 ,
905 2035 1042 2091 forte
1082 2033 1298 2095 divites,
1314 2032 1470 2086 solita
1497 2031 1577 2086 usi
1608 2028 2120 2097 avaritia,pauperes

528 2128 880 2183 suffocassent
909 2143 923 2179 :
953 2126 996 2181 si
1027 2126 1170 2181 enim
1216 2124 1269 2179 in
1313 2122 1512 2177 divitiis
1543 2121 1645 2176 hoc
1673 2119 1904 2183 faciunt,
1951 2114 2121 2171 multo

529 2219 697 2290 magis
745 2218 798 2272 in
835 2216 942 2272 illis
971 2216 1242 2271 fecissent.
1276 2214 1505 2269 Rursum
1540 2212 1584 2266 si
1611 2220 1668 2267 et
1691 2208 1931 2281 pecunia:
1974 2219 2122 2262 eom-

529 2324 720 2366 nmnes
745 2320 949 2374 essent,
961 2316 1017 2362 ct
1035 2306 1282 2362 similiter
1300 2304 1548 2359 omnibus
1564 2301 1872 2372 propositae,
1891 2297 2123 2353 eleemo-

532 2418 682 2475 syna:
722 2400 939 2455 occasio
956 2399 1161 2454 sublata
1176 2405 1346 2459 esset,
1365 2400 1416 2446 et
1432 2392 1709 2446 cbaritatis
1732 2388 2119 2459 Opportunitas.

601 2493 657 2550 7.
681 2491 752 2548 Ut
780 2492 1154 2560 igilnr‘secnre
1173 2487 1415 2540 vivamus
1439 2524 1454 2550 ,
1483 2494 1798 2537 communes
1826 2479 1978 2534 facta:
2002 2485 2126 2532 sunt

531 2586 686 2641 nobis
706 2584 827 2638 vitze
851 2597 1058 2649 causm;
1078 2593 1310 2645 rursum,
1334 2586 1395 2633 ut
1413 2576 1708 2631 habeamus
1727 2587 2044 2628 coronarum
2072 2581 2127 2625 et

532 2676 747 2732 laudum
792 2671 1126 2730 occasionem
1147 2711 1162 2735 ,
1194 2686 1300 2724 non
1323 2680 1636 2724 conununes
1679 2664 1831 2719 factae
1865 2672 1992 2718 sunt
2031 2677 2125 2731 pe-

532 2770 726 2837 cunim,
756 2777 813 2824 ut
847 2766 1125 2822 avaritiam
1146 2763 1316 2828 exosi,
1348 2761 1688 2833 et'iust'itiam
1717 2766 2003 2821 sectantes,
2029 2770 2123 2810 no-

531 2872 642 2916 stra
709 2857 1069 2930 indigentibus
1136 2863 1457 2926 erogantcs,
1508 2851 1722 2922 aliquod
1783 2857 2124 2920 peccatorum

532 2961 838 3008 nostrormn
887 2947 1181 3005 remedium
1227 2959 1324 3016 per
1363 2944 1504 3000 viam
1549 2942 1688 2997 hanc
1710 2940 2009 3011 capiamus.
2035 2938 2127 2992 Di-

531 3047 691 3100 vitem
718 3053 772 3103 te
797 3043 919 3099 fecit
958 3042 1117 3107 Dens,
1147 3039 1275 3111 quid
1318 3046 1374 3094 te
1420 3036 1595 3107 ipsum
1637 3047 1927 3105 pauperem
1956 3029 2129 3085 facis?

536 3137 761 3192 Divitem
792 3145 845 3190 te
873 3134 1024 3198 fecit,
1053 3142 1110 3186 ut
1136 3131 1319 3203 egenis
1343 3127 1649 3195 auxilieris,
1676 3135 1733 3182 ut
1777 3132 1993 3195 peccata
2037 3130 2129 3179 tua

531 3231 710 3287 solvas
728 3226 1213 3300 perliberalitatem
1240 3224 1360 3279 aliis
1385 3222 1676 3279 exhibitam
1702 3218 1886 3274 :.dedit
1912 3216 2004 3272 tibi
2037 3231 2127 3286 pe-

531 3323 718 3380 cunias
743 3365 757 3388 ,
783 3336 887 3377 non
914 3333 972 3376 ut
1011 3321 1063 3375 in
1102 3327 1329 3374 mortem
1370 3326 1513 3371 tuam
1562 3312 1817 3378 claudas,
1844 3310 1941 3366 sed
1973 3319 2031 3364 ut
2076 3308 2126 3362 in

534 3413 762 3469 salutem
793 3421 935 3467 tuam
963 3408 1231 3467 effun’das.
1248 3408 1550 3475 Propterea
1579 3412 1633 3459 et
1660 3405 1892 3472 ipsarum
1912 3414 2127 3474 posses-

534 3507 740 3561 sionem
769 3506 1025 3558 incertam
1054 3511 1101 3556 et
1127 3515 1232 3555 non
1259 3497 1506 3554 stabilem
1537 3495 1681 3561 fecit,
1713 3505 1769 3549 ut
1799 3508 1893 3564 per
1921 3491 2023 3545 hoc
2049 3491 2128 3547 in-

538 3599 706 3657 sania:
730 3598 871 3651 circa
893 3596 1037 3665 ipsas
1054 3592 1405 3648 intentionem
1433 3588 1771 3644 dissolveret.
1797 3584 1853 3640 Si
1876 3583 2019 3639 enim
2040 3581 2128 3651 qui

538 3702 681 3747 nunc
724 3686 1030 3759 possident,
1058 3684 1147 3755 qui
1188 3682 1255 3739 de
1286 3681 1415 3752 ipsis
1450 3677 1723 3735 confidere
1764 3691 1871 3732 non
1911 3673 2129 3737 valent,

536 3779 777 3852 quinimo
797 3776 991 3834 multas
1018 3789 1084 3830 ex
1106 3774 1211 3830 hac
1230 3789 1289 3829 re
1318 3778 1605 3826 nascentes
1633 3765 1853 3823 insidias
1880 3771 2129 3830 cernunt,

538 3874 616 3928 sic
635 3870 1013 3927 circa'illarum
1052 3866 1376 3923 desiderium
1404 3861 1800 3919 succenduntur
1831 3876 1845 3914 :
1872 3858 1917 3913 si
1942 3855 2134 3913 ethoc

538 3963 776 4019 additum
806 3970 979 4026 esset,
1011 3967 1069 4015 ut
1112 3957 1334 4015 stabiles
1360 3965 1416 4012 et
1434 3954 1663 4012 .minime
1689 3950 1903 4009 caduca:
1935 3949 2129 4013 forent,

537 4054 628 4125 qui
668 4050 1066 4126 pepercissent?
1095 4064 1127 4105 a
1156 4063 1261 4120 quo
1290 4043 1716 4103 abstinuissent?
1739 4059 1769 4097 a
1799 4056 1903 4112 qua
1935 4037 2134 4096 vidua?

538 4161 569 4201 a
622 4145 814 4216 quibus
854 4141 1113 4215 pupillis?
1156 4155 1186 4194 a
1234 4138 1426 4209 quibus
1465 4133 1822 4207 pauperibus?
1844 4131 1922 4188 Ne
1973 4130 2134 4200 igitur

541 4253 792 4307 maguum
848 4244 1096 4306 putemus
1141 4231 1337 4288 bonum
1391 4243 1515 4284 esse
1559 4226 1770 4283 divitias
1823 4243 1838 4280 :
1882 4235 2132 4293 magnum

541 4327 685 4383 enim
714 4329 911 4383 bonum
929 4367 944 4391 ,
973 4341 1079 4380 non
1102 4322 1378 4394 possidere
1409 4319 1660 4391 pecunias
1684 4359 1699 4384 ,
1728 4316 1824 4373 sed
1856 4316 1950 4371 Dei
1977 4316 2134 4370 timo-

542 4436 657 4478 rem
678 4428 733 4475 et
755 4416 1110 4474 reverentiam
1137 4412 1432 4484 possidere.
1454 4410 1595 4466 Ecce
1620 4422 1762 4463 nunc
1781 4407 1824 4462 si
1852 4406 1971 4478 quis
1991 4413 2135 4460 esset

538 4513 742 4583 iustus,
774 4518 830 4563 et
868 4505 1009 4577 apud
1041 4505 1210 4559 Deum
1248 4501 1455 4557 fiduciae
1492 4500 1697 4555 habens
1735 4496 1959 4553 multum
1985 4536 1999 4561 ,
2031 4494 2132 4552 etsi

544 4598 1113 4660 omniumhominum
1181 4593 1555 4666 pauperrimus
1614 4599 1796 4658 esset,
1848 4589 2134 4660 prtesentia

545 4696 686 4754 mala
717 4693 1175 4763 solvereﬂpusset;
1208 4687 1337 4744 satis
1366 4684 1511 4741 enim
1546 4694 1689 4739 esset
1716 4690 1919 4737 tantum
1948 4683 2003 4737 in
2032 4693 2139 4737 cae-

542 4790 655 4845 lum
681 4800 870 4844 manus
898 4781 1210 4846 extendere,
1242 4786 1297 4834 et
1322 4778 1485 4832 Deum
1517 4776 1784 4840 invocare,
1817 4782 1873 4829 et
1895 4774 2012 4829 hinc
2041 4787 2136 4827 ne-

543 4880 667 4936 bula
713 4875 1030 4948 praeteriret.
1060 4872 1264 4929 Aurum
1298 4882 1430 4925 vero
1457 4873 1661 4921 tantum
1688 4866 1982 4936 repositum
2023 4864 2137 4917 luto

544 4969 691 5027 omni
719 4965 797 5023 ad
816 4961 1236 5039 impendentium
1267 4958 1527 5014 malorum
1558 4956 1881 5011 solutionem
1901 4953 2137 5009 inutilius

544 5071 628 5119 est
657 5078 671 5115 :
702 5073 803 5114 nec
829 5058 883 5112 in
921 5056 1026 5112 hoc
1055 5062 1257 5110 tantum
1287 5044 1527 5123 periculo
1546 5089 1563 5116 ,
1608 5049 1702 5105 sed
1731 5055 1788 5104 et
1829 5048 1875 5103 si
1920 5047 2139 5102 morbus

545 5148 1030 5225 comprehenderit,
1062 5148 1175 5203 sive
1195 5160 1361 5212 mors,
1384 5142 1498 5199 sive
1525 5140 1667 5198 aliud
1697 5140 1823 5212 quid
1853 5139 2136 5210 ejusmodi,

545 5228 887 5312 redarguitur
914 5239 1257 5309 pecuniarum
1290 5235 1372 5290 vis
1400 5235 1665 5304 impotens
1687 5274 1703 5298 ,
1725 5242 1780 5288 et
1808 5233 2004 5288 nullam
2044 5246 2140 5284 va-

547 5344 665 5393 lens
708 5334 777 5390 de
804 5322 1030 5403 proprio
1069 5327 1491 5385 consolationem
1535 5326 1587 5380 in
1633 5324 1878 5381 adversis
1920 5322 2137 5378 afferre.

549 5430 723 5485 Unum
750 5434 834 5481 est
875 5439 980 5492 quo
999 5428 1373 5493 paupertatem
1421 5417 1619 5472 divitia:
1654 5432 1911 5486 superare
1958 5414 2143 5470 viden-

552 5533 657 5586 tur,
689 5498 1014 5589 quotidiauis
1043 5514 1287 5570 difﬂuere
1315 5511 1557 5577 deliciis,
1588 5520 1643 5565 ct
1674 5510 1838 5565 multa
1868 5510 1922 5564 in
1958 5507 2144 5563 convi-

553 5613 652 5664 viis
691 5608 888 5678 repleri
924 5606 1212 5676 voluptate.
1248 5602 1360 5657 [loc
1407 5612 1583 5656 tamen
1637 5609 1692 5655 et
1746 5600 1799 5654 in
1849 5613 2144 5669 pauperum

556 5713 741 5756 mensa
769 5698 1080 5765 contingere
1113 5694 1341 5760 videtur,
1364 5702 1419 5748 et
1437 5691 1537 5746 bos
1564 5691 1751 5761 majori
1772 5706 1931 5762 quam
1959 5706 2146 5745 omnes

559 5792 748 5845 divites
778 5790 1045 5857 voluptate
1071 5787 1194 5844 frui.
1225 5786 1291 5840 Et
1320 5801 1385 5840 ne
1424 5781 1726 5851 miremini,
1758 5799 1892 5840 neve
1918 5783 2145 5839 incredi-

2224 468 2329 524 bile
2355 467 2588 539 putetis,
2629 467 2773 539 quod
2815 467 3016 524 dictum
3059 475 3143 523 est
3172 485 3188 523 :
3213 480 3285 523 ex
3312 465 3428 538 ipsa
3451 467 3597 524 enim
3624 483 3812 525 remsn

2219 561 2674 618 demonstratione
2703 560 2805 617 hoc
2840 560 2992 616 vobis
3019 560 3207 615 faciam
3237 561 3597 616 manifestum.
3627 560 3814 617 Nostis

2218 652 2416 724 quippe
2442 667 2632 707 omnes
2650 691 2665 715 ,
2694 659 2749 707 et
2792 651 2897 706 hoc
2917 649 3247 706 conﬁtemini
3264 691 3280 715 ,
3308 649 3450 722 quod
3478 650 3813 721 voluptatem

2221 747 2273 801 in
2298 744 2559 801 conviviis
2581 758 2686 798 non
2709 742 3028 799 ferculorum
3055 753 3266 811 natura,
3289 742 3382 799 sed
3411 743 3813 798 convivautium

2220 837 2503 910 dispositio
2546 837 2722 893 facere
2766 836 3045 893 consuevit
3074 853 3088 890 :
3117 844 3243 907 puta
3269 876 3285 901 ,
3332 850 3456 891 cum
3508 835 3650 891 fame
3693 826 3819 906 quis

2222 946 2460 987 mensam
2506 931 2773 1000 attingens
2792 970 2807 995 ,
2837 928 2983 984 omni
3021 928 3249 982 obsonio
3271 937 3324 983 et
3349 926 3696 983 condimento
3714 966 3731 990 ,
3761 937 3817 982 et

2224 1022 2519 1078 innumeris
2577 1022 2820 1077 ciborum
2880 1020 3146 1076 illecebris
3190 1017 3563 1089 iucundiorem
3632 1031 3817 1073 escam

2221 1115 2488 1187 gustabit,
2525 1113 2625 1169 etsi
2683 1113 2924 1167 omnium
2977 1111 3234 1165 vilissima
3282 1111 3396 1166 sit:
3438 1110 3817 1164 necessitatem

2223 1220 2350 1261 vero
2388 1213 2445 1261 et
2484 1202 2713 1260 esuriem
2769 1201 3135 1273 praevenieus,
3161 1200 3304 1272 quod
3342 1199 3537 1257 divites
3574 1200 3778 1257 facium
3802 1237 3817 1260 .

2222 1300 2267 1356 si
2310 1300 2470 1355 etiam
2499 1298 2770 1368 placentas
2816 1294 3084 1351 invenerit
3115 1291 3420 1365 appositas,
3467 1306 3571 1348 non
3618 1294 3820 1349 sentiet

2224 1392 2587 1462 voluptatem,
2624 1389 2792 1459 ipsius
2837 1387 3075 1457 appetitu
3123 1401 3230 1441 non
3258 1386 3509 1442 excitato.
3543 1385 3608 1440 Et
3634 1394 3697 1439 ut
3737 1384 3821 1439 di-

2223 1500 2343 1541 scas
2371 1485 2472 1539 boc
2491 1485 2562 1538 ita
2597 1496 2659 1538 se
2697 1480 2913 1545 habere,
2946 1487 3114 1535 testes
3140 1479 3356 1549 quidem
3383 1487 3438 1533 et
3470 1492 3566 1532 vos
3586 1491 3818 1541 omnes;

2223 1577 2503 1635 audiamus
2527 1585 2704 1631 autem
2733 1583 2788 1631 et
2815 1573 3143 1641 Scripturam
3171 1571 3276 1628 hoc
3302 1572 3474 1642 ipsum
3502 1572 3775 1627 dicentem
3802 1587 3818 1623 :

2224 1670 2410 1724 Anima
2434 1677 2664 1724 saturata
2703 1666 2832 1735 favis
2855 1665 3053 1729 illud”,
3077 1664 3265 1718 animus
3283 1672 3451 1716 autem
3478 1662 3644 1733 egenti
3666 1660 3819 1715 etiam

2224 1780 2400 1819 amara
2451 1762 2625 1818 dulcia
2668 1760 2898 1815 videntur
2950 1757 3149 1828 (Prov.
3180 1758 3270 1812 27.
3304 1757 3381 1822 7).
3410 1755 3480 1811 Et
3517 1764 3668 1813 certe
3692 1754 3819 1825 quid

2227 1855 2361 1911 favis
2403 1854 2612 1911 dulcius
2644 1863 2699 1909 et
2742 1851 2946 1908 melle?
2969 1850 3075 1908 Sed
3104 1865 3210 1905 non
3234 1848 3531 1920 iucundum
3555 1889 3572 1913 ,
3606 1847 3783 1917 inquit
3802 1886 3818 1911 ,

2228 1962 2333 2003 non
2383 1945 2659 2002 esurienti.
2683 1943 2821 2015 Quid
2875 1958 3002 1999 vero
3053 1941 3250 1997 amaris
3294 1938 3680 2009 iniucundius?
3727 1938 3821 1993 sed

2225 2038 2402 2094 dulcia
2426 2046 2550 2093 sunt
2579 2037 2631 2092 in
2663 2035 2917 2107 pauperie
2943 2032 3265 2089 constitutis.
3292 2030 3444 2099 Quod
3472 2040 3653 2085 autem
3687 2043 3818 2098 pauo

2227 2143 2385 2201 peres
2421 2143 2542 2183 cum
2588 2126 2908 2183 necessitate
2933 2133 2989 2181 et
3013 2122 3191 2180 esurie
3233 2120 3302 2177 ad
3339 2121 3517 2177 cibum
3557 2120 3815 2182 veniant,

2227 2220 2422 2277 divites
2448 2233 2575 2273 vero
2599 2233 2716 2273 eam
2745 2232 2851 2271 non
2890 2221 3237 2284 exspectent,
3270 2211 3373 2266 hoc
3417 2210 3611 2281 cuique
3646 2209 3821 2264 mani-

2230 2314 2422 2371 festum
2451 2321 2532 2368 est
2562 2328 2576 2365 :
2607 2309 2748 2365 unde
2777 2307 3067 2379 legitimam
3110 2314 3167 2362 ct
3202 2305 3466 2361 sinceram
3492 2301 3819 2371 voluptatem

2231 2418 2336 2458 non
2357 2402 2593 2472 capiunt.
2623 2400 2733 2455 Nec
2760 2399 2811 2454 in
2837 2398 2971 2454 cibis
2997 2405 3224 2462 tantum,
3253 2393 3347 2450 sed
3372 2402 3427 2449 et
3452 2392 3503 2447 in
3528 2402 3660 2462 potu
3680 2390 3821 2447 idem

2230 2494 2474 2550 accidere
2491 2492 2673 2548 videre
2702 2491 2823 2546 licet
2848 2507 2862 2543 :
2889 2498 2944 2545 et
2966 2488 3102 2544 sicut
3124 2487 3237 2542 illic
3253 2485 3461 2542 esuries
3479 2497 3640 2553 supra
3674 2496 3823 2536 esca.

2232 2601 2350 2642 rum
2379 2593 2621 2640 naturam
2664 2582 2988 2652 voluptatem
3017 2578 3251 2643 inducit,
3279 2578 3358 2632 sic
3381 2585 3438 2632 ct
3477 2574 3564 2629 hic
3592 2573 3714 2628 sitis
3733 2572 3821 2641 iu-

2230 2677 2616 2735 cundissimum
2658 2686 2837 2745 potmn
2868 2672 3045 2728 facere
3084 2670 3395 2734 consuevit,
3435 2667 3536 2722 etsi
3583 2680 3718 2735 pura
3757 2664 3825 2718 sit

2231 2786 2367 2844 aqua
2387 2785 2507 2844 qua:
2551 2767 2779 2823 bibatur.
2813 2764 2880 2819 Et
2926 2763 3031 2818 hoc
3076 2761 3251 2833 ipsum
3286 2757 3556 2828 Propheta
3599 2755 3822 2811 demon-

2231 2862 2406 2923 strans
2437 2904 2452 2927 ,
2505 2860 2717 2915 dicebat
2767 2874 2781 2911 :
2832 2855 2902 2910 Et
2948 2856 3014 2911 de
3056 2864 3200 2926 petra
3252 2850 3401 2906 melle
3448 2845 3702 2904 «narravit
3743 2859 3824 2900 eos

2233 2954 2424 3028 (Psal.
2457 2953 2546 3009 80.
2596 2952 2661 3007 Π
2689 2952 2732 3022 ).
2782 2947 2944 3019 Atqui
2988 2947 3090 3001 hoc
3141 2956 3402 3014 nusquam
3445 2939 3499 2995 in
3548 2937 3821 3028 Scriptura

2232 3024 2430 3104 lectum
2457 3054 2540 3102 est
2560 3085 2575 3110 ,
2609 3042 2751 3114 quod
2793 3040 2899 3096 mel
2942 3039 3010 3093 de
3045 3044 3195 3108 petra
3222 3033 3401 3089 Moses
3427 3028 3699 3094 eduxerit,
3729 3024 3821 3083 sed

2233 3140 2429 3209 ubique
2454 3135 2673 3201 ﬂuvios,
2702 3140 2758 3189 et
2783 3145 2948 3201 aquas
2966 3170 2983 3196 ,
3004 3137 3058 3185 et
3098 3125 3285 3197 frigida
3315 3123 3534 3179 ﬂuenta.
3561 3117 3707 3189 Quid
3732 3118 3824 3187 igi-

2236 3243 2322 3289 tur
2353 3231 2568 3286 tandem
2616 3234 2701 3283 est
2741 3223 2883 3297 quod
2909 3220 3142 3277 dicitur?
3176 3231 3348 3288 neque
3377 3214 3520 3270 enim
3548 3211 3822 3281 Scriptura

2235 3325 2510 3381 mentitur.
2544 3320 2831 3390 Postquam
2861 3315 3004 3371 enim
3045 3312 3286 3368 sitientes
3323 3317 3377 3363 et
3407 3304 3700 3377 indigentia
3729 3301 3822 3357 de-

2237 3416 2437 3488 fatigati
2459 3414 2514 3469 in
2544 3410 2845 3483 frigidiores
2872 3420 3037 3478 aquas
3065 3404 3401 3466 inciderunt,
3423 3414 3489 3455 ex
3522 3406 3655 3467 potu
3679 3394 3826 3451 volu-

2237 3487 2437 3582 ptatem
2470 3517 2713 3560 asserere
2750 3501 2936 3555 volens
2955 3539 2970 3563 ,
3012 3496 3116 3552 mel
3144 3506 3334 3564 aquam
3364 3487 3692 3560 appellavit,
3722 3499 3822 3540 non

2238 3576 2505 3671 iamquam
2534 3602 2734 3651 mutata
2763 3592 2815 3648 in
2856 3591 2962 3645 mel
3007 3598 3215 3651 natura,
3258 3583 3351 3639 sed
3392 3579 3692 3671 bibentium
3720 3576 3825 3632 dis-

2244 3667 2509 3764 positione
2558 3687 2755 3743 ﬂucnta
2795 3683 2955 3739 melle
2992 3676 3310 3752 iucundiora
3355 3673 3603 3729 faciente.
3635 3667 3828 3725 Didicio

2236 3762 2341 3850 sti,
2365 3797 2473 3857 quo
2519 3779 2681 3836 modo
2714 3764 2771 3833 et
2813 3783 2996 3847 potum
3040 3786 3258 3827 suavem
3288 3766 3581 3823 sitientium
3612 3762 3825 3819 affectio

2240 3854 2466 3933 reddere
2489 3867 2817 3927 consuevit?
2860 3865 3009 3920 Multi
3038 3861 3197 3934 igitur
3221 3872 3483 3931 pauperes
3504 3871 3655 3927 saepe
3679 3854 3823 3910 labo-

2239 3978 2419 4025 rantes
2448 3975 2501 4022 et
2528 3959 2833 4031 defatigati,
2862 3966 2916 4014 et
2941 3956 3027 4011 siti
3053 3955 3302 4010 ardentes
3320 3993 3337 4019 ,
3359 3965 3481 4007 cum
3502 3948 3649 4005 dicta
3675 3945 3821 4002 volu-

2241 4069 2384 4133 ptate
2408 4056 2530 4113 talia
2552 4054 2790 4111 libavere
2816 4050 3013 4105 fluenta
3035 4065 3049 4103 :
3074 4046 3265 4101 divites
3282 4057 3414 4099 vero
3431 4042 3613 4096 vinum
3645 4052 3823 4104 suave,

2239 4132 2296 4209 et
2321 4150 2469 4209 ﬂoris
2494 4148 2737 4209 odorem,
2764 4154 2818 4200 et
2846 4157 3060 4199 omnem
3091 4139 3342 4195 virtutem
3374 4136 3598 4203 habens,
3629 4148 3748 4206 qua:
3773 4132 3823 4186 in

2240 4247 2365 4302 vino
2391 4240 2562 4315 optari
2591 4239 2791 4311 possit,
2825 4237 3131 4292 haurientes
3149 4275 3164 4303 ,
3193 4248 3297 4289 non
3336 4230 3581 4289 eamdem
3611 4242 3826 4286 sensere

2240 4336 2673 4394 delectationem.

2311 4431 2367 4487 8.
2402 4428 2515 4485 Hoc
2546 4435 2608 4481 et
2646 4425 2699 4481 in
2740 4437 2930 4478 somno
2959 4421 3070 4476 fieri
3096 4418 3298 4475 videas.
3338 4416 3453 4474 Non
3485 4417 3630 4472 enim
3670 4414 3825 4470 molle

2240 4532 2466 4583 stratum
2491 4562 2506 4589 ,
2544 4532 2718 4589 neque
2760 4515 3137 4585 deargetnatus
3166 4511 3334 4566 lectus
3352 4551 3367 4574 ,
3400 4523 3573 4580 neque
3597 4508 3750 4578 quies
3775 4504 3824 4559 in

2239 4613 2478 4673 conclavi
2524 4613 2690 4677 facta,
2732 4621 2906 4676 neque
2942 4603 3082 4659 aliud
3113 4599 3414 4672 huiusmodi
3441 4599 3712 4672 quidpiam
3740 4610 3822 4652 so-

2241 4722 2424 4765 mnum
2455 4704 2665 4760 dulcem
2692 4709 2749 4755 et
2774 4697 3061 4770 proclivem
3095 4694 3269 4750 facere
3304 4693 3481 4758 solet,
3507 4691 3648 4746 sicut
3686 4688 3803 4745 labo

2243 4814 2363 4855 rare
2406 4806 2461 4853 et
2505 4793 2690 4851 lassari
2712 4832 2733 4860 ,
2774 4799 2831 4846 et
2860 4790 3206 4844 vehementer
3232 4800 3422 4840 somno
3449 4783 3745 4853 indigentes
3775 4788 3827 4836 et

2242 4890 2594 4948 dormitantes
2629 4882 2875 4941 reclinari
2907 4899 2921 4935 :
2952 4891 3008 4936 et
3037 4882 3138 4934 hoc
3175 4878 3389 4949 quidem
3419 4885 3646 4932 testatur
3672 4874 3823 4931 etiam

2244 4997 2424 5040 rerum
2449 4976 2777 5051 experientia
2808 4993 2822 5031 :
2844 4982 3072 5030 testatur
3094 4980 3272 5026 autem
3302 4978 3358 5025 et
3382 4977 3505 5025 ante
3530 4983 3709 5023 rerum
3734 4980 3827 5021 es-

2247 5076 2556 5147 perientiam
2584 5070 2979 5141 Scripturarum
3004 5063 3288 5120 sententia.
3331 5061 3548 5117 Deliciis
3576 5060 3720 5116 enim
3749 5058 3825 5113 in-

2248 5168 2477 5224 nutritus
2502 5164 2757 5221 Salomon
2786 5158 2928 5215 idem
2951 5156 3323 5213 demonstrare
3347 5153 3555 5217 volens,
3582 5147 3826 5205 dicebat:

2247 5256 2519 5314 Jucundus
2543 5268 2746 5310 somnus
2773 5266 2936 5315 servo,
2962 5248 3067 5303 sive
3099 5261 3304 5318 parum,
3335 5243 3439 5298 sive
3466 5238 3679 5295 multum
3701 5252 3830 5290 coni-

2250 5352 2365 5407 edat
2394 5348 2561 5420 (Eccl.
2584 5347 2639 5403 5.
2679 5345 2792 5417 Η).
2834 5341 2944 5399 Cur
2984 5340 3142 5412 igitur
3169 5338 3337 5404 addit,
3370 5336 3489 5392 Sive
3509 5348 3711 5405 parum,
3739 5330 3832 5383 sire

2251 5445 2467 5499 multum
2491 5439 2752 5496 comedat?
2774 5437 2946 5491 Ambo
2975 5435 3089 5488 haec
3108 5430 3337 5502 vigiliam
3369 5427 3624 5483 inducere
3645 5422 3828 5478 solent.

2255 5538 2541 5608 indigentia
2568 5545 2623 5590 et
2650 5531 2863 5603 crapula
2887 5547 2901 5584 :
2925 5528 3013 5583 illa
3036 5524 3248 5598 quidem
3268 5536 3463 5592 corpus
3481 5521 3497 5552 ⁸
3522 5514 3828 5573 arefacietts,

2253 5643 2307 5692 et
2337 5631 2617 5706 palpebras
2642 5641 2869 5686 corneas
2894 5624 3148 5691 reddens,
3171 5636 3270 5678 nec
3290 5618 3465 5676 claudi
3488 5613 3829 5688 permittens:

2323 5793 2340 5825 ⁸
2375 5791 2446 5841 sic
2462 5789 2603 5853 iuxta
2626 5784 2767 5835 Savil.
2791 5792 2856 5832 tu.
2884 5790 2955 5845 8.,
2980 5795 3086 5846 pro,
3110 5791 3304 5845 corpus,
3331 5772 3530 5841 legitur,
3555 5769 3790 5832 spiritum-
