3998 6428
145 345 203 402 13
1117 342 1208 399 AD
1247 340 1580 401 POPULUM
1618 338 1792 397 ANTI!

1949 339 2127 396 ENUM
2170 337 2409 397 HOMIL.
2452 338 2517 395 11.
2788 358 2791 367 ε
3525 343 3595 398 Η

143 458 350 532 κρίσεως
388 459 601 533 ἡμέρᾳ,
622 461 721 516 καί⁹
747 460 875 516 ὅταν
906 458 1015 514 τῶν
1046 458 1455 531 πεπραγμένων
1487 456 1590 522 τὰς
1633 456 1796 512 e606-

141 550 600 622 ναςάπαιτώμεθα
640 550 863 614 πάντες.
903 549 1067 602 Ὥστε
1118 548 1172 601 εῐ
1207 563 1289 612 τις
1342 545 1517 600 ἐθέλοι
1563 546 1659 599 καὶ
1698 545 1793 618 τὴν

141 638 306 708 κτῆιην
323 636 503 690 αὐτῶν
526 638 624 692 καὶ
647 635 748 708 τὴν
779 638 974 707 χρῆσιν
1019 635 1165 705 ἔχειν
1195 635 1289 689 καὶ
1314 634 1414 703 τὴν
1447 632 1793 696 δεσποτείαν,

141 723 536 779 ἀπαλλαττέσθω
574 724 681 778 τῶν
714 723 881 777 ὀντων
923 724 1176 777 ἁπάντων
1193 739 1208 753 ο
1243 722 1319 787 ῶς
1349 722 1378 774 ὅ
1415 738 1480 790 γε
1524 722 1600 793 μὴ
1638 721 1798 776 τοῦτο

143 813 307 878 ποιιῖιν,
332 815 396 885 τῇ
422 813 655 884 τελευτῇ
678 812 777 884 μὲν
801 811 981 866 αὐτῶν
1003 813 1373 882 ἀποστήσεται
1403 810 1646 877 πάντως,
1669 811 1802 868 πολ-

142 901 273 964 λάκις
301 899 356 954 δὲ
378 900 475 954 καὶ
512 900 620 971 πρὸ
659 900 761 970 τῆς
786 898 1044 971 τελευτῆς
1077 898 1216 971 μετά
1253 897 1516 954 κινδύνων
1559 900 1655 954 καὶ
1691 918 1794 971 μυο

144 989 254 1059 ρίων
280 985 413 1042 αὐτὰ
436 988 796 1042 ἀποδαλεῐται
816 987 1023 1041 κακῶν.
1049 988 1162 1042 K61
1192 987 1255 1042 ού
1297 985 1453 1042 τοῦτο
1488 988 1650 1059 μόνον
1676 991 1799 1043 ἐστὶ

141 1077 191 1130 τὸ
212 1071 389 1136 δεινὸν,
422 1070 509 1128 ὅτι
558 1076 828 1147 μεταϐολὴ
880 1075 1092 1145 γίνεται
1141 1075 1374 1147 ἀθρόως.
1418 1075 1536 1129 ἀλλ’
1579 1077 1664 1131 ὅτι
1703 1078 1798 1132 καὶ¹

141 1157 447 1229 ἀμελέτητος
485 1159 627 1229 πρὸς
651 1160 751 1230 τὴν
776 1158 876 1230 τῆς
903 1159 1096 1222 πενίας
1133 1158 1416 1230 ὑπομονὴν
1460 1157 1490 1213 6
1539 1159 1801 1227 πλούσιος

141 1241 350 1313 ἔρχεται*
388 1241 507 1296 ἀλλ’
542 1242 642 1313 οὐχ
668 1243 699 1295 6
729 1242 901 1314 πένης
929 1243 1203 1308 τοιοῦτος’
1243 1244 1306 1297 οὐ
1334 1243 1444 1315 γὰρ
1467 1245 1681 1317 χρυσίῳ
1700 1245 1798 1298 καὶ

140 1323 359 1396 ἀργυρίῳ
382 1322 730 1397 τεθάρρηκεν
762 1321 989 1396 ἀψύχοις
1034 1324 1211 1389 ὕλαις,
1265 1325 1404 1380 ἀλλά
1424 1326 1503 1397 τῷ
1543 1326 1664 1398 Θεῷ
1716 1326 1796 1399 τῷ

140 1404 402 1478 παρέχοντι
427 1408 613 1462 πάντα
639 1407 940 1471 πλουσίωςο
980 1407 1123 1462 ὥστε
1156 1411 1186 1463 6
1220 1409 1475 1474 πλούσιος
1520 1412 1579 1464 ἐν
1613 1411 1796 1485 ἀδήλῳ

144 1490 319 1559 μᾶλλον
346 1489 584 1563 ἔστηκεν
612 1491 645 1562 ἢ
681 1492 711 1545 6
746 1489 933 1561 πένης.
971 1492 1184 1557 πυκνὰς
1218 1493 1311 1547 καὶ
1338 1493 1676 1567 ἐπαλλήλους
1718 1496 1798 1550 δε-

143 1573 341 1643 χόμενος
363 1574 461 1638 τὰς
496 1574 819 1646 μεταϐολάς.
844 1575 911 1630 Τί
937 1576 996 1631 δέ
1018 1573 1157 1640 ἐστι,
1192 1574 1276 1642 Τῷ
1299 1576 1623 1646 παρέχοντι
1652 1580 1799 1651 ἡμῖν

144 1652 203 1707 τὰ
230 1652 416 1710 πάντα
462 1658 777 1725 πλουσίως
820 1660 901 1722 είς
954 1656 1256 1713 ἀπόλαυσιν
1304 1672 1368 1726 ει;
1417 1661 1604 1715 Πάντα
1657 1663 1798 1733 μετά

140 1736 386 1805 δαψιλείας
426 1739 648 1794 δίδωσιν
702 1743 731 1794 6
784 1740 941 1806 Θεὸς,
993 1741 1066 1795 16
1120 1742 1301 1813 πολλῷ
1344 1743 1452 1798 τῶν
1497 1746 1798 1817 χρημάτων

141 1821 533 1894 ἀναγκαιότερα,
572 1817 686 1876 οἷον
734 1822 824 1877 τὸν
874 1824 1034 1896 ἀέρα,
1082 1825 1145 1879 τὸ
1197 1825 1364 1898 ὕδωρ,
1414 1827 1476 1881 16
1523 1829 1657 1904 πῦρ,
1705 1830 1799 1884 τὸν

141 1903 285 1972 ἡλιον,
312 1906 530 1961 ἅπαντα
562 1906 633 1961 τά
659 1906 908 1963 τοιαῦτα.
940 1909 1055 1964 Οὐκ
1087 1909 1235 1965 ἐστιν
1266 1915 1442 1966 εἰπεῖν
1479 1915 1562 1970 ὅτι
1606 1903 1798 1969 πλείο-

141 2002 215 2049 νος
253 1989 510 2043 ἀπολαύει
557 1991 663 2061 τῆς
707 1993 925 2056 ἀκτῖνος
962 1996 993 2047 6
1027 1994 1302 2061 πλούσιος,
1343 1997 1626 2063 ἐλάττονος
1671 2000 1728 2054 δὲ
1770 2001 1799 2053 6

144 2069 319 2141 πένης·
351 2072 451 2126 οὐκ
485 2072 639 2128 ἔστιν
679 2077 871 2143 εἰπεῖν,
914 2077 997 2131 ὅτι
1037 2078 1420 2151 δαψιλέστερον
1464 2082 1605 2153 ἀέρα
1659 2084 1792 2136 ἀνα-

145 2154 270 2206 πνέει
295 2155 386 2208 τοῦ
423 2156 661 2229 πένητος
687 2158 716 2210 6
745 2159 1009 2214 πλουτῶνο
1046 2161 1182 2215 ἀλλά
1198 2163 1376 2217 πάντα
1404 2163 1494 2219 ῑσα
1515 2165 1610 2219 καὶ
1643 2166 1798 2220 κοινά

143 2236 416 2307 πρόκειται.
446 2240 610 2303 Τίνος
630 2238 724 2295 οὖν
746 2244 933 2298 ἕνεκεν
972 2244 1045 2298 16
1089 2246 1189 2317 μὲν
1237 2248 1459 2318 μείζονα
1503 2250 1601 2305 καὶ
1635 2249 1798 2320 ἀναγ-

144 2320 368 2405 καιότερα
388 2323 484 2376 καὶ
506 2324 609 2397 τὴν
640 2324 783 2398 ζωὴν
826 2327 986 2398 ἡμῶν
1024 2331 1318 2401 συνέχοντα
1366 2333 1524 2387 κοινά
1566 2333 1799 2405 πεποίη-

143 2418 221 2455 κεν
304 2404 454 2490 θεὸς,
496 2409 569 2463 16
600 2408 657 2462 δὲ
703 2409 960 2465 ἐλάττονα
1003 2414 1097 2466 καὶ
1139 2416 1498 2490 εὐτελέστερα
1541 2418 1644 2472 ούκ
1677 2404 1796 2474 ἔστι

145 2487 272 2540 κοινά
303 2488 351 2551 δ,
385 2490 455 2544 τά
501 2492 765 2563 χρήματα
825 2492 1004 2564 λέγω;
1042 2496 1189 2560 τίνος
1242 2494 1336 2552 οὖν
1387 2487 1612 2565 ἐνεκενς
1675 2501 1796 2556 Ἵνα

145 2572 477 2656 συγκροτῆται
499 2574 661 2645 ἡμῶν
684 2576 888 2656 ἡίζωὴ.
923 2579 1019 2632 καὶ
1045 2580 1250 2651 ἀρετῆς
1288 2583 1502 2654 έχωμεν
1532 2583 1796 2656 σκάμμα-

144 2669 215 2707 τα.
246 2655 304 2708 Εί
335 2657 429 2726 μὲν
455 2658 570 2728 γὰρ
614 2659 687 2729 μὴ
726 2655 795 2729 ἦν
841 2660 911 2714 16
942 2663 1217 2731 ἀναγκαῖα
1253 2666 1426 2720 ταῦτα
1456 2655 1795 2733 κοινά,ίσως

144 2736 198 2790 ἂν
212 2740 254 2791 οί
269 2741 640 2823 πλουτοῦντες,
656 2747 721 2815 τῇ
743 2746 969 2819 είωθυίᾳ
993 2748 1324 2820 κεχρημένοι
1350 2749 1650 2823 πλεονεξίᾳ,
1666 2755 1793 2818 τοὺς

144 2822 438 2906 αἰρομένους
477 2826 783 2893 ἀπέπνιξαν
805 2828 903 2882 ἄν·
937 2830 986 2883 εί
1031 2833 1143 2904 γάρ
1185 2834 1278 2887 ἐπὶ
1330 2832 1440 2887 τῶν
1491 2822 1794 2906 χρημάτων

140 2903 273 2958 τοῦτο
328 2907 547 2962 ποιοῦσι
566 2949 581 2973 ,
620 2911 802 2983 πολλῷ
850 2913 1050 2980 μᾶλλον
1094 2917 1181 2969 ἐπ’
1231 2916 1458 2971 ἐκείνων
1494 2903 1667 2973 ’τοῦτο
1726 2919 1794 2974 ἀν

140 2986 398 3060 ἐποίησαν*
440 2992 613 3047 πάλιν
642 2995 691 3046 εί
729 2992 822 3048 καὶ
863 2999 932 3050 16
962 3003 1220 3069 χρήματα
1248 2994 1318 3072 ἦν
1343 3000 1519 3062 κοινὰ.
1563 3003 1657 3056 καὶ
1686 3005 1791 3058 πᾶ·

142 3087 211 3159 σιν
239 3074 424 3145 ὁμοίως
456 3077 781 3147 προύκειτο,
809 3079 1181 3156 ἐλεημοσύνης
1216 3085 1458 3158 $1191.10
1490 3087 1789 3159 πρόφασις,

141 3156 219 3211 καὶ
238 3159 632 3233 φιλοφροσύνης
652 3164 894 3237 ἀφορμή.

198 3243 254 3329 ξ’.
279 3244 390 3300 Ἵνα
415 3243 520 3300 οὖν
546 3246 716 3311 ἀδεῶς
749 3247 955 3320 ζῶμεν,
981 3250 1140 3305 κοινά
1169 3253 1391 3323 γέγονεν
1417 3256 1551 3327 ἡμῖν
1581 3255 1650 3310 τά
1690 3256 1793 3329 τῆς

143 3325 265 3399 ζωῆς
303 3330 477 3384 αἴτια·
523 3331 717 3395 πάλιν,
749 3332 837 3386 ἵνα
874 3333 1091 3406 ἔχωμεν
1133 3338 1416 3408 στεφάνων
1441 3325 1545 3395 καὶ
1578 3325 1792 3396 εὐδοκί-

146 3413 333 3495 μῄπων
381 3414 662 3486 ἀφορμὴν,
721 3416 782 3469 οὐ
830 3416 988 3470 κοινά
1019 3419 1211 3488 γέγονε
1252 3421 1323 3475 τά
1370 3423 1654 3495 χρήματα,
1705 3426 1794 3479 ἵνα

144 3493 422 3563 πλεονεξίαν
447 3497 760 3569 μισοῦντες,
782 3501 876 3553 καὶ
896 3500 1243 3573 δικαιοσύνην
1267 3493 1579 3570 διώκοντες,
1603 3508 1698 3561 καὶ
1725 3508 1794 3561 τά

144 3575 247 3632 ὂντα
279 3583 384 3644 τοῖς
409 3574 692 3650 δεομένοις
743 3583 1081 3655 προϊέμενοι.
1133 3585 1491 3655 παραμυθίαν
1533 3587 1657 3642 τινά
1704 3589 1794 3643 διά

143 3661 225 3744 τῆς
255 3664 468 3733 μεθόδου
514 3664 721 3736 ταύτης
750 3666 859 3719 τῶν
886 3666 1102 3720 οἰκείων
1136 3667 1507 3741 λαμσάνωμεν
1541 3673 1794 3744 ἁμαρτη-

146 3743 324 3813 μάτων.
348 3747 617 3801 Πλούσιόν
654 3765 714 3801 σε
748 3750 1004 3818 ἐποίησεν
1034 3752 1063 3803 6
1102 3750 1257 3816 Θεὸς,
1288 3752 1339 3805 τί
1372 3753 1571 3807 σαυτὸν
1619 3743 1795 3820 ποιεῖς

144 3826 355 3912 ¹ξιένητω
392 3829 661 3884 Πλούσιόν
702 3846 761 3885 σε
790 3831 1067 3903 ἐποίησεν,
1099 3833 1185 3887 ἵνα
1216 3839 1329 3899 τοῖς
1357 3836 1632 3906 δεομένοις
1662 3838 1791 3912 βοη-

147 3906 244 3993 βῇς.
268 3911 348 3966 ἵνα
370 3915 437 3967 τὰ
464 3913 845 3986 ἁμαρτήματα
882 3914 1055 3987 λύσῃς
1100 3916 1171 3971 τά
1222 3919 1421 3972 σαυτοῦ
1459 3920 1547 3975 διὰ
1573 3906 1674 3993 τῆς
1711 3906 1792 3979 είς

146 3992 331 4065 ἐτέρους
359 3996 672 4068 δαψιλείας·
710 3997 913 4052 δέδωκέ
946 4015 1029 4054 σοι
1060 4001 1342 4072 χρήματα,
1376 4003 1476 4074 οὐχ
1507 4003 1595 4059 ἴνα
1624 3992 1793 4060 κατα-

145 4076 336 4164 κλείσης
360 4083 443 4135 ἐπ’
468 4080 680 4152 ὀλέθρῳ
708 4080 787 4152 τῷ
816 4081 912 4154 σῷ,
936 4082 1051 4136 ἀλλ’
1076 4084 1164 4138 ῖνα
1201 4085 1400 4158 ἐκχέῃς
1430 4087 1524 4140 ἐπὶ
1545 4089 1792 4164 σωτηρίᾳ

144 4163 199 4233 τῇ
237 4166 315 4235 σῇ.
341 4165 437 4220 Διά
469 4164 632 4218 τοῦτο
663 4167 757 4219 καὶ
793 4166 895 4238 τὴν
918 4166 1114 4238 κτῆσιν
1134 4169 1316 4222 αὐτῶν
1345 4169 1540 4241 ἄδηλον
1560 4163 1790 4244 ἐποίησε

146 4248 222 4299 καὶ
252 4249 306 4301 06
348 4251 595 4321 μόνιμον,
629 4249 719 4302 ἴνα
762 4251 856 4303 καὶ
894 4251 954 4304 ἐν
989 4252 1166 4322 τούτῳ
1195 4253 1299 4323 τῆς
1339 4255 1469 4326 περὶ
1502 4255 1645 4309 αύτά
1687 4275 1791 4327 μα-

145 4331 243 4394 νίας
258 4333 533 4405 καταλύσῃ
546 4333 638 4386 τὸν
659 4333 830 4387 τόνον.
859 4334 921 4387 Εί
949 4334 1059 4405 γὰρ
1085 4334 1180 4388 νῦν
1200 4337 1301 4389 οὐκ
1327 4335 1545 4407 ἔχοντες
1566 4339 1789 4413 θαρρεῖν

146 4414 186 4465 οἱ
211 4419 524 4488 κεκτημένοι
547 4419 677 4488 περί
708 4417 909 4477 αὐτῶν.
944 4417 1081 4472 ἀλλά
1112 4419 1207 4473 καὶ
1226 4419 1425 4486 πολλὰς
1454 4422 1690 4493 ὁρῶντες
1724 4429 1789 4482 ἐκ

147 4495 221 4549 τοῦ
245 4499 562 4571 πράγματος
588 4501 914 4570 τικτομένας
940 4500 1250 4566 ἐπιϐουλὰς,
1276 4502 1452 4568 οὕτως
1477 4508 1790 4565 ἐκκαίονται

147 4580 253 4666 περὶ
266 4581 349 4635 τὸν
367 4582 592 4636 ἐκείνων
610 4581 791 4643 πόθον,
814 4585 863 4637 εί
886 4584 978 4638 καὶ
998 4584 1153 4640 τοῦτο
1167 4586 1381 4658 προσῆν
1400 4588 1479 4660 τῷ
1496 4589 1710 4666 πλούτῳ
1729 4598 1790 4651 16

151 4661 334 4731 βέϐαιον
353 4669 447 4721 καὶ
460 4666 821 4733 ἀδιάπτωτον,
840 4667 985 4732 τίνος
1008 4668 1075 4722 ἂν
1096 4669 1412 4740 ἐφείσαντος
1430 4673 1574 4738 τίνος
1595 4676 1662 4730 ἀν
1680 4661 1791 4733 ἀπ-

147 4744 364 4817 έσχοντος
399 4751 561 4815 ποίας
589 4753 786 4825 χήρας,
826 4750 994 4806 ποίων
1023 4753 1295 4824 ὀρφανῶν,
1324 4756 1491 4809 ποίων
1509 4762 1785 4829 πενήτωνς

148 4832 212 4900 13'
224 4835 239 4906 1
251 4839 521 4909 Μὴτοίνυν
535 4843 680 4912 μέγα
690 4841 1004 4915 νομίζωμεν
1015 4842 1218 4911 ἀγαθὸν
1228 4835 1367 4894 εῖναι
1386 4838 1636 4894 πλοῦτον·
1649 4840 1793 4909 μέγα

145 4919 233 4992 γάρ
258 4925 474 4993 ἀγαθὸν,
506 4929 567 4982 ού
600 4930 663 4981 16
684 4930 984 5002 κεκτῆσθαι
1014 4929 1297 5001 χρήματα,
1328 4926 1463 4981 6116
1496 4926 1559 4981 τὸ
1598 4928 1794 4999 κεκτῆ-

150 5006 249 5062 σθαι
273 5012 429 5080 φοϐον
471 5015 605 5069 Θεοῦ
637 5018 732 5070 καὶ
776 5018 957 5070 πᾶσαν
981 5017 1286 5070 εὐλάϐειαν.
1340 5015 1473 5070 Ἰδοὺ
1498 5014 1595 5069 νῦν
1626 5015 1680 5069 εῐ
1705 5032 1792 5081 τις

146 5093 318 5163 δίκαιος
341 5096 408 5170 ἦν
443 5104 541 5167 καὶ
585 5104 897 5172 παρρησίαν
935 5104 1133 5175 πολλὴν
1159 5105 1299 5174 ἔχων
1328 5102 1466 5173 πρὸς
1494 5102 1587 5156 τὸν
1631 5101 1788 5167 Θεὸν,

149 5174 235 5228 κᾶν
255 5181 298 5232 εί
324 5181 537 5235 πάντων
566 5183 866 5255 ἀνθρώπων
887 5174 1212 5256 πενέστερος
1233 5183 1324 5257 ἦν,
1351 5185 1512 5258 ῆρκει
1536 5186 1789 5245 λῦσαιτά

150 5261 361 5339 παρόντα
380 5264 528 5319 δεινά
544 5282 558 5295 °
589 5267 750 5338 ἡρκει
778 5267 888 5338 γὰρ
925 5266 1085 5337 μόνον
1108 5266 1209 5330 τάς
1229 5269 1419 5339 χεῖρας
1440 5270 1676 5325 ἐκτεῖναι
1706 5275 1789 5339 είς

149 5338 223 5391 τὸν
255 5344 468 5416 οὐρανὸν
496 5349 589 5402 καὶ
611 5348 839 5401 καλέσαι
865 5348 955 5402 τὸν
993 5348 1146 5412 Θεὸν,
1195 5350 1289 5404 καὶ
1333 5350 1394 5403 16
1439 5352 1601 5422 νέφος
1629 5338 1790 5410 τοῦτο

151 5424 398 5497 παρῆλθεν
418 5430 497 5485 ἄν.
522 5432 758 5503 Χρυσίον
786 5432 845 5486 δὲ
868 5431 1122 5488 τοσοῦτον
1149 5433 1461 5496 ἀπόκειται,
1493 5437 1590 5492 καὶ
1610 5440 1786 5511 πηλοῦ

153 5512 323 5577 παντός
346 5515 489 5568 ἐστιν
523 5517 924 5590 ἀχρηστότερον
954 5518 1090 5590 πρὸς
1108 5517 1208 5590 τὴν
1244 5518 1399 5572 λύσιν
1426 5520 1534 5574 τῶν
1573 5523 1784 5578 ἐπικει-

153 5590 303 5675 μένων
328 5599 506 5655 κακῶν
525 5616 539 5630 ·
571 5603 672 5655 οὐκ
699 5603 757 5655 ἐν
777 5601 953 5674 τούτῳ
989 5602 1048 5656 δὲ
1074 5602 1153 5674 τῷ
1178 5603 1410 5675 κινδύνῳ
1437 5604 1617 5675 μόνον,
1650 5607 1787 5662 ἀλλά

152 5673 233 5728 κᾶν
253 5679 394 5746 νόσος
412 5685 712 5759 καταλάϐῃ,
728 5687 832 5740 κᾶν
858 5673 1107 5752 θάνατος,
1126 5673 1236 5741 κᾶν
1254 5687 1381 5741 ἄλλο
1404 5706 1455 5741 τι
1482 5689 1591 5744 τῶν
1613 5693 1786 5746 τοιού-

154 5771 261 5825 των,
285 5763 556 5839 ἐλέγχεται
592 5769 700 5823 τῶν
730 5771 1031 5843 χρημάτων
1067 5772 1101 5843 ἡ
1145 5770 1376 5844 δύναμις
1409 5774 1782 5847 ἀπορουμένη,

196 5888 815 5989 ξέἱξξπῖἒαὲεξζέξεὲἷθ
840 5907 999 5989 $6";
1012 5914 1071 5989 εξ
1086 5910 1136 5959 in
1156 5909 1344 5989 ειίςιιιει
1362 5926 1477 5989 πιν-

478 5967 674 6034 quidaln
706 5981 823 6034 mss.
1559 5980 1640 6030 alii
1665 5982 1777 6032 οὐκ-

151 6022 205 6056 ετι
240 6022 381 6069 ῑοινά.
412 6022 511 6075 Moi
540 6027 694 6078 Savil.
722 6030 846 6088 τίνος
865 6030 946 6079 οὖν
968 6033 1151 6095 ἕνεκεν;
1179 6022 1297 6084 Μόν.
1478 6022 1567 6102 ἶνίξ

1903 456 2000 510 καὶ
2034 455 2306 528 μηδεμίαν
2337 455 2539 528 ἔχουσα
2562 457 2919 528 παραμυθίαν
2942 457 3055 525 τοῖς
3093 457 3484 531 συμϐαίνουσιν
3513 461 3594 512 οἵ.

1904 540 2065 595 κοθεν
2090 539 2483 607 ἐπιδείξασθαι.
2514 541 2614 593 Ἔν
2644 541 2793 595 ἐστιν
2825 541 2854 595 6
2882 542 3030 596 δοκεῖ
3056 542 3157 613 τῆς
3182 543 3374 606 πενίας
3403 543 3596 597 πλεονο

1904 626 2085 677 εκτεϊν
2121 626 2151 678 6
2192 623 2444 688 πλοῦτος,
2477 622 2538 678 16
2564 627 2779 697 τρυφᾷν
2801 624 2932 679 καθ’
2972 627 3211 697 ἡμέραν,
3256 628 3353 683 καὶ
3391 627 3595 698 πολλῆς

1901 707 2264 780 ἐμφορεῖσθαι
2289 710 2348 762 ἐν
2368 712 2482 772 τοῖς
2507 710 2834 778 συμποσίοις
2856 711 2955 782 τῆς
2979 712 3191 783 ἡδονῆς.
3220 710 3391 767 Τοῦτο
3410 712 3595 784 μέντοι

1900 793 1998 847 καὶ
2034 794 2132 847 ἐπὶ
2184 793 2285 865 τῆς
2324 791 2431 845 τῶν
2469 794 2723 864 πενήτων
2776 795 3058 867 τραπέζης
3099 797 3401 868 συμϐαῖνον
3445 798 3595 853 ἐστιν

1905 879 2055 944 ίδεῖν,
2098 878 2195 933 καὶ
2242 877 2491 950 μείζονος
2539 876 2763 941 τούτους
2812 877 3186 946 ἀπολαύοντας
3232 881 3430 954 ἡδονῆς
3480 883 3594 938 τῶν

1901 960 2277 1017 πλουτούντων
2317 962 2596 1017 ἀπάντων.
2638 961 2749 1015 K61
2795 962 2871 1033 μὴ
2919 961 3261 1036 θαυμάσητε,
3308 966 3445 1039 μηδὲ
3485 985 3593 1022 πα-

1905 1044 2124 1120 ράδοξον
2151 1040 2293 1101 εἶναι
2315 1046 2576 1118 νομίσητε
2605 1045 2667 1099 16
2699 1044 3025 1118 λεγόμενοψ
3054 1047 3166 1116 ἐγὼ
3195 1049 3306 1123 γάρ
3333 1051 3391 1118 ἐξ
3420 1051 3592 1124 αὐτῆς

1900 1131 2030 1201 ὑμῖν
2066 1129 2225 1184 τοῦτο
2254 1128 2354 1200 τῆς
2378 1129 2487 1184 τῶν
2524 1129 2869 1202 πραγμάτων
2895 1130 3223 1197 ἀποδείξεως
3253 1135 3465 1206 ποιήσω
3492 1134 3589 1205 6'7;-

1901 1213 2016 1270 λον.
2043 1215 2191 1269 Ἰστε
2233 1212 2344 1286 γάρ
2366 1213 2540 1285 δήπου
2572 1212 2731 1269 τοῦτο
2765 1215 2858 1269 καὶ
2892 1217 3303 1287 συνομολογεῖτε
3355 1217 3589 1282 πάντες,

1900 1298 1982 1354 ὅτι
2013 1297 2113 1372 τὴν
2153 1299 2349 1372 ἡδονὴν
2375 1300 2434 1353 ἐν
2467 1301 2590 1364 ταῖς
2628 1300 2939 1355 ἑστιάσεσιν
2966 1300 3064 1373 οὐχ
3090 1304 3124 1374 ἡ
3157 1303 3319 1373 φύσις
3347 1304 3455 1358 τῶν
3477 1304 3591 1358 ἐδε-

1905 1383 2150 1455 σμάτων,
2185 1383 2303 1436 ἀλλ’
2324 1383 2359 1455 ἡ
2385 1381 2628 1446 διάθεσις
2653 1383 2765 1437 τῶν
2791 1385 3139 1456 ἑστιωμένων
3168 1390 3341 1441 ποιεῖν
3362 1386 3555 1442 εἴωθεν
3572 1405 3589 1423 ο

1900 1463 2013 1523 οἷόν
2040 1487 2093 1522 τι
2125 1468 2298 1538 λέγω’
2351 1467 2490 1539 μετά
2527 1467 2621 1521 τοῦ
2669 1471 2863 1540 πεινῇν
2908 1486 2993 1532 τις
3037 1469 3345 1541 ἁπτόμενος
3377 1473 3590 1544 τραπέο

1902 1555 2026 1626 ςης,
2064 1552 2267 1617 παντὸς
2291 1552 2427 1622 ὄψου
2454 1552 2549 1607 καὶ
2581 1550 2896 1623 ἡδύσματος
2928 1552 3024 1607 καὶ
3067 1554 3279 1625 μυρίων
3317 1572 3591 1627 καρυκευ-

1905 1637 2089 1708 μάτων
2115 1638 2263 1710 ῆδιον
2291 1637 2492 1708 ἀψεται
2524 1637 2625 1709 τῆς
2678 1634 2912 1708 τροφῆς,
2944 1636 3051 1690 κᾶν
3091 1637 3348 1692 ἁπάντων
3376 1639 3590 1693 εύτελε·

1904 1721 2070 1794 στέρα
2193 1723 2222 1774 6
2253 1719 2311 1774 δὲ
2343 1720 2419 1792 μὴ
2438 1720 2538 1791 τὴν
2569 1718 2762 1790 χρείαν
2783 1718 3100 1788 ἀναμένων,
3137 1720 3271 1791 μηδὲ
3301 1721 3591 1792 ὑπομένων

1902 1806 2156 1877 πεινῆσαι
2181 1804 2422 1878 πρῶτον,
2445 1804 2583 1875 ὅπερ
2615 1804 2666 1856 οί
2700 1801 3061 1867 πλουτοῦντες
3082 1802 3319 1869 ποιοῦσι,
3346 1805 3440 1859 καὶ
3468 1806 3589 1861 τότε

1903 1889 1996 1943 ἐπὶ
2033 1890 2134 1961 τὴν
2177 1886 2460 1961 τράπεζαν
2498 1887 2694 1951 ἐλθεῖν,
2726 1885 2830 1940 κᾶν
2858 1885 3206 1951 πλακοῦντας
3229 1888 3367 1964 εὕρῃ
3403 1890 3589 1962 κειμέ-

1901 1987 2048 2034 νους,
2081 1970 2180 2024 οὐκ
2208 1969 2535 2041 αἰσθήσεται
2564 1969 2664 2040 τῆς
2692 1967 2910 2038 ἡδονῆς,
2939 1967 3041 2039 τῆς
3063 1968 3299 2042 ὀρέξεως
3332 1971 3482 2043 αὐτῷ
3511 1972 3586 2045 μὴ

1899 2052 2351 2126 διεγηγερμένης.
2396 2051 2504 2106 K61
2543 2051 2630 2105 ἵνα
2678 2048 2877 2122 μάθῃς,
2920 2050 3004 2105 ὅτι
3043 2050 3202 2107 τοῦτο
3243 2052 3434 2107 τοῦτον
3474 2054 3586 2126 ἔχει

1900 2136 1994 2191 τὸν
2023 2136 2246 2207 τρόπον,
2281 2136 2559 2206 μάρτυρες
2603 2132 2703 2205 μὲν
2730 2134 2827 2187 καὶ
2862 2135 3023 2204 ὑμεῖς
3065 2133 3295 2200 πάντες’
3341 2135 3587 2192 ἀκούσω⁶

1904 2237 2006 2292 μεν
2052 2221 2109 2274 δὲ
2145 2219 2364 2289 καὶτῆς
2411 2217 2637 2290 Γραφῆς
2682 2216 2816 2270 αὐτὸ
2858 2216 3019 2272 τοῦτο
3060 2218 3361 2289 λεγούσης’
3415 2220 3585 2286 Ψυχὴ

1898 2301 2011 2370 τηὰρ
2035 2301 2538 2371 ἐμπεπλησμένη,
2566 2300 2719 2370 φησι,
2748 2301 2986 2367 κηρίοις
3013 2298 3297 2369 ἐμπαίζει,
3316 2298 3489 2370 ψυχῇ
3518 2302 3587 2355 δὲ

1898 2379 2093 2436 ἐνδεεῖ
2120 2385 2218 2440 καὶ
2262 2385 2336 2439 τὰ
2359 2384 2543 2451 πικρὰ
2563 2383 2832 2451 γλυκερὰ
2855 2383 3149 2452 φαίνεται.
3181 2384 3372 2437 Καίτοι
3396 2384 3449 2437 τί
3482 2401 3583 2455 κη-

1902 2464 2020 2535 ρίου
2053 2466 2149 2519 καὶ
2175 2468 2396 2537 μέλιτος
2423 2466 2758 2536 γλυκύτερον
2786 2465 2986 2534 γένοιτ’
3019 2465 3116 2532 ἄν;
3148 2465 3263 2519 ἀλλ’
3300 2468 3400 2521 ούκ
3438 2467 3585 2524 ἐστιν

1898 2548 1997 2619 ἡδὺ
2026 2550 2106 2620 τῷ
2138 2551 2214 2622 μὴ
2245 2550 2520 2615 πεινῶντι,
2566 2549 2731 2620 φησί’
2773 2548 2825 2603 τί
2854 2548 2911 2601 δὲ
2939 2548 3048 2602 τῶν
3083 2549 3303 2621 πικρῶν
3328 2550 3582 2620 ἀηδέστε-

1901 2649 2027 2702 ρον;
2050 2632 2164 2686 ἀλλ’
2190 2632 2305 2686 ἐστι
2330 2633 2537 2700 γλυκέα
2559 2634 2670 2696 τοῖς
2698 2632 2757 2686 ἐν
2799 2631 2981 2703 ἐνδείᾳ.
3008 2631 3432 2703 καθεστηκόσιν.
3461 2634 3583 2688 Ὅτι

1896 2713 1955 2767 δέ
1983 2715 2034 2767 οἱ
2062 2715 2292 2787 πένητες
2340 2714 2479 2786 μετά
2524 2714 2624 2786 τῆς
2666 2714 2858 2787 χρείας
2905 2715 3000 2768 καὶ
3043 2714 3138 2768 τοῦ
3184 2718 3377 2788 πεινῇν
3400 2718 3491 2772 ἐπὶ
3524 2718 3584 2771 τὸ

1898 2799 2130 2869 πρᾶγμα
2171 2798 2452 2871 ἔρχονται,
2495 2798 2546 2851 οί
2589 2798 2646 2851 δὲ
2695 2797 3057 2862 πλουτοῦντες
3101 2797 3202 2852 οὐκ
3248 2799 3581 2871 ἀναμένουσι

1895 2881 2074 2946 τοῦτο,
2106 2883 2270 2937 παντί
2294 2900 2394 2937 που
2419 2882 2583 2954 δῆλόν
2615 2884 2794 2936 ἐστιν·
2828 2880 2952 2935 ὅθεν
2985 2881 3107 2936 οὐδὲ
3128 2881 3357 2953 γνησίαν
3390 2883 3484 2937 καὶ⁵
3505 2884 3583 2938 εἰ·

1896 2964 2114 3037 λικρινῆ
2146 2965 2485 3038 καρποῦνται
2513 2966 2612 3037 τῆν
2633 2966 2849 3037 ἡδονήν.
2882 2966 2997 3020 υύκ
3021 2965 3115 3019 ἐπὶ
3143 2966 3252 3019 τῶν
3269 2966 3583 3038 ἐδεσμάτων

1894 3049 1955 3103 δέ
1992 3049 2171 3120 μόνον,
2193 3049 2328 3103 ἀλλά
2350 3050 2446 3104 καὶ
2466 3050 2559 3103 ἐπὶ
2587 3049 2695 3103 τῶν
2721 3048 2906 3104 ποτῶν
2939 3049 3098 3103 τοῦτο
3120 3049 3253 3104 6616
3278 3051 3578 3121 συμϐαῖνον

1899 3132 1996 3186 ἴδοι
2018 3150 2102 3196 τις
2135 3133 2234 3188 ἀν’
2266 3134 2360 3187 καὶ
2390 3132 2579 3203 ὥσπερ
2612 3134 2731 3187 ἐκεῖ
2760 3133 2822 3187 16
2853 3135 3043 3205 πεινῆν
3065 3134 3172 3205 πρὸ
3197 3136 3294 3207 τῆς
3323 3134 3432 3188 τῶν
3465 3135 3580 3188 ἐδεο

1899 3216 2122 3287 σμάτων
2157 3215 2372 3287 φύσεως
2404 3216 2597 3289 ἡδονὴν
2623 3216 2916 3287 ἐργάζεται
2950 3228 2971 3256 ο
2994 3236 3008 3249 ·
3045 3217 3191 3271 οὕτω
3220 3218 3315 3271 καὶ
3342 3217 3580 3272 ἐνταῦθα

1894 3301 1957 3355 16
1999 3301 2159 3374 διψῆν
2206 3303 2424 3374 ἥδιστον
2470 3304 2644 3356 ποιεῖν
2670 3302 2830 3356 εἴωθε
2861 3302 2923 3355 τὸ
2945 3301 3129 3368 ποτὸν,
3158 3302 3262 3356 κᾶν
3293 3300 3437 3374 ὕδωρ
3521 3303 3581 3356 τὸ

1898 3386 2187 3457 πινόμενον
2215 3386 2396 3456 μόνον.
2424 3385 2534 3440 Καὶ
2554 3385 2714 3439 τοῦτο
2751 3386 2882 3439 6616
2919 3388 2947 3440 6
2979 3386 3270 3458 προφήτης
3295 3385 3580 3457 ἐμφαίνων

1897 3467 2105 3537 ἐλεγενο
2148 3471 2252 3523 Ἐκ
2292 3469 2513 3537 πέτρας
2550 3469 2692 3540 μέλι
2728 3470 3062 3539 ἐχόρτασεν
3099 3469 3345 3536 αὐτούς.
3385 3468 3579 3524 Καίτοι

1894 3551 2041 3604 τοῦτ’
2063 3550 2302 3621 οὐδαμοῦ
2325 3552 2424 3622 τῆς
2448 3552 2666 3624 Γραφῆς
2690 3552 3026 3624 ἀνέγνωμεν.
3045 3554 3127 3607 ὅτι
3151 3552 3271 3624 μέλι
3288 3552 3354 3606 ἐκ
3372 3552 3580 3624 πέτρας

1896 3632 2166 3704 ἐξήγαγεν
2190 3636 2219 3687 6
2239 3634 2466 3704 Μωσῆς,
2489 3634 2625 3689 ἀλλά
2645 3635 2921 3706 πανταχοῦ
2945 3637 3227 3707 ποταμοὺς
3274 3636 3368 3690 καὶ
3409 3634 3579 3689 ὕδατα

1895 3717 1992 3771 καὶ
2025 3717 2212 3787 ψυχρά
2236 3718 2476 3789 νάματα.
2509 3717 2576 3772 Τί
2600 3719 2722 3772 ποτ’
2743 3718 2837 3774 οὖν
2865 3721 2981 3773 ἐστι
3002 3719 3063 3773 16
3096 3720 3426 3791 λεγόμενον;
3455 3720 3578 3773 ούδέ

1896 3799 2007 3870 γάρ
2034 3799 2290 3869 ψεύδεται
2317 3802 2351 3871 ἡ
2387 3800 2578 3872 Γραφή
2604 3817 2615 3831 ο
2646 3801 2833 3873 ἐπειδὴ
2865 3802 2976 3874 γάρ
3006 3802 3269 3873 διψῶντες
3298 3806 3577 3857 3161:1616-

1895 3882 2221 3953 πονούμενοι
2261 3882 2288 3922 ά
2334 3885 2401 3953 τῇ
2447 3883 2649 3955 ἐνδείᾳ,
2671 3884 3026 3957 ψυχροτέροις
3057 3886 3428 3957 προσέπιπτον
3463 3890 3576 3951 τοῖς

1894 3966 2122 4037 νάμασι,
2153 3966 2253 4037 τὴν
2282 3965 2474 4037 ἡδονὴν
2505 3966 2605 4038 τὴν
2636 3969 2703 4021 ἐκ
2745 3968 2842 4021 τοῦ
2885 3968 3051 4024 ποτοῦ
3077 3970 3434 4041 παραστῆσαι
3458 3969 3575 4041 βου-

1893 4047 2142 4119 λόμενος,
2174 4048 2299 4119 μέλι
2322 4048 2383 4102 16
2410 4047 2555 4120 ὕδωρ
2575 4049 2855 4116 ἐκάλεσεν,
2877 4051 2976 4123 οὐχ
2999 4051 3075 4115 ὡς
3102 4052 3204 4122 τῆς
3232 4051 3450 4122 φύσεως
3482 4071 3576 4125 με-

1892 4131 2255 4201 ταϐληθείσης
2284 4133 2366 4195 είς
2405 4132 2545 4203 μέλι.
2580 4132 2692 4187 ἀλλ’
2725 4133 2802 4197 ὡς
2833 4134 2930 4206 τῆς
2956 4134 3249 4200 διαθέσεως
3273 4134 3389 4209 [52]
3427 4136 3578 4208 μέλι-

1891 4231 1983 4277 τος
2016 4214 2149 4278 ἡδίω
2174 4212 2435 4286 ποιούσης
2473 4216 2656 4269 ἐκεῖνα
2679 4215 2749 4270 τά
2782 4218 3022 4288 νάματα.
3056 4219 3301 4290 Ἔμαθες
3329 4217 3450 4284 πῶς
3482 4224 3576 4273 καὶ

1893 4300 2056 4352 ποτὸν
2080 4299 2180 4369 ἡδὺ
2216 4301 2393 4352 ποιεῖν
2418 4299 2609 4353 εἴωθεν
2636 4300 2799 4371 ἡτῶν
2823 4300 3102 4370 διψώντων
3132 4302 3407 4369 διάθεσις;
3438 4302 3574 4357 1101-

1895 4383 1977 4435 λοὶ
2011 4381 2142 4451 γοῦν
2172 4381 2433 4445 πολλάκις
2464 4381 2697 4451 πένητες
2720 4381 3045 4453 κάμνοντες,
3082 4384 3178 4437 καὶ
3223 4384 3575 4457 ταλαιπωρη-

1892 4465 2094 4528 θέντες,
2125 4466 2220 4517 καὶ
2238 4464 2316 4534 τῷ
2343 4465 2487 4535 δίψει
2518 4465 2954 4536 καταφλεγέντες
2988 4478 3034 4531 θ,
3057 4468 3198 4538 μετά
3219 4469 3319 4540 τῆς
3343 4471 3570 4542 εἰρημέι

1891 4566 1989 4619 νης
2010 4548 2207 4620 ἡδονῆς
2231 4548 2342 4601 τῶν
2362 4548 2620 4602 τοιούτων
2647 4551 2910 4622 μετέσχον
2936 4552 3196 4623 ναμάτων
3212 4569 3228 4584 ·
3254 4553 3304 4606 οἱ
3328 4553 3386 4607 δε
3411 4553 3575 4607 πλου-

1889 4634 2112 4697 τοῦντες
2145 4629 2289 4688 οἶνον
2327 4634 2480 4705 ἡδὺν,
2522 4636 2616 4688 καὶ
2658 4634 2979 4708 ἀνθοσμίαν,
3014 4636 3108 4689 καὶ
3149 4638 3333 4690 πᾶσαν
3370 4637 3572 4709 ἀρετὴν

1890 4717 2083 4789 ἔχοντα
2116 4717 2216 4789 τῆν
2253 4719 2311 4771 ἐν
2351 4717 2480 4788 οἴνῳ
2516 4718 2793 4784 λαϐόντες,
2828 4718 2930 4774 οὐκ
2972 4718 3200 4791 ⁴ᾔσθοντο
3252 4720 3353 4792 τῆς
3400 4721 3571 4796 αὐτῆς

1889 4800 2250 4874 εὐφροσύνης.

1959 4891 2030 4955 η’.
2073 4884 2245 4940 Τοῦτο
2272 4886 2367 4940 καὶ
2395 4886 2489 4940 ἐπὶ
2515 4886 2608 4940 τοῦ
2632 4885 2802 4941 ὕπνου
2831 4886 3112 4959 γινόμενον
3144 4886 3240 4941 ίδοι
3261 4904 3346 4949 τις
3373 4889 3463 4944 ἀν.
3493 4890 3569 4944 06

1888 4967 2000 5040 γὰρ
2039 4968 2222 5041 ἁπαλὴ
2272 4969 2568 5042 στρωμνὴ,
2614 4971 2736 5024 οὐδὲ
2791 4970 3182 5042 ἀργυρένδετος
3222 4971 3401 5042 κλίνη,
3445 4972 3568 5027 οὐδὲ

1888 5053 2087 5123 ἡσυχία
2109 5053 2255 5108 κατά
2276 5053 2340 5107 16
2366 5054 2636 5125 δωμάτιον
2655 5055 2937 5126 γινομένη,
2965 5056 3086 5109 οὐδὲ
3109 5055 3240 5110 ἄλλο
3260 5056 3366 5111 τῶν
3394 5056 3569 5111 τοιού-

1885 5152 1995 5188 των
2026 5137 2179 5189 οὐδὲν
2206 5137 2298 5189 τδν
2330 5135 2496 5191 ῦπνον
2525 5137 2731 5206 γλυκὺν
2761 5138 2855 5192 καὶ
2878 5141 3124 5211 προσηνῆ
3149 5143 3324 5194 ποιεῖν
3355 5140 3567 5201 είωθεν,

1884 5219 1961 5283 ῶς
2004 5219 2063 5272 τὸ
2094 5219 2373 5273 πονεῖσθαι
2403 5216 2499 5274 καὶ
2531 5221 2761 5292 κάμνειν
2792 5223 2885 5276 καὶ
2917 5222 3208 5296 δεομένους
3235 5221 3405 5277 ὕπνου
3433 5224 3566 5291 σφό-

1884 5303 1987 5372 δρα
2028 5304 2124 5362 καὶ
2157 5303 2523 5369 νυστάζοντας
2573 5307 3025 5362 κατακλίνεσθαι’
3081 5308 3173 5361 καὶ
3224 5306 3382 5360 τοῦτο
3434 5305 3567 5359 6616

1889 5390 2158 5458 μαρτυρεῖ
2186 5388 2286 5459 μὲν
2306 5389 2400 5442 καὶ
2430 5390 2463 5459 ἡ
2491 5389 2601 5443 τῶν
2629 5392 2976 5463 πραγμάτων
3006 5393 3190 5461 πεῖρα,
3222 5386 3567 5459 μαρτυρεῖδὲ

1885 5471 1980 5523 καὶ
2016 5472 2124 5541 πρὸ
2148 5473 2248 5543 τῆς
2274 5472 2385 5526 τῶν
2412 5475 2757 5546 πραγμάτων
2785 5477 2982 5548 πείρας
3016 5477 3110 5529 καὶ
3135 5477 3168 5544 ἡ
3192 5473 3302 5526 τῶν
3328 5472 3367 5525 Γ
3373 5470 3566 5543 ραφῶν

1883 5558 2178 5628 ἀπόφασις.
2213 5561 2273 5613 '0
2293 5561 2403 5629 γὰρ
2421 5565 2488 5634 τῇ
2507 5567 2685 5635 τρυφῇ
2707 5563 3175 5635 συναναστραφεὶς
3198 5559 3450 5632 Σολομὼν
3468 5561 3565 5615 αύ-

1883 5640 2114 5718 1610610
2128 5643 2367 5712 δηλῶσαι
2383 5645 2704 5718 βουλόμενος
2717 5648 2921 5715 ἔλεγεν·
2943 5647 3113 5712 Ἠδὺς
3128 5645 3321 5711 ὕπνος
3338 5646 3416 5712 τῷ
3436 5646 3566 5700 δού-

1884 5706 1991 5789 λῳ,
2021 5725 2098 5779 ἄν
2113 5706 2400 5799 τέὀλίγοκ
2420 5729 2498 5782 ἄν
2522 5706 2586 5784 τε
2614 5706 2773 5785 πολὺ
2799 5706 2980 5800 έςιίγῃ.
3005 5706 3160 5793 Τίνος
3180 5706 3367 5783 ἕνεκεν
3384 5706 3564 5801 *προσ-

1886 5809 2105 5880 έθηκεν,
2144 5812 2248 5865 ’Ἂν
2299 5828 2366 5866 τε
2401 5814 2630 5883 ὀλίγον,
2656 5814 2735 5867 ἄν
2759 5831 2823 5868 τε
2841 5813 3003 5869 πολὺ
3024 5813 3221 5886 556m;
3254 5814 3564 5887 Ἀμφότερα

1946 5924 1971 5989 ξ
2003 5922 2161 5989 Salv“.
2194 5926 2447 5989 εἰργάζετο.

1943 5983 1972 6054 ξ
1991 5982 2151 6054 §av_i_l.
2180 5982 2457 6054 et'dgljdam
2477 6002 2592 6038 mss.
2616 5990 3017 6054 κατατεινόμενοι.

1940 6047 1961 6068 ⁸
1988 6048 2137 6096 Savil.
2156 6055 2205 6095 el
2226 6047 2421 6109 quidam
2448 6047 2995 6117 mss.x616q;1ez‘:."naq,
3012 6060 3063 6102 et
3086 6053 3168 6103 inf.
3193 6053 3276 6108 τήν
3306 6053 3519 6107 halm;
