3998 6424
409 346 478 401 45
1154 336 1516 399 SJOANNIS
1552 334 2046 394 CHRYSOSTOMI
2080 334 2403 393 ARCIIIEP.
2443 335 2998 394 CONSTANTINOP.
3790 336 3856 392 46

395 452 565 506 ταῦτα
585 453 893 525 ἀγρυπνίαν
933 454 1182 525 ἐμποιεῖν
1235 452 1447 519 εῐωθεν,
1493 452 1668 509 ἔνδεια
1701 453 1794 507 καί
1851 453 2037 523 ἀδηφα

393 542 511 611 γία’
563 544 597 613 ἡ
651 544 749 612 μὲν
784 543 848 596 τὸ
881 541 1039 613 σῶμα
1063 551 1082 574 ’
1111 540 1462 613 ξηραίνουσα,
1502 542 1597 595 καί
1641 540 2068 613 κερατοποιοῦσα

390 630 460 682 τὰ
488 628 749 701 βλέφαρα,
793 628 889 683 καί
919 628 1019 682 οὑκ
1067 628 1290 698 ἀφιεῖσα
1341 627 1835 683 καταστέλλεσθαι·
1871 629 1905 698 ἡ
1931 628 1988 682 δέ
2011 628 2071 681 τὸ

395 715 612 787 πνεῦμα
658 714 1089 786 στενοχωροῦσα,
1138 716 1235 769 καί
1281 714 1672 779 ἀποθλίϐουσα,
1726 715 1822 768 καὶ
1870 713 2074 780 πολλὰς

394 805 709 875 παρέχουσα
732 802 831 867 τὰς
858 802 1069 869 ὀδύνας.
1118 802 1258 856 Ἀλλ’
1288 803 1437 874 ὅμως
1457 800 1693 873 τοσαύτη
1725 802 1875 855 ἐστὶν
1909 803 1941 873 ἡ
1964 801 2074 855 τῶν

396 893 572 947 πόνων
598 890 941 964 παραμυθία,
971 891 1050 956 ὡς
1081 893 1129 945 εἰ
1163 892 1257 945 καί
1282 891 1452 945 ταῦτα
1479 891 1765 962 ἀμφότερα
1788 889 1816 930 δ
1842 890 2072 962 προσγέα

397 998 558 1046 νοιτο,
585 979 843 1035 δύνασθαι
867 979 958 1034 τὸν
984 979 1202 1051 οἰκέτην
1221 978 1522 1033 καθεύδειν.
1558 976 1781 1047 Ἐπειδὴ
1799 976 1909 1049 γὰρ
1935 976 2079 1030 κατά

394 1068 493 1141 τὴν
523 1068 735 1141 ἡμέραν
758 1066 981 1122 ἀπασαν
1009 1065 1285 1138 πανταχοῦ
1311 1065 1694 1137 περιτρέχουσι
1726 1063 2077 1134 διακονούμε-

395 1174 477 1211 νοι
497 1160 610 1221 τοῖς
630 1155 809 1211 αὑτῶν
830 1155 1143 1224 δεσπόταις,
1160 1154 1511 1225 κοπτόμενοι,
1538 1151 2073 1225 ταλαιπωρούμενοι,

397 1244 493 1298 καὶ
528 1243 648 1297 οὑδέ
675 1243 871 1315 μικρὸν
894 1242 1276 1306 ἀναπνέοντες,
1306 1239 1415 1294 τῶν
1448 1239 1712 1310 καμάτων
1736 1239 1963 1292 ἐκείνων
1983 1238 2079 1292 καί

396 1330 505 1384 τῶν
537 1331 714 1383 πόνων
768 1329 958 1399 ἱκανὴν
995 1327 1472 1399 ἀπολαμϐάνουσιν
1506 1324 1741 1397 ἀμοιϐὴν
1773 1324 1872 1395 τὴν
1914 1326 1972 1378 ἐν
2001 1323 2079 1397 τῷ

398 1418 682 1472 καθεύδειν
709 1418 923 1489 ἡδονήν.
957 1415 1061 1470 Kal
1084 1416 1241 1470 τοῦτο
1260 1415 1363 1486 τῆς
1391 1413 1484 1467 τοῦ
1507 1413 1643 1467 Θεοῦ
1668 1411 2080 1484 φιλανθρωπίας

400 1506 561 1578 ἔργον
592 1505 829 1573 ἐγένετο,
865 1504 925 1557 τὸ
959 1516 981 1543 ο
1012 1503 1089 1575 μὴ
1115 1501 1300 1575 χρυσῷ
1333 1502 1427 1556 καί
1454 1500 1680 1575 ἀργύρῳ
1699 1499 1913 1570 ὠνητάς
1941 1493 2080 1553 εῖναι

400 1594 500 1659 τὰς
529 1594 741 1667 ἡδονὰς,
772 1592 907 1649 ἀλλά
937 1592 1084 1663 πόνῳ
1140 1591 1236 1645 καί
1274 1588 1461 1662 μόχθῳ
1497 1589 1592 1642 καὶ
1650 1587 1810 1659 χρείᾳ
1866 1586 1961 1639 καί
1993 1603 2082 1654 φι-

400 1684 629 1754 λοσοφίφ⁵
672 1682 843 1754 πάσῃ.
896 1678 1036 1734 Ἀλλ’
1067 1679 1169 1751 οὑχ
1212 1679 1262 1732 οἰ
1308 1675 1663 1739 πλουτοῦντες
1708 1674 1918 1738 οὕτως’
1964 1672 2080 1727 ἀλλ’

400 1770 497 1823 ἐπὶ
540 1768 648 1822 τῶν
687 1767 1025 1840 στρωμάτων
1055 1767 1299 1836 κείμενοι
1340 1762 1600 1826 πολλάκις
1633 1761 1699 1816 δι’
1726 1761 1853 1831 δλης
1890 1758 2082 1823 νυκτὸς

402 1854 742 1929 ἀγρυπνοῦσι
782 1854 877 1908 καί
916 1852 1087 1907 πολλά
1125 1849 1510 1923 μηχανώμενοι
1543 1847 1802 1918 τοιαύτης
1821 1848 1921 1900 οὑκ
1942 1847 2083 1900 ἀπο-

402 1943 653 1998 λαύουσιν
710 1941 927 2012 ἡδονῆς.
998 1940 1056 1993 Ὀ
1111 1940 1167 1993 δὲ
1210 1939 1382 2009 πένης
1425 1939 1490 1990 ἐκ
1537 1934 1648 1989 τῶν
1706 1932 2084 2006 μεθημερινῶν

404 2030 643 2094 ἀναστὰς
670 2029 845 2083 πόνων
871 2027 1193 2098 κεκμηκότα
1223 2025 1362 2096 ἔχων
1390 2023 1460 2077 τὰ
1494 2024 1653 2095 μέλη,
1699 2022 1828 2093 πρὶν
1854 2021 1888 2092 ἢ
1915 2036 2084 2074 κατα·
2130 2066 2133 2069 .

403 2120 611 2181 πεσεῖν,
653 2116 851 2187 ἀθρόον
876 2116 970 2169 καί
1001 2116 1131 2185 ἡδὺν
1165 2114 1260 2167 καὶ
1286 2113 1507 2183 γνήσιον
1534 2110 1627 2164 τὸν
1652 2109 1820 2162 ὕπνον
1847 2108 2082 2172 ἐδέξατο,

403 2205 463 2257 οὑ
489 2202 682 2275 μικρὸν
704 2203 798 2255 καὶ
817 2200 977 2254 τοῦτο
993 2200 1100 2254 τῶν
1118 2198 1342 2253 δικαίων
1359 2198 1536 2251 πόνων
1554 2195 1849 2268 λαμϐάνων
1870 2194 2082 2265 μισθόν.

407 2291 578 2344 Ὅταν
608 2284 702 2343 οὖν
733 2287 874 2358 μετά
913 2286 1160 2350 πλείονος
1197 2285 1392 2356 ἡδονῆς
1424 2286 1453 2338 6
1487 2283 1659 2353 πένης
1698 2282 1795 2337 καί
1825 2278 2083 2351 καθεύδῃ,

407 2377 501 2430 καὶ
547 2374 714 2445 πίνῃ,
763 2373 859 2426 καί
914 2372 1094 2445 ἐσθίῃ,
1141 2371 1288 2434 τίνος
1344 2370 1500 2423 ἐσται
1551 2367 1739 2423 λοιπὸν
1776 2369 1806 2419 6
1860 2364 2087 2428 πλοῦτος

406 2462 582 2528 ἄξιος,
623 2459 653 2512 6
686 2459 836 2512 δοκεῖ
884 2458 1029 2511 κατά
1059 2458 1159 2527 τῆς
1208 2456 1401 2520 πενίας
1435 2456 1765 2525 προτέρημα
1791 2453 1959 2522 ἔχειν,
1992 2450 2087 2505 καὶ

406 2549 567 2603 τοῦτο
593 2545 983 2618 ἀφῃρημένοςς
1017 2544 1116 2597 Διά
1145 2543 1305 2597 τοῦτο
1343 2544 1437 2597 καί
1474 2542 1535 2607 ἐξ
1565 2540 1739 2612 ἀρχῆς
1770 2541 1799 2592 6
1827 2538 1960 2600 Θεὸς
1987 2537 2086 2591 πό-

408 2652 499 2690 νον
524 2635 604 2706 τῷ
635 2633 905 2706 ἀνθρώπῳ
930 2631 1268 2698 συνέζευξεν,
1299 2630 1420 2701 οὑχί
1449 2628 1861 2701 τιμωρούμενος
1899 2625 2088 2690 αὑτὸν,

408 2723 530 2777 οὑδέ
566 2721 832 2787 κολάζων,
876 2719 1012 2772 ἀλλά
1053 2718 1403 2788 σωφρονίζων
1467 2717 1561 2770 καὶ
1608 2714 1899 2769 παιδεύων.
1958 2714 2088 2767 Ὅτε

410 2809 607 2864 ἄπονον
635 2806 747 2877 βίον
772 2805 868 2876 έζη
893 2807 922 2858 6
963 2804 1153 2875 Ἀδάμ,
1201 2804 1423 2868 ἐξέπεσε
1473 2802 1567 2857 τοῦ
1606 2800 1937 2873 παραδείσου
1956 2818 1969 2832 υ
1998 2801 2087 2853 ὅτε

410 2896 469 2951 δὲ
493 2895 753 2949 ἐπίπονον
779 2894 873 2946 καὶ
890 2891 1186 2962 ἐπίμοχθον
1212 2890 1599 2953 όἈπόστολος,
1631 2889 1724 2943 καί
1754 2890 1958 2959 ἐλεγεν,
1994 2890 2091 2941 Ἐν

411 2984 579 3045 κόπῳ
600 2980 699 3035 καί
721 2980 925 3049 μόχθῳ
952 2980 1142 3032 νύκτα
1171 2976 1268 3030 καὶ
1286 2975 1514 3046 ἡμέραν
1536 2973 1943 3045 ἐργαζόμενος,
1969 2975 2090 3027 τότε

411 3066 651 3138 ἀπῆλθεν
681 3068 760 3129 εἰς
787 3065 876 3118 τὸν
899 3064 1248 3136 παράδεισον,
1284 3063 1373 3116 καί
1409 3065 1487 3126 εἰς
1519 3063 1699 3135 τρίτον
1744 3061 1972 3133 ἀνῆλθεν
1997 3061 2091 3114 οὑ-

322 3168 327 3173 ·
414 3155 594 3229 ρανόν.
626 3153 717 3224 Μὴ
755 3152 934 3206 τοίνυν
979 3150 1295 3222 κακίζωμεν
1335 3149 1513 3210 πόνον,
1556 3147 1691 3220 μηδὲ
1742 3147 2091 3220 διαπτύωμεν

412 3240 711 3313 ἐργασίαν·
761 3240 858 3294 καί
909 3238 1016 3309 γάρ
1055 3238 1162 3309 πρὸ
1216 3236 1317 3306 τῆς
1364 3235 1643 3308 βασιλείας
1693 3234 1802 3288 τῶν
1843 3235 2090 3307 οὐρανῶν

412 3328 662 3383 ἐντεῦθεν
706 3327 969 3399 μεγίστην
1020 3323 1371 3396 λαμϐάνομεν
1422 3321 1691 3394 ἀμοιϐὴν,
1743 3322 1842 3392 τὴν
1891 3323 1955 3375 ἐκ
1994 3321 2090 3375 τοῦ

414 3418 747 3489 πράγματος
772 3413 965 3486 ἡδονὴν
993 3411 1110 3484 [55]
1141 3411 1541 3483 καρπούμενοι·
1572 3409 1672 3479 οὑχ
1697 3408 1889 3479 ἡδονὴν
1909 3409 1965 3462 δέ
1993 3409 2092 3480 μό-

413 3523 524 3568 νον,
541 3502 811 3567 ἀλλὰκαὶ,
834 3502 863 3554 6
887 3498 1067 3570 πολλῷ
1095 3498 1278 3570 μεῖζόν
1312 3499 1457 3552 ἐστιν
1483 3495 1694 3569 ἡδονῆς,
1715 3495 1904 3564 ὑγείαν
1925 3494 2095 3550 καθα-

414 3592 685 3663 ρωτάτην.
747 3590 874 3651 Τοῖς
935 3586 1034 3658 μὲν
1090 3583 1199 3656 γάρ
1248 3583 1537 3638 πλουτοῦσι
1585 3583 1727 3654 μετά
1768 3582 1869 3653 τῆς
1899 3583 2094 3655 ἀηδίας

415 3678 586 3732 πολλὰ
646 3677 742 3731 καί⁵
784 3674 857 3729 τά
899 3674 1182 3744 νοσήματα
1227 3673 1472 3744 ἐπιρρεῖ·
1520 3672 1569 3725 οἰ
1617 3670 1675 3725 δὲ
1717 3671 1949 3741 πένητες
1984 3670 2093 3725 τῶν

417 3763 677 3835 ἰατρικῶν
709 3764 846 3816 εἰσιν
878 3759 1287 3831 ἀπηλλαγμένοι
1320 3757 1522 3830 χειρῶν
1543 3774 1558 3789 ο
1589 3759 1638 3811 εἰ
1658 3757 1717 3811 δέ
1740 3773 1844 3810 που
1873 3756 1966 3810 καί.
1994 3773 2093 3810 πε·-

416 3851 694 3924 ριπέσοιεν
733 3848 1153 3921 ἀρῤωστήματι,
1181 3844 1393 3916 ταχέως
1432 3844 1661 3908 ἐαυτοὺς
1698 3843 2089 3914 ἀνεκτήσαντο,

416 3934 675 4005 βλακείας
693 3933 911 4006 ἀπάσης
932 3929 1366 4003 ἀπηλλαγμένοι,
1388 3927 1483 3983 καί
1502 3926 1571 3982 τά
1592 3925 1821 3999 σώματα
1843 3926 2093 3998 εὕρωστα

412 4018 648 4089 ἔχοντες.

483 4103 644 4170 Μέγα
672 4102 857 4172 κτῆμα
880 4098 1040 4154 πενία
1068 4099 1182 4161 τοῖς
1211 4096 1517 4166 φιλοσόφως
1540 4094 1710 4166 αὑτὴν
1728 4095 1975 4166 φέρουσι,
2004 4097 2093 4169 θηο

414 4183 615 4255 σαυρὸς
644 4183 861 4248 ἄσυλος,
887 4181 1158 4253 βακτηρία
1193 4180 1541 4251 ἰσχυροτάτη.
1566 4180 1759 4251 κτῆσις
1783 4180 2093 4251 ἀνεπηρέα-

414 4284 559 4331 στος,
586 4266 929 4337 καταγώγιον
962 4263 1434 4320 ἀνεπιϐούλευτον.
1470 4261 1629 4316 ’Δλλά
1666 4261 2090 4329 πλεονεκτεῖται,

416 4352 581 4421 φησὶν
601 4391 615 4416 ,
647 4352 675 4404 6
705 4350 877 4421 πένης
905 4365 919 4380 ·
951 4347 1065 4402 ἀλλ’
1122 4344 1528 4401 ἐπιϐουλεύεται
1557 4343 1822 4416 μειζόνως
1863 4345 1892 4396 6
1925 4342 2094 4397 πλού-

418 4451 561 4497 σιος·
620 4434 1043 4504 καταφρονεῖται
1101 4430 1131 4482 6
1183 4429 1353 4500 πένης
1424 4430 1518 4483 καὶ
1576 4427 1893 4499 ὑϐρίζεται⁹
1958 4425 2093 4481 ἀλλά

416 4517 691 4586 φθονεῖται
741 4519 770 4569 6
798 4513 1051 4585 εὔπορος.
1082 4512 1198 4584 Οὑχ
1235 4512 1406 4576 οὕτως
1443 4512 1590 4565 ἐστὶν
1622 4509 2093 4580 εὑκαταγώνιστος

414 4602 445 4653 6
472 4598 666 4669 πένης,
702 4598 779 4662 ὥς
817 4599 966 4650 ἐστιν
1014 4594 1484 4664 εὑκαταγώνιστος
1515 4596 1543 4648 6
1580 4594 1856 4659 πλούσιος,
1892 4593 2093 4665 μυρίας

416 4681 683 4737 πάντοθεν
716 4681 810 4735 καὶ
847 4680 926 4751 τῷ
962 4678 1193 4749 διαϐόλῳ
1218 4680 1451 4741 καὶτοῖς
1490 4675 1798 4739 ἐπιϐούλοις
1834 4674 2091 4747 παρέχων

415 4763 604 4830 λαϐἀς,
635 4764 731 4818 καί
754 4762 973 4817 πάντων
992 4760 1068 4816 ὢν
1086 4759 1270 4824 δοῦλος
1301 4758 1390 4813 διά
1417 4760 1514 4830 τὴν
1562 4757 1762 4829 πολλὴν
1792 4756 1902 4811 τῶν
1948 4774 2092 4830 πρα-

414 4848 644 4917 γμάτων
683 4846 978 4916 περιϐολήν
996 4860 1014 4876 ’
1042 4846 1072 4899 6
1103 4842 1315 4898 πολλῶν
1356 4845 1415 4897 ἐν
1438 4842 1597 4916 χρείᾳ
1626 4840 1909 4906 καθεστὼς
1959 4841 2092 4894 πολ-

414 4929 541 4999 λοὺς
589 4928 959 4997 ἀναγκάζεται
1000 4926 1340 4993 κολακεύειν,
1381 4928 1476 4981 καί
1512 4926 1651 4998 μετὰ
1697 4925 1899 4997 πολλῆς
1933 4925 2095 4996 θερα-

414 5011 605 5065 πεύειν
641 5011 1101 5084 δουλοπρεπείας⁸
1125 5012 1153 5063 6
1197 5011 1255 5065 δέ
1297 5010 1465 5082 πένης
1504 5010 1571 5065 ἂν
1612 5011 1728 5081 εἰδῇ
1759 5009 2091 5079 φιλοσοφεῖν,

415 5094 538 5149 οὑδέ
566 5093 658 5146 ὑπ’
693 5093 858 5148 αὑτοῦ
894 5093 988 5148 τοῦ
1026 5093 1276 5149 διαϐόλου
1319 5092 1795 5164 καταγωνισθῆναι
1845 5090 2091 5147 δύναται.

428 5179 489 5232 '0
534 5172 628 5230 οὖν
678 5174 799 5229 ἰὼϐ
848 5177 1067 5249 ἰσχυρὸς
1107 5177 1184 5231 ὢν
1235 5177 1328 5231 καὶ
1382 5176 1489 5248 πρὸ
1538 5174 1753 5241 τούτου,
1802 5174 1969 5245 ἡνίκα
2027 5173 2097 5228 τὰ

421 5256 598 5314 πάντα
641 5258 905 5321 ἀπέϐαλε,
950 5260 1073 5313 τότε
1116 5260 1337 5329 γέγονεν
1388 5258 1767 5331 ἰσχυρότερος,
1814 5258 1909 5311 καὶ
1951 5257 2093 5327 λαμ-

417 5342 559 5410 πρὰν
585 5344 759 5414 ἡρατο
778 5343 920 5396 κατά
942 5342 1034 5396 τοῦ
1056 5342 1299 5396 διαϐόλου
1326 5342 1424 5415 τὴν
1446 5342 1625 5410 νίκην.
1652 5340 1864 5404 ’Δλλως
1888 5339 1946 5393 δέ
1973 5338 2095 5392 οὑδέ

417 5424 734 5496 ὑϐρίζεσθαι
767 5425 990 5480 δύναται
1028 5428 1057 5481 6
1087 5425 1275 5497 πένης,
1307 5423 1373 5479 ἂν
1406 5424 1521 5495 εἰδῇ
1552 5422 1883 5491 φιλοσοφεῖν.
1916 5420 2094 5492 Ὅπερ

416 5506 525 5576 γάρ
556 5507 692 5577 ἔφην
736 5509 867 5579 περί
903 5510 1000 5580 τῆς
1039 5508 1257 5578 ἡδονῆς,
1299 5508 1380 5561 ὅτι
1414 5510 1448 5578 ἡ
1486 5506 1651 5578 ἡδονὴ
1680 5506 1780 5558 οὑκ
1804 5506 1862 5559 ἐν
1889 5507 1956 5575 τῇ
1996 5519 2095 5556 που

416 5588 661 5660 λυτελείᾳ
684 5591 793 5646 τῶν
817 5594 1021 5660 σιτίων,
1046 5592 1160 5646 ἀλλ’
1182 5594 1241 5645 ἐν
1265 5594 1333 5664 τῇ
1353 5588 1592 5644 διαθέσει
1610 5589 1718 5644 τῶν
1747 5589 2093 5660 ἑστιωμένων

481 5731 613 5799 ξξίο
636 5744 671 5799 ε
686 5733 886 5799 Βενὶιὶο.
911 5737 1112 5799 Εόὶιιιηι
1134 5740 1240 5785 erat
1257 5733 1461 5799 πνεῦμα,
1488 5735 1742 5799 mendose,
1766 5733 1903 5799 Εριτ.

478 5792 508 5866 13
535 5792 791 5866 Sag“.
815 5803 872 5866 ει
895 5792 1578 5866 ῳειξιηειρειςε-ηιξεξῌοιιοί.
1601 5798 1641 5866 εἰ
1661 5797 1744 5866 καὶ
1776 5796 1837 5843 τὰ
1860 5796 1976 5858 ἀμφ.

479 5858 503 5886 θ
530 5856 629 5922 ﬁlii
657 5856 743 5922 τοῦ
768 5859 851 5919 μή,
875 5858 957 5922 alii
980 5860 1035 5922 τῲ
1060 5856 1146 5922 μή,
1169 5858 1253 5922 εἰῘί
1272 5860 1341 5920 τῷ
1367 5860 1451 5922 μή,
1478 5871 1589 5922 qua;
1618 5856 1860 5922 lectioneq
1884 5856 2091 5922 pérjndp

413 5917 671 5976 quadram.
704 5914 810 5966 Im'o
842 5914 989 5968 ‘um'ca
1010 5914 1149 5971 ίεὲιὶο
1166 5920 1221 5967 τό
1253 5914 1569 5984 ᾳιιὶιάνιιί,ἐί
1601 5914 1932 5983 θναηιηιιιιίινι
1970 5914 2091 5980 legi-

417 5976 501 6029 bus
522 5977 814 6028 consulatur.
844 5981 977 6030 Ευιτ.

446 5990 501 6029 118
522 5989 814 6028 εοηειιιιιιιιι·.
844 5989 977 6029 [ινιτ.

2174 455 2371 519 κεῖται,
2401 452 2560 507 τοῦτο
2590 454 2693 507 ικαὶ
2738 452 2868 524 περί
2898 451 3004 522 τῆς
3037 449 3249 521 ὕϐρεως
3295 450 3472 520 λέγω·
3509 452 3598 506 δτι
3633 452 3669 522 ἡ
3707 450 3859 523 ὕϐρις

2175 540 2275 594 οὑκ
2311 538 2420 593 ἀπὺ
2454 540 2555 610 τῆς
2594 538 2824 610 γνώμης
2874 538 2984 593 τῶν
3029 536 3383 609 ὑϐριζόντων,
3430 537 3546 591 ἀλλ’
3597 538 3711 592 ἀπὸ
3762 537 3858 607 τῆς

2180 625 2473 690 διαθέσεως
2502 625 2613 680 τῶν
2660 626 2979 697 πασχόντων
3011 625 3045 695 ἡ
3099 625 3417 680 συνίσταται
3458 626 3493 699 ἡ
3523 626 3858 681 ἀπόλλυται·

2179 707 2292 767 οἷόν
2326 730 2380 767 τι
2416 712 2561 782 λέγω
2582 730 2596 744 ·
2628 712 2823 785 ὕϐρισέ
2855 729 2941 776 τις
2990 711 3162 766 πολλά
3208 712 3350 784 ῥητὰ
3386 714 3482 767 καὶ
3511 714 3767 786 ἀρῤητας
3796 712 3862 768 ἀν

2184 800 2562 871 καταγελάσῃς
2591 799 2701 854 τῶν
2740 799 2974 872 ὕϐρεων,
3004 799 3072 853 ἀν
3100 799 3176 870 μὴ
3205 800 3483 872 παραδέξῃ
3511 801 3582 855 τά
3618 802 3860 873 ῥήματα,

2183 892 2276 945 καί
2302 888 2571 961 ἀνώτερος
2593 888 2726 963 γένῃ
2755 889 2853 960 τῆς
2872 888 3105 960 πληγῆς,
3124 888 3221 959 οὐχ
3250 888 3535 960 ὑϐρίσθης.
3590 890 3705 943 Kal
3735 889 3862 943 καθ-

2183 972 2327 1043 άπερ
2373 973 2424 1025 εἰ
2471 971 2632 1042 σῶμα
2684 970 3043 1041 ἀδαμάντινον
3085 970 3304 1041 εἴχομεν
3333 1010 3348 1033 ,
3398 973 3449 1024 εἰ
3501 971 3598 1025 καὶ
3653 972 3864 1043 μυρίοις

2184 1054 2521 1126 πανταχόθεν
2545 1053 2882 1125 ἐϐαλλόμεθα
2927 1052 3159 1124 βέλεσιν,
3188 1053 3289 1107 οὑκ
3319 1052 3385 1106 ἀν
3420 1052 3727 1123 ἐδεξάμεθα
3769 1052 3864 1115 τὰς

2183 1138 2400 1209 πληγάς
2418 1154 2433 1170 ·
2460 1140 2521 1193 οὑ
2552 1140 2662 1210 γάρ
2698 1137 2807 1192 ἀπὸ
2833 1138 2934 1210 τῆς
2962 1136 3218 1207 ἀφιείσης
3244 1136 3313 1190 τά
3352 1136 3482 1206 βέλη
3512 1135 3720 1207 χειρὸς,
3752 1134 3862 1190 ἀλλ’

2184 1222 2295 1277 ἀπὸ
2329 1222 2438 1276 τῶν
2483 1222 2804 1292 πασχόντων
2851 1218 3123 1290 σωμάτων
3170 1217 3241 1271 τὰ
3281 1218 3576 1289 τραύματα
3617 1218 3826 1285 γίνεται
3849 1235 3863 1250 -

2184 1301 2410 1373 οὕτωδὴ
2440 1303 2536 1359 καὶ
2559 1302 2799 1359 ἐνταῦθα
2830 1302 2932 1356 οὑκ
2970 1301 3080 1357 ἀπὸ
3105 1301 3207 1372 τῆς
3238 1301 3435 1371 μανίας
3461 1300 3570 1354 τῶν
3615 1298 3864 1370 ὑϐριζόν-

2184 1402 2314 1451 των,
2344 1387 2461 1441 ἀλλ’
2494 1386 2604 1443 ἀπὸ
2624 1390 2723 1457 τῆς
2746 1386 3033 1450 ἀσθενείας
3053 1384 3162 1440 τῶν
3186 1382 3559 1456 ὑϐριζομένων
3578 1384 3640 1438 αἰ
3661 1384 3863 1455 ὕϐρεις,

2186 1472 2282 1526 καί
2324 1473 2382 1527 αἰ
2430 1471 2541 1526 τῶν
2572 1471 2785 1543 ὕϐρεων
2806 1470 3023 1540 ἀτιμίαι
3048 1467 3411 1522 συνίστανται.
3449 1469 3547 1521 Ἂν
3578 1467 3693 1538 γὰρ
3720 1467 3867 1520 εἱδῶ-

2191 1570 2291 1624 μεν
2334 1553 2666 1624 φιλοσοφεῖν,
2720 1553 2844 1607 οὑδέ
2887 1550 3209 1624 ὑϐρίζεσθαι
3249 1550 3548 1621 δυνάμεθα,
3593 1552 3721 1605 οὑδὲ
3766 1552 3865 1604 πά-

2189 1653 2340 1707 σχειν
2378 1655 2432 1692 τι
2456 1637 2563 1692 τῶν
2593 1636 2801 1693 δεινῶν.
2830 1635 3096 1708 ’Ύϐρισεν
3114 1637 3144 1689 6
3166 1634 3336 1700 δεῖνα,
3368 1635 3485 1689 ἀλλ’
3519 1637 3623 1691 οὑκ
3669 1635 3866 1707 ᾐσθάνε-

2189 1717 2290 1789 θης
2312 1718 2363 1787 τι,
2396 1720 2498 1774 οὑκ
2551 1720 2827 1792 ἡλγησας;
2860 1718 2958 1790 οὑχ
3000 1717 3287 1791 ὑϐρίσθης,
3345 1718 3482 1772 ἀλλά
3520 1719 3618 1772 καὶ
3672 1718 3864 1789 μᾶλλον

2187 1801 2425 1874 ἐπληξας
2452 1803 2485 1874 ἢ
2514 1803 2783 1874 ἐπλήγης.
2813 1802 2985 1857 Ὅταν
3030 1802 3141 1873 γάρ
3161 1801 3190 1854 6
3222 1800 3451 1873 ὑϐρίσας
3486 1802 3573 1873 ἴδῃ
3607 1801 3684 1872 μὴ
3739 1802 3866 1856 καθ-

2192 1885 2511 1957 ικνουμένην
2563 1884 2728 1940 αὑτοῦ
2776 1885 2876 1957 τὴν
2921 1885 3138 1957 πληγὴν
3176 1886 3275 1958 τῆς
3311 1886 3419 1941 τῶν
3449 1885 3864 1959 λοιδορηθέντων

2192 1967 2391 2038 ψυχῆς,
2429 1968 2593 2033 αὑτδς
2631 1968 2888 2023 δάκνεται
2923 1968 3204 2039 μειζόνως,
3241 1968 3335 2023 καί
3364 1969 3472 2023 τῶν
3497 1968 3865 2042 ὑϐριζομένων

2192 2048 2492 2118 σιγώντων,
2537 2051 2844 2122 αὐτόματος
2881 2054 2917 2123 ἡ
2965 2052 3148 2125 πληγὴ
3173 2052 3282 2107 τῶν
3321 2052 3532 2124 ὕϐρεων
3580 2054 3726 2107 κατά
3775 2051 3864 2106 τοῦ

2191 2131 2505 2203 πέμψαντος
2531 2135 2921 2207 ὑποστρέψασα
2950 2136 3196 2206 φέρεται.

2271 2214 2338 2275 θ’.
2356 2218 2738 2289 Φιλοσοφῶμεν
2751 2219 2929 2272 τοίνυν
2951 2220 3011 2273 ἐν
3042 2219 3267 2282 ἀπασιν,
3282 2218 3580 2289 ἀγαπητοὶ.
3609 2217 3704 2272 καὶ
3721 2217 3866 2270 οὐδὲν

2192 2303 2339 2373 ἡμᾶς
2384 2302 2548 2357 πενία
2598 2301 2955 2373 παραϐλάψαι
2994 2302 3303 2372 δυνήσεται,
3350 2302 3486 2355 ἀλλὰ
3523 2300 3622 2356 καὶ
3663 2300 3867 2370 ώφελὴ-

2194 2399 2277 2437 σει
2308 2384 2377 2438 τά
2416 2385 2667 2455 μέγιστα,
2697 2386 2793 2438 καί
2828 2384 3241 2455 λαμπροτέρους
3279 2384 3596 2454 ἐργάσεται,
3617 2383 3716 2437 καὶ
3742 2384 3865 2438 πάν-

2192 2482 2300 2519 των
2321 2464 2431 2519 τῶν
2462 2466 2840 2520 πλουτούντων
2869 2466 3300 2537 εὐπορωτέρους.
3329 2466 3393 2519 Τί
3437 2466 3567 2537 γάρ,
3599 2467 3723 2520 εἰπέ
3760 2483 3862 2535 μοι,

2191 2546 2287 2602 τοῦ
2322 2547 2479 2603 Ἠλία
2508 2548 2836 2620 πενέστερον
2865 2544 2965 2620 ῆν;
3002 2548 3163 2603 Ἀλλά
3191 2549 3279 2601 διὰ
3300 2549 3459 2604 τοῦτο
3488 2550 3700 2612 πάντας
3723 2550 3866 2602 ἐνίκα

2193 2633 2319 2697 τοὺς
2360 2630 2748 2695 πλουτοῦντας,
2786 2631 2976 2703 ἐπειδὴ
3000 2631 3144 2686 οὕτω
3170 2631 3341 2702 πένης
3376 2628 3466 2704 ἦν,
3495 2635 3592 2688 καί
3619 2634 3788 2702 αὑτὴν
3812 2632 3865 2685 δέ

2195 2714 2292 2786 τὴν
2321 2714 2510 2768 πενίαν
2538 2715 2647 2769 ἀπὸ
2672 2714 2936 2778 πλουσίας
2966 2726 2989 2755 ε
3016 2714 3193 2768 εἵλετο
3215 2713 3473 2778 διανοίας.
3523 2716 3745 2783 Ἐπειδὴ
3765 2714 3865 2783 γάρ

2196 2797 2412 2853 ἅπαντα
2430 2797 2539 2850 τῶν
2561 2816 2664 2869 χρη
2674 2798 2856 2868 μάτων
2873 2798 2964 2852 τὸν
2984 2797 3100 2870 [54]
3115 2798 3343 2852 πλοῦτον
3359 2798 3619 2855 ἐλάττονα
3634 2800 3731 2871 τῆς
3747 2802 3865 2853 ἑαυ-

2195 2879 2291 2933 τοῦ
2322 2880 2728 2951 μεγαλοψυχίας
2768 2880 3017 2951 ἐνόμιζεν
3054 2877 3216 2947 εἶναι,
3251 2882 3348 2935 καί
3390 2883 3491 2937 οὑκ
3527 2883 3679 2948 ἀξιον
3709 2882 3864 2940 αὑτοῦ

2196 2963 2297 3032 τῆς
2333 2964 2671 3033 φιλοσοφίας,
2697 2963 2785 3018 διὰ
2810 2962 2970 3017 τοῦτο
3003 2962 3193 3017 πενίαν
3243 2964 3513 3035 τοσαύτην
3557 2965 3865 3036 ἠσπάσατο·

2196 3045 2274 3109 ὡς
2318 3048 2367 3100 εἰ
2409 3046 2621 3117 μεγάλα
2664 3045 2736 3100 τά
2768 3046 3013 3117 παρόντα
3043 3046 3295 3116 ἐνόμισεν
3330 3042 3492 3110 εἶναι,
3523 3050 3628 3103 οὑκ
3670 3048 3738 3104 ἀν
3773 3066 3863 3118 μη-

2197 3128 2376 3201 λωτὴν
2401 3131 2669 3200 ἐκτήσατο
2701 3129 2881 3200 μόνον,
2925 3130 3040 3184 ἀλλ’
3079 3128 3227 3183 οὕτω
3262 3130 3512 3200 κατέγνω
3539 3131 3643 3203 τῆς
3674 3132 3867 3202 παρού-

2200 3230 2302 3286 σης
2347 3213 2706 3285 ματαιότητος
2736 3213 2976 3285 ἀπάσης,
3005 3213 3103 3267 καὶ
3132 3213 3210 3278 ὡς
3239 3212 3412 3286 πηλὸν
3453 3216 3784 3287 ἐρριμμένον
3814 3213 3867 3265 τὴ

2198 3295 2420 3367 χρυσίον
2452 3295 2597 3350 ἅπαν
2636 3294 2803 3368 ἐώρα,
2850 3296 2925 3360 ὡς
2964 3296 3065 3365 τῆς
3108 3294 3408 3366 πριϐολῆς
3458 3297 3676 3368 ἐκείνης
3713 3296 3867 3369 μηδὲν

2200 3378 2505 3449 κτήσασθαι
2553 3380 2732 3435 πλέον.
2787 3380 2885 3433 Διά
2941 3378 3100 3433 τοῦτο
3139 3381 3168 3434 6
3205 3378 3459 3449 βασιλεὺς
3495 3380 3593 3434 τοῦ
3649 3382 3870 3449 πένητος

2201 3460 2387 3525 ἐδεῖτο,
2420 3463 2516 3516 καί
2567 3464 2705 3533 πρὸς
2752 3464 2814 3517 τὸ
2849 3463 3025 3534 στόμα
3069 3463 3318 3533 ἐκεχήνει
3359 3462 3453 3515 τοῦ
3502 3463 3673 3533 μηδὲν
3717 3462 3868 3516 πλέον

2203 3543 2461 3616 μηλωτῆς
2493 3545 2728 3616 ἔχοντος,
2763 3548 2792 3600 6
2812 3545 3065 3600 τοσοῦτον
3097 3545 3319 3616 χρυσίον
3349 3544 3489 3615 έχων
3516 3560 3529 3575 °
3560 3544 3707 3599 οὕτω
3740 3545 3868 3614 λαμο

2202 3628 2443 3700 προτέρα
2466 3628 2569 3698 τῆς
2601 3630 2934 3701 πορφυρίδος
2968 3630 3001 3701 ἡ
3053 3628 3277 3699 μηλωτὴ
3306 3623 3396 3699 ῆν,
3442 3629 3537 3683 καὶ
3571 3629 3681 3683 τῶν
3719 3627 3867 3699 βασι·

2200 3709 2368 3764 λικῶν
2410 3711 2591 3765 αὑλῶν
2630 3712 2690 3765 τὸ
2738 3711 3001 3782 σπήλαιον
3054 3709 3150 3764 τοῦ
3193 3709 3423 3764 δικαίου.
3460 3710 3560 3764 Διά
3597 3710 3754 3764 τοῦτο
3785 3709 3871 3763 καὶ

2200 3792 2279 3855 εἰς
2315 3792 2407 3846 τὸν
2430 3792 2656 3864 οὐρανὸν
2691 3793 2879 3858 ἀνιὼν,
2910 3793 3057 3846 οὐδὲν
3098 3792 3307 3862 ἕτερον,
3352 3792 3465 3846 ἀλλ’
3498 3793 3530 3864 ἡ
3565 3792 3667 3865 τὴν
3695 3793 3866 3863 μηλω-

2199 3872 2299 3943 τὴν
2323 3874 2402 3945 τῷ
2442 3874 2658 3946 μαθητῇ
2695 3875 2972 3929 κατέλιπε.
3016 3874 3174 3929 Μετά
3205 3874 3433 3945 ταύτης,
3466 3875 3626 3945 φησί,
3661 3873 3737 3946 τῷ
3764 3874 3869 3927 δια-

2201 3954 2341 4027 ϐόλῳ
2364 3957 2656 4020 ἐπάλαισα,
2682 3956 2887 4029 ταύτην
2921 3956 3016 4010 καὶ
3041 3958 3105 4010 σὺ
3136 3955 3317 4010 λαϐὼν
3342 3955 3563 4020 ὁπλίζου
3587 3958 3710 4011 κατ’
3738 3954 3868 4008 ἐκεί-

2200 4054 2324 4092 νου·
2362 4038 2579 4112 ἰσχυρὸν
2598 4038 2707 4113 γὰρ
2728 4040 2891 4095 ὅπλον
2917 4040 3293 4111 ἀκτημοσύνη,
3320 4040 3414 4094 καὶ
3437 4038 3871 4109 ἀκαταγώνιστον

2201 4122 2568 4193 καταγώγιον,
2600 4125 2697 4178 καί
2738 4124 2946 4195 πύργος
2988 4123 3307 4188 ἀσάλευτος.
3349 4123 3601 4190 Ἐδέξατο
3629 4122 3870 4191 καθάπερ

2203 4204 2469 4276 μεγίστην
2500 4204 2865 4278 κληρονομίαν
2910 4206 3009 4276 τὴν
3053 4205 3310 4278 μηλωτὴν
3336 4207 3366 4261 6
3405 4204 3741 4269 Ἐλισσαῖος·
3784 4201 3869 4253 καὶ

2199 4287 2310 4359 γὰρ
2335 4282 2402 4359 ἦν
2432 4287 2648 4361 ἀληθῶς
2678 4290 2909 4362 μεγίστη
2941 4289 3297 4361 κληρονομία,
3329 4287 3529 4350 παντὸς
3556 4286 3780 4360 χρυσίου
3802 4299 3869 4334 τι-

2203 4371 2450 4444 μιωτέρα
2481 4369 2525 4425 ι.
2551 4371 2662 4426 Kal
2690 4367 2760 4445 ἦν
2788 4375 2853 4427 ἐκ
2900 4372 3023 4427 τότε
3045 4371 3272 4437 διπλοῦς
3319 4371 3506 4435 Ἠλίας
3531 4372 3759 4434 ἐκεῖνος,
3787 4364 3871 4418 καὶ

2197 4450 2268 4526 ἦν
2294 4455 2408 4509 ἀνω
2444 4453 2651 4520 Ἠλίας,
2691 4456 2788 4510 καὶ
2828 4455 2978 4511 κάτω
3023 4455 3225 4520 Ἠλίας.
3269 4450 3399 4510 Οἶδα
3431 4455 3513 4509 ὅτι
3546 4448 3869 4525 μακαρίζετε

2197 4539 2290 4591 τὸν
2329 4536 2542 4592 δίκαιον
2570 4540 2797 4605 ἐκεῖνον,
2828 4539 2924 4592 καί
2964 4536 3253 4592 ἐϐούλεσθε
3281 4536 3445 4601 αὑτὸς
3474 4538 3707 4600 ἕκαστος
3742 4534 3860 4588 ἐκεῖ·

2201 4639 2290 4685 νος
2309 4614 2469 4676 εῖναι.
2501 4621 2566 4676 Τί
2587 4617 2680 4676 οὖν
2709 4623 2776 4677 ἂν
2796 4622 2923 4694 ὑμῖν
2944 4620 3208 4689 ὑποδείξω
3238 4623 3285 4688 8,
3307 4621 3388 4677 ὅτι
3414 4620 3601 4693 ἐτερόν
3628 4636 3679 4675 τι
3703 4614 3871 4684 πολλῷ

2203 4705 2389 4775 μεῖζον
2435 4706 2647 4761 ἐκείνου
2675 4706 2877 4772 πάντες
2906 4704 3171 4776 ἐλάϐομεν
3208 4706 3256 4760 οἰ
3289 4701 3870 4776 μεμυσταγωγημένοις

2286 4787 2348 4841 '0
2372 4787 2473 4859 μὲν
2502 4788 2613 4861 γάρ
2650 4788 2834 4854 Ἠλίας
2870 4789 3128 4862 μηλωτὴν
3175 4788 3357 4859 ἀφῆκε
3388 4785 3468 4858 τῷ
3491 4786 3707 4857 μαθητῇ
3729 4801 3741 4813 ·
3767 4782 3793 4833 6
3819 4781 3869 4832 δὲ

2201 4868 2333 4934 Υἰδς
2365 4870 2461 4925 τοῦ
2486 4871 2623 4925 Θεοῦ
2671 4871 2978 4927 ἀναϐαίνων
3005 4871 3105 4942 τὴν
3131 4874 3307 4942 σάρκα
3340 4872 3472 4941 ἡμῖν
3503 4870 3758 4924 κατέλιπε
3780 4865 3871 4931 τὴν

2201 4949 2429 5005 ἐαυτοῦ·
2462 4952 2578 5007 ἀλλ’
2604 4953 2633 5007 6
2670 4953 2771 5024 μὲν
2816 4952 3003 5017 Ἠλίας
3031 4952 3466 5023 ἀποδυσάμενος,
3496 4954 3525 5005 ὁ
3551 4952 3609 5005 δὲ
3648 4946 3865 5022 Χριστὸς

2201 5032 2294 5085 καί
2333 5034 2467 5106 ἡμῖν
2493 5035 2774 5101 κατέλιπε,
2796 5035 2891 5090 καί
2934 5035 3074 5106 ἔχων
3112 5035 3281 5105 αὑτὴν
3313 5033 3533 5105 ἀνῆλθε.
3562 5032 3655 5104 Μὴ
3702 5028 3869 5083 τοίνυν

2200 5118 2657 5190 καταπίπτωμεν,
2707 5119 2843 5193 μηδέ
2894 5117 3235 5191 ὀδυρώμεθα,
3283 5118 3420 5190 μηδέ
3452 5117 3738 5172 δυσκολίαν
3779 5126 3865 5180 φο-

2202 5199 2427 5272 ϐώμεθα
2474 5202 2716 5275 καιρῶνο
2747 5206 2777 5259 6
2803 5204 2911 5275 γάρ
2954 5203 3016 5257 τὸ
3057 5200 3197 5275 αἷμα
3233 5202 3398 5256 αὑτοῦ
3429 5201 3505 5274 μὴ
3541 5194 3866 5275 παραιτησά-

2205 5299 2366 5354 μενος
2402 5284 2542 5355 ὑπὲρ
2574 5287 2832 5341 ἀπάντων
2872 5286 3081 5358 ἐκχέαι,
3115 5288 3211 5340 καὶ
3240 5285 3339 5357 τῆς
3366 5285 3569 5358 σαρκὸς
3601 5285 3733 5357 ἡμῖν
3781 5294 3879 5350 μεν

2199 5364 2396 5429 ταδοὺς
2422 5366 2516 5420 καὶ
2554 5368 2719 5422 αὑτοῦ
2744 5369 2774 5410 Ιι
2799 5367 2893 5422 τοῦ
2924 5368 3155 5440 αἵματος
3182 5367 3365 5434 πάλιν,
3402 5368 3455 5420 τί
3481 5365 3865 5440 παραιτήσεται

2202 5446 2428 5520 Μιῆσαι
2448 5450 2551 5521 τῆς
2579 5451 2858 5523 ἡμετέρας
2887 5451 3072 5506 ἕνεκεν
3106 5451 3378 5524 σωτηρίας
3396 5467 3412 5514 ;
3433 5449 3672 5514 Ταύταις
3698 5444 3867 5499 τοίνυν

2130 5660 2153 5688 ς.
2263 5605 2291 5688 ίξ
2317 5608 2558 5688 ἓὶσξξίοῑε·
2579 5609 2919 5688 ἕξιςρπξίεξο.
2942 5610 3228 5688 δελκδεδεξ
3256 5610 3346 5659 οὐκ
3365 5610 3594 5674 Wm-

2270 5670 2291 5733 ξ
2318 5670 2467 5733 Savil.
2495 5676 2549 5720 et
2572 5671 2768 5733 quidam
2791 5672 2875 5722 alii
2897 5674 2994 5722 ἀπὸ
3016 5672 3330 5731 πλουτούσης.

2268 5728 2291 5798 Ῐ
2667 5735 2749 5782 καὶ
2766 5734 2896 5783 λίθου
2916 5735 3078 5798 τιμίου
3100 5728 3288 5796 τιμιωτ.

2266 5796 2292 5854 κ
2318 5794 2418 5842 Alii
2450 5794 2683 5849 ἐπιδείξω.
2968 5794 2977 5798 '
3152 5794 3161 5796 ‘
3829 5847 3837 5854 ,

2261 5853 2287 5891 ιι
2312 5854 2659 5919 Alﬁus-raw);
2676 5861 2761 5914 τῆς
2784 5854 2973 5919 ἑαυτοῦ,
2994 5857 3076 5919 καὶ
3094 5855 3259 5905 αὑτοῦ.
3283 5854 3408 5905 Infra
3435 5862 3545 5918 post
3566 5854 3744 5919 ἐλπίσιν
3758 5853 3859 5919 33""

2199 5916 2316 6024 galla
2328 5916 2517 5988 {addunt
2545 5917 2796 5978 ἀγαπητοί.
2828 5918 2951 5968 Infra
2981 5917 3063 5970 alii
3094 5919 3173 5966 καὶ
3202 5921 3297 5967 τῶν
3321 5916 3589 5979 pem-nm
3609 5916 3862 5973 ἀξιωθὼμεν

2231 5994 2291 6024 γα
2319 5994 2401 6024 ων.

2231 5994 2401 6037 γαυων.
