3998 6428
208 351 273 409 ιδ

217 468 326 523 haec
355 481 490 522 vero
513 465 815 522 anhelitum
843 481 1065 538 angens,
1089 475 1144 522 et
1172 468 1395 536 elidens,
1419 479 1472 525 et
1500 469 1695 524 multos
1721 468 1802 524 in-

220 558 394 612 ferens
421 555 667 622 dolores;
717 558 810 612 sed
858 566 1000 612 tanta
1046 569 1128 613 est
1165 558 1406 614 laborum
1435 559 1714 626 medicina,
1747 567 1806 614 ut

217 649 420 705 etiamsi
449 648 564 704 ιιι-ρ
587 649 749 705 ambo
776 651 971 718 adsint,
995 665 1180 705 servus
1198 651 1432 706 dormire
1458 652 1643 722 possit.
1669 652 1804 718 Quia

221 741 363 795 enim
387 740 527 794 servi
572 749 679 794 tota
717 740 804 796 die
840 741 1036 811 ubique
1067 742 1545 804 circumcursitant,
1577 741 1808 797 dominis

220 833 329 886 suis
356 831 738 898 ministrantes,
765 834 1094 903 vapulantes,
1123 835 1446 900 laborantes,
1473 845 1527 890 et
1553 851 1620 892 ne
1645 835 1806 890 mini-

223 938 364 976 mum
391 923 603 993 quidem
626 925 970 995 respirantes,
989 925 1721 983 sufﬁcientemlassitudinum
1751 937 1808 983 et

224 1015 461 1069 laborum
494 1015 702 1069 illorum
730 1017 1128 1072 retributionem
1158 1019 1391 1088 capiunt,
1417 1020 1468 1072 in
1491 1019 1807 1076 dormienda

223 1107 568 1177 voluptatem.
595 1109 660 1162 Et
687 1107 788 1163 hoc
815 1109 907 1164 Dei
933 1110 1257 1181 benignitate
1284 1111 1478 1166 factum
1500 1123 1600 1178 est,
1622 1121 1676 1165 ut
1700 1127 1806 1166 non

223 1213 355 1253 auro
375 1208 428 1254 et
452 1208 690 1269 argento,
713 1201 808 1255 sed
835 1201 1038 1266 labore,
1057 1211 1112 1257 et
1135 1217 1392 1268 aerumna,
1415 1213 1470 1258 et
1493 1205 1810 1259 necessitate

226 1301 280 1343 et
306 1292 453 1345 omni
478 1291 756 1361 disciplina
784 1292 1082 1362 voluptates
1109 1294 1212 1347 emi
1239 1295 1466 1349 valeant.
1509 1295 1578 1348 At
1603 1311 1706 1348 non
1741 1294 1809 1348 ita

225 1383 455 1438 divites:
483 1383 576 1439 sed
606 1384 786 1439 stratis
806 1384 1054 1439 mollibus
1068 1383 1325 1454 jacentes,
1347 1385 1615 1440 multoties
1646 1393 1810 1439 totam

228 1481 440 1528 noctem
472 1475 664 1528 ducunt
695 1475 990 1529 insomnem
1013 1515 1030 1541 ,
1060 1483 1114 1529 et
1140 1475 1301 1529 multa
1329 1476 1693 1530 machinantes
1720 1477 1812 1529 tali

229 1583 337 1621 non
367 1565 609 1621 fruuntur
635 1567 923 1638 voluptate.
956 1569 1164 1639 Pauper
1198 1581 1374 1625 autem
1407 1587 1471 1626 ex
1499 1571 1706 1626 diurnis
1732 1573 1814 1626 la-

228 1657 450 1713 boribus
479 1674 721 1728 surgens,
748 1659 1036 1730 defatigata
1081 1660 1283 1717 habens
1323 1663 1561 1717 membra
1584 1703 1599 1729 ,
1643 1664 1816 1736 prius-

229 1767 391 1821 quam
422 1753 740 1822 recubuerit,
774 1755 1033 1825 integrum
1073 1765 1125 1810 et
1168 1770 1382 1810 suavem
1423 1767 1476 1810 et
1520 1756 1814 1827 legitimum

231 1859 479 1899 somnum
519 1845 770 1915 suscipit,
800 1861 905 1900 non
937 1847 1178 1916 exiguam
1209 1855 1262 1900 et
1289 1847 1424 1903 hanc
1443 1848 1709 1917 justorum
1735 1848 1815 1901 Ia-

233 1937 421 1991 borum
462 1938 674 2006 capiens
720 1939 1042 1994 mercedem.
1095 1939 1225 1995 Cum
1270 1939 1426 2008 igitur
1460 1955 1580 1996 cum
1627 1938 1815 2010 majori

234 2030 503 2098 voluptate
533 2044 732 2099 pauper
752 2039 804 2085 et
828 2030 1057 2086 dormiat
1085 2042 1139 2085 et
1163 2029 1309 2086 bibat
1335 2041 1389 2086 et
1418 2031 1682 2097 comedat,
1713 2046 1816 2100 qua

233 2123 402 2191 gratia
425 2132 582 2176 erunt
612 2123 840 2193 amplius
866 2123 1066 2178 divitia:
1091 2123 1284 2194 dignae,
1317 2140 1473 2194 quam
1503 2124 1820 2179 videbantur

234 2228 392 2282 supra
420 2222 780 2282 paupertatem
807 2215 1206 2284 prmrogativam
1254 2215 1449 2270 habere
1469 2256 1484 2282 ,
1525 2215 1621 2269 hac
1657 2215 1817 2271 etiam

236 2303 492 2373 privatae?
522 2303 804 2372 Propterea
837 2313 890 2358 et
918 2303 985 2358 ab
1011 2304 1160 2358 initio
1185 2304 1321 2358 Deus
1352 2305 1552 2358 homini
1582 2304 1818 2359 laborem

235 2395 490 2463 alligavit,
519 2410 624 2448 non
650 2395 871 2463 puniens
899 2411 1068 2465 neque
1090 2395 1260 2465 ipsum
1285 2396 1569 2466 castigans,
1587 2395 1680 2466 sed
1702 2410 1821 2450 cor-

238 2487 414 2554 rigens
443 2500 506 2541 ac
531 2486 750 2541 docens.
780 2486 1003 2552 Quando
1025 2487 1381 2543 illaboriosatn
1408 2489 1566 2542 vitam
1597 2488 1824 2558 degebat

240 2576 430 2644 Adam,
466 2578 709 2646 paradiso
747 2578 942 2634 excidit
971 2597 984 2632 :
1013 2578 1226 2649 quando
1261 2578 1577 2634 laboriosam
1604 2589 1657 2634 et
1681 2595 1821 2633 aeru-

241 2683 482 2722 mnosam
515 2669 708 2724 Paulus
729 2671 915 2741 agebat
939 2672 1123 2737 vitam,
1148 2687 1211 2726 ac
1238 2671 1465 2736 dicebat,
1492 2671 1556 2725 In
1588 2673 1757 2727 labore
1775 2681 1823 2727 et

241 2753 546 2819 mrumnaﬂ
563 2747 780 2804 Cordi.
799 2750 890 2821 27)
914 2759 1060 2804 nocte
1087 2760 1136 2805 et
1166 2750 1253 2806 die
1280 2769 1502 2822 operans
1522 2752 1568 2824 (Ι
1584 2795 1596 2807 .
1620 2751 1801 2806 Thess.

242 2844 294 2897 6.
324 2842 403 2911 9),
429 2850 559 2896 tunc
603 2842 657 2895 in
687 2840 998 2910 paradisum
1031 2854 1218 2911 raptus
1257 2852 1359 2908 est,
1389 2849 1443 2898 et
1489 2846 1707 2898 tertium
1750 2846 1804 2900 in

241 2933 440 2988 coelum
465 2930 730 2985 ascendit.
761 2929 838 2985 Ne
866 2931 1029 3000 igitur
1063 2931 1304 2987 laborem
1336 2950 1683 3004 respuamus,
1709 2951 1809 2991 nec

242 3023 612 3093 Operationem
647 3022 1032 3092 vituperamus.
1059 3022 1272 3078 Etenim
1291 3035 1417 3079 ante
1437 3026 1701 3080 cmlorum
1719 3043 1808 3081 re-

243 3129 407 3184 gnum
424 3113 514 3167 hic
530 3114 824 3167 maximum
845 3114 1088 3183 capimus
1107 3118 1408 3183 praemium,
1426 3132 1490 3172 ex
1503 3118 1618 3186 ipsa
1642 3133 1700 3172 re
1715 3134 1808 3172 vo-

242 3204 499 3271 luptatem
524 3209 837 3258 sumentes:
864 3219 969 3258 non
990 3213 1166 3258 autem
1194 3207 1525 3276 voluptatem
1571 3217 1806 3274 tantum,

242 3293 332 3347 sed
361 3302 434 3357 et,
456 3294 600 3362 quod
626 3293 794 3349 multo
816 3295 1089 3364 voluptate
1121 3297 1298 3366 majus
1326 3307 1428 3361 est,
1447 3299 1805 3368 purissimam

241 3387 552 3440 sanitatem.
572 3385 773 3442 Divites
803 3389 946 3442 enim
976 3399 1169 3459 praeter
1200 3393 1584 3449 insuavitatem
1629 3396 1812 3451 multae

241 3473 592 3542 aegritudines
621 3475 899 3542 invadunt;
920 3492 1185 3545 pauperes
1215 3488 1392 3533 autem
1416 3497 1444 3534 a
1471 3481 1806 3536 medicorum

243 3562 494 3616 manibus
516 3563 788 3618 immunes
818 3573 964 3619 sunt.
989 3565 1045 3620 Si
1077 3582 1202 3621 vero
1233 3584 1645 3639 nonnumquam
1674 3571 1808 3625 etin

241 3651 614 3720 aegritudinem
635 3653 896 3720 incidant,
911 3656 1058 3711 brevi
1083 3658 1293 3726 seipsos
1317 3658 1645 3726 instaurant,
1661 3663 1805 3717 mol-

241 3739 353 3793 litie
374 3741 525 3794 omni
561 3742 733 3805 liberi,
755 3754 809 3798 et
835 3759 1065 3817 corpora
1095 3748 1316 3804 robusta
1352 3751 1633 3809 habentes.

321 3872 606 3946 Paupertas
644 3876 897 3946 sapienter
931 3879 1202 3950 ferentibus
1245 3894 1431 3950 magna
1476 3879 1738 3948 possessio.
1762 3911 1832 3921 —

250 3965 432 4037 llagna
456 3968 723 4036 possessio
738 3978 1022 4040 paupertas
1041 3971 1309 4041 sapienter
1329 3971 1496 4040 ipsam
1519 3971 1827 4039 ferentibus,

251 4057 528 4114 thesaurus
571 4061 658 4130 qui
696 4071 925 4131 nequeat
968 4061 1183 4129 auferri,
1215 4063 1432 4118 baculus
1475 4062 1829 4131 ﬁrmissimus,

248 4151 425 4206 damni
447 4167 639 4222 expers
660 4153 945 4224 possessio,
961 4153 1310 4211 diversorium
1328 4156 1395 4210 ab
1413 4156 1617 4210 insidiis
1639 4165 1830 4211 tutum.

250 4247 319 4298 At
358 4245 693 4314 opprimitur,
726 4247 916 4318 inquit,
947 4263 1178 4317 pauper;
1225 4248 1320 4302 sed
1363 4249 1595 4318 majores
1614 4248 1834 4304 insidias

251 4335 396 4390 dives
423 4337 636 4406 patitur.
663 4336 1035 4395 Contemnitur
1055 4354 1255 4410 pauper
1282 4349 1336 4396 et
1359 4341 1696 4397 contumeliis
1722 4341 1836 4396 afﬁ-

250 4426 416 4493 citur;
464 4428 555 4482 sed
582 4428 727 4482 diviti
761 4429 1046 4486 invidetur.
1076 4430 1192 4487 Non
1224 4439 1328 4485 tam
1357 4431 1724 4502 expugnabilis
1753 4441 1836 4487 est

252 4534 452 4588 pauper
491 4537 648 4591 quam
692 4521 862 4589 dives,
893 4523 1128 4578 inﬁnitas
1167 4523 1400 4594 undique
1435 4533 1488 4578 et
1531 4523 1742 4579 diabolo
1782 4534 1838 4579 et

253 4611 648 4668 insidiatoribus
690 4617 998 4672 occasiones
1043 4617 1318 4686 prazbens,
1369 4618 1605 4673 omnium
1651 4632 1837 4672 servus

253 4716 471 4776 propter
505 4706 726 4762 multam
768 4724 949 4763 rerum
994 4708 1412 4763 abundantiam:
1446 4708 1498 4763 in
1547 4708 1835 4764 multorum

253 4797 540 4868 indigentia
570 4799 926 4865 constitutus,
961 4808 1016 4855 et
1059 4799 1237 4856 multis
1279 4799 1484 4856 adulari
1526 4803 1751 4871 cogitur,
1785 4809 1839 4856 et

250 4903 373 4942 cum
418 4890 580 4945 multa
629 4891 985 4946 illiberalitate
1030 4894 1264 4958 servire;
1323 4908 1525 4963 pauper
1567 4901 1746 4948 autem
1791 4893 1837 4950 si

253 4980 612 5051 philosophari
643 4982 795 5049 sciat,
827 4998 999 5054 neque
1033 4984 1102 5038 ab
1141 4985 1258 5054 ipso
1297 4985 1511 5039 diabolo
1549 4985 1838 5056 expugnari

255 5085 452 5144 potest.
495 5074 595 5131 Job
626 5076 784 5145 igitur
812 5085 865 5131 et
885 5085 1007 5132 ante
1038 5077 1137 5132 hoc
1165 5093 1284 5132 cum
1315 5077 1462 5132 fortis
1491 5088 1652 5144 esset,
1687 5086 1835 5148 post-

251 5183 409 5236 quam
439 5169 613 5223 omnia
644 5168 840 5235 amisit,
875 5177 1000 5224 tunc
1041 5169 1211 5225 factus
1244 5180 1327 5225 est
1366 5170 1571 5233 fortior,
1600 5178 1656 5224 et
1688 5186 1840 5241 egre-

1160 356 1249 410 AD
1291 355 1609 412 POPULUM
1654 354 2144 412 ANTIOCHENUM
2208 353 2439 414 HOMlL.
2483 355 2548 416 ll.

1863 811 1891 845 σ

255 5262 394 5330 giam
425 5271 606 5317 contra
628 5262 896 5318 diabolum
929 5263 1204 5318 victoriam
1235 5264 1542 5332 reportavit.
1573 5262 1836 5317 Praeterea
1882 5292 1892 5300 -

253 5371 381 5409 vero
413 5372 508 5411 nec
538 5357 785 5426 injuriam
813 5358 917 5426 pati
942 5373 1143 5428 pauper
1173 5365 1375 5427 potest,
1407 5357 1450 5411 si
1480 5355 1837 5425 phiIOSOphari

252 5439 452 5504 scierit.
483 5448 633 5518 Quod
662 5449 805 5504 enim
835 5450 940 5504 dixi
965 5451 1032 5507 de
1062 5451 1348 5521 voluptate,
1373 5451 1514 5520 quod
1549 5466 1609 5505 ea
1648 5465 1752 5504 non
1786 5449 1838 5504 in

253 5541 491 5596 ciborum
539 5552 820 5612 apparatu,
867 5542 962 5598 sed
1011 5543 1062 5598 in
1101 5542 1493 5598 comedentium
1536 5541 1606 5596 sit
1646 5539 1839 5596 aﬂ'ectu

255 5635 423 5702 posita
457 5654 470 5690 :
504 5635 606 5691 hoc
632 5645 686 5690 et
715 5635 781 5690 de
805 5637 1126 5693 contumelia
1156 5637 1310 5701 dico,
1341 5635 1485 5706 quod
1518 5633 1840 5690 contumelia

255 5743 360 5782 non
387 5725 454 5783 ab
479 5727 822 5783 inferentium
845 5729 1128 5797 sententia,
1153 5729 1245 5788 sed
1267 5744 1295 5782 a
1315 5726 1626 5800 patientium
1648 5726 1840 5782 aﬁ'ectu

259 5824 612 5879 constituatur
641 5820 726 5876 vel
752 5819 1074 5878 destruatur.
1097 5821 1255 5879 Verbi
1284 5819 1478 5891 gratia,
1501 5818 1664 5874 multa
1692 5818 1838 5886 quis-

3423 357 3507 410 ‘6‘

1915 471 2053 540 piam
2081 468 2132 523 in
2167 479 2216 524 te
2245 468 2402 524 fanda
2422 477 2580 539 atque
2597 465 2822 522 nefanda
2843 465 3078 521 convicia
3100 464 3274 521 dixit?
3301 466 3345 520 si
3368 483 3493 520 cur.-

1913 561 2157 615 tumelias
2186 559 2461 624 deriseris,
2488 559 2532 613 si
2559 560 2718 614 verba
2747 574 2853 611 non
2879 557 3169 628 acceperis,
3200 566 3253 612 et
3278 557 3496 611 vulnere

1913 653 2158 722 superior
2177 651 2666 713 sis,contumeliam
2698 664 2801 703 non
2827 664 2886 703 es
2913 663 3121 718 passus.
3152 649 3218 702 Et
3243 649 3497 720 quemad—

1914 744 2129 798 modum
2149 744 2192 798 si
2210 757 2402 812 corpus
2417 740 2817 796 adamantinum
2847 742 3184 806 haberemus,
3214 742 3316 796 etsi
3344 742 3500 795 inuu-

1914 835 2076 889 meris
2125 834 2358 903 undique
2402 833 2524 886 telis
2563 840 2888 900 peteremur,
2931 848 3036 885 non
3075 842 3249 885 tamen
3281 831 3498 886 vulnera

1913 927 2273 996 reciperemus
2297 942 2309 977 :
2335 941 2441 978 non
2472 924 2615 978 enim
2643 939 2672 976 a
2699 938 2858 976 manu
2886 923 2986 977 tela
3015 929 3314 992 torquente,
3343 923 3436 978 sed
3472 939 3500 976 a

1914 1017 2227 1088 corporibus
2253 1015 2575 1085 patientibus
2601 1016 2820 1070 vulnera
2848 1014 2979 1069 ﬁunt
3009 1032 3022 1067 :
3049 1015 3126 1069 sic
3161 1023 3215 1070 et
3253 1015 3358 1077 hic,
3393 1030 3499 1069 non

1915 1125 1943 1163 a
1975 1109 2318 1178 petulantiam
2355 1107 2562 1162 insania
2583 1149 2596 1170 ,
2626 1106 2719 1162 sed
2745 1122 2777 1160 a
2808 1106 3502 1175 patientiumimbecillitate

1916 1201 2126 1270 injurim
2151 1211 2206 1255 ct
2231 1198 2566 1253 contumelim
2589 1198 3006 1252 constituuntur.
3029 1197 3086 1253 Si
3105 1201 3246 1252 enim
3270 1199 3503 1268 philoso-

1919 1295 2070 1365 phari
2099 1296 2330 1350 sciamus
2350 1337 2364 1361 ,
2395 1309 2496 1349 nec
2523 1293 2845 1349 contumelia
2880 1292 3018 1347 afﬁci
3052 1309 3332 1362 possumus
3354 1335 3370 1360 ,
3407 1310 3503 1349 nec

1920 1387 2207 1458 quidquam
2238 1403 2398 1457 grave
2430 1386 2556 1456 pati.
2601 1386 2807 1456 Aliquis
2853 1386 3100 1454 injuriam
3146 1386 3354 1452 intulit,
3397 1401 3502 1440 non

1920 1477 2134 1533 sensisti
2162 1493 2261 1531 nec
2286 1476 2536 1531 doluisti?
2579 1491 2686 1530 non
2713 1491 2772 1530 es
2804 1475 3049 1546 injuriam
3085 1490 3302 1546 passus,
3334 1477 3425 1530 sed
3453 1486 3504 1531 et

1923 1571 2092 1640 magis
2120 1571 2453 1640 percussisti,
2484 1585 2643 1639 quam
2681 1583 2964 1638 percussus
2984 1583 3064 1623 es.
3091 1567 3226 1623 Cum
3253 1568 3394 1623 enim
3417 1569 3506 1637 qui

1921 1663 2296 1717 contumeliam
2326 1662 2521 1727 intulit,
2552 1661 2756 1731 plagam
2790 1675 2942 1714 suam
2968 1659 3034 1714 ad
3065 1661 3374 1730 patientium
3396 1661 3507 1714 auio.

1923 1771 2062 1808 mam
2091 1770 2195 1810 non
2223 1757 2619 1825 pervenientem
2641 1752 2854 1818 viderit,
2881 1753 2994 1821 ipse
3021 1752 3277 1821 majorem
3305 1753 3358 1806 in
3389 1767 3508 1806 mo-

1922 1848 2048 1903 dum
2076 1848 2321 1904 roditur:
2351 1855 2407 1902 et
2435 1846 2732 1902 tacentibus
2754 1845 2838 1910 iis,
2869 1845 2957 1914 qui
2997 1844 3375 1898 contumeliam
3415 1861 3508 1913 pa-

1923 1942 2144 2002 tiuntur,
2169 1949 2360 2009 sponte
2373 1938 2815 1993 contumeliarum
2839 1936 2988 2006 plaga
3001 1943 3185 1990 contra
3210 1935 3509 1990 mittentem

1922 2046 2180 2088 conversa
2207 2030 2452 2086 infertur.

1995 2122 2050 2180 9.
2092 2123 2148 2177 In
2190 2123 2438 2176 omnibus
2473 2121 2630 2192 igitur
2669 2120 3128 2191 philosopbemur,
3155 2117 3507 2182 dilectissimi,

1923 2223 1979 2271 et
2004 2213 2133 2268 nihil
2171 2228 2268 2268 nos
2307 2213 2481 2282 inOpia
2520 2212 2715 2267 laedere
2752 2213 2948 2281 poterit
2977 2227 2993 2266 :
3021 2211 3146 2280 quin
3189 2218 3243 2264 et
3281 2209 3512 2267 maxime

1924 2304 2196 2374 adjuvabit
2220 2313 2275 2358 et
2293 2304 2552 2358 clariores
2574 2303 2780 2368 reddet,
2810 2312 2865 2356 et
2884 2302 3132 2356 omnibus
3154 2299 3406 2354 divitibus
3429 2314 3514 2353 co-

1927 2397 2206 2466 piosiores.
2235 2395 2370 2460 Quid
2393 2395 2556 2461 enim,
2587 2395 2672 2449 dic
2703 2395 2853 2457 mihi,
2880 2395 3028 2448 Helia
3051 2392 3377 2463 pauperius?
3407 2391 3512 2446 Sed

1927 2497 2210 2559 propterea
2235 2498 2423 2541 omnes
2443 2486 2634 2541 divites
2655 2485 2920 2552 vincebat,
2945 2484 3194 2553 quoniam
3219 2484 3296 2536 sic
3317 2497 3517 2552 pauper

1927 2594 2049 2634 cum
2075 2584 2238 2642 esset,
2270 2578 2438 2646 ipsam
2480 2583 2848 2646 paupertatem
2893 2589 2958 2629 ex
3005 2574 3201 2629 mentis
3242 2572 3515 2642 epuleutia

1927 2672 2108 2742 elegit.
2156 2670 2419 2737 Quoniam
2467 2669 2611 2728 enim
2652 2682 2867 2723 omnem
2917 2666 3262 2737 pecuniarum
3308 2667 3516 2732 copiam

1928 2763 2090 2817 animi
2135 2762 2214 2816 sui
2267 2759 2636 2830 magnitudine
2675 2773 2795 2815 esse
2834 2759 3036 2827 putavit
3066 2756 3395 2822 inferiorem,
3419 2769 3519 2808 nec

1929 2854 2263 2926 philosophia
2291 2870 2386 2910 sua
2411 2854 2624 2925 dignam
2658 2869 2672 2906 :
2703 2853 2824 2908 ideo
2851 2859 3049 2906 tantam
3079 2849 3389 2921 pauperiem
3413 2863 3521 2903 am-

1929 2948 2176 3017 plexatus
2201 2954 2302 3000 est.
2335 2945 2486 3011 Quod
2519 2948 2562 2998 si
2593 2959 2780 3013 magna
2810 2942 3092 3013 praesentia
3123 2950 3382 3012 putasset,
3411 2954 3517 2994 non

1929 3039 2098 3092 solam
2149 3037 2381 3091 meloten
2428 3035 2785 3104 possedisset;
2832 3033 2927 3089 sed
2972 3033 3041 3088 ita
3080 3033 3200 3087 vita:
3229 3033 3516 3087 vanitatem

1929 3128 2328 3193 condemnavit,
2375 3135 2428 3180 et
2469 3135 2735 3194 tamquam
2776 3125 2944 3178 lutum
2992 3124 3286 3193 projectum
3327 3137 3516 3177 aurum

1930 3235 2091 3276 omne
2112 3220 2373 3288 despexit,
2398 3228 2451 3272 ut
2477 3225 2670 3286 prmter
2689 3215 2938 3269 amictum
2968 3215 3114 3270 illum
3143 3213 3273 3268 nihil
3295 3213 3519 3282 amplius

1932 3313 2248 3384 possideret.
2297 3311 2498 3365 Idcirco
2525 3325 2614 3364 rex
2648 3322 2879 3378 paupere
2907 3306 3178 3377 indigebat
3201 3347 3216 3372 ,
3258 3314 3312 3360 et
3343 3304 3520 3358 verbis

1933 3405 2062 3460 nihil
2091 3403 2212 3474 plus
2241 3418 2400 3473 quam
2430 3399 2666 3455 meloten
2695 3399 2942 3453 habentis
2984 3397 3252 3464 inhiabat,
3279 3397 3368 3466 qui
3399 3405 3519 3449 tan-

1934 3505 2046 3550 tum
2099 3494 2327 3549 habebat
2373 3492 2485 3545 auri
2517 3508 2531 3545 :
2559 3489 2697 3544 adeo
2739 3487 3070 3558 splendidior
3118 3501 3352 3557 purpura
3406 3495 3521 3539 erat

1933 3587 2163 3652 melote,
2204 3593 2259 3639 et
2295 3581 2561 3653 regalibus
2592 3581 2728 3636 aulis
2749 3580 2876 3650 justi
2909 3580 3182 3649 spelunca.
3233 3579 3520 3648 Propterea

1934 3691 1988 3738 et
2018 3682 2070 3735 in
2095 3679 2283 3734 ctelum
2305 3677 2622 3742 ascendens,
2647 3675 2776 3729 nihil
2805 3674 2945 3729 aliud
2974 3689 3132 3743 quam
3180 3672 3411 3727 meloten
3442 3671 3525 3725 di-

1934 3771 2141 3842 scipulo
2163 3771 2379 3840 reliquit
2408 3769 2482 3841 (4.
2507 3769 2632 3837 Reg.
2649 3767 2725 3838 2).
2750 3767 2881 3821 Cum
2908 3765 3027 3831 hac,
3061 3765 3248 3834 inquit,
3272 3780 3390 3819 cum
3413 3766 3525 3817 dia-

1937 3861 2063 3916 bolo
2087 3861 2337 3933 pugnavi,
2366 3869 2420 3914 et
2449 3867 2500 3913 tu
2528 3868 2715 3913 contra
2743 3859 2888 3911 illum
2921 3858 3059 3912 hanc
3084 3863 3409 3910 armaturam
3437 3871 3526 3910 ca-

1939 3953 2072 4022 pies.
2105 3952 2347 4006 Validum
2377 3951 2521 4006 enim
2549 3950 2708 4004 telum
2738 3949 2914 4017 inopia
2935 3988 2948 4009 ,
2983 3947 3392 4017 inexpugnabile
3429 3947 3523 4000 ha-

1938 4043 2250 4109 bitaculum,
2279 4051 2332 4097 et
2363 4042 2523 4096 turris
2549 4041 2889 4097 inconcussa.
2917 4038 3209 4108 Tamquam
3239 4040 3523 4092 maximam

1941 4134 2288 4190 hereditatem
2332 4133 2554 4188 Elisaaus
2591 4131 2823 4186 meloten
2861 4131 3093 4199 suscepit
3128 4146 3140 4182 :
3174 4130 3370 4185 etenim
3402 4145 3526 4184 vere

1939 4226 2170 4282 maxima
2190 4221 2774 4289 fuithaareditas,omni
2798 4236 2931 4276 auro
2954 4222 2969 4252 ¹
2996 4220 3300 4290 pretiosior.
3326 4220 3392 4274 Et
3414 4231 3527 4274 erat

1941 4317 2164 4389 posthac
2203 4316 2396 4385 duplex
2438 4315 2616 4370 Helias
2659 4313 2769 4377 ille,
2798 4313 2869 4366 ita
2901 4320 2958 4366 ut
2991 4327 3202 4366 sursum
3250 4311 3448 4376 Helias,
3476 4320 3528 4366 et

1940 4410 2192 4465 deorsum
2222 4408 2400 4462 Helias
2425 4415 2588 4462 esset.
2629 4405 2762 4460 Novi
2789 4419 2884 4460 vos
2907 4406 3107 4474 justum
3136 4405 3282 4459 illum
3316 4405 3528 4459 beatum

1941 4510 2147 4572 putare,
2171 4499 2513 4570 singulosque
2535 4512 2732 4567 cupere
2757 4511 2879 4552 eum
2906 4497 3079 4566 ipsum
3107 4511 3248 4551 esse.
3271 4495 3405 4564 Quid
3429 4497 3530 4566 igi-

1943 4603 2050 4658 tur,
2083 4592 2128 4649 si
2156 4591 2308 4647 vobis
2329 4591 2768 4646 demonstravero
2788 4589 2930 4658 quod
2955 4589 3095 4643 aliud
3119 4589 3210 4643 illo
3231 4589 3400 4644 multo
3425 4604 3533 4643 ma-

1940 4686 2030 4756 jus
2055 4701 2246 4742 omnes
2271 4684 2439 4740 sacris
2461 4682 2729 4753 mysteriis
2760 4681 2944 4736 imbuti
2973 4681 3374 4750 receperimus?

2015 4775 2181 4831 Locus
2206 4775 2416 4846 insignis
2439 4775 2503 4828 de
2527 4773 2589 4828 S.
2624 4773 2964 4828 Eueharistiw
2991 4771 3214 4826 ueritate.
3242 4799 3314 4811 ——
3352 4770 3532 4826 Helias

1945 4887 2138 4941 nempe
2165 4871 2394 4926 meloten
2423 4869 2686 4940 discipulo
2713 4867 2961 4937 reliquit;
3011 4865 3178 4920 Filius
3212 4874 3391 4921 autem
3440 4866 3531 4918 Dei

1945 4961 2272 5027 ascendens,
2306 4976 2456 5016 suam
2485 4960 2638 5016 nobis
2667 4973 2884 5014 carnem
2923 4957 3168 5026 reliquit;
3216 4957 3311 5012 sed
3356 4955 3535 5012 Helias

1946 5054 2158 5124 quidem
2191 5063 2383 5110 exutus
2405 5091 2423 5120 ,
2453 5051 2698 5108 Christus
2723 5059 2900 5105 autem
2940 5057 2995 5103 et
3032 5048 3190 5104 nobis
3214 5047 3449 5117 reliquit.
3482 5057 3535 5101 et

1948 5146 2116 5214 ipsam
2145 5145 2346 5199 habens
2371 5142 2625 5199 ascendit.
2657 5140 2733 5196 Ne
2759 5141 2920 5212 igitur
2944 5140 3126 5194 animo
3151 5139 3495 5194 concidamus
3521 5179 3534 5201 ,

1949 5253 2122 5308 neque
2163 5237 2555 5301 lamentemur,
2597 5247 2770 5304 neque
2820 5242 3121 5303 temporum
3169 5230 3534 5286 difﬁcultatem

1950 5331 2250 5384 timeamus.
2275 5327 2375 5396 Qui
2398 5325 2538 5382 enim
2559 5325 2870 5396 sanguinem
2892 5338 3047 5380 suum
3075 5337 3173 5394 pro
3191 5320 3441 5376 omnibus
3459 5317 3536 5373 ef-

1951 5421 2172 5475 fundere
2221 5437 2323 5474 non
2369 5419 2657 5485 recusavit,
2687 5425 2740 5473 et
2788 5431 3008 5471 carnem
3050 5429 3220 5476 suam,
3252 5419 3306 5466 et
3353 5423 3535 5464 rursus

1951 5515 2121 5584 ipsum
2145 5512 2456 5583 sanguinem
2481 5511 2634 5566 nobis
2654 5508 3085 5571 communicavit,
3104 5502 3227 5576 quid
3252 5518 3345 5573 pro
3365 5502 3537 5557 salute

1952 5618 2132 5664 nostra
2157 5606 2334 5662 facere
2361 5605 2664 5660 recusabit?
2692 5603 2799 5658 llac
2821 5603 2977 5673 igitur
2997 5613 3093 5670 spe
3118 5596 3342 5650 ﬁdentes
3363 5594 3537 5665 ipsum

1954 5705 2202 5761 continue
2249 5715 2518 5773 rogemus,
2561 5708 2617 5756 et
2666 5697 2912 5768 precibus
2955 5689 3536 5764 supplicationibusque

2018 5821 2032 5851 ¹
2073 5821 2159 5869 Alii
2185 5834 2195 5870 :
2218 5825 2272 5869 Et
2298 5815 2458 5881 lapide
2475 5811 2694 5878 pretioso.
