3998 6438
467 271 532 326 IJ
1138 284 1194 340 S.
1236 287 1511 347 JOANNlS
1548 292 2022 356 CHRYSOSTOMI
2060 304 2374 362 ARCHIEP.
2415 309 2959 373 CONSTANTINOP.
3667 343 3733 396 43

466 403 742 459 vacemus,
773 401 828 448 et
857 395 1073 467 reliqua:
1102 399 1309 457 virtutis
1333 419 1452 459 cum
1483 409 1626 463 omni
1657 409 1927 482 diligentia
1953 431 2050 472 cu-

468 498 580 536 ram
608 481 920 554 habeamus,
948 499 1008 543 ut
1041 499 1094 546 et
1122 491 1330 549 instans
1361 497 1623 567 fugiamus
1652 481 1966 572 periculum,
1994 517 2050 564 et

468 575 639 628 tutura
669 591 1017 648 assequamur
1055 581 1192 637 bona
1223 603 1236 638 :
1267 587 1460 655 quibus
1505 607 1604 646 nos
1637 608 1824 650 omnes
1863 599 2051 668 dignos

470 707 2856 758 ,ἣξ-ῄ-ῄ-Ἂ-
2869 745 2980 756 ___

1759 821 1880 865 PRO
1921 823 2039 868 CIV]

2145 828 2216 869 ΓΕ
2245 829 2330 872 ΔΙ)
2355 831 2815 880 ῙΜΡΕΒΔΤΟΠΕΠ
2842 839 3245 886 ιΕϐΔἸΊΟΝΕΜ
3271 847 3581 894 OBEUNTIS
3615 856 3629 891 ε
3668 857 3744 899 ΕΤ

1666 923 1682 962 :
1729 923 1810 964 ET
1851 923 2020 977 QUOD

2149 930 2448 976 TRAHERE
2493 935 2669 989 QUAM
2722 941 3044 988 HUIANUM
3089 947 3324 994 COBPUS
3393 954 3739 1005 COMEDERE

547 1001 733 1048 PEJUS
779 1007 924 1050 ειτε
965 1011 1041 1052 ΕΤ
1085 1013 1166 1054 DE
1204 1015 1544 1062 JUGULATIS
1604 1022 1891 1068 PROPTER
1952 1028 2340 1078 δευιτιοΝΕΜ

471 796 531 838 ΙΝ
565 797 1046 850 PBOFECTIONEM
1092 810 1366 856 EPISCOPI
1395 816 1712 874 FLAVIANI,

545 900 850 951 QUODNAM
903 908 1119 953 VERUM
1182 913 1282 957 SIT
1306 915 1619 962 JEJUNIUM

547 1105 797 1151 nemos
847 1109 1143 1156 INNOXIOS
1203 1115 1433 1161 carros
1476 1120 1620 1164 esse
1659 1104 1700 1164 ‘.

2156 424 2364 478 censeri
2395 424 2688 498 contingat,
2710 431 2876 500 gratia
2903 441 2958 487 et
2983 433 3309 506 benignitate
3333 441 3537 500 Domini
3570 453 3742 506 nostri

2156 511 2285 568 Jesu
2311 515 2506 572 Christi
2530 560 2546 584 ,
2589 535 2682 588 per
2709 537 2865 591 quem
2891 532 2947 578 et
2975 541 3096 581 cum
3117 545 3224 600 quo
3251 531 3391 588 Patri
3415 536 3609 606 gloria,
3640 557 3743 597 una

2152 619 2273 658 cum
2299 605 2497 676 Spiritu
2523 609 2742 679 Sancto,
2772 613 2824 668 in
2851 619 3047 672 saecula
3070 622 3411 678 smenlorum.
3428 605 3634 684 rAmen.

2983 748 3206 760 -μ

2389 1039 2404 1078 2
2452 1039 2532 1082 ΕΤ
2574 1043 2895 1092 Αυγειιευε
2935 1050 3045 1095 EOS
3098 1051 3207 1107 QUI
3250 1055 3741 1125 QUEBEBANTUI,

1887 1281 2302 1326 -ηθοοεεμ-

1103 1390 1318 1432 ιιωιιιιλ
1357 1395 1435 1433 ΙΙΙ.

542 1459 592 1512 1.
626 1457 901 1516 Flavianus
939 1461 1305 1534 Imperatorem
1345 1471 1641 1540 placaturus
1684 1476 2044 1539 Constantino-

474 1549 612 1615 polin
650 1553 1208 1622 petierat.—Qnando
1244 1560 1311 1615 ad
1341 1563 1524 1619 sedem
1568 1566 1704 1622 hanc
1741 1569 2048 1629 derelictam

467 1655 522 1693 et
550 1640 808 1711 magistro
836 1659 1056 1702 vacuam
1089 1650 1342 1720 respicio,
1369 1654 1578 1724 gaudeo
1603 1658 1760 1714 simul
1791 1671 1844 1716 et
1870 1663 2050 1735 lacry-

469 1731 854 1806 mozlacrymo
897 1737 1150 1807 quidem,
1196 1743 1337 1812 quod
1386 1757 1699 1814 praesentem
1745 1767 1852 1807 non
1897 1731 2051 1810 video

469 1828 708 1887 patrem;
747 1825 954 1894 gaudeo
990 1838 1168 1884 autem
1200 1833 1340 1900 quod
1373 1849 1469 1904 pro
1513 1838 1684 1895 salute
1711 1851 1890 1898 nostra
1921 1860 2046 1914 pro-

471 1910 668 1977 fectus,
714 1916 842 1970 abiit
886 1926 1088 1974 tantum
1128 1924 1378 1993 populum
1421 1941 1452 1981 a
1493 1927 1672 1986 furore
1714 1910 2050 2003 Imperatoris

463 2013 769 2074 erepturus.
800 2008 912 2064 Hoc
945 2021 1000 2066 et
1033 2013 1184 2069 vobis
1220 2027 1591 2075 ornamentum
1617 2032 1731 2090 est,
1777 2036 1831 2080 et
1860 2027 1934 2082 illi
1959 2043 2049 2083 co-

465 2109 622 2160 rona;
671 2110 1044 2156 ornamentum
1092 2103 1281 2172 vobis,
1330 2109 1471 2177 quod
1513 2111 1670 2166 talem
1719 2115 1836 2170 sitis
1876 2120 2048 2174 sortiti

463 2196 700 2255 patrem;
733 2200 786 2245 et
811 2190 887 2246 illi
919 2208 1139 2255 corona.
1165 2197 1304 2267 quod
1331 2199 1471 2255 circa
1504 2202 1640 2257 ﬁlios
1663 2214 1766 2259 tam
1790 2206 2050 2280 benignus

461 2276 550 2344 sit,
577 2286 631 2332 et
654 2293 684 2332 a
705 2277 922 2337 Christo
946 2282 1146 2338 dictum
1177 2301 1274 2358 per
1295 2302 1456 2356 opera
1483 2292 1899 2350 confirmaverit.
1922 2276 2046 2352 *Λιι-

459 2365 613 2422 diens
640 2369 782 2423 enim
814 2371 980 2439 illud,
1029 2374 1214 2429 Pastor
1260 2376 1421 2432 bonus
1463 2382 1688 2436 animam
1725 2401 1868 2439 sua»:
1908 2389 2051 2455 ponit

466 2476 562 2529 pro
585 2461 759 2516 ovibus
789 2462 971 2532 (Joan.
1006 2466 1093 2522 10.
1127 2468 1242 2538 Η),
1283 2469 1415 2525 abiit
1460 2486 1557 2541 pro
1590 2475 1743 2531 nobis
1766 2479 2047 2546 omnibus,

461 2548 692 2605 animam
720 2566 870 2608 suam
902 2555 1202 2624 positurus,
1234 2560 1333 2613 etsi
1363 2561 1528 2616 multa
1554 2574 1848 2636 erantquae
1876 2569 2047 2638 ipsum

459 2639 606 2696 abire
634 2641 976 2711 prohiberent
998 2687 1014 2711 ,
1057 2657 1111 2701 et
1137 2663 1356 2705 manere
1384 2662 1639 2722 cogerent
1671 2673 1685 2710 :
1717 2657 1891 2726 primo
1917 2667 2048 2714 :rtas

459 2729 526 2785 ad
573 2732 814 2788 ultimam
859 2745 1107 2805 provecta
1157 2749 1526 2807 senectutem,
1571 2754 1757 2814 postea
1807 2750 2048 2819 corporis

460 2822 795 2881 imbecillitas
819 2869 834 2894 ,
865 2836 917 2882 et
945 2828 1068 2884 anni
1100 2838 1343 2901 tempus,
1392 2843 1445 2888 et
1487 2844 1684 2890 sanctae
1723 2839 2046 2896 celebritatis

463 2916 780 2983 necessitas,
807 2917 873 2973 ad
899 2919 1014 2975 lucc
1039 2917 1192 2976 unica
1217 2936 1372 2978 soror
1397 2925 1449 2978 in
1491 2936 1736 2982 extremo
1756 2931 2043 2986 constituta

458 3009 669 3080 spiritu.
697 3011 800 3067 Sed
831 3021 1006 3068 tamen
1057 3024 1111 3071 et
1167 3019 1678 3089 consanguinitatcm
1709 3021 1971 3091 despexit,
1991 3033 2046 3080 et

458 3111 806 3165 senectutem,
833 3113 887 3158 et
912 3104 1363 3172 imbecillitatem,
1394 3117 1448 3163 et
1478 3111 1732 3180 temporis
1758 3111 2044 3168 difﬁculta-

457 3202 585 3260 tem,
613 3204 666 3248 et
693 3194 895 3251 itineris
923 3197 1263 3266 asperitatem
1289 3217 1302 3252 :
1325 3209 1379 3254 et
1399 3202 1646 3256 omnibus
1668 3217 1762 3256 vos
1785 3215 2043 3258 vestram-

454 3298 557 3350 que
581 3284 804 3340 salutem
830 3303 1164 3357 prmponens,
1195 3288 1309 3344 h:ec
1336 3291 1514 3344 omnia
1541 3293 1747 3346 vincula
1776 3293 2004 3363 disrupit
2023 3334 2039 3361 ,

454 3385 509 3428 et
529 3390 625 3432 ceu
649 3377 860 3445 juvenis
887 3378 1054 3434 fertur
1076 3395 1263 3448 senex,
1291 3397 1432 3437 nunc
1455 3383 1626 3438 alatus
1649 3385 1811 3439 animi
1840 3387 2043 3457 magni~

457 3465 638 3521 tudine
668 3466 856 3524 factus.
886 3470 940 3524 Si
979 3472 1120 3524 enim
1153 3473 1428 3539 Christus,
1460 3475 1658 3545 inquit,
1685 3475 1916 3546 seipsum
1945 3493 2042 3546 pro

457 3555 610 3611 nobis
649 3556 815 3625 dedit,
863 3574 966 3628 qua
1013 3575 1254 3616 essemus
1293 3577 1390 3617 nos
1434 3565 1777 3621 excusatione
1805 3575 1859 3621 et
1888 3567 2039 3623 venia

455 3641 634 3716 digni,
669 3649 799 3702 tanti
826 3648 1124 3705 custodiam
1153 3652 1332 3720 populi
1371 3654 1626 3708 creditam
1655 3654 1912 3712 habentes
1936 3698 1951 3723 ,
1987 3667 2041 3713 et

455 3751 560 3792 non
586 3738 843 3809 eligentes
868 3742 1043 3796 omnia
1071 3752 1122 3797 et
1152 3742 1330 3799 facere
1361 3755 1413 3800 ct
1450 3747 1554 3815 pati
1585 3762 1682 3817 pro
1711 3749 2038 3805 creditorum

454 3829 607 3885 nobis
631 3832 957 3888 securitate?
995 3833 1049 3890 Si
1093 3835 1235 3890 enim
1283 3839 1610 3906 patriarcha,
1643 3840 1843 3911 inquit,
1873 3841 2038 3898 Jaeob

453 3921 744 3986 pecudibus
773 3925 1088 3994 praepositus
1117 3967 1133 3993 ,
1175 3941 1303 3983 oves
1331 3929 1666 3986 irrationales
1696 3947 1950 4001 pascens,
1983 3943 2038 3990 et

451 4011 648 4068 homini
673 4013 931 4070 rationem
951 4015 1274 4084 redditurus,
1297 4028 1477 4074 noctes
1496 4019 1726 4075 ducebat
1743 4022 2031 4090 insomnes,

451 4113 503 4158 et
529 4115 716 4161 aestum
734 4147 748 4170 ,
777 4109 897 4177 gelu
923 4149 937 4173 ,
979 4123 1300 4180 omnemque
1329 4113 1468 4167 aeris
1495 4113 1862 4182 intemperiem
1895 4114 2036 4172 fere-

450 4197 573 4261 bat,
621 4209 679 4252 ut
716 4199 860 4254 nulla
905 4201 1114 4255 illarum
1161 4203 1420 4272 pecudum
1472 4205 1670 4274 periret
1715 4205 1868 4276 (Gen.
1897 4207 2032 4278 9.9):

451 4289 620 4344 inulto
643 4291 812 4362 magis
834 4308 932 4349 nos
960 4308 1066 4348 non
1098 4293 1515 4364 irrationalibus,
1551 4297 1644 4352 sed
1670 4299 2035 4367 Spiritualibus

451 4382 637 4439 ovibus
654 4386 989 4454 pra-positos,
1006 4395 1062 4441 et
1083 4402 1189 4442 non
1213 4386 1438 4453 homini,
1464 4389 1557 4444 sed
1577 4391 1685 4445 Deo
1707 4391 2034 4462 pra-fectum

452 4473 607 4542 hujus
631 4476 890 4530 rationem
921 4476 1220 4532 reddituros
1243 4519 1259 4545 ,
1298 4478 1366 4533 ad
1392 4479 1522 4534 nihil
1549 4489 1760 4551 torpere
1787 4491 1842 4538 et
1869 4484 2034 4553 tergi-

449 4565 652 4620 versari
681 4575 893 4635 oportet
916 4581 1100 4622 eorum
1125 4611 1141 4635 ,
1191 4585 1309 4639 qua:
1354 4585 1566 4641 gregem
1590 4571 1779 4641 juvare
1805 4575 2029 4644 possint.

447 4654 552 4711 Sed
576 4663 775 4727 quanto
802 4657 992 4714 melior
1016 4673 1146 4729 grex
1176 4658 1277 4715 iste
1300 4674 1463 4730 grege
1493 4661 1584 4715 illo
1602 4703 1618 4729 ,
1645 4671 1698 4718 et
1722 4662 1892 4720 brutis
1911 4667 2031 4736 qui.

447 4745 568 4802 dem
614 4745 886 4815 homines,
921 4748 1226 4805 hominibus
1253 4766 1380 4806 vero
1407 4751 1547 4808 Deus
1571 4770 1584 4805 :
1605 4762 1750 4809 tanto
1780 4755 1950 4827 majus
1978 4766 2034 4813 et

449 4855 547 4895 nos
568 4841 1043 4913 vehementiusque
1079 4843 1313 4900 studium
1340 4854 1394 4900 et
1421 4845 1748 4917 diligentiam
1779 4850 2033 4907 exhibere

447 4943 675 5002 oportet.
707 4935 862 4991 Novit
886 4936 976 4992 ille
1003 4937 1181 5007 plane,
1206 4953 1308 4992 non
1338 4954 1437 5008 pro
1465 4955 1569 4994 una
1594 4940 1695 4995 sibi
1727 4959 1867 4998 nunc
1894 4944 2030 4998 civi-

448 5033 555 5078 tate
597 5026 864 5095 ncgotinm
907 5042 1062 5094 esse,
1095 5028 1190 5084 sed
1222 5044 1318 5098 pro
1343 5028 1560 5087 Oriente
1588 5041 1718 5087 toto.
1747 5033 2028 5091 Civitatum

444 5115 587 5170 enim
618 5116 718 5170 sub
743 5115 958 5174 Oriente
989 5119 1276 5189 positarmn
1299 5133 1529 5193 caputet
1554 5137 1724 5181 mater
1744 5138 1825 5182 cst
1844 5128 2030 5184 civitas

508 5251 746 5326 'ﬂ'ritulus
771 5253 816 5300 in
835 5253 976 5302 Savil.
1006 5256 1132 5326 etin
1162 5257 1449 5326 quibusdam
1486 5267 1596 5326 ayss.
1618 5258 1808 5326 habet;
1838 5271 1891 5326 In
1915 5276 2030 5326 pro-

441 5313 694 5383 ἡτιὶοζιιτηι
709 5382 712 5383 ν
725 5327 872 5383 quam
891 5316 1097 5380 suscepit
1139 5313 1388 5383 eoiseopas
1415 5321 1728 5383 ..τηιὶοσιιρηηδ
1755 5313 2025 5383 Flavianus,

442 5387 530 5445 pro
552 5374 747 5445 civitate
759 5376 822 5445 ad
846 5374 1184 5445 impertitorem
1202 5374 1509 5445 Theodosium
1527 5383 1808 5444 legationem
1845 5374 2023 5445 obiens,

443 5434 739 5493 iniuriarum
762 5437 813 5488 in
843 5434 1024 5490 statuas
1057 5454 1239 5501 causa;
1270 5444 1486 5506 etquod,
1514 5434 1654 5556 Sflld
1684 5434 2028 5509 θρηνηξήῃέέὲ

443 5495 666 5556 dignitati
685 5501 944 5556 prorualeat
977 5501 1329 5556 sacerdotium:
1367 5512 1412 5555 et
1451 5505 1534 5556 σμ’
1611 5507 1673 5556 sit
1705 5521 1868 5556 rerum
1906 5509 2028 5556 ieiu-

441 5495 666 5567 digm‘tati
685 5501 944 5570 prorualeat
977 5495 1329 5570 sacerdotium;
1351 5495 1412 5570 tet
1451 5495 1568 5570 Quid
1609 5495 1673 5570 sit
1705 5495 1868 5570 rerum
1896 5495 2028 5570 jar};

441 5560 592 5629 niam,
616 5560 851 5624 quamque
881 5563 938 5630 ob
971 5576 1170 5616 causam
1212 5563 1432 5630 Ninime
1452 5560 1578 5630 ipsa
1601 5566 1742 5618 bruta
1762 5560 2027 5622 ωιὶηιὶυἷιὶα

441 5619 660 5680 ieiunare
705 5619 1009 5692 curaverint;
1047 5632 1108 5692 et_
1133 5625 1262 5687 quod
1301 5619 1555 5692 detrahere
1577 5643 1720 5692 quam
1764 5619 2026 5682 [nummum

445 5694 618 5788 {in-pus
640 5688 890 5736 comedere
911 5689 1047 5750 pejus
1066 5688 1150 5750 sit;
1173 5696 1217 5738 et
1247 5695 1482 5753 patremo
1504 5691 1566 5742 de
1586 5688 1903 5756 ingenuis...
1931 5709 2024 5744 ρω-

470 5756 553 5788 era
576 5749 626 5788 ut
652 5757 814 5788 supra.

470 5756 553 5790 era
576 5749 626 5790 ut
652 5757 703 5792 εις
715 5759 814 5805 pra.

2149 1409 2663 1492 nostrazpropterea
2711 1426 2870 1469 omne
2915 1416 3206 1486 periculum
3256 1423 3449 1492 subiit,
3505 1438 3562 1484 et
3613 1430 3743 1485 nihil

2161 1490 2306 1546 illum
2349 1493 2435 1550 hic
2473 1499 2704 1557 retinere
2746 1505 2934 1573 potuit.
2984 1506 3213 1581 Ideoque
3261 1490 3442 1570 bonas
3469 1515 3584 1574 fore
3630 1522 3744 1589 spei

2157 1587 2580 1653 opportunitates
2619 1608 2940 1664 Speroznon
2988 1601 3129 1655 enim
3165 1613 3362 1661 tantam
3405 1587 3742 1666 sedulitatem

2157 1683 2212 1730 et
2237 1691 2418 1734 curam
2448 1682 2589 1739 Deus
2609 1685 2886 1760 despiciet,
2913 1707 3084 1762 neque
3112 1709 3328 1752 servum
3353 1713 3507 1754 suum
3536 1703 3744 1759 infectis

2157 1769 2318 1826 rebus
2358 1773 2536 1830 redire
2585 1780 2874 1846 permittet.
2923 1782 3057 1838 Novi
3110 1788 3252 1855 quod
3309 1799 3510 1845 tantum
3562 1809 3742 1848 coram

2159 1859 2391 1928 positus,
2424 1873 2478 1918 et
2505 1866 2810 1938 religiosum
2842 1873 3218 1944 Imperatorem
3249 1882 3623 1952 conspicatus,
3678 1901 3744 1940 ex

2156 1960 2373 2019 aspectu
2404 1955 2518 2012 solo
2559 1962 2736 2015 statim
2771 1963 2903 2018 iram
2942 1969 3300 2038 comprimere
3348 1976 3564 2044 poterit.
3606 1977 3742 2032 San-

2155 2051 2359 2099 ctorum
2388 2049 2530 2103 enim
2563 2067 2668 2107 non
2699 2061 2903 2110 tantum
2952 2060 3149 2128 verba,
3196 2065 3289 2118 sed
3331 2075 3382 2120 et
3430 2067 3531 2138 ipsi
3570 2071 3744 2127 vultus

2155 2135 2415 2204 spirituali
2441 2143 2605 2209 gratia
2625 2145 2764 2215 pleni
2792 2159 2934 2203 sunt.
2960 2151 3054 2207 llic
3076 2170 3202 2209 vero
3221 2166 3274 2210 et
3296 2135 3462 2214 multa
3479 2161 3738 2230 sapientia

2157 2228 2346 2296 plenus
2373 2241 2487 2301 est,
2521 2243 2575 2289 et
2612 2251 2732 2291 cum
2772 2239 3068 2298 divinarum
3099 2246 3270 2316 legum
3301 2249 3372 2303 sit
3400 2228 3607 2320 peritus
3628 2295 3642 2317 ,
3672 2253 3738 2307 ad

2156 2319 2326 2416 ipsum
2354 2325 2515 2393 dicet,
2541 2330 2681 2398 quod
2708 2341 2762 2386 et
2784 2333 2957 2391 Moses
2981 2336 3046 2391 ad
3078 2338 3241 2394 Deum
3266 2358 3280 2394 :
3301 2341 3364 2396 Si
3391 2319 3603 2398 dimittis
3629 2346 3741 2416 qui-

2155 2413 2268 2467 dem
2293 2414 2418 2483 ipsis
2443 2430 2700 2488 peccatum
2719 2466 2734 2489 ,
2766 2425 2996 2492 dimitte;
3031 2429 3076 2481 si
3115 2446 3214 2483 non
3242 2443 3440 2500 autem,
3467 2443 3515 2487 et
3545 2452 3624 2489 me
3642 2413 3740 2490 oc-

2153 2504 2271 2560 cide
2297 2520 2416 2560 cum
2446 2509 2574 2579 ipsis
2604 2511 2795 2584 (Exod.
2820 2515 2907 2572 52.
2934 2519 3023 2574 51.
3047 2519 3158 2590 52).
3183 2521 3327 2576 Talia
3354 2525 3494 2578 enim
3525 2536 3739 2581 sancto-

2154 2609 2272 2647 rum
2301 2597 2533 2665 viscera;
2561 2616 2680 2656 cum
2711 2604 2831 2662 liliis
2853 2616 3081 2665 mortem
3103 2626 3260 2682 quam
3282 2613 3398 2669 sine
3423 2614 3554 2686 ipsis
3579 2617 3737 2671 vitam

2153 2684 2444 2744 dulciorem
2489 2707 2610 2748 esse
2655 2705 2858 2763 putant.
2908 2697 3136 2770 Adjiciet
3164 2718 3194 2757 a
3225 2684 3466 2774 tempore
3508 2709 3738 2777 patroci-

2153 2777 2320 2846 nium,
2345 2788 2400 2835 et
2422 2796 2632 2838 sacrum
2661 2787 2855 2856 pascha
2886 2800 3162 2860 proponet,
3193 2799 3738 2868 commemorabitque

2155 2879 2396 2943 tempus,
2427 2891 2533 2960 quo
2560 2878 2676 2934 orbi
2711 2888 2973 2937 terrarum
3008 2885 3100 2939 toti
3131 2884 3375 2942 Christus
3403 2899 3621 2960 peccata
3649 2906 3736 2946 re-

2151 2963 2328 3030 misit;
2373 2957 2652 3024 Dominum
2699 2971 2895 3028 imitari
2941 2975 3328 3045 exhortabitur,
3374 2957 3428 3035 et
3471 2981 3737 3049 parabolas

2150 3057 2290 3113 illius
2315 3059 2499 3115 decem
2539 3062 2761 3119 millium
2805 3066 3120 3122 talentorum
3151 3079 3206 3124 et
3232 3080 3443 3127 centum
3479 3073 3730 3129 denario-

2151 3163 2266 3202 rum
2297 3149 2469 3220 ipsum
2496 3153 2876 3208 commonebit.
2902 3156 3032 3212 Novi
3066 3160 3233 3226 patris
3265 3163 3430 3216 nostri
3465 3162 3730 3228 fiduciam,

2149 3255 2254 3295 non
2285 3241 2546 3298 dubitabit
2589 3245 2759 3315 ipsum
2801 3263 2897 3317 per
2927 3249 3061 3304 hanc
3105 3252 3501 3309 similitudinem
3533 3265 3733 3312 terrere

2147 3343 2201 3387 et
2228 3333 2408 3389 dicere
2432 3354 2446 3390 :
2470 3335 2602 3392 Vide
2629 3353 2695 3393 ne
2730 3338 2866 3396 forte
2904 3349 2958 3396 et
2999 3351 3050 3396 tu
3098 3344 3186 3398 illo
3216 3344 3302 3399 die
3331 3347 3515 3402 audias
3541 3367 3556 3402 :
3581 3348 3733 3404 Serve

2147 3441 2388 3492 nequam,
2422 3443 2569 3482 omne
2593 3429 2812 3484 debitum
2854 3431 2986 3486 illud
3023 3434 3194 3489 dimisi
3222 3436 3344 3502 tibi,
3383 3440 3624 3504 quoniam
3646 3456 3729 3494 ro-

2144 3520 2277 3588 gasti
2299 3537 2406 3583 me;
2429 3521 2688 3591 oportebat
2711 3533 2758 3578 et
2782 3535 2828 3578 te
2852 3525 3104 3580 dimittere
3123 3529 3374 3583 conservis
3397 3531 3496 3584 tuis
3513 3530 3726 3601 (Matt/0.

2147 3608 2234 3663 i8.
2267 3610 2354 3664 52.
2386 3611 2500 3683 55).
2531 3612 2646 3668 Tibi
2677 3615 2772 3684 ipsi
2798 3617 2965 3686 magis
2989 3633 3146 3687 quam
3177 3619 3248 3672 illi
3277 3621 3490 3688 prodes,
3523 3622 3578 3676 in
3605 3637 3729 3692 pau-

2145 3719 2328 3758 corum
2356 3704 2666 3762 dimissione
2699 3720 3038 3778 peccatorum
3065 3749 3081 3776 ,
3112 3711 3373 3779 majorum
3404 3713 3726 3769 oblivionem

2145 3796 2427 3866 recipiens.
2462 3798 2635 3853 Addet
2661 3800 2925 3868 pravdictis
2953 3811 3006 3855 et
3031 3801 3328 3858 orationem
3358 3803 3537 3870 illam,
3573 3820 3724 3875 quam

2142 3888 2230 3955 qui
2261 3889 2427 3943 sacris
2454 3889 2624 3959 ipsum
2653 3890 2927 3945 initiavere
2954 3893 3255 3961 mysteriis,
3283 3903 3522 3948 orantem
3553 3895 3728 3950 dicere

2141 3979 2435 4037 docuerunt
2460 4000 2473 4036 :
2497 3981 2707 4036 Dimitte
2748 3984 2890 4038 nobis
2930 3985 3095 4038 debita
3134 3996 3341 4053 nostra,
3391 3988 3518 4041 sicut
3563 3998 3610 4043 et
3640 4003 3726 4041 nos

2141 4073 2438 4128 dimittimus
2466 4075 2772 4130 debitoribus
2797 4078 2982 4130 nostris
3015 4076 3226 4144 (Matth.
3264 4078 3316 4133 6.
3360 4079 3470 4147 12).
3504 4080 3586 4136 Ad
3615 4080 3726 4134 haec

2139 4167 2372 4230 docebit,
2400 4182 2503 4222 non
2530 4183 2813 4223 commune
2836 4169 3063 4224 civitatis
3088 4167 3253 4224 fuisse
3281 4180 3556 4241 peccatum
3579 4213 3593 4236 ,
3631 4168 3724 4226 sed

2141 4261 2415 4316 hominum
2470 4262 2821 4332 quorumdam
2870 4273 3212 4318 externorum
3261 4273 3317 4318 et
3365 4263 3720 4326 advenarum,

2138 4355 2270 4411 nihil
2309 4369 2430 4410 cum
2469 4357 2677 4411 ratione
2716 4355 3056 4423 iacientium,
3102 4355 3198 4411 sed
3243 4372 3363 4410 cum
3411 4355 3630 4411 audacia
3672 4363 3724 4410 et

2139 4449 2284 4504 omni
2323 4449 2528 4506 scelere
2552 4467 2566 4503 :
2590 4465 2692 4503 nec
2731 4449 2933 4518 justum
2964 4462 3085 4504 esse
3112 4463 3210 4518 pro
3238 4463 3525 4519 paucorum
3558 4459 3724 4503 teme-

2138 4542 2294 4598 ritate
2319 4552 2517 4597 tantam
2547 4542 2704 4611 diripi
2731 4541 3022 4606 civitatem,
3054 4549 3110 4596 et
3131 4556 3245 4606 eos,
3268 4541 3359 4612 qui
3382 4540 3508 4595 nihil
3532 4541 3723 4610 injuste

2137 4633 2398 4700 l'eecrunt,
2417 4649 2601 4705 pinnas
2617 4633 2785 4690 luere.
2808 4633 3056 4703 Alioquin
3073 4633 3171 4688 etsi
3189 4647 3374 4688 omnes
3393 4642 3719 4704 peccassent,

2136 4726 2322 4796 dignas
2351 4725 2623 4782 dedissent
2653 4740 2866 4796 poenas,
2915 4734 2991 4779 tot
3031 4725 3217 4780 diebus
3245 4726 3434 4780 timore
3468 4739 3721 4780 consum-

2139 4817 2246 4888 pti,
2286 4827 2342 4872 et
2385 4831 2479 4888 per
2520 4817 2756 4887 singulos
2795 4815 2929 4870 mori
2958 4815 3072 4870 dies
3117 4823 3516 4884 exspectantes,
3550 4811 3718 4884 pulsi,

2135 4910 2442 4967 exsulantes
2461 4952 2475 4973 ,
2503 4911 2611 4965 reis
2639 4909 2994 4965 miserabilius
3021 4909 3260 4964 viventes
3283 4952 3298 4974 ,
3331 4909 3640 4977 sanguinem
3669 4906 3720 4960 in

2135 5007 2380 5060 manibus
2404 5014 2671 5076 gestantes
2693 5046 2709 5070 ,
2759 5013 2813 5058 et
2855 5003 2922 5059 de
2965 5003 3071 5058 vita
3114 5018 3209 5057 sua
3238 5019 3341 5056 non
3371 5003 3716 5057 conﬁdentes.

2136 5098 2260 5152 [hec
2301 5097 2393 5152 tibi
2440 5111 2594 5166 poena
2638 5094 2998 5150 sufﬁciatzne
3045 5093 3265 5150 ulterius
3306 5094 3380 5147 ira
3424 5092 3715 5162 procedas:

2134 5192 2314 5245 mitem
2363 5190 2453 5245 tibi
2499 5205 2788 5258 supernum
2831 5188 3073 5244 Judicem
3119 5203 3213 5256 per
3255 5187 3634 5240 luunanitatcm
3668 5182 3715 5235 in

2133 5297 2427 5337 conservos
2453 5281 2616 5337 redde
2643 5299 2655 5334 :
2680 5282 2851 5352 cogita
2877 5280 3024 5335 urbis
3045 5278 3486 5350 magnitudinem.
3506 5288 3556 5332 οι
3579 5273 3714 5346 ‘l"0d

2133 5390 2238 5428 non
2267 5375 2334 5428 dc
2362 5389 2460 5428 una
2484 5415 2498 5438 ,
2545 5373 2630 5427 vel
2660 5373 2726 5428 de
2753 5373 2959 5428 duabus
2979 5414 2993 5436 ,
3038 5371 3122 5425 vel
3168 5372 3335 5425 tribus
3359 5412 3372 5433 ,
3419 5370 3501 5423 vel
3532 5369 3713 5423 decem

2132 5467 2408 5523 animabus
2439 5482 2581 5521 nunc
2611 5467 2763 5521 nobis
2791 5475 2873 5521 est
2900 5464 3258 5519 consideratio
3279 5506 3294 5530 ,
3337 5462 3429 5517 sed
3459 5462 3526 5517 de
3555 5459 3713 5515 milli-

2132 5561 2231 5616 bus
2256 5569 2310 5616 et
2337 5562 2575 5627 inlinitis,
2599 5561 2666 5615 de
2693 5561 2852 5614 totius
2877 5559 3021 5613 orbis
3041 5557 3234 5626 capite.
3259 5556 3384 5610 Haec
3405 5563 3488 5610 est
3508 5553 3710 5617 civitas,

2131 5654 2184 5708 in
2209 5669 2309 5724 qua
2339 5654 2564 5723 primum
2588 5653 2835 5724 appellati
2859 5649 3174 5706 Christiani:
3196 5649 3396 5702 honora
3419 5642 3709 5705 Christum,

2131 5761 2376 5803 reverere
2405 5762 2521 5802 eam
2544 5785 2559 5811 ,
2589 5760 2706 5813 qua:
2749 5745 2914 5814 prima
2947 5757 3139 5798 nomen
3171 5741 3271 5796 hoc
3299 5738 3544 5795 omnibus
3571 5733 3704 5791 desi—
