3998 6438
403 306 470 363 69
1184 306 1239 360 S.
1278 304 1563 361 JOANNIS
1601 305 2099 363 CHRYSOSTOMI
2139 305 2461 364 ARCHIEP.
2502 306 3053 364 CONSTANTINOP.
3729 319 3792 375 tn

400 421 606 476 στιανοί
627 439 639 452 ’
662 422 892 491 τίμησον
903 419 991 473 τὸν
1013 419 1266 492 Χριστὸν,
1283 418 1564 489 αἰδέσθητι
1584 420 1684 491 τὴν
1697 418 1813 493 [5η
1836 420 2059 493 πρώτην

396 509 571 575 ἀνακη
580 503 818 576 ρύξασαν
832 503 892 556 τὸ
920 503 1164 556 ποθεινὸν
1191 502 1348 557 τοῦτο
1369 502 1465 556 καὶ
1485 502 1657 571 γλυκὺ
1678 505 1844 557 πᾶσιν
1865 504 2058 574 δνομα⁶

395 586 710 641 ἀποστόλων
744 586 925 657 ἐκείνη
960 585 1149 654 γέγονε
1185 583 1552 654 καταγώγιον,
1590 585 1815 639 δικαίων
1856 584 2056 638 ἐνδιαί-

395 685 567 740 τημα.
604 667 718 721 Νῦν
758 667 915 721 τοῦτο
945 666 1160 738 πρῶτον
1191 666 1285 719 καὶ
1314 666 1475 736 μόνον
1496 665 1558 719 τὸ
1587 666 1846 737 τόλμημα
1870 666 2062 736 γέγονε

396 755 477 817 είς
506 754 630 817 τοὺς
656 751 1010 825 κρατοῦντας,
1043 751 1137 805 καὶ
1168 753 1435 823 μαρτυρεῖ
1470 751 1547 822 τῷ
1585 753 1684 821 τῆς
1712 751 1919 814 πόλεως
1942 751 2062 822 ήθει

397 839 505 899 πᾶς
540 839 569 890 6
599 834 881 907 παρελθὼν
926 833 1134 905 χρόνος.
1169 834 1232 886 Εἰ
1272 833 1369 903 μὲν
1399 832 1506 904 γὰρ
1535 833 1771 903 συνεχῶς
1808 832 2059 885 ἐστασία-

396 922 508 987 ζον,
539 919 644 972 ἔδει
682 919 1115 986 καταγινώσκειν
1144 916 1244 985 τῆς
1277 914 1574 985 πονηρίας·
1608 917 1657 968 εί
1685 914 1741 968 δέ
1784 914 1932 979 ἅπαξ
1967 914 2061 968 τοῦ

395 1002 597 1064 παντὸς
624 999 783 1053 τοῦτο
804 998 1001 1069 συνέϐη
1031 998 1247 1069 χρόνου,
1286 996 1509 1066 εὔδηλον
1529 998 1611 1050 ὅτι
1638 997 1699 1049 ού
1725 996 1818 1049 τοῦ
1847 998 1945 1067 τῆς
1968 997 2063 1050 πό-

395 1085 528 1148 λεως
548 1083 711 1154 ήθους
726 1081 789 1134 τὸ
814 1081 1136 1151 ἁμάρτημα,
1155 1079 1291 1133 ἀλλά
1315 1078 1423 1132 τῶν
1439 1078 1626 1143 ἁπλῶς
1641 1080 1736 1132 καὶ
1757 1080 1877 1151 εἰκῆ
1902 1097 2063 1151 11900-

396 1168 711 1238 φθαρέντων
737 1166 874 1236 αύτῇ
906 1164 969 1217 τὸ
1007 1162 1380 1236 παρανόμημα
1402 1161 1593 1231 γέγονε
1616 1162 1793 1217 τοῦτο.

464 1251 651 1307 Ταῦτα
676 1252 705 1304 6
729 1250 907 1322 ἱερεὺς
944 1250 1080 1321 ἐρεῖ,
1110 1246 1205 1301 καὶ
1235 1246 1458 1300 πλείονα
1479 1245 1684 1299 τούτων
1709 1245 1846 1316 μετά
1878 1246 2060 1299 πλείοσ-

395 1352 483 1399 νος
512 1334 613 1405 τῆς
638 1332 950 1404 παρρησίας
970 1347 983 1361 ο
1012 1329 1182 1385 ταῦτα
1209 1330 1239 1383 6
1267 1327 1520 1399 βασιλεὺς
1539 1327 1848 1382 ἀκούσεται’
1876 1330 2062 1382 κάκεῖ-

393 1437 484 1484 νος
505 1419 903 1491 φιλάνθρωπος,
927 1415 1023 1469 καὶ
1054 1407 1208 1478 οὗτος
1236 1413 1425 1478 πιστὸς
1436 1425 1492 1478 ι,
1515 1412 1656 1467 ὥστε
1676 1414 2061 1483 ἀμφοτέρωθεν

394 1502 637 1576 χρηστάς
682 1502 878 1573 ἔχομεν
926 1498 1024 1561 τάς
1059 1497 1301 1561 ἐλπίδας.
1347 1496 1563 1551 Μᾶλλον
1593 1496 1651 1550 δὲ
1701 1496 1796 1550 καὶ
1827 1497 1934 1566 πρὸ
1959 1494 2061 1564 τῆς

394 1586 626 1648 πίστεως
651 1584 745 1638 τοῦ
776 1582 1118 1647 διδασκάλου,
1146 1582 1240 1634 καλ⁵
1270 1580 1376 1651 πρὸ
1399 1580 1498 1649 τῆς
1532 1579 1938 1649 φιλανθρωπίας
1966 1576 2059 1630 τοῦ

399 1668 682 1739 βασιλέως,
710 1665 788 1737 τῷ
819 1666 957 1719 ἐλέει
986 1663 1295 1737 θαρροῦμεν
1334 1661 1425 1716 τοῦ
1459 1660 1625 1714 Θεοῦ’
1662 1660 1757 1713 καὶ
1792 1660 1899 1731 γὰρ
1948 1660 2060 1712 ίκε-

396 1751 685 1822 τευομένου
706 1749 800 1804 τοῦ
825 1748 1107 1820 βασιλέως,
1135 1748 1229 1802 καλ⁵
1253 1745 1584 1823 ἱκετεύοντος
1606 1741 1699 1797 τοῦ
1725 1743 1937 1814 ἱερέως,
1965 1744 2062 1795 αύ-

395 1835 485 1898 τὸς
516 1836 924 1904 παραστήσεται
970 1830 1154 1902 μέσος,
1197 1827 1291 1882 τοῦ
1336 1826 1597 1898 βασιλέως
1647 1824 1935 1895 μαλάσσων
1963 1824 2061 1895 τὴν

394 1918 644 1989 καρδίαν,
688 1919 782 1973 τοῦ
830 1915 1020 1987 ίερέως
1065 1912 1344 1985 διεγείρων
1391 1913 1490 1981 τὴν
1532 1908 1805 1979 γλῶσσαν,
1864 1907 2061 1962 εύοδῶν

392 2002 583 2055 τούτου
616 2000 687 2054 τά
719 2001 958 2072 ῥήματα,
998 1995 1434 2069 παρασκευάζων
1467 1994 1676 2048 ἐκείνου
1702 1993 1799 2064 τὴν
1826 1991 2062 2045 διάνοιαν

393 2084 751 2149 ὐποδέξασθαι
780 2083 850 2137 τά
883 2082 1169 2152 λεγόμενα,
1193 2080 1283 2134 καὶ
1314 2079 1451 2149 μετά
1475 2076 1675 2146 πολλῆς
1698 2076 1797 2146 τῆς
1818 2073 2061 2144 συγγνώ-

395 2186 502 2241 μης
522 2167 803 2223 ἐπινεῦσαι
825 2169 945 2230 ταῖς
976 2166 1214 2235 δεήσεσι.
1249 2163 1360 2218 Καὶ
1391 2161 1501 2233 γάρ
1521 2160 1598 2231 τῷ
1629 2160 1850 2231 Χριστῷ
1881 2159 2062 2212 ποθει-

392 2240 586 2326 νοτέρα
618 2251 805 2305 πασῶν
837 2251 870 2321 ή
899 2247 1109 2318 πόλιςή
1140 2245 1403 2318 ἡμετέρα,
1431 2243 1525 2326 καί
1551 2241 1761 2326 διά-τῂν
1782 2240 1892 2326 τῶν
1925 2258 2058 2326 προέ

392 2322 564 2402 γόνων
594 2333 689 2387 καί
720 2330 810 2385 διὰ
842 2330 942 2400 τὴν
977 2328 1130 2398 ὑμῶν
1157 2326 1335 2382 αύτῶν
1364 2324 1583 2396 ἀρετήν.
1617 2324 1729 2376 Καὶ
1756 2322 2008 2392 καθάπερ
2033 2325 2062 2377 6

394 2414 599 2485 Πέτρος
622 2414 679 2466 ἐν
705 2412 819 2473 τοῖς
844 2408 1162 2471 ἀποστόλοις
1191 2406 1419 2485 πρῶτος,
1436 2403 1670 2485 ἐκήρυξε
1690 2402 2059 2485 τὸνῌΧριστόξν

392 2482 565 2559 οὕτως
590 2495 646 2547 ἐν
670 2494 791 2555 ταῖς
813 2489 1022 2553 πόλεσι,
1052 2488 1305 2558 καθάπερ
1334 2484 1504 2556 ἔφθην
1526 2483 1714 2547 εἰπὼν,
1743 2482 1882 2553 αὓτη
1914 2482 2063 2553 πρώ-

392 2596 482 2652 τη,
515 2576 704 2646 ὥσπερ
732 2573 990 2642 στέφανόν
1016 2588 1139 2626 τινα
1179 2568 1510 2652 θαυμαστὸν,
1528 2567 1637 2652 ,τήν
1668 2565 1775 2652 τῶν
1803 2566 2063 2652 Χριστια-

396 2645 500 2714 νῶν
556 2645 850 2728 ἀνεδήσατο
879 2652 1271 2725 προσηγορίαν.
1325 2651 1387 2703 El
1424 2649 1483 2702 δὲ
1526 2646 1652 2700 ἔνθα
1688 2645 2062 2728 δίκαιοιῗδέκα

397 2741 557 2812 μόνον
586 2727 746 2809 ἦσαν,
773 2736 1037 2805 ὑπέσχετο
1067 2734 1096 2787 6
1130 2732 1261 2796 Θεὸς
1296 2731 1489 2796 σώζειν
1531 2730 1657 2791 τοὺς
1708 2727 2061 2812 ,ἐνοικοῦντας

288 2864 299 2870 -
393 2810 667 2885 ἅπαντας·
704 2817 832 2872 ἔνθα
873 2819 933 2870 06
966 2816 1097 2871 δέκα
1140 2816 1234 2870 καὶ
1273 2816 1495 2877 εῐκοσιν,
1528 2813 1650 2866 ούδέ
1701 2810 1781 2875 δὶς
1819 2810 2060 2863 τοσοῦτοι

396 2906 576 2977 μόνον,
595 2902 730 2956 ἀλλά
753 2899 931 2971 πολλῷ
959 2899 1175 2962 πλείους
1202 2900 1251 2951 οί
1273 2898 1362 2952 τὸν
1383 2897 1515 2950 Θεόν
1537 2896 1644 2948 είσι
1670 2893 2061 2965 θεραπεύοντες

396 2987 536 3061 μετὰ
576 2984 861 3057 ἀκριϐείας
902 2983 1142 3054 ἀπάσης,
1183 2981 1298 3045 πῶς
1328 2981 1389 3034 ού
1420 2979 1525 3052 χρὴ
1554 2980 1622 3033 τά
1654 2977 1868 3050 χρηστά
1886 2992 2062 3061 ,προσ-

391 3059 575 3143 δοκᾷν,
592 3068 687 3122 καὶ
705 3068 925 3138 θαρρεῖν
948 3065 1087 3134 ὑπὲρ
1106 3064 1206 3135 τῆς
1231 3064 1415 3135 κοινῆς
1436 3061 1590 3134 ήμῶν
1609 3061 1862 3143 ἀπάντων
1878 3059 2021 3130 ζωῆς
2040 3074 2055 3124 ;

395 3137 640 3208 Ἤκουσα
666 3137 931 3219 λεγόντων
960 3148 1189 3215 πολλῶν,
1216 3146 1544 3214 ὃτιἉπειλὴ
1562 3137 1865 3211 ,βασιλέως
1886 3143 2060 3213 ὁμοία

391 3236 555 3307 θυμῷ
596 3233 878 3299 λέοντος,
915 3232 1008 3286 καὶ
1047 3229 1492 3285 καταπιπτόντων
1544 3231 1637 3284 καὶ
1682 3227 2053 3299 όδυνωμένων.

392 3320 457 3373 Τί
487 3315 579 3374 οὖν
606 3318 673 3373 ἀν
698 3316 948 3386 εἴποιμεν
980 3315 1117 3385 πρὸς
1147 3314 1416 3378 ἐκείνους;
1452 3314 1574 3365 Ὅτι
1599 3313 1629 3365 6
1660 3311 1853 3374 είπὼν,
1875 3310 2056 3363 Λύκοι

391 3403 490 3457 καί
520 3402 699 3471 ἄρνες
726 3401 847 3471 ἅμα
877 3396 1397 3463 βοσκηθνξσονται,
1429 3395 1527 3448 καὶ
1574 3393 1865 3462 πάρδαλις
1909 3406 2058 3445 συν-

390 3485 801 3539 αναπαύσεται
816 3483 1017 3550 ἐρίφῳ,
1040 3477 1137 3532 καί
1156 3476 1312 3532 λέων
1322 3477 1565 3543 ὼςβοῦς
1580 3475 1825 3545 φάγεται
1841 3474 2054 3541 ἄχυρα,

390 3570 676 3637 δυνήσεται
703 3566 797 3618 καὶ
830 3564 917 3616 τὸν
941 3561 1134 3614 λέοντα
1155 3559 1341 3612 τοῦτον
1374 3559 1599 3628 ποιῆσαι
1620 3557 1889 3628 πρόϐατον
1915 3556 2056 3626 ἥμε-

393 3665 506 3721 ρον.
546 3644 961 3718 Παρακαλῶμεν
987 3643 1166 3696 τοίνυν
1192 3640 1378 3705 αὐτὸν,
1412 3640 1507 3696 καὶ
1537 3637 2056 3721 διαπρεσϐευώμεθα

393 3720 527 3803 πρὸς
551 3727 734 3793 αὑτὸν,
762 3726 856 3780 καὶ
884 3724 1206 3778 καταστελεῖ
1232 3724 1446 3786 πάντως
1470 3722 1561 3776 τὸν
1592 3721 1761 3792 θυμὸν
1789 3720 1882 3774 τοῦ
1907 3720 2058 3803 βασι-

390 3801 558 3877 λέως,
604 3809 701 3864 καὶ
744 3809 841 3879 τῆς
890 3806 1239 3878 ἐπικειμένης
1290 3808 1437 3877 ἡμᾶς
1485 3806 1723 3876 ἀγωνίας
1759 3801 2057 3867 ἀπαλλάξει

393 3894 590 3965 πάσης.
609 3891 670 3947 '0
703 3889 887 3962 πατὴρ
908 3891 1025 3943 ἐκεῖ
1056 3888 1438 3961 πρεσϐεύεται,
1465 3887 1626 3958 ἡμεῖς
1651 3886 1899 3941 ἐντεῦθεν
1926 3903 2057 3958 πρε-

393 3975 746 4047 σϐευσώμεθα
771 3974 906 4045 πρὸς
930 3972 1022 4026 τὸν
1037 3972 1144 4025 τῶν
1158 3971 1405 4044 οὐρανῶν
1427 3971 1672 4042 βασιλέα,
1702 3969 2056 4041 βοηθήσωμεν

388 4059 536 4132 αύτῷ
560 4059 680 4124 ταῖς
705 4058 911 4128 εὐχαῖς.
942 4055 1101 4123 Μέγα
1122 4053 1183 4108 τὸ
1210 4054 1387 4109 κοινὸν
1413 4057 1511 4126 τῆς
1548 4053 1872 4124 Ἐκκλησίας
1899 4052 2057 4106 δύνα-

389 4160 499 4208 ται,
526 4142 591 4197 ἂν
617 4140 733 4213 μετ’
761 4137 1102 4209 ὀδυνωμένης
1123 4136 1320 4208 ψυχῆς,
1337 4137 1403 4192 ἂν
1426 4136 1563 4208 μετὰ
1591 4135 2055 4206 συντετριμμένης

389 4224 614 4297 καρδίας
641 4221 742 4285 τὰς
764 4220 927 4291 εὐχὰς
952 4220 1352 4292 ἀνενέγκωμεν.
1385 4220 1500 4273 Ούκ
1528 4217 1643 4270 ἔστι
1674 4216 1925 4285 διαϐῆναι
1958 4215 2056 4268 πέ-

388 4310 573 4377 λαγος,
595 4305 695 4359 ούκ
723 4302 838 4356 ἐστι
875 4302 1088 4374 μακρὰν
1115 4302 1423 4372 ἀποδημίαν
1449 4298 1790 4355 στείλασθαι·
1827 4297 2055 4360 ἕκαστος

389 4392 481 4443 καὶ
526 4387 750 4456 ἑκάστη,
777 4386 870 4438 καὶ
898 4386 979 4448 είς
1018 4384 1343 4454 Ἐκκλησίαν
1376 4383 1746 4446 ἀπαντῶντες,
1782 4381 1876 4435 καὶ⁵
1915 4380 2053 4434 οἴκοι

391 4473 667 4543 μένοντες,
696 4468 952 4537 καλῶμεν
987 4466 1125 4536 μετά
1150 4467 1349 4538 πολλῆς
1380 4467 1616 4538 σπουδῆς
1643 4466 1735 4519 τὸν
1776 4465 1929 4529 Θεὸν,
1960 4464 2055 4517 καὶ

389 4556 604 4617 πάντως
629 4549 900 4604 ἐπινεύσει
928 4551 1047 4613 ταῖς
1079 4548 1315 4621 δεήσεσι.

459 4634 631 4691 Πόθεν
668 4630 826 4685 τοῦτο
871 4629 1063 4700 δῆλον;
1097 4630 1217 4684 Ὀτι
1267 4628 1472 4700 σφόδρα
1505 4626 1749 4697 βούλεται
1778 4629 1926 4700 ἡμᾶς
1965 4628 2052 4681 ἀεὶ

388 4720 524 4793 πρὸς
560 4717 721 4773 αὑτὸν
752 4713 1140 4785 καταφεύγειν,
1181 4713 1275 4767 καὶ
1318 4715 1376 4766 ἐν
1408 4712 1608 4766 ἅπασιν
1637 4711 1799 4765 αύτοῦ
1824 4711 2048 4774 δεῖσθαι,

388 4792 481 4857 καὶ
507 4801 670 4875 μηδὲν
707 4800 875 4873 χωρὶς
911 4797 1074 4852 αύτοῦ
1107 4795 1336 4867 ποιεῖνῆ
1369 4795 1567 4863 λέγειν.
1596 4793 1904 4864 Ἄνθρωποι

388 4888 488 4957 μὲν
510 4885 639 4956 γάρ,
666 4885 792 4939 ὅταν
815 4881 1051 4953 συνεχῶς
1079 4881 1277 4944 αὐτοὺς
1297 4877 1602 4949 ἐνοχλῶμεν
1622 4877 1762 4947 ὑπὲρ
1787 4875 1894 4928 τῶν
1920 4878 1953 4947 ή
1960 4893 2053 4946 με-

384 4971 557 5043 τὲρων
573 4970 601 5010 δ
626 4969 982 5040 πραγμάτων,
1008 4963 1250 5037 ναρκῶσι
1275 4963 1369 5016 καὶ
1388 4960 1727 5023 ἀναδύονται,
1759 4959 1853 5043 καὶ
1875 4958 2052 5043 ἀηδῶς

385 5042 522 5126 πρὸς
543 5052 689 5124 ἡμᾶς
715 5050 924 5121 ἔχουσιν
940 5067 953 5079 ·
987 5051 1015 5103 6
1041 5049 1098 5103 δέ
1123 5048 1256 5110 Θεὸς
1276 5043 1587 5126 τούναντίον
1612 5044 1777 5126 ἀπαν,
1800 5042 1897 5113 οὐχ
1923 5042 2051 5096 ὅταν

382 5124 531 5205 αύτῷ
555 5132 794 5203 συνεχῶς
821 5130 1235 5202 ἐντυγχάνωμεν
1263 5128 1402 5199 ύπέρ
1426 5126 1534 5180 τῶν
1563 5124 1848 5198 ἡμετέρων
1912 5143 2051 5196 πρα-

381 5218 628 5290 γμάτιον,
656 5216 770 5270 ἀλλ’
792 5216 919 5269 ὅταν
944 5213 1018 5285 μὴ
1033 5213 1186 5266 τοῦτο
1211 5212 1474 5281 ποιῶμεν,
1496 5209 1615 5263 τότε
1634 5208 1868 5280 μάλιστα
1884 5209 2050 5277 ἀγαν-

380 5306 556 5359 ακτεῖ.
585 5304 850 5357 ’Ἄκουσον
871 5297 1001 5368 γοῦν
1024 5297 1078 5350 τί
1132 5300 1245 5359 τοῖς
1285 5295 1559 5359 Ἰουδαίοις
1577 5293 1820 5364 ἐγκαλεῖ,
1851 5293 2041 5362 λέγων·

391 5387 741 5454 Ἐποιήσατε
761 5380 1028 5451 βουλὴν,
1057 5378 1156 5434 καὶ
1190 5381 1264 5432 οὐ
1289 5376 1361 5431 δι’
1384 5377 1553 5446 ἐμοῦ,
1588 5376 1688 5430 καί
1713 5375 2043 5442 συνθήκας,

377 5471 473 5525 καὶ
504 5471 577 5524 οὐ
598 5468 696 5524 διὰ
731 5465 837 5522 τοῦ
879 5461 1225 5532 Πνεύμαι-ός
1247 5476 1386 5529 μου.
1424 5457 1646 5512 Τοιοῦτο
1680 5457 1788 5530 γὰρ
1819 5457 1926 5511 τῶν
1953 5474 2039 5526 φι-

377 5552 610 5607 λούντων
635 5552 697 5605 τὸ
732 5550 852 5614 ἔθος
871 5567 885 5581 ν
919 5546 1097 5601 πάντα
1129 5542 1199 5597 τά
1228 5542 1336 5595 τῶν
1371 5541 1706 5613 φιλουμένων
1745 5541 2048 5612 πράγματα

376 5637 442 5690 δι’
474 5634 654 5689 αὐτῶν
693 5633 951 5687 ἀνύεσθαι
987 5629 1284 5701 βούλονται,
1329 5626 1424 5679 καὶ
1456 5624 1626 5696 μηδὲν
1670 5626 1836 5696 χωρὶς
1867 5624 2046 5678 αὐτῶν

375 5717 616 5778 ἐκείνους
647 5716 682 5787 ἢ
710 5718 904 5778 ποιεῖν,
931 5715 964 5785 ἢ
990 5713 1233 5783 λέγεινο.
1270 5709 1369 5764 Διά
1394 5708 1550 5762 τοῦτο
1572 5709 1665 5762 καὶ
1697 5710 1725 5760 6
1762 5709 1913 5775 Θεὸς,
1945 5710 2044 5761 οὐκ

435 5859 462 5891 ⁸
494 5857 602 5915 Duo
620 5868 735 5905 mss.
760 5853 841 5903 καὶ
866 5853 1000 5908 οὗτος
1018 5852 1236 5915 χρηστός.

429 5919 460 5963 1⁵
483 5914 587 5968 Alii
607 5917 714 5984 περὶ
733 5917 829 5965 τῶν
850 5914 1088 5977 ἡμετέρων
1114 5928 1189 5976 πρ.

2165 420 2401 476 ἐνταῦθα
2429 423 2609 493 μόνον,
2656 422 2791 477 ἀλλά
2814 424 2911 476 καὶ
2939 418 3172 492 ἀλλαχοῦ
3202 420 3335 475 αὐτὸ
3360 420 3517 476 τοῦτο
3549 420 3699 477 πάλιν
3722 425 3802 492 ιγ-

2166 506 2349 560 καλῶν
2371 506 2553 573 ἔλεγεν
2567 524 2582 539 ο
2623 507 3088 567 Ἑϐασίλευσαν,
3113 504 3212 558 καί
3237 507 3310 560 οὐ
3330 504 3405 559 δι’
3428 505 3594 574 ἐμοῦ
3612 500 3802 576 ἦρξαν,

2166 588 2266 642 καί
2294 590 2404 642 οὐκ
2443 587 2779 659 ἐγνώρισαν
2803 604 2925 657 μοι.
2975 586 3068 657 Μὴ
3096 586 3279 641 τοίνυν
3309 586 3556 657 ὀκνῶμεν
3590 590 3804 659 συνεχῶς

2164 669 2300 743 πρὸς
2331 670 2492 724 αὑτὸν
2516 670 2904 739 καταφεύγειν,
2937 671 3032 723 καὶ
3056 670 3194 741 ὅπερ
3241 668 3309 723 ἀν
3401 668 3592 733 δεινὸν,
3617 670 3804 735 πάντως

2162 753 2390 824 λήψεται
2430 754 2529 825 τὴν
2557 753 2938 825 προσήκουσαν
2974 753 3148 807 λύσιν.
3191 751 3486 823 Ἐφόϐησεν
3515 751 3804 823 ἀνθρωποςς

2161 836 2335 907 δράμε
2363 835 2501 907 πρὸς
2531 836 2622 890 τὸν
2651 836 2765 890 ἀνω
2792 836 3090 907 Δεσπότην,
3121 835 3219 890 καὶ
3249 835 3400 889 ούδέν
3440 834 3601 907 πείσῃ
3638 835 3804 890 δεινόν.

2161 917 2349 983 Οὕτως
2392 919 2446 973 οί
2479 918 2699 973 παλαιοὶ
2735 918 2836 983 τάς
2884 919 3170 990 συμφορὰς
3195 918 3367 983 ἔλυον,
3402 918 3501 972 οὐκ
3546 918 3726 990 ἄνδρες
3761 919 3809 974 δι

2166 1001 2345 1072 μόνον,
2378 1000 2517 1055 ἀλλά
2555 1001 2651 1055 καλ⁸
2688 1004 2961 1070 γυναῖκες.
2982 1000 3229 1070 Ἑγένετό
3274 1017 3360 1063 τις
3403 1000 3627 1072 Ἐϐραία
3667 1003 3806 1072 γυνὴ,

2175 1082 2373 1154 Ἐσθὴρ
2415 1078 2484 1154 ἦν
2523 1083 2585 1136 τὸ
2612 1084 2783 1154 δνομα
2825 1084 3032 1154 αὐτῆς·
3072 1082 3212 1155 αὕτη
3255 1085 3289 1155 ή
3340 1083 3535 1155 Έσθὴρ
3569 1083 3684 1136 δλον
3716 1083 3810 1138 τῶν

2175 1167 2443 1221 Ἰουδαίων
2463 1167 2552 1220 τὸν
2569 1167 2741 1237 δῆμον
2767 1167 3112 1241 πανωλεθρίᾳ
3131 1168 3519 1239 παραδίδοσθαι
3549 1168 3808 1239 μέλλοντα,

2162 1249 2337 1320 τούτῳ
2357 1251 2437 1322 τῷ
2456 1250 2678 1323 1961119"
2703 1252 3033 1323 ἐξήρπασεν.
3060 1251 3276 1322 Ἐπειδὴ
3302 1250 3410 1322 γὰρ
3428 1253 3458 1304 6
3478 1250 3585 1304 τῶν
3609 1251 3811 1320 Περσῶν

2165 1333 2418 1403 βασιλεὺς
2449 1334 2656 1397 πάντας
2679 1334 2848 1405 ἀρδην
2875 1333 3214 1406 ἀναιρεῖσθαι
3234 1334 3363 1397 τοὺς
3405 1333 3687 1397 Ἰουδαίους
3708 1334 3814 1386 ἐκέ-

2161 1417 2342 1482 λευσε,
2375 1417 2470 1471 καὶ
2499 1418 2672 1481 οὐδεὶς
2705 1413 2773 1488 ἦν
2808 1418 2839 1470 6
2865 1418 2999 1489 πρὸς
3036 1416 3136 1487 τὴν
3167 1417 3337 1489 ὀργὴν
3381 1417 3595 1489 ἐκείνην
3639 1418 3812 1486 στῆναι

2167 1499 2480 1570 δυνάμενος,
2502 1500 2886 1570 ἀποδυσαμένη
2909 1499 3007 1569 τὴν
3027 1500 3384 1571 φαιδροτέραν
3408 1499 3645 1571 στολὴνή
3666 1500 3808 1570 γυνή,

2164 1582 2259 1635 καὶ
2276 1582 2474 1635 σάκκον
2516 1580 2946 1653 περιϐαλλομένη
2971 1592 3016 1645 ε,
3054 1581 3148 1634 καὶ
3175 1582 3368 1636 σποδὸν
3405 1581 3813 1652 ύποστρωσαμέ-

2163 1682 2250 1735 νη,
2286 1666 2584 1737 παρεκάλει
2615 1665 2706 1719 τὸν
2732 1663 3110 1735 φιλάνθρωπον
3134 1663 3267 1716 Θεὸν
3297 1663 3657 1717 συνεισελθεῖν
3685 1665 3809 1734 αὐτῇ

2166 1746 2301 1817 πρὸς
2332 1748 2421 1801 τὸν
2449 1747 2694 1818 βασιλέα,
2721 1747 2815 1800 καὶ
2847 1744 3073 1799 τοιαῦτα
3122 1746 3531 1817 προσευχομένη
3564 1746 3697 1816 πρὸς
3729 1746 3811 1798 αύ-

2162 1828 2253 1882 τὸν
2278 1830 2495 1900 ῥήματα
2519 1830 2671 1897 ἔλεγε
2692 1847 2705 1859 ’
2735 1829 3100 1897 Χαρίτωσον,
3127 1829 3321 1895 Κύριε,
3347 1829 3421 1880 τὰ
3433 1827 3670 1896 ῥήματά
3685 1845 3810 1897 μου,

2161 1909 2267 1976 δὸς
2305 1912 2493 1980 ,λόγον
2535 1912 2836 1980 εὔρυθμον
2874 1913 2963 1976 είς
3004 1910 3071 1963 τὸ
3113 1912 3307 1978 στόμα
3337 1927 3474 1978 μου.
3509 1909 3693 1963 Ταῦτα
3732 1907 3816 1964 καὶ

2162 1994 2290 2061 περὶ
2337 1994 2431 2048 τοῦ
2462 1994 2780 2050 διδασκάλου
2811 1992 3216 2064 παρακαλῶμεν
3251 1992 3347 2045 νῦν
3372 1993 3533 2063 ήμεῖς
3559 1992 3654 2045 τὸν
3673 1993 3812 2047 Θεόν.

2162 2076 2227 2130 Εἰ
2257 2076 2365 2149 γὰρ
2396 2078 2533 2149 γυνὴ
2566 2078 2705 2149 ὑπὲρ
2740 2077 3009 2131 Ἰουδαίων
3050 2074 3470 2146 παρακαλοῦσα,
3499 2074 3816 2146 βαρϐαρικὸν

2163 2158 2349 2228 ἴσχυσε
2368 2160 2720 2213 καταστεῖλαι
2751 2159 2942 2229 θυμὸν,
2974 2156 3154 2228 πολλῷ
3180 2156 3382 2228 μᾶλλον
3403 2157 3434 2208 6
3457 2156 3768 2219 διδάσκαλος
3791 2159 3818 2209 6

2161 2240 2427 2311 ἡμέτερος
2446 2243 2585 2314 ύπέρ
2607 2242 2863 2312 τοιαύτης
2882 2240 3093 2303 πόλεως
3139 2239 3235 2292 καὶ
3259 2237 3398 2309 μετά
3418 2237 3686 2309 τοσαύτης
3710 2238 3822 2290 Ἐκ-

2162 2321 2390 2392 κλησίας
2406 2323 2695 2393 δεόμενος,
2725 2323 2817 2376 τὸν
2845 2322 3145 2394 πραότατον
3174 2321 3268 2375 καὶ
3295 2319 3647 2391 ἡμερώτατον
3680 2318 3819 2389 βασι-

2161 2399 2258 2455 λέα
2285 2403 2472 2458 τοῦτον
2493 2407 2678 2460 πεῖσαι
2704 2405 3016 2474 δυνήσεται.
3044 2405 3108 2457 El
3133 2403 3241 2474 γάρ
3265 2403 3366 2466 τὰς
3384 2404 3468 2466 είς
3488 2401 3626 2456 Θεὸν
3651 2404 3819 2474 ἀμαρο

2160 2485 2284 2549 τίας
2308 2486 2455 2540 λύειν
2493 2487 2683 2542 ἐλαϐεν
2712 2487 2982 2552 ἐξουσίαν,
3029 2486 3209 2556 πολλῷ
3247 2485 3446 2556 μᾶλλον
3480 2484 3580 2549 τὰς
3612 2487 3692 2548 είς
3732 2486 3821 2539 ἀν-

2163 2567 2378 2640 θρωπον
2407 2570 2704 2641 γενομένας
2731 2570 2944 2624 ἀνελεῖν
2968 2570 3062 2624 καὶ
3083 2567 3343 2637 ἀφανίσαι
3367 2567 3681 2635 δυνήσεται.
3705 2568 3823 2635 Ἀρ·

2162 2669 2271 2721 χων
2290 2652 2405 2705 ἐστὶ
2434 2654 2526 2707 καὶ
2546 2645 2699 2715 οὗτος
2723 2652 2769 2714 ί,
2799 2654 2894 2706 καὶ
2917 2653 3099 2723 ἄρχων
3127 2650 3337 2704 ἐκείνου
3363 2647 3704 2719 σεμνότερος.
3723 2649 3823 2702 Καὶ

2161 2733 2271 2806 γὰρ
2301 2735 2471 2805 αὐτὴν
2514 2736 2613 2806 τὴν
2654 2734 2935 2805 βασιλικὴν
2976 2732 3220 2805 κεφαλὴν
3252 2734 3303 2785 οί
3349 2732 3484 2802 ίεροὶ
3514 2731 3672 2802 νόμοι
3710 2734 3823 2797 ταῖς

2160 2815 2350 2870 τούτου
2384 2818 2641 2888 φέροντες
2668 2818 2856 2889 χερσὶν
2885 2816 3157 2880 ὑπέταξαν
3175 2832 3188 2846 ·
3215 2816 3309 2870 καὶ
3337 2816 3465 2868 ὅταν
3512 2832 3566 2867 τι
3608 2815 3715 2868 δέοι
3736 2832 3820 2883 γε-

2161 2898 2348 2952 νέσθαι
2376 2901 2611 2971 χρηστὸν
2643 2900 2870 2964 ἀνωθεν,
2906 2902 2935 2954 6
2960 2899 3211 2970 βασιλεὺς
3245 2897 3381 2968 πρὸς
3404 2898 3495 2950 τὸν
3526 2899 3699 2969 ίερέα,
3729 2901 3821 2969 οὐχ

2160 2982 2190 3034 6
2213 2984 2390 3054 ἱερεὺς
2412 2985 2548 3055 πρὸς
2574 2985 2664 3038 τὸν
2694 2984 2918 3051 βασιλέα
2942 2983 3307 3051 καταφεύγειν
3333 2982 3544 3039 εἴωθεν.
3565 2982 3822 3053 Ἔχεικαὶ

2159 3059 2314 3132 οὗτος
2339 3068 2561 3139 θώρακα
2588 3068 2678 3121 τὸν
2708 3070 2807 3139 τῆς
2840 3068 3207 3138 δικαιοσύνης,
3236 3067 3350 3136 ἔχει
3388 3067 3483 3119 καὶ
3510 3065 3689 3137 ζώνην
3730 3068 3823 3139 τὴν

2160 3150 2268 3204 ἀπὸ
2292 3152 2389 3221 τῆς
2410 3151 2689 3222 ἀληθείας,
2711 3150 2826 3221 εχει
2855 3152 2949 3204 καὶ
2975 3150 3298 3219 ὑποδήματα
3325 3147 3503 3218 πολλῷ
3527 3149 3825 3219 σεμνότερα

2158 3233 2229 3286 τά
2255 3233 2364 3287 ἀπὸ
2394 3232 2488 3286 τοῦ
2515 3232 2843 3301 Εύαγγελίου
2871 3233 2972 3304 τῆς
2996 3233 3239 3303 είρήνης,
3276 3231 3385 3303 ἔχει
3414 3233 3508 3286 καὶ
3532 3231 3826 3302 μάχαιραν,

2158 3316 2222 3368 06
2250 3315 2348 3383 τὴν
2376 3315 2483 3368 ἀπὸ
2508 3315 2748 3385 σιδήρου,
2777 3315 2912 3369 ἀλλά
2939 3316 3039 3385 τὴν
3067 3315 3174 3368 ἀπὸ
3201 3314 3294 3368 τοῦ
3330 3314 3641 3385 πνεύματος
3659 3331 3674 3344 ·
3719 3313 3826 3382 ἔχει

2160 3397 2255 3450 καὶ
2298 3397 2557 3465 στέφανον
2589 3397 2682 3450 ἐπὶ
2719 3396 2820 3465 τῆς
2869 3396 3110 3468 κεφαλῆς
3152 3397 3424 3467 κείμενον.
3459 3395 3826 3466 Δαμπροτέρα

2158 3479 2298 3549 αὕτη
2324 3481 2357 3550 ή
2385 3479 2703 3549 παντευχία,
2730 3480 3029 3549 σεμνότερα
3054 3479 3121 3531 τά
3145 3478 3304 3543 ὅπλα,
3333 3476 3532 3547 μείζων
3552 3479 3586 3547 ή
3617 3478 3828 3549 παρρη-

2162 3562 2271 3624 σία,
2292 3560 2492 3613 πλείων
2515 3560 2548 3630 ή
2581 3560 2753 3630 ίσχύς.
2774 3562 2938 3613 ’Ὥστε
2959 3561 3053 3615 καὶ
3077 3560 3186 3613 ἀπὸ
3206 3560 3301 3613 τοῦ
3321 3560 3420 3630 τῆς
3443 3560 3619 3630 ἀρχῆς
3640 3560 3823 3628 δγκου,

2159 3644 2253 3696 καὶ
2295 3642 2404 3695 ἀπὸ
2430 3643 2531 3710 τῆς
2568 3644 2774 3706 οἰκείας
2812 3641 3235 3713 μεγαλοψυχίας,
3265 3643 3359 3696 καὶ
3387 3641 3493 3713 πρὸ
3519 3642 3631 3694 τῶν
3656 3641 3829 3696 ἄλλων

2157 3725 2434 3789 ἁπάντων,
2455 3725 2563 3778 ἀπὸ
2582 3725 2680 3795 τῆς
2700 3728 2777 3790 είς
2792 3726 2925 3779 Θεὸν
2941 3724 3173 3789 ἐλπίδος,
3192 3725 3329 3795 μετά
3351 3724 3551 3794 πολλῆς
3566 3725 3669 3793 τῆς
3690 3726 3829 3795 παῤ·

2160 3809 2373 3879 ρησίας,
2406 3806 2544 3878 μετά
2560 3807 2763 3878 πολλῆς
2775 3808 2873 3877 τῆς
2890 3808 3156 3871 συνέσεως
3171 3806 3472 3872 διαλέξεται
3493 3807 3571 3877 τῷ
3597 3806 3826 3879 βασιλεῖ.

2227 3894 2320 3963 Μὴ
2345 3893 2523 3945 τοίνυν
2553 3891 3017 3962 ἀπογινώσκωμεν
3039 3892 3184 3962 ὑπὲρ
3211 3891 3311 3961 τῆς
3329 3890 3485 3961 ήμῶν
3514 3890 3697 3943 αὐτῶν
3725 3908 3829 3942 σω-

2156 3976 2372 4047 τηρίας,
2392 3974 2529 4029 ἀλλά
2550 3974 2822 4046 δεώμεθα,
2851 3975 3280 4045 παρακαλῶμεν,
3313 3974 3666 4043 ίκετεύωμεν,
3694 3989 3826 4044 πρε-

2160 4058 2480 4130 σϐευώμεθα
2526 4059 2662 4130 πρὸς
2702 4059 2793 4113 τὸν
2837 4058 2949 4112 ἀνω
2993 4057 3217 4128 βασιλέα
3264 4057 3407 4127 μετά
3463 4056 3678 4110 πολλῶν
3734 4056 3827 4109 δα-

2159 4142 2339 4214 κρύων
2359 4158 2373 4171 ο
2397 4140 2513 4213 [59]
2536 4142 2732 4212 ἔχομεν
2762 4142 2859 4196 καὶ
2887 4141 2986 4211 τὴν
3016 4140 3268 4213 νηστείαν
3304 4140 3509 4210 ταύτην
3538 4138 3826 4210 σύμμαχον

2157 4226 2369 4297 καὶτῆς
2400 4225 2570 4295 καλῆς
2597 4225 2800 4297 ταύτης
2837 4224 3321 4296 συνεφαπτομένην
3347 4226 3477 4295 ήμῖν
3504 4222 3825 4293 πρεσϐείας.

2155 4308 2425 4379 Καθάπερ
2451 4304 2544 4363 οὖν
2581 4309 2848 4381 χειμῶνος
2881 4308 3265 4380 παρελθόντος,
3298 4306 3391 4360 καὶ
3420 4305 3612 4373 θέρους
3631 4305 3829 4375 φανέν-

2155 4409 2265 4454 τος,
2291 4390 2437 4444 ’έλκει
2465 4390 2563 4461 μὲν
2592 4391 2730 4462 πρὸς
2750 4389 2813 4444 τὸ
2837 4390 3072 4459 πέλαγος
3090 4389 3152 4443 τὸ
3173 4389 3354 4443 πλοῖον
3378 4388 3407 4440 6
3431 4386 3655 4457 ναύτης,
3693 4388 3832 4441 ἀπο·

2157 4476 2355 4545 σμήχει
2385 4474 2443 4527 δέ
2468 4476 2497 4527 6
2528 4473 2867 4546 στρατιώτης
2895 4473 2965 4527 τά
2990 4473 3151 4536 ὅπλα,
3182 4472 3277 4526 καὶ
3296 4467 3712 4541 παρασκευάζει
3739 4469 3831 4523 τὸν

2154 4559 2320 4612 ἵππον
2363 4560 2443 4621 είς
2488 4558 2743 4629 πόλεμον,
2787 4558 2883 4611 καὶ
2911 4556 3156 4627 γεωργὸς
3183 4555 3356 4626 ἀκονᾷ
3403 4553 3691 4623 δρέπανον,
3736 4552 3831 4605 καὶ

2152 4638 2431 4711 ὁδοιπόρος
2455 4639 2677 4711 θαρρῶν
2707 4640 3018 4711 ἀποδημίας
3045 4638 3278 4691 ἀπτεται
3306 4636 3659 4716 μακρᾶς,κα“ι
3688 4635 3830 4706 πρὸς

2152 4722 2278 4787 τοὺς
2301 4723 2518 4791 ἀγῶνας
2538 4722 2776 4793 ἀθλητὴς
2798 4722 3089 4775 ἀποδύεται
3116 4721 3213 4774 καὶ
3241 4717 3563 4790 γυμνοῦταιο
3592 4716 3740 4771 οὕτω
3764 4716 3830 4787 δὴ

2153 4810 2246 4863 καὶ
2276 4811 2437 4881 ἡμεῖς
2456 4851 2473 4876 ,
2512 4809 2762 4880 καθάπερ
2785 4808 2977 4879 θέρους
3008 4804 3377 4878 πνευματικοῦ
3410 4821 3554 4868 τινος
3595 4804 3696 4875 τῆς
3719 4821 3835 4873 νη·-

2155 4897 2334 4961 στείας
2360 4897 2644 4967 φανείσης,
2674 4896 2768 4949 καὶ
2787 4896 2863 4959 ὡς
2886 4894 3219 4966 στρατιῶται
3242 4893 3311 4948 τὰ
3329 4892 3471 4947 ὅπλα
3491 4891 3832 4962 ἀποσμήξωο

2156 5002 2275 5055 μεν,
2302 4986 2398 5039 καὶ
2415 4984 2492 5047 ὡς
2518 4985 2754 5057 γεωργοὶ
2779 4984 2877 5056 τὴν
2901 4982 3176 5053 δρεπάνην
3203 4981 3580 5051 ἀκονήσωμεν,
3609 4979 3705 5032 καὶ
3750 4979 3829 5042 ῶς

2153 5075 2481 5148 κυϐερνῆται
2530 5076 2669 5146 πρὸς
2730 5073 2799 5127 τὰ
2840 5073 3061 5144 κύματα
3102 5072 3210 5125 τῶν
3256 5070 3471 5123 ἀτόπων
3520 5065 3828 5136 ἐπιθυμιῶν

2152 5165 2278 5228 τοὺς
2299 5164 2591 5235 λογισμοὺς
2623 5161 3017 5233 ἀντιτάξωμεν,
3050 5162 3145 5215 καὶ
3169 5159 3245 5222 ὡς
3268 5158 3441 5211 ὁδῖται
3494 5154 3595 5225 τῆς
3626 5156 3708 5217 είς
3736 5153 3831 5207 τὸν

2149 5251 2376 5323 οὐρανὸν
2398 5249 2708 5319 ἀποδημίας
2733 5246 3019 5319 ἁψώμεθα,
3039 5250 3134 5301 καὶ
3156 5247 3233 5311 ὡς
3258 5244 3488 5315 ἀθληταὶ¹
3541 5242 3676 5313 πρὸς
3698 5242 3831 5305 τοὺς

2214 5418 2237 5444 ¹⁵
2264 5414 2389 5465 Tres
2410 5427 2524 5463 mss.
2552 5411 2756 5475 ἐκείνους
2776 5414 2895 5475 μηδὲ
2916 5412 3085 5472 ποιεῖν,
3110 5412 3229 5475 μηδί
3253 5410 3421 5471 λέγειν.

2210 5474 2238 5539 ’ξ
2268 5475 2373 5539 D90
2396 5488 2520 5539 lpssg
2535 5474 2703 5539 τοῦτον
2722 5474 2802 5523 τὸν
2833 5476 3021 5539 τρόπον.

2213 5533 2239 5559 ⁸
2264 5552 2283 5584 ι
2308 5537 2391 5586 Sic
2408 5536 2556 5586 Savil.
2580 5543 2633 5587 et
2678 5538 2774 5586 duo
2795 5527 2908 5585 ms's.
2932 5534 3089 5597 magis
3108 5534 3277 5583 ϐεκκερ
3294 5544 3439 5597 quam
3464 5527 3635 5597 λίθου’,
3654 5528 3831 5588 σάκκῳ

2145 5601 2299 5663 περιϐ.
2325 5599 2459 5663 Ευιτ.
2489 5613 2577 5663 1—-
2599 5601 2884 5663 l’auloAposl
2909 5589 3121 5659 quafuor
3149 5608 3263 5644 mss.
3294 5589 3349 5642 éL
3369 5590 3520 5643 Savil.
3550 5589 3671 5637 θεὸν
3711 5605 3831 5637 συν-

2148 5658 2390 5709 εισελθεῖν.
2433 5660 2530 5709 Alii
2550 5658 2811 5711 συνελθεῖν.

2214 5708 2239 5760 ῐί
2265 5742 2288 5764 «
2311 5720 2393 5770 Sic
2408 5708 2637 5773 ςενίιξει
2653 5708 2757 5771 ὶτιιε
2779 5734 2894 5773 mss.
2916 5721 3102 5769 rectius
3135 5732 3280 5782 quam
3306 5717 3438 5777 vulg.
3457 5712 3612 5782 αὐτός-
3804 5728 3831 5753 υ

2144 5810 2206 5854 ς
2241 5782 2366 5854 [bid.
2416 5790 2524 5854 pgst
2556 5785 2863 5854 ..σεμνότερος
2922 5774 3482 5854 σιιὶἀοω.ἀόόυῃινῐιαὶ
3530 5774 3832 5854 τιμιώτεροὲ

2145 5843 2300 5908 P_aulo
2324 5833 2432 5906 905i
2455 5845 2605 5895 Sasil.
2624 5833 2679 5895 ἐι
2712 5833 3078 5908 ηυίιιιίιιρήιεε.
3115 5844 3209 5907 ἔχει
3242 5843 3320 5889 καὶ
3347 5838 3500 5893 οὗτος.
3524 5833 3619 5886 Alli
3644 5834 3713 5897 ἔκ.
3737 5833 3831 5893 γὰρ

2149 5906 2303 5963 οὗτος.
