3998 6432
268 338 334 394 ω
1167 314 1258 370 ΔΙ)
1295 304 1613 370 POPULUM
1652 302 2136 366 ANTIOCII‘ENUM
2199 312 2426 370 HOMlL.
2470 313 2556 374 lli.
3096 356 3099 357 ν
3453 324 3522 379 50

262 442 500 500 det-abiis
540 447 597 496 et
636 436 790 492 dulce
830 429 1135 503 prtcdicavit
1164 445 1179 481 :
1207 426 1569 498 apostolorum
1613 424 1702 478 illa
1743 420 1841 475 fuit.

273 529 697 592 tabernaculum,
729 520 1083 578 habitaculum
1104 518 1388 587 iustorum.
1419 514 1571 569 Nunc
1601 512 1702 567 hoc
1728 510 1839 581 pri-

267 641 409 683 mum
444 632 503 678 et
534 621 698 676 solum
738 617 791 672 in
832 612 1101 685 principes
1126 610 1333 665 facinus
1359 615 1620 677 patratum
1649 613 1760 669 est,
1787 611 1843 657 et

267 716 498 774 civitatis
522 727 696 768 mores
724 722 883 764 omne
914 704 1243 776 prmteritum
1270 709 1484 770 tempus
1509 706 1753 753 testatur.
1785 694 1843 750 Si

268 808 406 865 enim
432 803 682 860 continue
708 798 996 853 seditiones
1014 801 1273 870 moveret,
1294 788 1687 860 improbitatem
1711 802 1842 841 con-

268 898 524 953 demeare
546 897 848 962 oporteret;
887 887 930 941 si
958 899 1089 941 vero
1112 881 1277 938 semel
1303 880 1408 936 hoc
1430 879 1575 935 omni
1605 887 1844 947 tempore

268 990 492 1056 accidit,
537 995 742 1043 certum
780 991 863 1040 est
899 980 1041 1051 quod
1087 993 1192 1034 non
1237 974 1474 1032 civitatis
1512 987 1723 1028 morum
1764 981 1849 1026 est

268 1088 542 1152 peccatum
564 1120 581 1144 ,
627 1076 723 1132 sed
764 1087 951 1130 eorum
986 1070 1079 1141 qui
1107 1066 1446 1138 impudenter
1467 1074 1525 1121 et
1554 1073 1758 1120 temere
1792 1062 1848 1117 in

270 1174 540 1228 civitatem
566 1169 890 1237 irruperunt,
918 1164 1022 1218 ista
1052 1160 1254 1216 insania
1280 1157 1400 1213 fuit.

334 1263 391 1318 2.
438 1262 567 1317 Hac
609 1258 860 1316 sacerdos
899 1265 955 1310 et
1000 1254 1155 1325 plura
1199 1252 1283 1306 his
1325 1264 1448 1306 cum
1489 1247 1677 1319 majori
1712 1246 1851 1302 dicet

275 1352 461 1408 ﬁducia
498 1369 512 1404 :
544 1350 661 1405 hac
700 1349 998 1418 Imperator
1023 1343 1244 1400 audiet:
1273 1349 1330 1397 et
1355 1341 1447 1397 ille
1488 1340 1772 1399 humanus,
1800 1346 1854 1392 et

272 1445 358 1502 hic
398 1444 607 1510 ﬁdelis,
650 1440 791 1497 unde
828 1440 1100 1509 utrimque
1142 1437 1338 1492 bonam
1385 1434 1644 1489 habemus
1680 1446 1851 1501 spem.

275 1536 396 1590 Plus
433 1543 637 1598 autem,
674 1546 838 1602 quam
867 1528 1107 1600 magistri
1147 1527 1269 1582 ﬁdei
1310 1533 1470 1595 atque
1516 1522 1857 1594 Imperatoris

277 1626 611 1692 hmanitati,
642 1624 732 1679 Dei
757 1619 1137 1678 misericordias
1162 1618 1373 1673 ﬁdimus
1404 1634 1417 1670 :
1445 1630 1569 1671 nam
1594 1623 1651 1669 et
1673 1622 1857 1683 rogato

276 1718 606 1789 imperatori,
633 1726 688 1771 et
723 1715 929 1787 roganti
957 1711 1217 1768 sacerdoti
1249 1711 1362 1779 ipse
1391 1707 1595 1763 medius
1623 1707 1855 1771 assistat,

276 1808 613 1877 imperatoris
634 1821 731 1862 cor
763 1798 1061 1868 emolliens,
1103 1799 1395 1856 sacerdotis
1439 1799 1670 1867 linguam
1715 1794 1860 1849 exci-

276 1910 414 1965 tans,
449 1896 611 1968 hujus
648 1877 821 1951 verba?
848 1892 1171 1955 secundans,
1212 1891 1353 1945 illius
1391 1898 1622 1943 mentem
1650 1900 1857 1956 praepa-

277 2004 416 2052 rans,
460 1996 521 2043 ut
562 1985 895 2055 indulgenter
933 1982 1074 2036 dicta
1123 1978 1376 2047 suscipiat
1417 1987 1471 2033 et
1512 1974 1856 2046 petitionibus

276 2086 492 2137 annuat.
542 2076 751 2131 Etenim
799 2073 1070 2129 civitatum
1131 2071 1369 2125 omnium
1426 2076 1605 2123 nostra
1650 2066 1861 2121 Chri~to

275 2165 621 2230 charissima,
644 2175 758 2222 tum
772 2160 987 2235 propter
1032 2163 1446 2234 progenitorum,
1490 2170 1599 2214 tum
1649 2170 1862 2229 propter

278 2268 504 2315 vestram
553 2258 805 2312 virtutem
836 2272 852 2309 :
881 2264 937 2311 et
980 2255 1117 2311 sicut
1172 2252 1360 2307 Petrus
1410 2251 1547 2304 inter
1590 2249 1863 2319 apostolos

279 2349 477 2417 primus
502 2347 773 2403 Christum
799 2345 1112 2418 praedicavit
1132 2385 1149 2408 ,
1181 2343 1260 2398 sic
1289 2342 1426 2396 inter
1444 2340 1705 2404 civitates,
1726 2340 1864 2394 sicut

278 2440 381 2509 jam
410 2439 543 2505 dixi,
581 2438 885 2509 luceprima
919 2447 1183 2506 tamquam
1212 2448 1464 2489 coronam
1499 2432 1860 2486 admirabilem

278 2530 700 2597 Christianorum
753 2528 870 2582 tulit
911 2525 1338 2596 appellationem.
1372 2523 1429 2577 Si
1471 2535 1599 2576 vero
1644 2520 1730 2574 ubi
1770 2519 1865 2575 de-

278 2638 389 2680 cem
448 2634 658 2679 tantum
712 2621 838 2690 justi
883 2630 1097 2684 essent,
1150 2632 1337 2671 omnes
1382 2614 1681 2670 habitantes
1727 2613 1866 2667 Deus

279 2717 450 2772 salvos
479 2730 544 2770 se
574 2715 831 2773 iacturum
865 2711 1102 2781 promisit
1153 2708 1304 2780 (Gen.
1352 2707 1437 2763 18.
1478 2706 1570 2776 52)
1600 2724 1613 2759 :
1645 2705 1731 2760 ubi
1758 2720 1864 2759 non

279 2805 457 2864 decem
489 2814 552 2861 et
577 2803 779 2875 viginti,
808 2816 979 2870 neque
1007 2801 1087 2856 bis
1118 2800 1335 2855 totidem
1359 2800 1554 2864 solum,
1583 2796 1676 2853 sed
1700 2797 1866 2851 multo

279 2899 453 2969 plures
475 2908 610 2953 sunt
639 2898 802 2951 Deum
832 2911 954 2951 cum
982 2893 1127 2949 omni
1153 2892 1419 2963 diligentia
1443 2892 1702 2955 colentes,
1729 2904 1864 2959 quo-

279 2990 433 3044 modo
476 3006 590 3044 non
645 2996 869 3057 oportet.
898 2987 1035 3042 bona
1088 3000 1336 3056 sperare,
1386 2992 1441 3038 et
1485 2982 1552 3038 de
1598 2981 1863 3038 communi

280 3091 453 3139 nostra
504 3081 744 3136 omnium
788 3080 957 3134 salute
983 3078 1294 3135 conﬁdere?
1330 3076 1521 3133 Audivi
1562 3076 1756 3130 multos
1780 3074 1866 3129 di-

281 3182 479 3239 centes,
518 3169 676 3233 Hine:
697 3171 827 3241 regis
851 3170 1008 3225 leonis
1035 3170 1126 3224 ira:
1144 3170 1330 3223 similes
1355 3166 1537 3238 (Prov.
1562 3167 1648 3222 19.
1681 3166 1792 3235 12),
1815 3173 1869 3219 et.

280 3263 453 3316 animo
481 3260 834 3317 coucidentcs
858 3269 912 3315 et
937 3260 1305 3316 lamentantes.
1332 3257 1467 3325 Quid
1497 3257 1654 3326 igitur
1681 3256 1869 3311 adver-

280 3368 366 3408 sus
415 3354 546 3410 illos
596 3354 879 3410 dicemus?
923 3352 1023 3420 Qui
1070 3352 1246 3407 dixit:
1277 3350 1413 3422 Lupi
1457 3360 1502 3405 et
1548 3350 1667 3422 agni
1720 3350 1870 3403 simul

281 3456 570 3514 pascentur,
596 3454 644 3501 et
664 3445 854 3516 pardus
877 3456 992 3498 cum
1015 3443 1158 3498 Itde
1178 3443 1414 3510 quiescet,
1441 3451 1487 3496 et
1508 3440 1585 3496 leo
1607 3451 1865 3507 tamquam

281 3537 366 3595 bos
388 3538 574 3609 paleas
597 3538 818 3592 comedet
862 3534 1013 3605 (Isai.
1046 3536 1133 3588 11.
1178 3534 1232 3588 6.
1274 3533 1328 3604 7)
1360 3551 1373 3587 :
1402 3532 1619 3589 ethunc
1658 3533 1866 3588 leonem

280 3625 513 3705 reddere
539 3639 690 3682 ovem
718 3626 914 3695 poterit
941 3631 1291 3679 mansuetam.
1318 3624 1687 3693 Supplicemus
1713 3624 1870 3694 igitur

284 3717 401 3789 ipsi,
428 3728 487 3776 et
522 3718 589 3775 ad
618 3717 791 3788 ipsum
820 3718 1109 3787 legationes
1138 3717 1425 3779 mittamus,
1447 3725 1503 3772 et
1530 3716 1871 3785 Imperatoris

282 3808 520 3869 animum
544 3810 755 3879 penitus
774 3808 1042 3877 corripiet,
1077 3808 1214 3863 etab
1243 3810 1384 3862 omni
1411 3824 1506 3862 nos
1531 3808 1741 3862 instanti
1771 3822 1872 3861 att-

254 3950 255 3953 η
282 3899 446 3969 gustia
463 3898 738 3955 liberabit.
767 3898 924 3952 Pater
949 3899 1054 3952 illic
1084 3899 1401 3967 legationem
1442 3898 1573 3963 obit,
1620 3914 1716 3954 nos
1747 3899 1872 3953 hinc

284 3988 345 4044 ad
372 3990 631 4045 canorum
667 4005 844 4059 regem
880 3989 1148 4043 mittamus
1181 3989 1518 4060 legationem,
1546 3990 1716 4058 ipsum
1745 4005 1869 4060 pre-

283 4078 430 4136 cibus
448 4077 787 4149 adiuvemus.
826 4078 1044 4132 Multum
1073 4079 1325 4134 Ecclesia:
1348 4080 1652 4134 communio
1675 4089 1868 4150 potest,

285 4165 329 4221 si
356 4169 538 4222 anima
564 4166 796 4232 dolente,
824 4167 867 4221 si
891 4167 1050 4222 corde
1076 4168 1307 4222 contrito
1333 4184 1519 4238 preces
1544 4170 1868 4225 omittamus.

284 4258 395 4315 Non
426 4275 571 4332 Opus
613 4268 696 4314 est
734 4276 882 4314 mare
909 4261 1157 4324 transire,
1209 4276 1316 4315 non
1358 4275 1492 4330 opus
1533 4271 1615 4316 est
1659 4262 1868 4333 longam

284 4351 460 4408 subire
516 4347 991 4421 peregrinationem
1024 4369 1036 4406 :
1065 4352 1256 4422 singuli
1315 4368 1377 4408 ac
1428 4353 1649 4424 singulae
1700 4366 1755 4411 et
1804 4356 1871 4410 ad

280 4443 576 4502 ecclesiam
650 4454 1025 4509 occurrentes,
1080 4454 1135 4499 et
1184 4445 1327 4500 domi
1385 4456 1661 4502 manentes
1704 4449 1872 4504 multo

288 4533 450 4591 Deum
479 4534 663 4592 studio
705 4536 1030 4603 invocemus,
1062 4544 1117 4593 et
1141 4537 1358 4592 omnino
1401 4539 1874 4609 supplicationibus

285 4637 508 4686 annuet.

352 4719 502 4777 Deus
539 4720 850 4775 vehementer
875 4727 1012 4792 cupit
1040 4731 1092 4775 ut
1132 4723 1357 4778 homines
1381 4726 1450 4778 ad
1485 4725 1650 4797 ipsum
1694 4730 1873 4798 confu-

284 4813 442 4882 giant.
469 4843 546 4856 --
575 4813 727 4870 Unde
774 4814 876 4870 hoc
915 4814 1297 4871 manifestum?
1334 4817 1484 4885 Quod
1530 4818 1874 4875 vehementer

288 4904 464 4974 cupiat
493 4917 595 4958 nos
621 4903 687 4958 ad
734 4903 906 4974 ipsum
953 4919 1166 4976 semper
1206 4907 1514 4978 confugere,
1544 4907 1596 4962 in
1627 4910 1874 4966 omnibus

286 4992 459 5059 ipsum
490 4993 789 5063 deprecari,
821 5003 876 5050 et
904 4994 1033 5050 nihil
1064 4996 1262 5068 absque
1306 4997 1421 5067 ipso
1449 4998 1530 5052 vel
1577 4999 1749 5054 facere
1790 5000 1871 5054 vel

287 5080 485 5139 direre.
520 5084 775 5140 llomines
795 5086 958 5152 enim,
984 5087 1196 5157 quando
1226 5089 1353 5157 ipsis
1373 5088 1582 5144 assidue
1605 5092 1871 5160 negotium

291 5173 602 5231 lacessimus
632 5192 729 5247 pro
760 5176 919 5231 rebus
945 5179 1159 5245 nostris,
1193 5187 1403 5249 torpent
1433 5189 1489 5236 et
1518 5183 1871 5250 tergiversan-

292 5272 394 5333 tur,
434 5275 496 5322 et
522 5281 661 5337 aegre
689 5265 904 5331 ferunt;
934 5267 1073 5323 Deus
1108 5278 1283 5324 autem
1330 5286 1547 5339 prorsus
1572 5275 1623 5327 in
1656 5285 1874 5329 contra-

292 5356 425 5411 rium
454 5375 468 5424 ;
503 5374 606 5412 non
647 5374 769 5414 cum
817 5359 914 5430 ipsi
942 5361 1190 5415 continue
1219 5363 1549 5419 occurrimus
1591 5381 1686 5435 pro
1716 5366 1876 5422 rebus

294 5449 510 5516 nostris,
540 5449 634 5506 sed
664 5466 784 5506 cum
830 5467 933 5507 non
966 5452 1067 5508 hoc
1097 5452 1339 5518 facimus,
1369 5463 1493 5508 tunc
1530 5458 1761 5513 maxime
1790 5458 1874 5513 in-

293 5536 562 5610 dignatur.
605 5542 743 5598 Audi
785 5543 942 5614 igitur
965 5546 1089 5615 quid
1133 5545 1333 5602 Iudaeis
1360 5546 1597 5615 objiciat,
1641 5548 1826 5604 dicens
1857 5566 1879 5604 :

300 5625 507 5685 Fecistis
530 5633 817 5699 consilium,
841 5645 887 5689 et
922 5652 1021 5689 non
1053 5653 1142 5706 per
1164 5654 1279 5701 me;
1304 5647 1351 5691 et
1386 5648 1552 5706 pacta,
1584 5648 1633 5693 et
1659 5655 1759 5694 non
1790 5656 1880 5711 per

300 5720 522 5787 spiritum
563 5741 730 5779 meum
784 5723 917 5797 (lsa.
977 5727 1176 5798 50.1).
1208 5726 1350 5785 Talis
1399 5727 1539 5784 enim
1585 5730 1873 5786 amantium

1943 430 2276 527 consuetudo
2290 449 2320 527 ἐ
2346 434 2524 488 omnia
2550 433 2914 491 adamatorum
2953 437 3162 507 negotia
3190 452 3284 507 per
3310 455 3368 494 se
3407 441 3520 496 ﬁeri

1946 520 2146 584 voiunt,
2173 532 2226 575 et
2261 520 2377 577 sine
2399 536 2458 578 se
2480 525 2598 579 illos
2622 541 2793 596 neque
2818 526 2995 584 facere
3018 529 3327 600 quidqum,
3354 547 3526 601 neque

1944 610 2144 666 dicere.
2166 611 2453 683 Propterea
2477 626 2531 671 et
2554 616 2695 672 Deus
2720 635 2825 673 non
2853 619 2940 676 hic
2961 630 3184 690 tantum,
3203 624 3296 679 sed
3322 632 3375 678 ct
3401 624 3526 678 alibi

1946 700 2086 757 idem
2112 718 2299 760 rursus
2326 707 2659 776 exprobrans
2684 709 2892 766 dicebat
2919 728 2933 764 :
2962 710 3334 783 Regnaverant,
3357 722 3404 767 et
3428 730 3528 767 non

1953 804 2044 857 per
2061 805 2142 843 me
2156 803 2178 840 :
2194 791 2596 858 imperaverunt,
2614 801 2663 845 et
2684 808 2787 846 non
2807 796 3233 864 signiﬁcaverunt
3250 802 3377 856 mihi
3393 801 3493 874 (Os
3509 840 3526 857 .

1953 878 2007 933 8.
2024 879 2101 948 4).
2121 877 2197 934 Ne
2214 879 2376 950 igitur
2389 889 2702 951 torpeamus
2716 885 2971 942 continue
2982 890 3046 943 ad
3065 887 3243 958 ipsum
3260 893 3526 965 confuge-

1946 984 2034 1032 re,
2051 973 2258 1036 etquod
2278 987 2443 1039 grave
2455 971 2867 1035 luerit,omnino
2878 981 3173 1035 remedium
3188 985 3520 1038 conveniens

1948 1069 2194 1134 accipiet.
2246 1066 2457 1123 Terruit
2502 1065 2890 1126 homoleurre
2930 1068 2998 1125 ad
3022 1084 3308 1141 supernum
3349 1071 3532 1127 Domi—

1953 1170 2102 1223 num,
2141 1164 2196 1211 et
2241 1157 2314 1211 nil
2356 1172 2519 1227 grave
2567 1159 2787 1228 patieris
2816 1176 2832 1215 :
2860 1161 2938 1215 sic
2976 1161 3174 1231 antiqui
3205 1163 3533 1218 calamitates

1952 1246 2283 1312 avertebant,
2329 1263 2435 1303 nou
2481 1256 2685 1304 tantum
2729 1251 2848 1315 viri,
2894 1251 2989 1306 sed
3017 1262 3072 1306 et
3099 1253 3369 1308 mulieres.
3414 1252 3534 1309 Fuit

1953 1337 2197 1408 quadam
2226 1341 2419 1397 mulier
2438 1342 2682 1409 Hebraea,
2714 1344 2902 1400 Esther
2922 1346 3175 1401 nomine:
3205 1347 3318 1402 haec
3344 1348 3527 1403 Esther

1955 1431 2261 1485 universum
2303 1432 2608 1489 Judazorum
2650 1435 2901 1504 populum
2953 1436 3316 1492 internecione
3353 1438 3531 1493 delen-

1954 1520 2081 1576 dum
2110 1523 2190 1577 sic
2215 1523 2425 1599 eripuit.
2472 1524 2756 1595 Postquam
2781 1528 3060 1582 Persarum
3088 1544 3181 1583 rex
3207 1545 3396 1583 omnes
3420 1544 3537 1600 pas-

1957 1617 2057 1671 sim
2083 1615 2296 1671 Judaaos
2322 1617 2552 1672 interimi
2576 1617 2754 1688 jussit,
2786 1634 2906 1674 cum
2932 1620 3109 1675 nullus
3130 1631 3273 1676 esset
3299 1622 3387 1691 qui
3413 1637 3540 1676 conv

1959 1714 2038 1762 tra
2056 1709 2190 1762 iram
2208 1709 2348 1764 illius
2361 1709 2622 1765 obsistere
2643 1720 2839 1779 posset,
2861 1710 3273 1780 splendidiorem
3292 1717 3538 1769 vestitum

1957 1809 2115 1855 exuta
2160 1800 2373 1867 mulier,
2402 1811 2455 1857 et
2484 1816 2638 1857 sacco
2663 1803 2891 1868 amicta,
2913 1813 2968 1858 et
3010 1803 3193 1860 cinere
3227 1805 3496 1861 substrato
3523 1848 3539 1872 ,

1959 1891 2154 1946 divina:
2198 1892 2495 1948 clementia
2538 1893 2887 1962 supplicabat,
2935 1904 2994 1948 ut
3038 1910 3218 1950 secum
3248 1897 3314 1951 ad
3363 1913 3540 1968 regem

1960 1980 2346 2052 ingrederetur,
2380 1993 2435 2038 et
2463 1985 2578 2038 iure
2601 1985 2954 2054 precabatur:
2975 1985 3152 2053 Grata,
3198 1987 3429 2051 Domine,
3460 1994 3541 2060 fac

1960 2072 2108 2124 verba
2137 2089 2267 2137 mea,
2300 2083 2345 2128 et
2366 2075 2434 2127 da
2456 2091 2735 2129 sermonem
2764 2084 3003 2130 ornatum
3024 2078 3077 2130 in
3103 2094 3161 2131 os
3185 2093 3347 2132 meum
3369 2077 3541 2151 (Estlt.

1962 2163 2049 2218 14.
2076 2162 2187 2235 15).
2214 2164 2339 2220 llaec
2359 2176 2414 2221 et
2439 2181 2536 2231 pro
2561 2167 2812 2237 magistro
2836 2182 2936 2222 nos
2955 2183 3096 2223 nunc
3125 2169 3285 2225 Deum
3305 2185 3541 2226 oremus.

1961 2254 2016 2310 Si
2061 2257 2205 2312 enim
2251 2258 2446 2311 mulier
2495 2272 2592 2328 pro
2632 2258 2834 2314 Judmis
2877 2259 3183 2329 supplicans
3212 2260 3543 2316 barbaricum

1963 2348 2214 2404 cohibere
2257 2349 2490 2405 furorem
2517 2352 2688 2421 potuit
2719 2370 2734 2406 :
2764 2351 3126 2423 multo-magis
3153 2352 3341 2409 doctor
3365 2365 3545 2410 noster

1966 2454 2063 2508 pro
2091 2449 2234 2495 tanta
2263 2441 2496 2508 civitate,
2525 2451 2582 2498 et
2608 2458 2728 2498 cum
2756 2454 2899 2499 tanta
2927 2444 3161 2501 Ecclesia
3200 2447 3503 2517 supplicans
3529 2489 3544 2514 ,

1967 2534 2402 2604 benignissimum
2430 2545 2483 2589 et
2512 2536 2850 2591 mitissimum
2881 2536 3023 2592 hunc
3050 2537 3422 2607 Imperatorem
3450 2539 3521 2594 ﬁe

1964 2637 2109 2679 ctere
2149 2628 2359 2696 poterit.
2395 2626 2452 2682 Si
2488 2627 2629 2681 enim
2673 2638 2889 2698 peccata
2918 2629 2970 2681 in
2998 2628 3162 2683 Deum
3191 2629 3428 2685 solvendi
3458 2646 3542 2700 po.

1967 2725 2213 2773 testatem
2260 2719 2485 2788 accepit,
2518 2717 2684 2773 multo
2710 2720 2882 2789 magis
2926 2720 2980 2774 in
3026 2719 3297 2775 hominem
3344 2731 3548 2790 patrata

1966 2814 2241 2868 destruere
2266 2822 2321 2869 et
2346 2813 2527 2867 delere
2573 2813 2787 2883 poterit.
2822 2814 3074 2883 Princeps
3097 2823 3179 2870 est
3202 2814 3288 2869 hic
3315 2829 3548 2884 quoque,

1965 2915 2021 2961 et
2044 2905 2256 2976 quidem
2301 2905 2393 2959 illo
2436 2905 2745 2960 honoratior
2772 2906 2835 2960 ιε
2879 2907 3077 2961 etenim
3125 2906 3295 2975 ipsum
3345 2908 3548 2978 regium

1966 3006 2125 3069 caput
2169 3012 2336 3053 sacrae
2365 2997 2511 3067 leges
2558 2998 2788 3052 ferentes
2820 2997 2974 3065 hujus
3021 2998 3265 3053 manibus
3310 2999 3551 3067 subjece-

1967 3099 2090 3143 runt
2121 3106 2135 3143 :
2162 3098 2215 3141 et
2259 3088 2470 3156 quando
2498 3088 2697 3157 aliquid
2730 3088 2853 3142 boni
2888 3089 3101 3144 cmlitus
3126 3089 3427 3159 requiritur,
3459 3106 3550 3144 rex

1966 3182 2033 3235 ad
2061 3180 2415 3245 sacerdotem,
2449 3195 2553 3234 non
2579 3180 2827 3236 sacerdos
2853 3180 2918 3234 ad
2946 3194 3124 3250 regem
3155 3180 3443 3249 confugere
3466 3196 3552 3233 so-

1969 3275 2093 3328 litus
2119 3284 2221 3327 est.
2247 3272 2417 3327 Habet
2446 3272 2532 3328 hic
2557 3287 2767 3343 quoque
2799 3271 3017 3341 iustitia:
3046 3272 3286 3333 loricam,
3316 3272 3473 3326 habet
3498 3283 3552 3326 et

1967 3364 2235 3436 cingulum
2276 3362 2536 3430 veritatis,
2587 3362 2748 3418 habet
2773 3373 2826 3418 et
2853 3363 3207 3418 calceamenta
3256 3365 3424 3417 mttlto
3452 3362 3550 3416 ho-

1970 3456 2205 3511 nestiora
2229 3454 2295 3508 ab
2323 3454 2599 3525 evangelio
2640 3455 2784 3524 pacis
2813 3472 2828 3508 :
2862 3452 3021 3509 habet
3062 3463 3116 3508 et
3143 3452 3402 3524 gladium,
3447 3469 3551 3508 non

1969 3565 2036 3604 ex
2054 3548 2214 3612 ferro,
2239 3545 2331 3601 sed
2357 3547 2605 3616 spiritus:
2629 3545 2783 3601 habet
2806 3554 3128 3601 etcomnam
3156 3546 3312 3615 capiti
3337 3546 3553 3615 imposi-

1972 3649 2099 3694 tam.
2116 3637 2456 3708 Splendidior
2478 3639 2590 3693 hmc
2610 3646 2904 3705 armatura,
2923 3637 3235 3706 pretiosiora
3258 3636 3371 3690 haec
3385 3650 3552 3701 arma,

1970 3731 2142 3799 major
2170 3729 2381 3796 ﬁducia,
2421 3728 2592 3798 major
2634 3730 2733 3782 vis.
2784 3729 2966 3798 Itaque
2994 3736 3049 3782 et
3091 3741 3188 3797 pro
3234 3725 3556 3797 principatus

1971 3822 2349 3893 magnitudine,
2381 3830 2436 3876 et
2458 3822 2672 3890 propria
2716 3821 3166 3890 magnanimitate,
3191 3828 3244 3873 et
3281 3829 3405 3872 ante
3434 3819 3556 3872 reli-

1970 3930 2072 3986 qua
2093 3914 2292 3979 omnia,
2323 3927 2420 3982 pro
2447 3913 2595 3966 ﬁrma
2624 3911 2678 3964 in
2702 3911 2864 3965 Deum
2890 3924 3005 3979 spe,
3033 3925 3153 3963 cum
3174 3909 3341 3963 multa
3368 3907 3555 3963 ﬁducia

1970 4017 2025 4063 et
2054 4007 2332 4076 prudentia
2362 4004 2739 4074 Imperatorem
2767 4001 3085 4071 alloquetur.

2042 4099 2096 4154 3.
2124 4097 2202 4152 Ne
2233 4097 2390 4167 igitur
2415 4095 2482 4149 de
2510 4094 2681 4149 salute
2707 4102 2888 4147 nostra
2917 4091 3282 4160 desperemus,
3307 4090 3402 4145 sed
3431 4103 3558 4159 sup-

1973 4193 2248 4264 plicemus,
2277 4203 2579 4261 precemur,
2606 4199 2866 4257 petamus,
2896 4198 3132 4246 oremus,
3162 4182 3227 4238 ad
3270 4197 3556 4251 supernum

1974 4284 2170 4354 Regem
2215 4281 2396 4337 multis
2436 4295 2559 4336 cum
2604 4277 2855 4347 lacrymis
2896 4275 3212 4346 legationem
3242 4274 3554 4329 mittamus:

1975 4379 2231 4433 habemus
2270 4386 2324 4432 et
2345 4374 2604 4445 jejunium
2651 4371 2753 4426 hoc
2777 4383 3096 4440 eooperans,
3125 4367 3178 4422 in
3207 4366 3310 4422 hac
3338 4366 3556 4437 pulchra

1972 4470 2237 4543 legatione
2266 4469 2419 4524 nobis
2444 4465 2744 4522 adhterens.
2769 4464 2916 4520 Sicut
2944 4465 3120 4533 itaque
3146 4460 3410 4530 praeterita
3455 4458 3558 4515 hie.
3648 4460 3652 4463 ’

1971 4578 2078 4626 me,
2103 4569 2160 4616 ct
2186 4568 2372 4616 testate
2397 4566 2705 4630 apparente,
2733 4563 2891 4610 nauta
2918 4554 3093 4608 navim
3125 4553 3176 4608 in
3220 4567 3365 4607 mare
3391 4552 3561 4606 dedu-

1972 4655 2067 4718 cit,
2098 4653 2252 4708 miles
2277 4665 2423 4705 arma
2451 4649 2711 4719 deterget,
2741 4660 3042 4718 equumque
3070 4645 3137 4699 ad
3162 4645 3355 4699 bellum
3389 4651 3556 4714 parat,

1973 4745 2206 4816 agricola
2249 4744 2392 4799 acuit
2434 4742 2643 4807 falcem,
2675 4742 2845 4796 viator
2873 4738 3080 4795 ﬁduciae
3111 4738 3301 4807 plenus
3348 4736 3561 4807 longum

1975 4838 2077 4892 iter
2112 4836 2438 4907 aggreditur,
2481 4842 2535 4889 et
2578 4832 2647 4887 ad
2686 4831 2976 4887 certamina
3008 4830 3148 4900 pugil
3194 4827 3561 4896 exspoliatur,

1975 4945 2139 5001 seque
2180 4927 2415 4985 denudat
2446 4945 2460 4981 :
2491 4927 2571 4982 sic
2611 4935 2666 4979 et
2707 4939 2807 4979 nos
2826 4924 3028 4994 jejunio
3079 4933 3346 4992 tamquam
3378 4932 3563 4978 testate

1973 5022 2201 5092 quadam
2223 5020 2481 5091 spirituali
2498 5027 2804 5088 apparente,
2832 5026 2887 5071 et
2909 5028 3054 5071 arma
3075 5022 3344 5085 tamquam
3370 5015 3561 5070 milites

1975 5117 2358 5185 abstergamus,
2404 5112 2591 5167 falcem
2640 5124 2892 5164 acuamus
2922 5118 3190 5179 tamquam
3217 5109 3484 5178 agricola,
3511 5118 3560 5163 et

1977 5217 2246 5279 tamquam
2301 5214 2477 5261 nauta:
2539 5212 2723 5259 contra
2794 5202 3147 5258 absurdarum
3212 5203 3560 5272 cupiditatum

1974 5301 2170 5359 ﬂictus
2197 5301 2546 5371 cogitationes
2587 5313 2940 5369 opponamus,
2983 5308 3038 5353 et
3080 5313 3178 5354 ceu
3226 5298 3455 5350 v’atores
3495 5294 3562 5348 ad

1973 5394 2163 5451 ctelum
2191 5393 2293 5449 iter
2319 5393 2671 5457 instituamus,
2701 5401 2755 5448 et
2781 5394 2928 5464 quasi
2956 5394 3160 5463 pugiles
3182 5390 3247 5445 ad
3273 5384 3561 5443 certamina

1979 5486 2272 5558 speliemur
2300 5504 2315 5551 ;
2346 5486 2519 5541 ﬁdelis
2541 5488 2683 5540 enim
2708 5492 2765 5541 et
2789 5486 3042 5556 agricola,
3065 5492 3118 5539 et
3144 5482 3488 5550 gubernator,
3511 5490 3559 5534 et

1980 5580 2154 5647 miles,
2185 5589 2239 5636 et
2261 5579 2480 5647 athleta,
2505 5588 2557 5635 et
2577 5579 2750 5635 viator
2772 5587 2874 5634 est.
2905 5576 3107 5632 Idcirco
3134 5572 3331 5628 Paulus
3354 5586 3565 5643 quoque

2051 5737 2188 5798 Post,
2250 5732 2536 5795 honoratior,
2553 5733 2742 5800 quidam
2780 5731 2974 5793 addunt,
3006 5734 3051 5781 et
3074 5726 3227 5796 magis
3252 5727 3541 5779 rererendus
