3998 6422
458 303 535 357 51·
1169 302 1225 358 8.
1265 300 1541 358 δολΝΝιδ
1578 297 2053 358 0111ὶῖ505ΤοΜί

2170 297 2408 354 ιοΗΙΕΡ.
2447 293 2982 352 CONSTANTINOP.
3677 306 3742 360 52

458 411 590 467 dicit
616 431 630 466 :
656 411 777 470 Non
808 424 882 468 est
925 413 1068 467 nobis
1096 414 1232 467 lucta
1271 412 1509 466 adversus
1546 409 1844 481 sanguinem
1868 419 1914 465 et
1942 427 2053 464 car-

460 518 596 571 nem,
626 507 716 560 sed
733 507 972 560 adversus
1000 505 1309 574 principatus
1335 513 1380 558 et
1401 513 1668 572 potestates
1695 519 1714 558 :
1738 504 1934 557 induite
1957 503 2055 573 igi-

461 605 546 649 tur
577 610 890 651 armaturam
917 597 1008 650 Dei
1051 595 1265 666 (Ephes.
1297 595 1351 650 6.
1384 595 1495 666 12).
1541 595 1727 650 Vidisti
1757 594 2057 652 athletam?

463 686 643 742 vidisti
675 687 940 742 militent?
967 686 1021 741 Si
1053 685 1253 740 athleta
1286 699 1365 749 cs,
1413 683 1612 739 nudum
1659 686 1710 738 in
1737 695 2006 739 certamen
2037 685 2052 718 ’

465 789 519 834 te
548 778 874 835 descendere
899 787 1107 848 oportet
1130 793 1145 842 ;
1177 779 1221 832 si
1245 778 1421 845 miles,
1444 787 1706 832 armatum
1733 776 1799 830 ad
1826 793 2054 848 pugnam

463 872 759 926 consistere
790 885 1008 925 necesse
1036 879 1120 926 est
1146 888 1159 924 :
1189 869 1456 942 quomodo
1495 870 1654 940 igitur
1693 869 1809 925 lucc
1835 879 2058 942 utraque

467 962 627 1016 simul
655 978 778 1017 esse
821 963 1048 1033 possint,
1079 971 1134 1017 et
1177 961 1377 1016 nudum
1407 977 1550 1028 esse,
1577 970 1632 1018 et
1675 977 1782 1016 non
1814 963 2054 1016 nudum:

463 1062 520 1107 et
564 1053 828 1110 indutum.
873 1062 928 1108 et
975 1069 1082 1108 non
1129 1051 1556 1118 indutumiQuo
1600 1053 1812 1108 tandem
1855 1051 2052 1108 ntodo‘t

462 1159 565 1214 ego
593 1145 788 1200 dicam.
821 1145 978 1200 Exue
1004 1145 1127 1199 vitae
1172 1145 1404 1214 negotia,
1435 1155 1488 1199 et
1517 1145 1713 1200 athleta
1760 1145 1927 1200 lactus
1953 1159 2014 1200 es
2043 1169 2057 1204 :

465 1233 629 1291 indue
668 1250 816 1290 arma
865 1234 1183 1305 spiritualia,
1229 1244 1285 1289 et
1326 1235 1496 1288 lactus
1519 1250 1579 1290 es
1600 1235 1774 1290 miles.
1805 1235 2057 1305 Teipsum

465 1326 587 1380 vitae
633 1327 778 1381 curis
821 1325 1070 1391 denuda;
1121 1325 1279 1380 lucta:
1319 1325 1460 1380 enim
1498 1334 1704 1395 tempus
1733 1335 1816 1381 est
1855 1343 1870 1379 :
1909 1341 2056 1380 arma

463 1415 684 1483 spiritus
731 1414 924 1480 indue;
956 1415 1152 1470 bellum
1197 1415 1339 1469 enim
1381 1415 1537 1470 nobis
1575 1424 1762 1470 contra
1785 1415 2059 1470 daemones

463 1507 753 1560 conﬂatum
783 1515 866 1561 est
893 1523 1074 1577 grave.
1121 1507 1410 1577 Propterea
1438 1517 1492 1561 et
1530 1506 1729 1561 nmium
1754 1522 1873 1562 esse
1898 1523 2059 1578 opor-

467 1605 563 1661 tet,
598 1606 652 1650 ut
680 1597 878 1652 nullam
908 1597 1122 1665 diabolo
1155 1598 1427 1653 uobiscum
1455 1598 1674 1653 luctanti
1703 1614 1886 1654 ansam
1918 1616 2056 1667 pra--

469 1688 710 1756 beamus,
761 1697 815 1744 et
869 1689 1100 1760 undique
1155 1690 1375 1756 armari,
1426 1698 1486 1745 ut
1533 1705 1792 1760 nusquam
1847 1691 2058 1746 letalem

464 1782 675 1852 plagam
703 1782 1047 1850 accipiamus.
1097 1781 1296 1836 Excole
1338 1780 1568 1836 animam
1603 1793 1768 1847 tuam,
1797 1793 1850 1837 et
1879 1784 2060 1852 spinas

466 1873 655 1928 excide
679 1889 694 1928 :
717 1873 921 1928 semina
939 1874 1156 1928 verbum
1183 1875 1415 1944 pietatis,
1437 1873 1691 1944 pulchras
1706 1874 2059 1945 pltilOSoplIia‘.

467 1965 676 2034 plantas
719 1966 913 2031 insere,
944 1974 1002 2020 et
1028 1981 1147 2020 cum
1193 1967 1360 2020 multa
1391 1966 1661 2036 diligentia
1691 1967 1978 2035 repastina,
2006 1976 2061 2020 et

462 2057 693 2125 agricola
726 2057 896 2112 factus
923 2073 1005 2125 cs,
1051 2059 1250 2128 tibique
1281 2057 1423 2113 dicet
1447 2059 1645 2113 Paulus
1675 2077 1688 2112 :
1722 2057 2059 2112 Laborantem

459 2149 737 2218 agricolam
783 2158 981 2219 oportet
1022 2149 1241 2220 primum
1282 2153 1473 2221 fructus
1503 2151 1760 2220 percipere
1799 2148 1874 2220 (2.
1922 2148 2057 2203 Tim.

465 2239 521 2292 2.
553 2238 630 2311 6).
679 2240 827 2294 llanc
864 2249 918 2294 ct
947 2240 1060 2308 ipse
1106 2249 1278 2294 artem
1307 2241 1569 2296 tractabat
1601 2257 1616 2293 :
1645 2239 1847 2295 idcirco
1875 2240 2060 2293 Corin-

467 2330 593 2384 thiis
640 2330 880 2386 scribens
903 2330 1116 2385 dicebat
1144 2348 1158 2385 :
1190 2329 1302 2400 Ego
1331 2329 1576 2399 plantavi,
1621 2329 1802 2398 Apollo
1838 2329 2057 2399 rigavit,

464 2421 599 2475 Deus
642 2431 808 2476 autem
848 2422 1210 2476 incrementum
1239 2421 1377 2474 dedit
1421 2420 1500 2491 (l.
1553 2420 1674 2475 Cor.
1703 2421 1756 2474 '5.
1789 2418 1870 2490 6).
1916 2422 2062 2475 Acuc

465 2511 654 2566 falcem
685 2521 854 2579 tuam,
891 2526 1050 2582 quam
1079 2526 1178 2582 per
1199 2511 1470 2581 crapulam
1502 2509 1784 2574 hebetasti,
1810 2524 1943 2566 acue
1968 2525 2062 2580 per

461 2603 741 2673 jejunium,
761 2603 1052 2674 aggredere
1077 2605 1179 2659 iter
1208 2603 1260 2658 in
1285 2602 1474 2657 ctelum
1507 2602 1705 2669 ferens,
1733 2617 1977 2672 asperam
2001 2612 2058 2658 et

467 2705 746 2765 angustam
783 2695 926 2749 viam
969 2693 1170 2766 attinge
1198 2702 1254 2749 et
1294 2694 1527 2749 ambula.
1559 2693 1840 2760 Quomodo
1885 2705 2059 2748 autem

466 2785 669 2855 poteris
712 2794 766 2839 et
795 2786 1058 2856 attingere
1102 2794 1159 2840 ct
1201 2783 1830 2855 ambulare?Castigaus
1869 2800 2062 2854 corpus

462 2883 693 2938 tuum,et
716 2873 768 2928 in
786 2873 1095 2929 servitutem
1123 2872 1374 2944 redigens
1397 2891 1409 2926 :
1434 2874 1519 2928 ubi
1541 2875 1682 2928 enim
1706 2874 1787 2928 via
1815 2887 2058 2944 anguSla,

464 2982 713 3038 magnum
744 2967 1182 3036 impedimentum
1201 2977 1284 3022 cst
1299 2967 1474 3022 carnis
1490 2982 1553 3022 ex
1569 2969 1784 3037 crapula
1804 2969 2058 3037 obesitas.

463 3058 736 3113 Absurdas
768 3059 937 3112 nudas
959 3059 1510 3128 concupiscentiarum
1562 3059 1816 3129 reprime,
1863 3063 2061 3130 repelle

461 3150 824 3220 improbarum
884 3149 1118 3207 hiemem
1157 3151 1555 3222 cogitationum,
1587 3166 1740 3206 serva
1765 3153 2054 3222 navigium,

459 3243 678 3298 multam
705 3243 928 3299 ostende
947 3245 1216 3314 peritiam,
1242 3253 1295 3300 et
1322 3243 1492 3299 factus
1518 3259 1579 3299 es
1598 3246 1920 3314 gubernator
1945 3247 1987 3297 ³.

531 3333 735 3390 Horum
778 3343 958 3389 autem
1006 3335 1246 3388 omnium
1290 3335 1444 3389 nobis
1472 3335 1690 3388 materia
1723 3334 1982 3404 jejunium
2009 3344 2063 3390 et

463 3424 718 3493 magister
747 3432 852 3490 cst,
891 3423 1152 3494 jejunium
1183 3433 1362 3478 autem
1394 3425 1514 3478 dico
1542 3439 1646 3478 non
1676 3425 1778 3479 boc
1806 3426 2020 3494 vulgare
2044 3467 2060 3493 ,

461 3513 554 3569 sed
583 3524 888 3568 accuratum
911 3513 1175 3584 jejunium
1209 3529 1354 3568 :non
1387 3523 1588 3568 tantum
1629 3515 1868 3570 ciborum
1895 3517 2061 3570 absti-

465 3603 726 3668 nentiam,
754 3605 848 3660 sed
876 3616 930 3660 et
952 3615 1290 3676 peccatorum
1323 3623 1338 3660 :
1367 3622 1475 3660 non
1499 3607 1642 3660 enim
1664 3606 1848 3677 jejunii
1873 3615 2058 3660 natura

461 3697 768 3767 jejunantes
795 3713 988 3755 eruere
1033 3699 1194 3765 valet,
1241 3699 1342 3754 nisi
1374 3715 1606 3769 congrua
1633 3716 1755 3755 cum
1786 3701 1902 3768 lege.
1951 3702 2057 3754 liat.

470 3789 678 3844 Etenim
722 3790 940 3858 athleta,
991 3791 1182 3860 inquit,
1233 3789 1353 3844 Non
1383 3807 1676 3858 coronatur,
1723 3791 1818 3845 nisi
1848 3793 2064 3862 legitime

463 3881 726 3936 certaverit
755 3881 830 3952 (2.
868 3881 1002 3936 Tim.
1033 3882 1085 3936 2.
1123 3882 1203 3954 5).
1235 3881 1312 3937 Ne
1339 3882 1498 3953 igitur
1526 3882 1666 3937 inter
1685 3883 1872 3953 jejunii
1918 3884 2036 3938 Iabo

463 3990 578 4029 rem
603 3991 633 4028 a
655 3974 846 4045 jejunii
875 3990 1074 4031 corona
1101 3973 1434 4042 cxcidamus,
1461 3974 1728 4029 discamus
1758 3976 1985 4045 qualiter
2009 3987 2063 4032 et

462 4065 735 4137 quomodo
777 4065 1083 4134 bujusmodi
1140 4067 1409 4133 negotium
1458 4073 1687 4122 tractare
1727 4067 2060 4122 debeamus:

464 4157 718 4226 quoniam
748 4167 804 4212 et
832 4156 1137 4212 Pbarisams
1183 4156 1273 4210 ille
1292 4156 1576 4226 jejunavit,
1627 4156 1722 4210 sed
1771 4167 1890 4225 post
1925 4157 2034 4225 jeju

468 4250 616 4303 nium
646 4247 773 4304 illud
809 4247 1089 4304 descendit
1117 4248 1310 4312 inanis,
1338 4258 1394 4302 et
1434 4247 1621 4316 jejunii
1667 4247 1926 4302 fructibus
1970 4265 2061 4301 va-

467 4355 602 4395 cuus
629 4357 644 4395 :
674 4339 986 4411 publicanus
1017 4355 1122 4395 non
1147 4339 1426 4410 jejunavit,
1470 4350 1526 4395 et
1570 4340 1895 4394 Pbarismum
1917 4340 2060 4410 jeju-

467 4440 686 4488 nantem
711 4431 983 4501 praecessit
1029 4447 1135 4485 non
1162 4431 1412 4500 jejunans
1450 4431 1600 4501 (Luc.
1643 4433 1730 4488 18.
1765 4433 1979 4504 10-14),
2009 4443 2066 4486 ut

469 4524 648 4578 discas
672 4521 814 4592 quod
837 4521 1026 4591 jejunii
1050 4521 1249 4575 utilitas
1275 4523 1439 4584 nulla.
1464 4524 1563 4576 nisi
1585 4533 1639 4578 et
1665 4525 1864 4596 reliqua
1885 4526 2064 4580 onmia

467 4624 888 4686 consequantur.

537 4705 738 4779 Jejum't'
763 4705 957 4760 utilitas
981 4706 1145 4772 nulla,
1178 4707 1276 4761 nisi
1294 4723 1326 4760 a
1351 4707 1482 4760 vittis
1507 4707 1944 4763 abstineamus.—-
1969 4711 2064 4765 Je-

463 4801 787 4869 junaverunt
807 4797 1076 4864 Ninivitzc,
1095 4807 1150 4853 ct
1171 4798 1262 4852 Dei
1284 4797 1708 4853 misericordiam
1727 4799 2062 4856 elicuerunt:

463 4891 843 4962 jejunaverunt
865 4899 920 4946 et
946 4888 1118 4945 Judaei
1139 4931 1154 4957 ,
1183 4898 1238 4944 et
1263 4889 1394 4944 nihil
1419 4889 1795 4958 profecerunt,
1828 4891 1921 4946 sed
1953 4893 2069 4946 eul-

472 4983 580 5054 pati
619 4981 885 5037 abierunt.
931 4982 1065 5051 Quia
1107 4981 1266 5052 igitur
1307 4989 1512 5036 tantum
1538 4980 1728 5051 jejunii
1768 4982 2066 5052 periculum

469 5084 556 5132 est
603 5075 963 5131 nescientibus
1003 5075 1272 5145 quomodo
1314 5074 1561 5145 jejuuare
1601 5085 1854 5144 Oportet,
1876 5074 2066 5145 jejunii

471 5171 616 5242 leges
639 5169 907 5224 discamus
926 5209 943 5234 ,
969 5183 1037 5224 ne
1061 5168 1113 5224 in
1142 5169 1402 5224 incertum
1434 5183 1712 5223 curramus
1731 5210 1744 5232 ,
1774 5185 1843 5224 ne
1888 5185 2065 5223 aerem

472 5264 819 5319 verbercmus
839 5303 854 5326 ,
878 5277 984 5316 neu
1033 5270 1330 5332 pugnantes
1357 5277 1477 5316 cum
1509 5262 1696 5316 umbra
1731 5262 2065 5317 dimicemus.

471 5355 728 5411 Medicina
775 5362 860 5410 est
896 5353 1199 5424 jejunium,
1241 5353 1336 5409 sed
1387 5353 1646 5409 medicina
1697 5355 1824 5409 licet
1875 5353 2068 5408 millies

472 5452 614 5506 utilis
637 5451 728 5514 sit,
757 5465 852 5520 per
877 5448 1073 5503 utentis
1102 5447 1424 5516 imperitiam
1448 5446 1648 5502 inutilis
1673 5463 1817 5516 swpe
1841 5448 1917 5513 lit;
1947 5462 2068 5501 nam

476 5555 634 5597 nosse
676 5550 888 5611 oportet
927 5549 982 5595 et
1027 5549 1236 5608 tempus
1275 5553 1382 5607 quo
1429 5539 1597 5609 ipsam
1638 5537 1894 5594 adhibere
1936 5553 2071 5608 Opus

543 5673 559 5739 ξ
597 5678 763 5739 Unus:
791 5681 841 5721 In
862 5671 1090 5739 stadium.
1190 5738 1195 5739 γ
1362 5730 1370 5739 ,

543 5737 562 5762 '
600 5733 782 5792 Aliquot
808 5741 934 5787 διες..
959 5736 1252 5784 Gubernator
1273 5733 1496 5794 optimus.

2163 411 2270 476 sit,
2303 417 2358 465 et
2405 409 2569 480 ipsius
2607 406 2977 463 medicamenti
3027 407 3371 478 quantitatem
3415 421 3468 466 et
3510 419 3742 484 corporis

2164 501 2505 571 temperiem,
2535 508 2590 554 ct
2617 499 2850 570 regionis
2877 508 3117 554 naturam
3137 541 3154 566 ,
3184 511 3239 555 et
3265 504 3389 556 anni
3421 512 3628 574 tempus
3647 546 3661 570 ,
3691 518 3742 562 et

2163 607 2452 663 congruum
2478 591 2696 658 victum,
2717 602 2773 646 et
2797 591 2962 644 multa
2990 591 3091 646 alia
3116 608 3128 643 :
3152 607 3376 662 quorum
3407 595 3455 648 si
3480 594 3744 664 quodlibet

2164 685 2579 754 pratermissum
2619 681 2812 746 fuerit,
2854 683 3077 754 reliquis
3128 686 3376 740 omnibus
3401 729 3416 752 ,
3445 702 3563 757 quae
3608 690 3742 745 dicta

2162 785 2284 831 sunt
2307 819 2322 842 ,
2354 775 2584 831 nocebit.
2615 775 2670 830 Si
2706 784 2883 829 autem
2925 776 3009 830 ubi
3040 776 3250 846 corpori
3277 777 3478 832 mederi
3503 789 3742 848 oportet,

2165 880 2307 926 tanta
2333 870 2488 925 nobis
2513 886 2648 941 opus
2666 879 2750 925 est
2773 870 3044 941 diligentia
3073 890 3086 925 :
3116 871 3281 926 multo
3307 874 3476 943 magis
3495 890 3615 928 cum
3635 877 3746 928 ani-

2163 977 2305 1017 mam
2343 977 2590 1017 curemus
2612 1003 2627 1026 ,
2654 971 2710 1017 et
2747 962 3155 1033 cogitationibus
3199 964 3510 1018 medeamur
3529 1006 3544 1031 ,
3571 967 3744 1020 omnia

2161 1054 2407 1120 scrutari,
2435 1063 2488 1110 et
2515 1067 2637 1110 cum
2666 1052 2812 1108 omni
2843 1052 3124 1110 sedulitate
3151 1054 3494 1112 considerare
3531 1071 3746 1114 necesse

2161 1154 2264 1198 est.

2232 1238 2288 1291 4.
2311 1235 2596 1291 Videamus
2625 1236 2782 1307 igitur
2801 1236 3068 1307 quomodo
3090 1236 3335 1293 Ninivita:
3351 1238 3744 1309 jejunaverunt,

2162 1335 2217 1382 ct
2241 1327 2509 1396 quomodo
2539 1326 2608 1382 ab
2636 1327 2726 1382 illa
2754 1327 2958 1383 liberati
2989 1339 3115 1383 sunt
3140 1330 3237 1384 ira.
3271 1328 3519 1384 Homines
3540 1373 3556 1396 ,
3589 1342 3635 1385 et
3655 1333 3746 1401 ju-

2164 1429 2347 1484 menta,
2368 1430 2414 1474 et
2429 1435 2562 1485 oves,
2584 1430 2629 1474 et
2645 1420 2791 1476 boves
2809 1437 2872 1475 ne
2896 1432 3170 1491 pascantur
3195 1421 3340 1494 (Jan.
3369 1423 3423 1478 5.
3451 1422 3527 1493 7),
3557 1424 3745 1494 inquit.

2163 1511 2299 1578 Quid
2342 1511 2511 1566 dicis?
2541 1511 2628 1566 dic
2654 1511 2816 1577 mibi;
2845 1521 2900 1567 et
2941 1512 3092 1567 bruta
3123 1512 3388 1583 jejunant,
3413 1522 3468 1569 ct
3501 1515 3624 1585 equi
3652 1532 3667 1570 :
3697 1525 3750 1570 et

2166 1604 2291 1658 umli
2333 1619 2490 1660 sacco
2538 1603 2876 1659 vcstiuntur?
2906 1605 3074 1659 Etiam
3094 1647 3110 1672 ,
3143 1605 3313 1676 inquit
3341 1623 3356 1660 :
3382 1606 3522 1661 sicut
3561 1606 3706 1662 enim
3730 1649 3746 1673 ,

2164 1697 2323 1751 divite
2343 1695 2520 1766 aliquo
2549 1706 2777 1762 mortuo,
2799 1711 2903 1750 non
2931 1711 3114 1751 servtzs
3142 1697 3285 1752 solos
3313 1707 3368 1752 et
3393 1696 3633 1762 ancillas,
3657 1697 3750 1752 sed

2163 1798 2218 1841 et
2249 1802 2414 1857 equos
2455 1787 2742 1841 necessarii
2778 1800 2936 1841 sacco
2963 1787 3282 1843 amicientes
3303 1829 3318 1854 ,
3351 1797 3408 1842 et
3434 1787 3753 1858 agasonibus

2167 1879 2438 1935 tradentes
2461 1879 2528 1934 ad
2553 1878 2858 1949 sepulcrum
2885 1879 3034 1949 sequi
3058 1878 3269 1950 jubent,
3301 1879 3622 1933 calamitatis
3643 1893 3754 1932 nta-

2163 1971 2494 2040 gui:udinem
2520 1979 2850 2025 ostentantes
2871 2010 2888 2038 ,
2913 1980 2970 2026 et
2993 1985 3182 2026 omnes
3220 1970 3286 2025 ad
3330 1970 3752 2026 misericordiam

2165 2062 2457 2117 allicientes
2491 2062 2612 2117 :sic
2655 2069 2707 2115 et
2747 2061 2960 2116 civitate
3009 2061 3098 2115 illa
3143 2060 3211 2116 de
3241 2061 3496 2116 extremis
3543 2062 3755 2131 pericli-

2168 2164 2345 2219 tante,
2375 2163 2431 2209 et
2471 2153 2681 2209 brutam
2725 2160 2970 2209 naturam
3016 2143 3174 2208 sacco
3215 2153 3670 2208 circumtexerunt
3704 2162 3756 2207 et

2162 2247 2348 2318 jejunii
2368 2247 2495 2318 jugo
2515 2245 2877 2315 subjccerunt.
2904 2243 3019 2298 Non
3045 2243 3170 2298 licet
3191 2243 3360 2298 brutis
3379 2258 3634 2298 sermone
3661 2243 3752 2296 Dei

2167 2341 2298 2395 iram
2339 2340 2578 2404 discere,
2605 2338 2814 2392 discant
2859 2335 3032 2402 fatue,
3067 2335 3208 2406 quod
3243 2350 3274 2390 a
3329 2335 3442 2390 Deo
3490 2334 3758 2406 inﬂigatur

2168 2435 2317 2502 plaga
2352 2450 2366 2486 :
2398 2432 2596 2486 etenim
2626 2430 2672 2484 si
2697 2430 3018 2494 dirueretur,
3043 2427 3229 2498 inquit,
3254 2427 3464 2494 civitas,
3495 2441 3604 2480 non
3639 2437 3750 2480 tau-

2169 2533 2279 2578 tum
2318 2523 2483 2578 nostri
2520 2521 2926 2577 inhabitantium
2953 2563 2968 2587 ,
2997 2519 3090 2574 sed
3133 2527 3188 2574 et
3227 2518 3419 2573 borum
3469 2532 3575 2572 una
3616 2528 3758 2571 esset

2166 2616 2462 2671 communis
2489 2616 2779 2685 sepultura.
2811 2614 2940 2680 Qua:
2970 2613 3129 2683 igitur
3153 2626 3323 2682 paenae
3364 2619 3567 2680 partem
3611 2609 3760 2663 babi-

2169 2721 2283 2764 tura
2313 2717 2471 2773 sunt,
2504 2723 2566 2761 ea
2590 2707 2777 2778 jejunii
2801 2719 3010 2776 quoque
3038 2714 3240 2774 partem
3268 2702 3500 2772 capiant.
3527 2700 3597 2755 Et
3617 2701 3759 2756 aliud

2166 2800 2416 2872 quiddam
2459 2809 2585 2854 tunc
2630 2798 2907 2864 fecerunt,
2937 2795 3077 2865 quod
3109 2804 3161 2850 et
3193 2792 3468 2864 propheta:
3507 2791 3712 2849 faciunt
3743 2810 3756 2846 :

2166 2893 2364 2947 etenim
2393 2891 2466 2945 illi
2493 2906 2614 2945 cum
2637 2889 2900 2960 ﬂagellum
2927 2886 3142 2957 aliquod
3172 2885 3503 2941 intolerabile
3521 2884 3590 2940 de
3615 2885 3762 2940 czelis

2169 2984 2292 3039 ferri
2325 2983 2571 3047 viderint,
2597 2992 2755 3052 atque
2777 2981 3072 3052 puniendos
3099 2979 3216 3034 sine
3241 2977 3432 3034 ﬁducia
3459 2992 3600 3043 esse,
3626 2992 3757 3034 eon-

2167 3079 2376 3133 fusione
2404 3077 2623 3147 plenos,
2656 3090 2829 3145 neque
2868 3073 3023 3128 venia
3063 3087 3239 3143 neque
3277 3071 3628 3126 excusatione
3653 3070 3760 3125 uHa

2165 3171 2374 3239 dignos,
2406 3183 2503 3222 nec
2527 3166 2757 3221 habeant
2783 3164 2910 3236 quid
2941 3165 3170 3230 iaciant,
3200 3177 3300 3218 nec
3329 3161 3472 3216 unde
3500 3161 3762 3216 condem-

2167 3265 2304 3318 natis
2336 3262 2607 3334 prmbcant
2637 3259 3011 3330 patrocinium,
3036 3257 3101 3312 ad
3143 3257 3299 3312 bruta
3324 3254 3640 3324 confugiunt
3663 3296 3678 3318 ,
3709 3263 3765 3309 et

2167 3354 2379 3408 illorum
2419 3362 2645 3406 mortem
2684 3349 3059 3418 deplorantes,
3085 3361 3150 3401 ex
3194 3345 3278 3400 his
3316 3343 3762 3414 supplicationem

2166 3444 2401 3507 faciunt,
2429 3442 2784 3498 miserabilem
2805 3451 2860 3495 et
2887 3442 3183 3494 luctuosam
3205 3438 3440 3508 ipsorum
3467 3437 3762 3509 perniciem

2168 3546 2546 3608 proponentes.
2576 3535 2709 3590 Cum
2738 3535 2896 3604 igitur
2917 3533 3084 3588 fames
3112 3533 3240 3587 olim
3261 3530 3476 3587 Iudaeos
3502 3544 3758 3600 compre-

2169 3631 2435 3688 hendisset
2465 3671 2480 3696 ,
2511 3640 2567 3684 et
2596 3630 2757 3683 nmlta
2800 3628 3069 3699 regionem
3117 3625 3330 3681 siccitas
3370 3633 3680 3696 premeret,
3707 3634 3764 3678 et

2166 3727 2344 3781 omnia
2381 3731 2823 3779 consumerentur
2853 3740 2864 3775 :
2895 3734 3033 3774 unus
3077 3718 3459 3789 prophetarum
3500 3717 3716 3772 dicebat
3745 3735 3760 3770 :

2168 3820 2474 3875 Resilierunt
2511 3820 2746 3889 juventa:
2785 3813 2925 3883 apud
2965 3813 3214 3881 praesepia
3240 3827 3366 3874 sua,
3397 3810 3646 3879 ﬂeverunt
3673 3825 3763 3862 ar-

2167 3924 2334 3967 menta
2361 3912 2530 3973 boum,
2553 3910 2789 3980 quoniam
2807 3925 2907 3960 non
2933 3915 3074 3959 erant
3093 3919 3318 3975 pascua:
3335 3903 3505 3957 omnia
3522 3904 3763 3972 jumentn

2167 4018 2313 4061 terrae
2338 4012 2661 4074 respexerunt
2707 4003 2773 4054 ad
2815 4012 2889 4064 te,
2917 3999 3156 4070 quoniam
3184 3998 3446 4051 exsiccata:
3466 4006 3585 4049 sunt
3611 3995 3756 4049 emis-

2167 4102 2332 4155 siones
2359 4114 2606 4169 aquarum
2633 4095 2770 4166 (Jocl
2831 4095 2882 4148 1.
2912 4092 3038 4164 17);
3068 4092 3206 4146 alter
3247 4106 3313 4145 ex
3353 4089 3592 4144 siccitate
3638 4099 3762 4142 nata

2169 4195 2305 4248 mala
2337 4193 2559 4263 lugens,
2589 4204 2800 4245 rursum
2846 4187 2924 4241 sic
2967 4186 3077 4240 fere
3121 4183 3291 4239 dicit:
3324 4182 3495 4237 Cerva:
3534 4181 3588 4233 in
3637 4197 3764 4250 agro

2169 4297 2470 4362 pepererunt
2506 4297 2553 4341 et
2589 4285 2962 4356 dereliquerunt
2987 4322 3002 4347 ,
3034 4277 3275 4350 quoniam
3307 4294 3408 4331 non
3450 4283 3557 4329 erat
3574 4273 3764 4371 herba;

2181 4376 2367 4445 onagri
2385 4375 2435 4427 in
2455 4374 2679 4426 saltibus
2696 4371 3063 4432 substiterunt,
3084 4373 3418 4424 attraxerunt
3441 4370 3654 4416 ventum
3677 4370 3753 4413 st-

2184 4479 2274 4523 cut
2294 4469 2476 4520 draco:
2495 4464 2792 4535 defecerunt
2809 4466 3047 4535 ipsorum
3063 4459 3222 4522 oculi,
3241 4455 3490 4528 quoniam
3510 4473 3614 4510 non
3635 4469 3755 4513 erat

2185 4561 2379 4628 {mltum
2397 4557 2628 4626 (lenis.
2656 4556 2732 4626 5).
2756 4556 3046 4624 Propterea
3073 4565 3127 4607 et
3151 4552 3312 4606 hodie
3339 4549 3455 4604 Joel
3479 4548 3758 4604 dicentem

2184 4649 2435 4706 audistis:
2457 4649 2779 4720 Egrediatur
2797 4661 3018 4716 sponsus
3040 4661 3068 4697 e
3090 4641 3511 4703 cubiculosuo,et
3526 4656 3723 4708 sponsa
3737 4656 3764 4692 ε

2188 4739 2422 4794 thalamo
2432 4747 2862 4807 suo,congregate
2878 4734 3108 4802 infantes
3124 4749 3181 4785 su
3189 4741 3362 4802 gentes
3377 4730 3534 4782 ubera
3551 4727 3695 4796 (loel
3708 4728 3764 4781 2.

2187 4830 2498 4902 16),Quade
2512 4845 2678 4885 causa
2688 4829 2794 4894 ,dic
2807 4826 3312 4888 mibi,immaturam
3329 4830 3536 4875 aetatem
3552 4820 3617 4874 ad
3633 4835 3770 4888 sup-

2171 4933 2512 5008 plicationem
2539 4924 2725 4981 vocat?
2748 4921 2938 4976 Nonne
2969 4922 3173 4970 certutn
3203 4918 3286 4965 est
3324 4903 3464 4976 quod
3492 4904 3509 4934 ί
3543 4909 3770 5002 propter

2170 4990 2418 5082 eamdem
2461 5024 2631 5091 ipsam
2675 5011 2929 5072 causnm‘!
2956 5007 3218 5077 Quoniam
3260 5001 3403 5056 enim
3446 4990 3769 5091 omnes-viri

2176 5131 2328 5178 atate
2358 5084 2574 5189 perfecti
2598 5108 3051 5168 exacerbaverunt
3067 5100 3255 5157 Deum,
3271 5106 3325 5148 et
3349 5090 3414 5144 ad
3440 5084 3770 5189 iracundiam

2173 5176 2594 5271 concitaverunt,
2619 5203 2792 5267 Aitas,
2818 5195 3008 5267 inquit,
3041 5200 3378 5262 peccatorum
3404 5194 3597 5249 enters
3629 5176 3774 5230 irato

2174 5306 2456 5376 supplicet.
2487 5293 2954 5354 Sedmtdicebam,
2982 5286 3258 5376 videamus
3279 5277 3404 5349 quid
3430 5272 3643 5376 tandem
3660 5271 3771 5375 .sit,

2175 5365 2315 5471 quod
2346 5391 2703 5451 inevitabilem
2731 5388 2873 5442 illam
2906 5384 3037 5438 iram
3064 5375 3327 5471 solverit:
3356 5386 3480 5471 num
3505 5365 3770 5471 jejuni-um

2177 5461 2348 5545 solum
2376 5498 2428 5543 et
2453 5483 2675 5542 saccus?
2691 5479 3060 5547 Nequaquam,
3080 5468 3172 5524 sed
3205 5465 3364 5520 totius
3379 5461 3501 5514 vita:
3523 5461 3753 5556 mutatio
3766 5487 3779 5500 .

2177 5583 2332 5643 Unde
2374 5581 2475 5635 hoc
2505 5568 2888 5631 manifestum?
2916 5566 2998 5620 Ab
3041 5562 3168 5632 ipsis
3209 5552 3535 5628 propheticis
3569 5547 3780 5602 verbis.

2247 5728 2260 5756 ¹
2299 5730 2439 5772 Juxta
2457 5729 2534 5769 sas
2547 5717 2679 5766 ilium
2695 5711 2961 5763 addidimus
2985 5720 2998 5756 :
3023 5713 3179 5756 Nonne
3197 5703 3382 5750 certum
3405 5700 3472 5745 cst
3497 5687 3642 5754 qtuxl.
