3998 6424
437 311 508 366 ἴῖὖ
1210 328 1269 383 S'.
1307 324 1592 383 JOANNIS
1629 324 2125 383 CHRYSOSTOMI
2166 323 2491 383 ARCHIEP.
2527 322 3081 383 CONS‘I‘ANTINOP.
3810 322 3873 380 54

426 442 537 497 Καὶ
576 437 698 497 εΐὸε
743 445 814 497 τὰ
842 442 986 512 ἔργα
1013 440 1211 496 αὐτῶν
1233 444 1265 495 ό
1294 441 1657 512 Beck-.1297:
1681 443 1841 505 ποῖα;
1869 442 1948 496 ὅτι
1978 441 2102 512 ἐνή-

435 553 662 596 στευταν
680 547 694 597 ;
715 530 793 584 ὅτι
820 531 1023 584 σάκκον
1054 528 1474 601 περιεϐάλοντο;
1526 528 1693 582 Οὐδὲν
1722 528 1945 592 τούτων,
1966 526 2102 582 ἀλλά

432 620 608 672 πάντα
675 617 848 673 ταῦτα
894 619 1124 687 σιγήσας
1175 618 1456 689 ἐπήγαγεν
1478 633 1491 647 ·
1542 618 1662 671 ’Ὁτι
1716 616 2102 685 ἀπέστρεψεν

423 705 680 773 ἕκαστος
711 706 831 761 ἀπὸ
869 704 988 760 τῶν
1034 705 1190 760 ὁδῶν
1239 704 1430 762 αὐτοῦ
1476 704 1596 759 τῶν
1641 703 1951 773 πονηρῶν,
2000 705 2100 759 καί

420 796 786 864 μετενόησεν
811 795 908 849 ἐπὶ
941 794 1020 864 τῇ
1049 796 1225 863 κακίᾳ
1254 790 1294 867 ᾗ
1319 795 1586 863 ἐλάλησε
1614 792 1864 863 ποιῆσαι
1898 793 2103 861 αὐτοῖς

421 882 456 933 ό
487 882 719 950 Κύριος.
755 882 917 954 Ὁρᾷς
943 883 1028 935 ὅτι
1056 884 1155 953 οὑχ
1182 885 1216 955 η
1244 883 1470 953 νηστεία
1499 881 1776 953 ἐξήρπασε
1803 881 1899 936 τοῦ
1918 880 2086 934 κινδύ·

422 982 536 1030 νου,
559 968 672 1021 ἀλλ’
699 971 733 1040 ἡ
765 970 1038 1042 μεταϐολὴ
1069 970 1164 1023 τοῦ
1196 969 1314 1039 βίου
1345 972 1434 1025 τὸν
1455 971 1586 1024 Θεὸν
1612 970 1944 1040 κατέστησεν
1974 969 2101 1024 ἵλεω

421 1056 536 1118 τοῖς
564 1055 862 1126 βαρϐάροις
890 1057 986 1109 καὶ
1014 1058 1257 1129 εύμενῆ;

491 1141 679 1198 Ταῦτα
711 1142 884 1202 εἷπον.
920 1146 1019 1215 οὑχ
1047 1145 1134 1200 ἴνα
1162 1146 1416 1217 νηστείαν
1457 1145 1836 1217 ἀτιμάζωμεν,
1871 1144 1985 1199 ἀλλ’
2013 1144 2100 1198 ἴνα

419 1230 670 1302 νηστείαν
698 1232 984 1304 τιμῶμεν·
1009 1233 1146 1304 τιμὴ
1167 1234 1275 1305 7&9
1300 1235 1575 1304 νηστείας,
1614 1235 1735 1305 οὐχὶ
1757 1233 1943 1288 σιτίων
1970 1232 2103 1287 ἀπο-

421 1318 512 1387 κὴ.
537 1318 652 1369 ἀλλ’
674 1318 1089 1389 ἁμαρτημάτων
1107 1321 1477 1393 ἀναχώρησις,
1501 1321 1578 1383 ὡς
1600 1321 1628 1374 ὅ
1649 1337 1713 1388 γε
1738 1323 1802 1390 τῇ
1824 1319 1931 1373 τῶν
1958 1318 2101 1390 βρω-

423 1405 610 1475 μάτων
638 1407 817 1478 ἀποχῇ
863 1407 1022 1476 μόνον
1050 1409 1250 1480 ὁρίζων
1279 1411 1377 1480 τὴν
1404 1409 1684 1479 νηστείαν.
1711 1402 1867 1471 οὗτός
1894 1411 2043 1461 ἐστιν
2067 1409 2098 1461 ὀ

423 1493 659 1562 μάλιστα
684 1495 969 1566 ἀτιμάζων
994 1497 1186 1564 αὑτήν.
1210 1497 1541 1569 Νηστεύειςς
1567 1495 1738 1561 δεῖξόν
1760 1514 1851 1567 μοι
1873 1496 1960 1549 διά
1986 1496 2096 1549 τῶν

418 1579 597 1649 ἔργων
626 1581 827 1636 αὐτῶν.
863 1584 1037 1637 Ποίων
1066 1585 1260 1656 ἔργων,
1298 1586 1498 1656 φησίνς
1539 1586 1664 1639 Ἐάν
1707 1585 1822 1657 ἴδῃς
1861 1583 2092 1652 πένητα,

419 1667 675 1739 ἐλέησον·
739 1670 834 1724 ἐὰν
902 1671 1017 1742 ίδῃς
1069 1671 1297 1744 ἐχθρὸν,
1358 1672 1732 1743 καταλλάγηθι
1764 1688 1779 1702 ·
1833 1672 1928 1727 ὲάν
1979 1671 2095 1742 ῖδῃς

418 1753 573 1821 φίλον
620 1754 1046 1827 εὐδοκιμοῦντα,
1084 1759 1162 1830 μὴ
1206 1759 1519 1833 βασκήνῃς·
1562 1760 1658 1813 ἐὰν
1701 1760 1818 1831 ἴδῃς
1856 1761 2094 1828 γυναῖκα

417 1841 711 1914 εὔμορφον,
750 1844 1046 1917 ὑπέρϐηθι·
1069 1847 1159 1918 Μὴ
1189 1848 1297 1920 7&9
1331 1849 1395 1920 δὴ
1424 1848 1599 1919 στόμα
1637 1848 1946 1919 νηστευέτω
1993 1847 2091 1919 μό-

416 1947 539 1994 νον,
592 1930 727 1984 ἀλλά
771 1931 867 1984 καὶ
900 1932 1213 2004 ὀφθαλμὸς,
1264 1936 1359 1989 καὶ
1402 1936 1575 2008 ἀκοὴ,
1620 1936 1716 1989 καὶ⁵
1765 1935 1958 1998 πόδες,
1998 1934 2092 1987 καὶ

414 2027 622 2089 χεῖρες,
655 2019 748 2073 καὶ
773 2017 952 2073 πάντα
974 2022 1044 2074 τά
1067 2022 1162 2075 τοῦ
1188 2022 1438 2095 σώματος
1463 2024 1622 2095 ἡμῶν
1646 2024 1781 2095 μέλη
1800 2037 1813 2050 ·
1838 2021 2091 2094 νηστευέ-

412 2121 594 2157 τωσαν
627 2107 828 2177 χεῖρες,
881 2108 1138 2181 ἁρπαγῆς
1169 2111 1261 2163 καὶ
1294 2110 1608 2178 πλεονεξίας
1658 2109 2086 2182 καθαρεύουσαν

410 2192 821 2260 νηστευέτωσαν
871 2196 1066 2261 πόδες,
1114 2196 1331 2269 δρόμων
1376 2197 1487 2252 τῶν
1534 2200 1628 2253 ἐπὶ
1682 2198 1751 2252 τά
1799 2198 2092 2270 παράνομα

413 2277 617 2350 θέατρα
651 2280 1045 2349 ἀφιστάμενοι·
1081 2286 1492 2356 νηστευέτωσαν
1524 2284 1817 2357 ὀφθαλμοὶ,
1841 2284 2090 2339 παιδευό-

416 2380 566 2433 μενοι
596 2366 870 2437 μηδέποτε
898 2369 1084 2438 ὀιίιεσιν
1116 2371 1412 2442 εὐμόρφοις
1442 2372 1733 2443 ὲπιπηδᾷν.
1768 2372 1903 2443 μηδὲ
1934 2370 2091 2425 ἀλλό-

409 2467 538 2522 τρια
560 2454 1020 2524 περιεργάζεσθαι
1051 2456 1243 2527 κάλλη.
1269 2458 1454 2529 Τροφὴ
1470 2458 1579 2531 7&9
1605 2458 1922 2528 ὀφθαλμῶν,
1955 2456 2091 2510 θεω-

415 2536 506 2609 ρία
530 2559 546 2609 ;
568 2538 702 2593 ἀλλά
727 2541 794 2594 ἂν
824 2542 923 2611 μὲν
949 2542 1269 2614 παράνομος
1360 2545 1455 2598 καὶ
1490 2545 1868 2616 κεκωλυμένη,
1895 2544 2092 2615 λυμαί-

415 2639 564 2679 νεται
613 2628 680 2697 τῇ
731 2628 954 2699 νηστείᾳ
976 2641 1025 2691 ε,
1082 2631 1177 2684 καὶ
1220 2633 1402 2685 πᾶσαν
1429 2632 1728 2704 ἀνατρέπει
1759 2632 1868 2703 ’τῆς
1910 2632 2092 2703 ψυχῆς

409 2711 507 2781 τὴν
539 2714 814 2784 σωτηρίαν
835 2731 848 2746 ·
884 2715 950 2769 ἂν
992 2716 1050 2770 δὲ
1089 2717 1311 2789 ἔννομος
1341 2721 1435 2772 καὶ
1464 2719 1731 2792 ἀσφαλὴς,
1767 2722 1962 2791 κοσμεῖ
1991 2720 2090 2791 τὴν

412 2800 681 2869 νηστείαν.
712 2804 821 2856 Καὶ
840 2804 949 2875 7&9
971 2804 1080 2858 τῶν
1095 2807 1460 2862 ἀτοπωτάτων
1484 2806 1551 2861 ἀν
1572 2808 1681 2881 εἰη,
1710 2810 1802 2861 ἐπὶ
1829 2809 1927 2879 μὲν
1956 2807 2091 2879 βρω-

413 2885 598 2955 μάτων
627 2890 722 2941 καὶ
746 2889 848 2959 τῆς
883 2894 1380 2965 συγκεχωρημένης
1411 2896 1745 2964 ἀφίστασθαι
1764 2896 1972 2969 τροφῆς
2000 2895 2090 2950 διὰ

408 2972 508 3043 τὴν
532 2976 812 3044 νηστείαν.
830 2978 924 3032 ἐπὶ
939 2978 998 3032 δὲ
1017 2980 1127 3032 τῶν
1150 2980 1447 3053 ὀφθαλμῶν
1470 2983 1677 3053 καὶτῆς
1702 2982 2090 3055 κεκωλυμένης

409 3059 699 3117 ἅπτεσθαι.
737 3062 849 3137 [42]
877 3067 990 3120 Οὑκ
1023 3068 1224 3133 ἐσθίεις
1256 3071 1431 3143 κρέας
1471 3072 1545 3143 μὴ
1585 3073 1765 3145 φάγῃς
1793 3073 2090 3128 ἀκολασίαν

410 3146 499 3201 διά
541 3148 651 3203 τῶν
691 3151 1007 3224 ὀφθαλμῶν.
1044 3157 1375 3228 Νηστευέτω
1411 3161 1506 3214 καὶ⁵
1554 3161 1723 3232 ἀκοή·
1772 3164 1995 3232 νηστεία
2029 3164 2088 3217 δὲ

408 3232 579 3306 ἀκοῆς
613 3237 688 3309 μὴ
737 3238 988 3310 δέχεσθαι
1025 3246 1365 3317 κακηγορίας
1409 3248 1505 3301 καὶ
1551 3248 1840 3313 διαϐολάς·
1880 3250 2091 3319 Ἂκοὴν

409 3320 517 3393 7&9
544 3325 808 3390 ματαίαν
836 3327 922 3397 μὴ
958 3331 1292 3401 παραδέξῃ,
1328 3334 1486 3404 φησί.

478 3408 806 3480 Νηστευέτω
829 3417 925 3469 καὶ
960 3417 1135 3487 στόμα
1162 3419 1270 3472 ἀπὸ
1302 3420 1566 3491 ῥημάτων
1589 3422 1833 3493 αἰσχρῶν
1859 3422 1955 3478 καὶ
1981 3423 2091 3477 λοι-

404 3494 609 3570 δορίας.
632 3500 697 3553 Τί
719 3501 827 3575 γάρ
851 3503 1043 3573 ὄφελος
1070 3508 1199 3561 ὅταν
1225 3510 1324 3580 μὲν
1352 3510 1579 3582 ὀρνίθων
1604 3513 1699 3566 καὶ
1755 3513 1952 3583 ἰχθύων
1979 3515 2088 3569 ἀπ-

407 3583 826 3675 εχώμεθα,τοὺς
857 3590 915 3643 δὲ
946 3591 1211 3659 ἀδελφοὺς
1240 3595 1527 3669 δάκνωμεν
1551 3599 1646 3652 καὶ
1677 3600 2085 3675 κατεσθίωμεν;

508 3674 836 3760 κακηγορῶν
867 3676 1128 3747 ἀδελφικά
1177 3682 1313 3754 κρέα
1344 3682 1568 3753 ἔφαγεν,
1598 3686 1697 3758 τὴν
1732 3688 1913 3760 σάρκα
1935 3669 1964 3729 ιλ
1992 3689 2087 3744 τοῦ

408 3755 636 3828 πλησίον
665 3759 842 3816 ἔδακε.
863 3763 962 3818 Διά
980 3765 1139 3820 τοῦτο
1161 3769 1255 3821 καί
1273 3769 1483 3836 Παῦλος
1508 3755 1775 3844 ἐφόϐησεν
1799 3755 1969 3830 εἰπών
1990 3793 2003 3806 ·
2018 3779 2087 3832 El

409 3843 480 3937 δὲ
507 3845 827 3937 ἀλλήλους
853 3851 1104 3910 δάκνετε
1142 3858 1241 3911 καί
1281 3861 1625 3915 κατεσθίετε
1643 3843 1673 3926 ,⁷
1696 3863 1963 3930 βλέπετε
1995 3865 2084 3937 μὴ

554 3935 847 4025 ἀλλήλων
866 3941 1234 4013 ἀναλωθῆτε.
1254 3948 1369 4002 Ούκ
1390 3948 1659 4019 ἐνέπηξας
1682 3954 1748 4023 τῇ
1778 3955 1941 4025 σαρκὶ
1961 3933 2087 4019 τοὺς

406 4019 645 4116 ὀδόντας,
835 4028 1105 4101 ένέπηξας
1147 4036 1213 4106 τῇ
1265 4034 1410 4107 ψυχῇ
1449 4036 1549 4109 τὴν
1586 4019 1955 4112 κακηγορίαν,
1989 4042 2086 4116 τὴν

407 4109 655 4180 πονηράν
692 4113 958 4187 ὑπόληψιν
996 4118 1262 4190 έτρωσας,
1296 4124 1465 4194 μυρία
1510 4109 1754 4198 εἰργάσω
1793 4109 1941 4184 κακά
1993 4109 2088 4185 καὶ

407 4198 608 4290 σαυτὸν
648 4203 743 4256 καὶ
783 4205 987 4261 ἐκεῖνον
1021 4209 1115 4263 καὶ
1150 4211 1369 4283 ἑτέρους
1404 4214 1657 4280 πλείονας
1678 4232 1693 4247 ·
1729 4218 1955 4290 καὶγὰρ
1992 4220 2084 4273 τὸν

406 4284 716 4375 ἀκούσαντα
737 4293 957 4363 χείρονα
982 4298 1243 4367 εἰργάσω,
1269 4298 1572 4357 διαϐάλλων
1590 4303 1682 4358 τὸν
1713 4284 1959 4375 πλησίον.
1984 4309 2084 4360 "Av

405 4389 471 4465 τε
492 4374 600 4465 7&9
625 4377 1018 4452 &9.a91w).b;ﬁ,
1046 4384 1288 4456 ῥᾴθυμος
1314 4398 1338 4426 ι’
1368 4388 1596 4457 γίνεται,
1625 4374 1880 4447 κοινωνὸν
1908 4393 2085 4465 εὑρὼν

407 4459 511 4530 τῆς
535 4463 812 4552 ἀμρτίας
830 4482 843 4496 ·
868 4467 934 4521 ἀν
954 4484 1016 4521 τε
1043 4469 1250 4535 δίκαιος
1270 4468 1329 4546 ᾗ,
1350 4476 1430 4539 εἰς
1453 4477 1712 4532 ἀπόνοιαν
1734 4459 2086 4552 αῖρεταιίκαὶ

410 4550 652 4636 φυσᾶται
680 4552 745 4604 ὲκ
780 4552 880 4623 τῆς
913 4554 1116 4625 ἑτέρων
1143 4557 1439 4630 ἁμαρτίας,
1474 4563 1685 4632 μεγάλα
1715 4550 1843 4636 περὶ
1885 4566 2082 4622 ἑαυτοῦ

409 4634 781 4727 φαντάζεσθαι
815 4641 1211 4714 προαγόμενος.
1243 4646 1398 4700 Μετά
1428 4648 1635 4704 τούτων
1666 4651 1729 4704 τὺ
1772 4634 1948 4708 κοινὸν
1978 4655 2085 4727 τῆς

421 4725 748 4814 Ἑκκλησίας
787 4730 1059 4801 ἔϐλαψας·
1095 4735 1155 4789 οὐ
1189 4736 1303 4808 γάρ
1338 4737 1405 4809 δὴ
1445 4739 1538 4794 τδν
1579 4743 1939 4814 ἡμαρτηκότα
1968 4725 2085 4800 δια-

406 4813 709 4905 ϐάλλουσινΔ
748 4819 988 4905 ἅπαντες
1031 4823 1083 4876 οἱ
1120 4824 1443 4891 ἀκούοντες,
1494 4828 1629 4882 ἀλλὰ
1678 4831 1745 4885 τά
1783 4813 1959 4905 ὀνείδη
2007 4834 2084 4905 τῷ

408 4899 749 4969 Χριστιανῶν
786 4903 930 4959 ἔθνει
963 4903 991 4945 ἀ
1028 4908 1456 4980 προστρίϐεται·
1494 4913 1613 4966 οὐδὲ
1660 4913 1805 4968 ἔστιν
1849 4899 2084 4972 ἀκοῦσαί

406 4981 963 5065 ἀπίστωνλεγόντων,
1005 4988 1088 5043 ὅτι
1120 4992 1149 5043 ὀ
1185 4991 1334 5045 δεῖνα
1376 4993 1574 5065 πόρνος
1602 4997 1720 5050 έστί
1750 4998 1843 5050 καὶ
1882 5000 2083 5053 ἀκόλα-

410 5078 555 5151 στος.
587 5063 707 5151 ἀλλῖ
729 5068 849 5151 ἀντὶ
874 5070 965 5124 τοῦ
995 5063 1545 5146 πεπλημμεληκότος,
1571 5081 1699 5144 τοὺς
1729 5083 2084 5151 Χριστιανοὺς

406 5145 653 5237 ἀπαντας
685 5148 1047 5237 διαϐάλλουσι.
1081 5157 1225 5228 Πρὸς
1252 5145 1461 5225 τούτοις
1489 5162 1582 5216 τοῦ
1626 5164 1762 5218 Θεοῦ
1781 5145 1895 5237 ’τὴν
1927 5145 2086 5233 δόξαν

408 5228 848 5321 βλασφημεῶθαξ
887 5239 1308 5307 παρεσκεύασας
1328 5260 1341 5273 ·
1369 5242 1559 5318 ῶσπερ
1588 5247 1697 5319 γάρ
1731 5228 2081 5321 εὐδοκιμούν-

405 5313 702 5407 τωνΙὴμῶν
729 5315 790 5369 τὸ
823 5315 996 5389 ὄνομα
1034 5321 1129 5374 τοῦ
1170 5322 1304 5377 Θεοῦ
1344 5313 1865 5399 δοξάζεται,ὀῦτο›ς
1898 5313 2081 5407 ἀμαρ-

404 5396 674 5488 τανόντων
720 5397 1122 5488 βλασφημεῖται
1168 5408 1261 5460 καὶ
1291 5408 1593 5480 ὑϐρίζεται.
1642 5396 1951 5488 Τέταρτον,
1992 5396 2084 5473 τ’ὺν

409 5477 591 5574 κακῶς
649 5481 962 5540 ἀκούσαντα
1014 5477 1391 5560 κατῄσχυνας,
1455 5496 1550 5548 καὶ
1601 5477 2084 5574 ἀναισχυντότερον

407 5558 579 5634 ταύτῃ
602 5567 924 5639 πεποίηκας,
944 5558 1259 5644 ἐχθρὸνκαί
1275 5575 1531 5647 πολέμιον
1548 5558 1917 5655 καταστίξσας.
1936 5558 2082 5657 Πέμ-

471 5684 495 5752 _'
523 5683 648 5752 ngs
668 5702 785 5752 mss.
821 5695 907 5751 τήν
925 5696 1163 5752 νηστείαν.

469 5742 497 5828 ξ
516 5747 796 5828 ξήνιδὲ
819 5742 1208 5828 σάρκα,αῶ
1230 5760 1318 5825 γὰρ
1352 5761 1525 5828 σάρκα.

466 5809 493 5881 ξ
515 5808 667 5881 83v":
694 5818 747 5859 el
770 5808 1242 5881 unuéﬁbupéteéoc;

408 5871 831 5987 ξθὲςξίὲοξξμοῐο
875 5871 1043 5928 \i'siun'
1083 5871 1161 5931 esi
1202 5871 1310 5934 dum
1358 5886 1559 5947 Savillo,
1603 5899 1690 5948 pro
1721 5893 1853 5958 vulg.
1891 5895 1946 5945 τὸ
1984 5899 2072 5960 Χρ.

2213 458 2366 507 πτον,
2388 441 2579 496 ἑαυτὸν
2600 440 2901 495 ὑπεύθυνον
2925 441 3145 496 κολάσει
3170 441 3264 495 καί
3290 441 3531 513 τιμωρίᾳ
3555 440 3872 512 πεποίηκας,

2208 529 2512 601 πράγματα
2544 530 2613 583 τά
2641 530 2808 602 μηδὲν
2835 530 3019 602 σαυτῷ
3046 531 3391 602 προσήκοντα
3415 530 3633 597 πλέξας.
3658 531 3750 600 Μὴ
3772 530 3875 600 γάρ

2209 635 2299 687 μοι
2329 618 2489 671 τοῦτο
2512 617 2720 688 λεγέτω
2746 634 2852 683 τις,
2870 618 2954 672 ὅτι
2977 617 3099 672 τότε
3122 616 3438 690 κακηγορῶ,
3468 616 3688 671 ἐπειδὰν
3712 615 3874 687 ψευδῆ

2203 704 2371 757 εἴπω·
2411 705 2507 758 ὲάν
2548 705 2606 759 δὲ
2658 705 2933 777 ἀληθεύω,
2985 706 3190 759 οὐκέτι.
3233 703 3353 759 Κάν
3400 703 3680 774 ἀληθεύων
3720 704 3874 775 εἴπῃς

2202 792 2409 859 κακῶς,
2436 792 2710 848 καὶτοῦτο
2738 794 2989 866 ἔγκλημα
3009 810 3024 825 ·
3052 794 3145 848 καὶ
3173 793 3283 867 γάρ
3307 796 3337 847 ὀ
3362 796 3656 867 ⁴ἰναρισαῖος
3678 795 3873 856 ἐκεῖνος

2199 880 2291 932 τὸν
2310 879 2548 952 τελώνην
2588 878 2711 936 εἰπε
2746 881 2935 946 κακῶς
2967 880 3266 954 ἀληθεύων,
3298 883 3411 936 ἀλλ’
3434 884 3583 954 ὅμως
3613 883 3767 935 οὐδὲν
3786 882 3875 934 αὑ-

2199 965 2294 1018 τοῦ
2324 966 2483 1020 τοῦτο
2508 968 2768 1041 προέστη.
2792 969 2928 1022 Εἰπὲ
2952 969 3063 1041 γάρ
3094 986 3207 1040 μοι,
3230 969 3469 1040 τελώνης
3493 964 3561 1039 ἦν
3589 971 3619 1023 ὀ
3645 967 3873 1038 τελώνης

2201 1051 2294 1105 καὶ
2317 1052 2671 1124 ἁμαρτωλός;
2694 1053 2861 1113 Παντί
2883 1071 2985 1108 που
3011 1055 3170 1125 δῆλον
3192 1056 3275 1110 ὅτι
3300 1053 3536 1124 τελώνης
3555 1071 3569 1086 ·
3591 1053 3709 1109 ἀλλ’
3732 1054 3874 1124 ὅμως

2199 1138 2386 1211 ἐπειδὴ
2437 1140 2600 1194 αὑτὸν
2645 1139 2900 1195 ἐκάκισεν
2941 1141 2971 1194 ὀ
3005 1144 3329 1213 Φαρισαῖος,
3374 1141 3613 1213 ἀπῆλθεν
3665 1141 3873 1196 ἅπαντα

2200 1225 2491 1291 ἀπολέσας.
2544 1226 2730 1281 Βούλει
2768 1228 3063 1300 διορθῶσαι
3100 1228 3194 1283 τὸν
3243 1229 3516 1299 ἀδελφόν;
3585 1228 3870 1299 δάκρυσον,

2198 1308 2351 1379 εὖξαι
2400 1313 2479 1384 τῷ
2504 1313 2643 1386 Θεῷ,
2693 1316 2815 1369 κατ’
2853 1316 2988 1370 ἰδίαν
3020 1316 3201 1371 λαϐὼν
3242 1317 3596 1388 παραίνεσον,
3641 1314 3874 1386 συμϐού-

2198 1399 2407 1467 λευσον,
2437 1402 2840 1472 παρακάλεσον.
2862 1402 3021 1456 Οῦτω
3044 1404 3141 1458 καὶ
3162 1405 3191 1457 ὀ
3208 1403 3418 1467 Παῦλος
3446 1402 3641 1456 ἐποίει·
3660 1401 3873 1468 Mrito);-

2197 1486 2455 1541 ἐλθόντα
2480 1506 2578 1558 με.
2609 1490 2776 1561 φησί,
2809 1489 3152 1559 ταπεινώσῃ
3192 1494 3225 1546 ό
3257 1491 3423 1555 Θεὸς,
3459 1490 3556 1544 καί
3598 1490 3874 1553 πενθήσω

2196 1576 2464 1641 πολλοὺς
2494 1574 2612 1629 τῶν
2636 1580 3201 1646 προημαρτηκότων,
3229 1576 3329 1632 καί
3348 1576 3435 1647 μὴ
3460 1576 3871 1647 μετανοησάν-

2195 1678 2315 1715 των
2344 1662 2442 1714 ὲπὶ
2474 1662 2547 1731 τῇ
2581 1665 2937 1733 ἀκαθαρσίᾳ,
2972 1665 3069 1719 καί
3088 1665 3360 1734 πορνείᾳ,
3393 1664 3493 1719 καὶ
3521 1664 3807 1733 ἀσελγείᾳ
3836 1658 3873 1734 ᾗ

2194 1752 2484 1817 ἔπραξαν.
2517 1753 2699 1818 Δεῖξον
2724 1755 2948 1826 ἀγάπην
2977 1756 3108 1827 περί
3140 1754 3235 1808 τὸν
3262 1754 3624 1826 ἡμαρτηκότα
3644 1770 3658 1783 ·
3693 1756 3872 1805 πεῖσον

2195 1840 2356 1893 αὑτὸν
2387 1842 2470 1894 ὅτι
2515 1842 2815 1913 κηδόμενος
2856 1841 2952 1896 καὶ
2988 1840 3319 1915 φροντίζων,
3353 1843 3455 1895 οὐκ
3493 1839 3870 1911 ὲκπομπεῦσαι

2196 1925 2541 1998 βουλόμενος,
2570 1930 2699 2000 περὶ
2724 1941 2748 1970 ο
2779 1929 2881 2001 τῆς
2908 1929 3184 2002 ἁμαρτίας
3209 1930 3374 1984 αὑτὸν
3402 1930 3864 2000 ὑπομιμνήσκεις·

2194 2017 2433 2087 κάτασχε
2459 2018 2646 2082 πόδας,
2666 2019 3059 2089 καταφίλησον,
3079 2019 3154 2090 μὴ
3176 2018 3567 2089 ἐπαισχυνθῇς,
3591 2018 3645 2070 εί
3666 2033 3729 2085 γε
3751 2016 3871 2085 ἀλη-

2194 2104 2301 2169 θῶς
2331 2097 2612 2178 ἰατρεῦσαι
2646 2107 2844 2179 βούλει.
2869 2106 3057 2162 Ταῦτα
3091 2107 3187 2161 καὶ
3217 2108 3395 2178 ἰατροὶ
3430 2105 3647 2159 ποιοῦσι
3681 2103 3869 2157 πολλά-

2191 2211 2301 2258 κις·
2319 2195 2664 2266 δυσαρέστως
2679 2198 2786 2271 7&9
2802 2196 3025 2268 ἔχοντας
3038 2198 3166 2258 τοὺς
3182 2196 3496 2267 κάμνοντας
3517 2191 3869 2262 καταφιλοῦνο

2190 2298 2304 2347 τες,
2330 2282 2777 2353 παρακαλοῦντες
2808 2284 3163 2338 ἀναπείθουσι
3177 2282 3290 2355 [45]
3325 2284 3592 2353 σωτήριον
3624 2278 3867 2344 δέξασθαι

2190 2368 2510 2441 φάρμακον·
2532 2370 2674 2425 οὕτω
2691 2373 2784 2426 καί
2802 2373 2866 2427 σὺ
2891 2373 3136 2443 ποίησον·
3152 2371 3231 2443 τῷ
3251 2373 3389 2443 ἰερεῖ
3413 2370 3586 2437 δεῖξον
3616 2368 3675 2422 τὸ
3701 2368 3864 2430 ἕλκος,

2190 2456 2347 2509 τοῦτό
2364 2460 2479 2511 ἐστι
2497 2458 2819 2530 κηδομένου,
2831 2458 2993 2513 τοῦτο
3009 2458 3384 2532 προνοοῦντος,
3398 2457 3554 2511 τοῦτο
3574 2452 3869 2528 φροντίζον·

2189 2561 2300 2608 τος.
2342 2544 2416 2598 Οὑ
2438 2548 2549 2609 τοῖς
2571 2546 2755 2611 κακῶς
2777 2547 2835 2601 δὲ
2868 2547 3026 2618 μόνον
3041 2547 3312 2616 λέγουσιν,
3327 2545 3463 2601 ἀλλά
3480 2546 3574 2600 καὶ
3588 2547 3703 2606 τοῖς
3717 2541 3866 2598 ἀκού-

2190 2649 2309 2685 ουσι
2330 2632 2515 2696 κακῶς
2539 2630 2866 2703 λεγομένους
2886 2633 3114 2705 ἑτέρους
3138 2633 3392 2705 παραινῶ
3420 2633 3520 2696 τὰς
3548 2632 3721 2695 ἀκοὰς
3745 2633 3866 2686 ἀπο-

2192 2720 2473 2791 φράττειν,
2498 2721 2594 2774 καὶ
2617 2721 2709 2775 τὸν
2735 2722 3022 2793 προφήτην
3052 2722 3340 2794 μιμεῖσθαι
3360 2720 3451 2775 τὸν
3472 2721 3701 2789 λέγοντα
3719 2737 3732 2750 ·
3765 2719 3863 2774 Τὸν

2190 2806 2652 2862 καταλαλοῐητα
2672 2808 2865 2877 λάθρα
2892 2808 3000 2863 τὸν
3023 2810 3294 2877 πλησίον
3312 2808 3520 2870 αὑτοῦ,
3541 2808 3757 2863 τοῦτον
3776 2804 3863 2870 ἐξ·

2188 2893 2455 2950 εδίωκον.
2488 2895 2622 2949 Εἰπὲ
2650 2896 2786 2967 πρὸς
2814 2896 2906 2949 τὸν
2941 2895 3195 2969 πλησίον·
3238 2898 3425 2967 Ἔχεις
3446 2895 3731 2948 ἐπαινέσαι
3753 2893 3862 2946 τινὰ

2201 2982 2300 3036 καὶ
2346 2983 2733 3054 ἑγκωμιάσαις
2785 2984 2989 3051 ἀνοξγω
3033 2982 3135 3043 τάς
3167 2983 3358 3047 ἀκοὰς,
3400 2983 3489 3037 ἵνα
3528 2981 3769 3053 δέξωμαι
3803 2980 3861 3034 τὰ

2194 3069 2342 3142 μύρα
2361 3089 2377 3103 ο
2399 3069 2468 3124 ἀν
2506 3071 2563 3124 δὲ
2604 3070 2794 3135 κακῶς
2824 3070 3014 3141 ἐθέλῃς
3046 3072 3242 3133 εἰπεῖν,
3279 3071 3616 3142 ἀποφράττω
3644 3071 3738 3141 τὴν
3763 3070 3860 3122 εἰσ-

2189 3156 2306 3209 οδον
2333 3159 2445 3221 τοῖς
2489 3159 2762 3228 ῥήμασιν·
2803 3157 2866 3211 οὐ
2914 3157 3025 3229 γὰρ
3074 3157 3340 3228 ἀνέχομαι
3382 3159 3586 3228 κόπρον
3624 3159 3717 3211 καί
3750 3157 3860 3228 βόρ-

2190 3244 2350 3315 ϐορον
2376 3244 2654 3315 δέχεσθαι.
2680 3245 2747 3298 τί
2790 3262 2881 3316 μοι
2907 3245 2970 3298 τὸ
3002 3243 3197 3315 κέρδος
3227 3247 3292 3298 ὲκ
3324 3243 3419 3298 τοῦ
3454 3244 3651 3316 μαθεῖν
3673 3245 3750 3298 ὅτι
3775 3261 3858 3297 πο-

2098 3354 2101 3357 ·
2188 3330 2355 3401 νηρός
2387 3334 2415 3384 ὀ
2446 3332 2628 3398 δεῖνας
2669 3332 2928 3403 μέγιστον
2954 3331 3055 3403 μὲν
3083 3328 3178 3386 οὖν
3200 3332 3309 3386 ἀπὸ
3329 3331 3519 3386 τούτου
3546 3331 3744 3402 βλάϐος
3776 3330 3859 3385 καί

2192 3416 2393 3488 ἐσχάτη
2422 3417 2619 3489 ζημία.
2644 3419 2777 3472 Εἰπὲ
2805 3420 2941 3491 πρὸς
2961 3418 3125 3473 αὐτόν
3147 3436 3161 3450 θ
3186 3417 3630 3492 Μεριμνήσωμεν
3652 3420 3719 3473 τὰ
3736 3418 3854 3489 ὴμέ-

2189 3519 2342 3575 τερα,
2371 3504 2492 3568 πῶς
2522 3505 2631 3558 τῶν
2666 3505 3225 3578 πεπλημμελημένων
3254 3508 3388 3579 ημῖν
3416 3506 3651 3571 εὐθύνας
3672 3506 3855 3577 δῶμεν,

2191 3591 2286 3644 καὶ
2332 3590 2432 3663 τὴν
2468 3594 2792 3664 περιεργίαν
2822 3593 3029 3664 ταύτην
3073 3594 3168 3647 καὶ
3207 3593 3307 3665 τὴν
3338 3592 3857 3666 πολυπραγμοσύνην

2190 3678 2271 3741 εἰς
2298 3678 2398 3749 τὴν
2430 3677 2576 3750 ζωὴν
2602 3680 2701 3751 τὴν
2725 3679 3003 3752 ἡμετέραν
3033 3679 3451 3753 ὲπιδειξώμεθα.
3479 3681 3650 3736 Ποίαν
3681 3681 3857 3751 ἕξομεν

2190 3765 2507 3835 ἀπολογίαν,
2532 3766 2657 3822 τίνα
2687 3768 3039 3839 συγγνώμην,
3066 3767 3196 3821 ὅταν
3220 3768 3290 3821 τά
3314 3767 3561 3840 ἡμέτερα
3607 3768 3705 3840 μὲν
3735 3766 3855 3839 μηδὲ

2189 3856 2270 3918 εἰς
2293 3854 2422 3909 νοῦν
2443 3855 2834 3927 λαμϐάνωμεν,
2866 3856 2934 3910 τά
2957 3855 3015 3909 δὲ
3041 3854 3301 3927 ἀλλότρια
3321 3856 3464 3911 οὕτω
3484 3855 3856 3928 πολυπραγμο-

2188 3942 2369 4013 νῶμεν
2393 3959 2406 4007 ;
2437 3945 2547 3998 Kal
2581 3943 2773 4017 ὥσπερ
2801 3945 2883 4009 εἰς
2904 3944 3083 3999 οἰκίαν
3112 3944 3459 4018 παρακύψαι,
3499 3946 3597 3999 καὶ
3631 3949 3696 3999 τε
3723 3944 3856 3998 ἔνδον

2189 4032 2608 4103 κατασκοπῆσαι
2648 4031 2668 4071 τ
2685 4032 2976 4104 παριόντα,
3011 4033 3236 4104 αἰσχρὸν
3258 4032 3351 4087 καὶ
3373 4033 3576 4103 πολλῆς
3613 4032 3855 4104 αἰσχύνης

2186 4119 2387 4190 γέμον·
2416 4119 2562 4174 οὑτω
2583 4120 2679 4175 καὶ
2707 4120 2822 4191 βίον
2843 4120 3124 4193 ἀλλότριον
3145 4120 3628 4194 περιεργάζεσθαι,
3655 4121 3856 4177 ἀνελευ⁶

2195 4206 2389 4279 θερίας
2412 4209 2668 4279 ἐσχάτης.
2713 4209 2788 4264 Τὸ
2837 4209 2897 4264 δὲ
2928 4209 3120 4265 τούτου
3173 4210 3731 4285 καταγελαστότερον,
3781 4209 3853 4262 ὅτι

2185 4294 2427 4349 τοιοῦτον
2449 4295 2667 4366 ἔχοντες
2693 4296 2827 4367 βίον,
2854 4297 3078 4353 καὶτῶν
3104 4299 3321 4354 οἰκείων
3340 4299 3690 4371 ἀμελοῦντες,
3721 4301 3853 4352 ἐπει⁴

2185 4381 2284 4435 δαν
2311 4384 2508 4438 εῐπωσί
2539 4401 2594 4437 τι
2625 4385 2736 4439 τῶν
2762 4387 3113 4458 ἀπορρήτων,
3157 4387 3537 4460 παρακαλοῦσι
3574 4389 3671 4443 τόν
3706 4384 3854 4441 ἀκού-

2188 4484 2376 4533 σαντα,
2406 4471 2500 4524 καί⁵
2521 4470 2745 4543 ὀρκοῦσι
2778 4472 2969 4543 μηδενὶ
3000 4472 3187 4528 λοιπὸν
3214 4477 3392 4530 εἰπεῖν
3421 4476 3617 4549 ἑτέρῳ,
3645 4475 3853 4530 αὐτόθεν

2185 4556 2472 4628 δηλοῦντες
2504 4559 2587 4612 ὅτι
2634 4561 2868 4633 πρᾶγμα
2901 4560 3051 4628 ἀξιον
3084 4563 3420 4634 κατηγορίας
3469 4564 3746 4635 ἐποίησαν.
3799 4560 3852 4612 Εἰ

2185 4645 2295 4719 γὰρ
2323 4649 2529 4701 ἐκεῖνον
2581 4648 2774 4719 μηδενὶ
2822 4649 2997 4702 εἰπεῖν
3047 4649 3222 4722 ἑτέρῳ
3252 4652 3595 4723 παρακαλεῖς
3615 4691 3631 4717 ,
3688 4646 3851 4717 πολλῷ

2190 4732 2389 4803 μᾶλλον
2409 4733 2471 4787 σὲ
2491 4735 2758 4807 πρότερον
2782 4734 2959 4807 τούτῳ
2983 4735 3161 4791 ταῦτα
3188 4738 3363 4792 εἰπεῖν
3388 4739 3489 4792 οὐκ
3504 4740 3692 4811 ὲχρῆν.
3721 4740 3851 4797 Κατ·

2187 4822 2332 4891 εἶχες
2396 4822 2454 4874 ἐν
2504 4821 2777 4894 ἀσφαλείᾳ
2828 4821 2920 4875 τὸν
2954 4822 3142 4892 λόγον·
3172 4823 3261 4878 ὅτε
3304 4825 3466 4878 αὑτὸν
3516 4826 3849 4897 προέδωκας.

2185 4908 2306 4963 τότε
2337 4909 2437 4981 τῆς
2486 4911 2765 4983 σωτηρίας
2797 4910 2962 4965 αὑτοῦ
3000 4912 3341 4983 φροντίζεις;
3390 4915 3438 4968 εἰ
3474 4914 3639 4987 βούλῃ
3668 4913 3740 4984 μὴ
3775 4910 3850 4976 ἐξ·

2187 4995 2473 5067 ενεχθῆναι
2512 4997 2590 5061 εἰς
2623 4997 2809 5069 ἕτερον
2829 5039 2845 5064 ,
2883 4997 3020 5069 μηδὲ
3067 5000 3231 5064 αὑτὸς
3260 5001 3422 5072 εἴπῃς
3442 5017 3454 5030 ·
3483 5002 3573 5055 ὅτε
3604 5001 3660 5055 δὲ
3695 4998 3847 5069 ἑτέρῳ

2188 5083 2508 5155 προέδωκας
2538 5083 2631 5137 τοῦ
2670 5084 2831 5154 λόγου
2855 5085 2956 5157 τὴν
2998 5087 3266 5158 φυλακὴν,
3299 5088 3530 5159 περιττά
3569 5090 3735 5151 ποιεῖς
3768 5085 3848 5137 καί

2187 5169 2420 5241 ἀνόνητα
2445 5172 2862 5243 παραγγέλλων,
2890 5175 2985 5228 καὶ
3016 5174 3199 5247 ὀρκῶν
3230 5176 3372 5248 ὑπὲρ
3411 5175 3513 5247 τῆς
3560 5175 3668 5230 τῶν
3710 5176 3846 5244 εἰρη-

2190 5257 2368 5327 μένων
2402 5258 2671 5331 φυλακῆς.
2721 5260 2859 5314 Ἀλλ’
2884 5261 2984 5334 ήδὶι
3014 5263 3075 5316 τὸ
3107 5267 3480 5335 κακηγορεῖν;
3516 5265 3613 5335 ἡδὺ
3643 5264 3737 5335 μὲν
3765 5256 3847 5314 οὖν

2186 5347 2246 5400 τὸ
2283 5348 2358 5420 μὴ
2390 5347 2569 5417 λέγειν
2609 5348 2816 5414 κακῶς.
2857 5350 2915 5404 '0
2956 5350 3055 5422 μὲν
3088 5351 3196 5424 7&9
3222 5352 3393 5406 εἰπὼν
3417 5353 3621 5418 κακῶς,
3659 5347 3847 5418 ὲναγώο

2186 5452 2299 5499 νιος
2332 5436 2517 5490 λοιπόν
2548 5438 2717 5499 ἐστιν.
2754 5438 3053 5494 ὑποπτεύει
3080 5457 3141 5495 τε
3177 5442 3271 5495 καὶ
3306 5441 3531 5505 δέδοικε,
3571 5443 3663 5495 καὶ
3699 5455 3844 5510 μεταο

2185 5525 2315 5588 νοεῖ,
2365 5525 2461 5579 καὶ
2492 5524 2768 5580 κατεσθίει
2808 5526 2906 5599 τὴν
2954 5527 3152 5583 ἑαυτοῦ
3184 5528 3448 5599 γλῶτταν.
3491 5528 3737 5591 δεδοικὼς
3766 5525 3844 5579 καὶ

2184 5605 2425 5678 τρέμων,
2459 5609 2534 5679 μή
2571 5624 2701 5662 ποτε
2724 5609 2806 5674 εἰς
2839 5610 3063 5683 ἑτέρους
3091 5610 3368 5683 ἐξενεχθὲν
3396 5612 3456 5665 τὸ
3491 5612 3641 5683 ῥῆμα
3691 5610 3845 5679 μέγαν

2186 5689 2443 5765 ἐπαγάγῃ
2494 5691 2588 5745 τὸν
2620 5692 2886 5750 κίνδυνον.
2924 5695 3021 5748 καὶ
3066 5696 3332 5767 περιττὴν
3375 5695 3577 5767 ἔχθραν
3632 5694 3724 5749 καὶ
3763 5694 3846 5744 ἀν-

2184 5771 2375 5845 όνητον
2410 5776 2839 5847 ὲργάσηταιτοῖς
2866 5779 3149 5850 εἰρηκόσιν
3171 5797 3186 5813 ·
3221 5783 3251 5834 ὀ
3277 5781 3333 5836 δὲ
3368 5783 3494 5854 παρ’
3524 5778 3697 5848 ἑαυτῷ
3726 5793 3843 5832 κατ-

2249 5905 2270 5969 f
2294 5903 2362 5969 Αῐη
2387 5903 2497 5955 aliis
2517 5907 2623 5969 περί
2655 5908 2816 5955 deest,

2249 5962 2270 6006 Ῑ
2287 5966 2437 6019 Savil.
2461 5974 2514 6019 et
2535 5962 2632 6018 (illo
2658 5983 2757 6019 mss
2803 5979 3190 6030 κατασκοπῆσαι.
3220 5973 3390 6025 Morel.
3421 5983 3470 6025 οι
3496 5976 3577 6026 alii
3602 5975 3835 6029 σκοπῆσαι-
