3998 6462
501 388 567 444 εὖ
774 453 788 468 '
1210 382 1262 439 S.
1302 380 1577 437 JO.\NNIS
1612 373 2082 436 CllitYSOSTOMI
2126 377 2438 435 ARCHIEP.
2480 377 3000 436 CONSTANTINOP.
3699 378 3767 434 56

500 499 680 552 eitiam
723 497 809 560 iis,
847 495 936 566 qni
975 495 1182 560 dixere,
1213 504 1508 564 operetur:
1544 494 1635 561 qui
1679 492 1911 562 scipsnm
1953 507 2081 545 vero

505 589 763 652 continet,
797 588 848 641 in
879 586 1162 640 securitate
1191 585 1417 654 plurima
1447 598 1568 638 cum
1598 583 1762 638 multa
1796 584 1939 637 vivet
1985 600 2081 638 vo-

499 682 724 751 luptatc.

574 770 830 825 Detractio
881 767 1106 822 vitanda.
1159 797 1230 808 —
1274 767 1471 821 Audisti
1519 765 1844 821 sermonem?
1890 764 2080 834 inquit,

504 865 747 915 moriatur
768 863 819 914 in
845 871 891 914 te
919 877 936 914 :
963 860 1180 928 conﬁde,
1212 877 1310 912 non
1343 869 1390 912 te
1415 860 1691 925 disrumpet
1745 858 1765 929 (
1795 857 1956 911 Eccli.
1988 857 2082 912 i9.

503 952 614 1018 10).
643 950 777 1016 Quid
799 961 904 1014 est,
935 948 1186 1003 Moriatur
1212 949 1262 1001 in
1291 949 1377 1002 te?
1404 949 1692 1018 Exstingne
1712 949 1906 1016 ipsum,
1935 947 2084 1002 deio-

501 1043 632 1105 dito,
665 1057 764 1096 nec
792 1043 957 1106 exire,
989 1057 1161 1109 neque
1193 1041 1400 1108 penitus
1423 1040 1628 1094 moveri
1649 1039 1960 1108 permittas;
1991 1039 2084 1094 sed

503 1136 740 1190 maxime
767 1136 940 1201 stude,
971 1150 1073 1190 nec
1094 1135 1228 1189 alios
1267 1135 1478 1203 quidem
1512 1133 1649 1188 male
1675 1133 1912 1188 dicentes
1949 1133 2084 1186 tole-

505 1242 644 1280 rare.
669 1225 819 1293 Quod
848 1226 890 1278 si
921 1225 1128 1293 quando
1153 1235 1207 1279 et
1229 1224 1550 1293 susceperis,
1571 1223 1814 1286 inl‘odito,
1840 1223 2086 1278 interime

504 1317 726 1382 dictum,
757 1317 1008 1371 oblivioni
1038 1317 1205 1382 trade,
1246 1327 1301 1369 ut
1345 1315 1408 1369 iis
1437 1316 1523 1385 qui
1563 1331 1669 1368 non
1711 1315 1974 1369 audierint
2007 1313 2082 1368 si-

476 1438 481 1443 -
505 1405 650 1464 milis
676 1407 791 1472 tias,
813 1415 869 1461 et
896 1423 1016 1460 cum
1045 1409 1204 1459 multa
1230 1421 1358 1474 pace
1377 1414 1429 1460 et
1461 1406 1745 1460 securitate
1770 1414 2084 1474 praisentem

507 1496 772 1566 transigas
825 1495 1008 1550 vitam.
1041 1495 1094 1551 Si
1125 1496 1393 1550 delatores
1441 1495 1742 1558 didicerint,
1773 1494 1912 1564 quod
1943 1497 2087 1564 ipsos

509 1584 677 1653 magis
698 1600 854 1654 quam
895 1595 1171 1639 accusatos
1201 1601 1529 1652 aversemur,
1565 1596 1619 1639 et
1648 1584 1746 1654 ipsi
1779 1585 1990 1639 tandem
2019 1585 2088 1639 ab

509 1675 610 1730 hac
639 1677 774 1730 mala
823 1676 1203 1730 consuetudine
1237 1676 1514 1738 desistettt.
1561 1685 1616 1730 et
1645 1687 1916 1745 peccatum
1963 1691 2087 1730 cor-

509 1766 702 1835 rigent,
730 1778 783 1821 et
808 1767 1096 1820 laudabunt
1131 1769 1384 1836 posthaec,
1411 1777 1463 1822 et
1485 1783 1581 1821 nos
1606 1769 1750 1836 ipsos
1777 1767 1927 1836 quasi
1962 1783 2088 1821 suos

509 1866 811 1910 servatores
846 1869 899 1911 et
930 1857 1294 1911 benefactores
1343 1857 1725 1926 prtcdicabunt.
1771 1857 1918 1912 Sicut
1945 1859 2086 1911 enim

511 1945 825 2001 benedicere
851 1959 904 2001 et
949 1949 1164 2002 laudare
1195 1949 1460 2012 amicitiae,
1493 1950 1569 2002 sic
1596 1958 1650 2002 et
1693 1948 2010 2002 maledicere
2036 1959 2090 2002 et

508 2035 819 2092 Calumniari
842 2039 1129 2093 inimicitiae
1148 2048 1200 2094 et
1220 2041 1325 2094 odii
1353 2051 1406 2094 et
1429 2041 1737 2108 injuriarum
1771 2041 2087 2109 principium

508 2135 609 2187 est,
630 2137 786 2197 atque
814 2130 1136 2184 infinitarum
1170 2131 1554 2185 discordiarum
1583 2133 1803 2185 tnateria
1855 2131 1967 2185 Non
1990 2133 2089 2185 ali-

513 2217 654 2272 unde
707 2228 884 2272 nostra
931 2221 1286 2290 negliguntur,
1343 2237 1498 2290 quant
1564 2222 1702 2292 quod
1743 2221 1917 2275 aliena
1945 2231 2089 2274 sata-

512 2307 684 2375 gimus
709 2310 1022 2378 curioseque
1039 2321 1338 2365 scrutamur
1362 2329 1375 2364 :
1407 2327 1512 2364 non
1540 2312 1681 2365 enim
1707 2321 1856 2366 vacat
1890 2313 2088 2365 homini

515 2399 794 2465 maledico,
819 2411 868 2454 et
887 2402 1090 2457 alienos
1107 2404 1404 2470 exquirenti
1421 2420 1616 2468 mores,
1643 2406 1908 2474 propriam
1927 2421 2095 2475 quan-

512 2490 688 2560 doque
715 2493 876 2546 vitam
904 2509 1094 2548 curare
1123 2511 1136 2546 :
1167 2495 1344 2548 studio
1369 2495 1508 2549 enim
1539 2497 1681 2549 omni
1714 2497 1764 2549 in
1797 2497 2090 2549 alienorum

511 2583 873 2638 curiositatem
905 2585 1164 2654 impenso,
1199 2602 1418 2642 necesse
1443 2597 1525 2642 est
1549 2589 1724 2642 omnia
1753 2588 1867 2657 ejus
1894 2596 2094 2644 temere

511 2683 568 2729 et
596 2675 923 2746 negligenter
946 2678 1145 2747 jacere.
1176 2679 1388 2733 Etenim
1423 2680 1555 2733 bene
1583 2680 1856 2734 nobiscum
1885 2681 1965 2749 agi
1995 2696 2092 2748 pu-

516 2768 730 2822 tandum
775 2779 878 2834 est,
935 2771 978 2824 si
1023 2787 1180 2825 omne
1219 2772 1383 2826 otium
1433 2771 1486 2825 in
1540 2773 1874 2841 propriormn
1911 2789 2092 2826 curam

516 2870 854 2929 peccatorum
881 2871 933 2916 et
956 2861 1211 2930 judicium
1244 2862 1607 2932 impendentes
1636 2864 1894 2932 prolicere
1921 2863 2094 2932 possi-

519 2962 637 3003 mns
667 2968 680 3004 :
705 2967 823 3006 cum
853 2967 980 3006 vero
1023 2968 1234 3022 semper
1268 2954 1436 3007 aliena
1459 2968 1633 3018 cures,
1659 2952 1870 3023 quando
1894 2952 1962 3007 de
1993 2953 2095 3008 tuis

513 3040 771 3095 sollicitus
793 3042 900 3096 eris
926 3043 1124 3096 malis?

585 3133 636 3186 6.
681 3133 967 3204 Fugiamns
991 3135 1170 3204 igitur,
1195 3134 1396 3200 dilecti,
1427 3135 1690 3206 fugiamus
1713 3135 2092 3202 detractiones,

513 3222 656 3278 docti
685 3224 734 3277 id
766 3241 885 3279 esse
908 3235 1075 3278 tottttn
1117 3226 1312 3280 diaboli
1357 3226 1666 3280 barathrum
1698 3235 1751 3279 et
1783 3225 2092 3280 insidiarum

513 3315 630 3382 ejus
675 3315 972 3371 latibulum.
1007 3317 1076 3372 Ut
1117 3319 1258 3372 enim
1291 3327 1468 3372 nostra
1501 3317 1850 3386 negligamus,
1888 3327 1940 3370 et
1975 3332 2098 3386 gra-

515 3409 693 3462 viores
721 3410 874 3462 nobis
903 3419 1081 3463 reatus
1106 3410 1512 3475 constituamus,
1564 3410 1616 3462 in
1664 3412 1801 3464 hanc
1846 3424 1942 3462 nos
1967 3424 2095 3461 cou-

515 3493 846 3554 suetudinem
864 3501 1106 3554 diabolus
1127 3501 1304 3561 duxit;
1330 3501 1436 3554 imo
1450 3517 1575 3554 vero
1605 3516 1706 3553 non
1741 3500 1791 3554 id
1823 3500 1891 3554 ibi
1922 3501 2093 3553 solum

517 3591 658 3645 inest
685 3592 830 3655 mali,
855 3593 994 3661 quod
1023 3602 1146 3648 tunc
1174 3593 1433 3648 rationem
1479 3593 1724 3646 dabimus
1754 3609 1937 3647 eorum
1978 3609 2096 3662 qum

514 3679 768 3747 diximus,
799 3682 892 3736 sed
925 3683 1085 3735 etiam
1115 3683 1257 3753 quod
1294 3695 1508 3752 peccata
1540 3693 1717 3736 nostra
1749 3684 1825 3738 sic
1851 3685 2095 3754 gravium

517 3773 790 3838 iaciemus,
828 3775 972 3828 omni
1003 3791 1104 3830 nos
1129 3775 1482 3830 excusatione
1510 3778 1778 3846 privautes
1801 3793 1813 3828 :
1837 3777 1926 3846 qui
1953 3776 2094 3830 enim

515 3867 708 3921 acerbe
731 3867 899 3922 aliena
921 3869 1170 3940 exquirit,
1200 3869 1252 3923 in
1274 3869 1480 3924 delictis
1494 3871 1602 3923 suis
1625 3869 1822 3923 nullam
1847 3885 2095 3938 umquatn

516 3957 723 4010 veniam
749 3960 1103 4014 nanciscetur.
1137 3961 1252 4015 Non
1281 3961 1423 4015 enim
1455 3970 1656 4015 tantum
1687 3978 1716 4014 a
1760 3973 2096 4032 peccatorum

521 4061 824 4107 nostrorum
869 4065 1078 4122 natura,
1126 4055 1220 4110 sed
1241 4065 1296 4110 et
1325 4072 1389 4110 ex
1417 4055 1614 4125 judicio
1639 4055 1707 4110 de
1753 4056 1872 4108 aliis
1915 4065 2098 4109 nostro

517 4145 832 4197 sententiam
863 4143 1003 4199 Deus
1034 4145 1270 4214 proferet
1297 4164 1309 4199 :
1345 4146 1542 4200 idcirco
1566 4145 1842 4199 admonuit
1865 4145 2051 4200 dicens
2082 4163 2096 4201 :

523 4230 700 4285 Nolite
732 4233 990 4303 judicare,
1037 4251 1100 4288 ne
1136 4235 1438 4305 judicemini
1469 4235 1489 4307 (
1520 4235 1706 4288 Matth.
1739 4235 1790 4288 7.
1819 4235 1842 4288 ι
1900 4233 1920 4305 )
1947 4253 1960 4286 :
1991 4250 2096 4289 non

517 4323 659 4376 enim
697 4324 852 4393 quale
872 4323 969 4379 fuit
995 4337 1292 4395 peccatum,
1327 4327 1432 4382 tale
1459 4327 1567 4381 illic
1595 4327 1645 4381 itt
1676 4327 1906 4380 luiturum
1933 4342 2098 4396 appa-

517 4413 693 4478 rebit;
739 4414 834 4469 sed
860 4416 1142 4483 quamdam
1192 4433 1436 4488 magnam
1483 4429 1536 4473 et
1568 4419 1923 4474 inevitabilem
1952 4418 2100 4471 addi-

517 4504 714 4558 tionem
757 4519 788 4557 a
837 4504 1034 4574 judicio
1061 4506 1113 4559 in
1141 4523 1457 4562 conversutn
1491 4509 1626 4564 iacto
1674 4511 1916 4579 accipiet.
1953 4509 2101 4563 Sicut

517 4594 660 4646 enim
688 4593 949 4648 humanus
979 4607 1035 4650 et
1061 4596 1202 4650 mitis
1230 4607 1284 4651 et
1306 4598 1544 4651 clemens
1571 4599 1826 4667 majorem
1857 4609 2102 4668 peccato-

521 4701 634 4739 rtttn
679 4687 991 4756 gravitatem
1029 4690 1295 4744 succidit:
1327 4691 1396 4744 ita
1437 4691 1660 4745 acerbus
1690 4701 1745 4746 et
1785 4693 2018 4746 crudelis
2047 4703 2100 4746 et

517 4777 871 4847 implacabilis
901 4795 1148 4850 magnum
1181 4782 1408 4850 propriis
1449 4783 1656 4851 pondus
1683 4783 1912 4852 peceatis
1932 4798 2097 4852 appo-

513 4869 611 4922 nit.
668 4869 1021 4925 Eliminemus
1068 4870 1228 4941 igitur
1252 4887 1464 4928 omnem
1495 4889 1558 4926 ex
1587 4889 1680 4927 ore
1705 4884 1890 4927 nostro
1918 4874 2100 4926 detra-

511 4961 770 5024 ctionem,
787 4963 1018 5019 scientes
1037 4963 1177 5033 quod
1199 4965 1298 5020 etsi
1322 4965 1554 5020 cinerem
1576 4965 1940 5025 COttlcd.tlttu.~‘,
1957 4964 2099 5019 nulla

519 5053 672 5107 nobis
697 5070 900 5122 aspera:
919 5055 1039 5111 vita:
1062 5055 1218 5126 hujus
1237 5057 1434 5112 utilitas
1456 5057 1576 5120 erit,
1603 5056 1703 5110 nisi
1725 5073 1752 5107 a
1771 5055 2101 5110 detractione

516 5143 877 5198 abstineamus
900 5162 914 5198 :
947 5163 1052 5200 non
1073 5147 1216 5201 enim
1242 5163 1360 5217 qum
1388 5148 1588 5202 intrant
1628 5145 1972 5215 coinquinant
1999 5145 2098 5198 lto-

520 5233 741 5298 tuincnt,
770 5233 864 5288 sed
886 5251 1005 5304 qua:
1033 5246 1228 5291 exeunt
1255 5253 1318 5291 ex
1343 5239 1476 5308 ore(
1510 5235 1692 5290 Mattlt.
1724 5237 1806 5292 15.
1845 5237 1928 5290 l7.
1969 5237 2030 5289 l8
2059 5237 2096 5307 ).

515 5326 572 5379 Si
601 5325 721 5395 quis
762 5333 813 5380 te
858 5337 1212 5395 prtetereunte
1247 5339 1453 5383 stercus
1497 5339 1852 5391 commoveat,
1901 5342 2098 5390 nonne,

513 5431 717 5486 quaeso,
749 5417 896 5471 illum
921 5418 1162 5473 convicio
1188 5428 1242 5473 et
1262 5421 1581 5475 contumelia
1611 5420 1811 5474 allicias
1837 5421 1859 5472 ?
1888 5419 1996 5473 lloe
2021 5419 2102 5472 fac

507 5518 561 5559 ct
591 5523 714 5576 erga
739 5508 1098 5563 detractores.
1129 5509 1244 5563 Non
1276 5512 1515 5566 enimsic
1544 5523 1868 5566 commotum
1899 5522 2102 5565 stercus

513 5596 657 5649 illum
718 5600 958 5654 ftetorcm
1029 5603 1432 5671 suspicientiutn
1490 5604 1695 5659 cerebri
1737 5603 2103 5658 membranam

515 5687 769 5752 percellit,
806 5691 944 5745 sicut
971 5693 1143 5748 aliena
1177 5705 1391 5763 peccata
1415 5710 1661 5761 excussa,
1685 5706 1739 5751 et
1767 5696 1871 5750 vita
1900 5697 2108 5760 impura

515 5774 796 5845 patefacta,
821 5780 1143 5840 audientium
1161 5786 1370 5841 animos
1381 5788 1700 5843 contristare
1718 5799 1771 5842 et
1793 5787 2104 5857 perturbare

2189 493 2385 544 solent.
2408 490 2782 546 Abstineamus
2804 492 2964 562 igitur
2983 505 3014 545 a
3039 491 3393 560 detractione,
3424 497 3771 568 turpiloqnio,

2195 580 2545 651 blasphemia,
2569 591 2623 636 et
2653 598 2824 651 neque
2854 583 3120 653 proximo,
3143 600 3317 654 neque
3345 585 3456 640 Deo
3480 587 3772 642 maledica-

2191 688 2308 725 mus
2337 688 2350 726 :
2381 673 2527 726 multi
2545 673 2686 727 enim
2709 673 3128 728 obtrectatorum
3156 690 3222 729 eo
3246 674 3445 731 furoris
3471 678 3601 747 lapsi
3623 689 3769 747 sunt,

2192 772 2248 816 ut
2283 777 2314 817 a
2339 764 2613 817 conservis
2640 763 2690 816 in
2737 764 2900 818 Deum
2934 764 3164 834 linguam
3195 781 3345 820 suam
3377 771 3771 824 rcvocarerint.

2191 854 2454 922 Quantum
2485 870 2611 910 vero
2633 855 2701 909 sit
2733 856 2834 909 hoc
2860 857 3079 923 malum,
3112 873 3177 911 ex
3203 860 3360 912 rebus
3392 876 3532 914 nunc
3561 876 3657 914 nos
3686 877 3777 914 ur-

2191 944 2434 1012 gentibus
2457 945 2622 998 disce.
2658 944 2797 1000 Ecce
2820 946 2963 999 enim
2991 945 3152 1000 homo
3183 947 3426 1018 injuriam
3447 964 3638 1018 passus
3667 961 3772 1016 est,

2191 1045 2244 1088 et
2263 1049 2450 1090 omnes
2475 1035 2722 1091 timemus
2750 1045 2800 1090 et
2832 1038 3132 1103 tremimus,
3163 1049 3219 1092 et
3239 1040 3325 1109 qui
3358 1040 3653 1095 intulerunt
3686 1044 3772 1096 itt-

2186 1125 2404 1194 juriam,
2431 1135 2486 1180 et
2508 1127 2596 1196 qui
2614 1127 2680 1181 de
2703 1127 2844 1182 nulla
2867 1126 3170 1196 hujusmodl
3191 1145 3252 1184 re
3271 1129 3368 1184 sibi
3393 1139 3520 1185 sunt
3539 1132 3770 1197 conscii,

2197 1216 2334 1271 Deus
2361 1227 2536 1271 autem
2583 1233 2677 1288 per
2705 1219 2943 1288 singulos
2969 1219 3084 1274 dies
3114 1221 3308 1290 injuria
3337 1221 3569 1276 afﬁcitur
3600 1240 3612 1276 :
3645 1225 3776 1293 quid

2192 1305 2312 1359 dico
2344 1321 2438 1374 per
2467 1307 2702 1378 singulos
2729 1307 2886 1362 dies?
2917 1309 3024 1364 imo
3046 1326 3172 1364 vero
3199 1326 3294 1380 per
3321 1312 3560 1382 singulas
3589 1312 3773 1379 horas,

2192 1413 2221 1451 a
2253 1397 2524 1464 divitibus,
2557 1415 2585 1453 a
2628 1401 2970 1471 pauperibus.
3009 1418 3038 1456 a
3085 1404 3301 1472 quietis,
3347 1404 3416 1458 ab
3460 1406 3689 1469 aﬂlictis,
3744 1421 3775 1460 a

2197 1490 2660 1553 calumniantibus,
2684 1507 2713 1546 a
2741 1493 3058 1547 calumniam
3083 1493 3393 1560 ferentibus,
3438 1512 3607 1566 neque
3637 1497 3777 1551 ullus

2195 1596 2415 1649 usquam
2445 1581 2494 1635 id
2516 1591 2684 1637 curat.
2719 1585 2842 1640 Ideo
2870 1601 3185 1642 conservum
3212 1587 3395 1642 violari
3428 1589 3690 1657 pertnisit,
3721 1601 3778 1644 ttt

2192 1688 2256 1725 ex
2285 1673 2520 1740 periculo
2551 1690 2645 1744 per
2657 1677 3031 1731 contumeliam
3053 1688 3242 1732 exorto
3261 1678 3436 1733 discas
3454 1679 3663 1732 Domini
3686 1679 3779 1732 bch

2196 1763 2531 1832 nignitatem.
2563 1768 2724 1837 Atqui
2767 1768 2867 1822 hoc
2900 1786 3040 1823 nunc
3085 1770 3315 1840 primum
3355 1769 3552 1825 factum
3589 1780 3693 1836 est,
3723 1782 3779 1826 et

2194 1857 2399 1922 stilum;
2431 1874 2527 1913 nec
2549 1869 2722 1914 tamen
2751 1871 2966 1929 propter
2983 1861 3082 1916 hoc
3099 1878 3195 1916 nos
3212 1863 3372 1916 ullam
3394 1873 3780 1931 assequuturos

2195 1963 2314 2002 esse
2345 1949 2552 2004 veniam
2585 1953 2668 2006 vel
2701 1955 3098 2008 excusationem
3135 1965 3510 2024 exspectamus
3539 1971 3554 2019 ;
3608 1955 3779 2010 Deutn

2196 2056 2324 2094 vero
2351 2043 2586 2110 quotidie
2615 2044 2906 2110 irritamus,
2925 2057 2978 2098 et
3001 2047 3202 2100 nullam
3236 2046 3457 2100 facimus
3473 2047 3782 2102 coorersio-

2198 2148 2342 2198 nem,
2373 2145 2426 2186 et
2456 2134 2630 2188 adhuc
2656 2153 2776 2190 cum
2803 2138 2945 2190 omni
2979 2138 3378 2207 longanimitate
3405 2141 3652 2193 sustinet.
3690 2139 3780 2194 Vi-

2196 2223 2319 2277 disti
2342 2235 2536 2295 quanta
2577 2227 2784 2281 Domini
2813 2228 2883 2281 sit
2911 2228 3191 2283 clementia
3217 2231 3241 2283 ?
3273 2229 3340 2283 Et
3367 2232 3417 2283 itt
3447 2229 3544 2284 hac
3561 2229 3780 2300 quidem

2200 2317 2635 2383 pnevaricatione
2656 2319 2744 2386 qui
2774 2330 3151 2388 peccaverunt,
3181 2321 3318 2388 capti
3351 2330 3490 2384 sunt,
3515 2331 3565 2374 et
3597 2323 3651 2374 in
3673 2335 3785 2375 car~

2199 2424 2376 2462 cercm
2405 2409 2626 2474 detrusi,
2647 2427 2938 2480 pmnasque
2962 2411 3257 2476 dederunt;
3283 2413 3376 2468 sed
3406 2425 3581 2467 tantcn
3605 2413 3785 2467 adhuc

2201 2498 2484 2552 timemus:
2519 2500 2742 2554 necdum
2788 2502 2934 2555 enim
2977 2501 3110 2556 facta
3147 2503 3305 2556 ltesus
3334 2503 3553 2567 audivit,
3607 2520 3785 2574 neque

2200 2589 2519 2643 sententiam
2569 2591 2886 2654 enuntiavit,
2939 2600 2994 2645 et
3041 2607 3226 2646 omnes
3269 2593 3582 2655 tremimus;
3640 2593 3783 2647 Deus

2199 2695 2325 2734 vero
2346 2680 2586 2748 quotidie
2609 2682 2962 2735 contumelias
2996 2682 3046 2736 in
3077 2697 3134 2735 se
3162 2681 3328 2736 factas
3345 2682 3513 2745 audit,
3537 2691 3592 2737 et
3622 2698 3785 2737 nemo

2199 2769 2545 2834 Convertitur,
2599 2769 2725 2824 licet
2767 2771 2855 2824 ille
2908 2772 2976 2824 sit
3003 2781 3106 2824 tant
3141 2773 3380 2826 clemens
3405 2781 3459 2825 et
3493 2773 3658 2825 tnitis.
3708 2772 3784 2826 Illi

2202 2868 2476 2926 peccatum
2507 2859 2688 2915 dicere
2729 2861 2945 2925 suﬂicit,
2977 2872 3030 2915 et
3059 2862 3260 2915 crimen
3291 2863 3551 2925 solvitur;
3596 2863 3650 2916 in
3684 2863 3785 2917 ho-

2201 2948 2434 3002 minibus
2475 2965 2605 3004 vero
2646 2952 2974 3004 contrarium
3025 2953 3256 3019 penitus,
3307 2967 3429 3006 cum
3473 2961 3784 3022 peccatores

2199 3040 2429 3094 confessi
2454 3040 2670 3108 fuerint,
2701 3051 2828 3096 tunc
2855 3042 3021 3112 magis
3049 3042 3377 3112 puniuntur:
3401 3043 3543 3114 quod
3564 3043 3784 3113 quidem

2200 3143 2254 3186 et
2283 3148 2422 3186 nunc
2450 3131 2646 3187 factum
2675 3143 2777 3188 est.

2275 3222 2547 3278 Prwsentis
2573 3225 2876 3278 calamitatis
2900 3225 3190 3294 descriptio.
3218 3254 3289 3266 —-
3318 3224 3452 3280 Nam
3483 3225 3535 3280 lti
3565 3225 3786 3295 quidem

2202 3312 2360 3379 ferro,
2384 3314 2458 3368 illi
2489 3330 2615 3369 vero
2641 3315 2766 3384 igni,
2795 3315 3007 3384 quidam
3034 3325 3210 3369 autem
3243 3315 3426 3370 bestiis
3453 3316 3630 3370 traditi
3665 3332 3789 3386 per-

2203 3404 2411 3468 ierunt,
2459 3420 2563 3458 non
2593 3406 2688 3458 viri
2721 3415 2922 3459 tantum
2945 3446 2960 3470 ,
2993 3405 3087 3459 sed
3143 3415 3198 3460 et
3245 3406 3394 3475 pueri
3427 3425 3441 3460 :
3473 3421 3572 3460 nec
3612 3407 3790 3460 aetatis

2202 3493 2575 3559 immaturitas,
2622 3510 2722 3550 nec
2761 3494 2939 3565 populi
2972 3496 3257 3558 tumultus,
3305 3510 3404 3550 nec
3429 3495 3568 3564 quod
3607 3495 3789 3550 furore

2200 3585 2462 3640 diabolica
2493 3587 2672 3656 perciti
2697 3587 2911 3657 quidam
2944 3587 3058 3641 lucc
3087 3588 3338 3653 fecerint,
3367 3603 3465 3644 nec
3487 3587 3630 3657 quod
3657 3603 3788 3643 exa-

2201 3677 2308 3730 ctio
2353 3676 2700 3731 intolerabilis
2746 3687 2932 3744 esset,
2986 3693 3092 3731 non
3140 3688 3452 3747 paupertas,
3494 3693 3599 3732 non
3643 3677 3787 3748 quod

2201 3781 2485 3820 conunnne
2533 3776 2809 3836 peccatum
2859 3766 3036 3833 fuerit,
3081 3783 3186 3821 non
3234 3767 3377 3837 quod
3422 3767 3787 3837 promiserint,

2203 3874 2488 3927 numquam
2533 3872 2592 3913 se
2621 3859 2848 3929 amplius
2877 3859 2997 3912 talia
3045 3873 3290 3926 ausuros,
3328 3876 3432 3914 non
3459 3859 3601 3914 aliud
3631 3861 3790 3930 quid-

2201 3964 2358 4017 quam
2389 3948 2608 4002 omnino
2649 3950 2794 4018 ipsos
2821 3949 3049 4018 eripuit;
3096 3950 3192 4004 sed
3231 3950 3430 4019 absque
3458 3951 3602 4004 omni
3635 3951 3789 4004 venia

2204 4043 2269 4096 ad
2292 4042 2598 4096 barathrum
2617 4042 3035 4108 abdttcebantur,
3070 4042 3324 4096 militibus
3353 4043 3570 4096 armatis
3601 4043 3790 4096 utrim-

2203 4151 2305 4205 que
2353 4136 2497 4203 ipsos
2542 4134 2818 4204 agentibus
2847 4144 2901 4188 et
2929 4133 3341 4189 observantibus
3363 4175 3378 4196 ,
3423 4149 3488 4188 ne
3517 4133 3637 4203 quis
3668 4148 3792 4187 rens

2204 4226 2435 4294 eriperet
2459 4242 2472 4278 :
2496 4235 2550 4280 et
2577 4225 2938 4293 sequebantur
2960 4235 3177 4290 matres,
3204 4223 3386 4295 procul
3407 4224 3620 4292 quidem
3653 4223 3790 4277 ﬁlios

2203 4315 2592 4382 conspicientes
2616 4315 2938 4380 abstractos,
2961 4315 3314 4368 calamitatem
3339 4323 3512 4367 autem
3534 4313 3792 4383 conqueri

2205 4423 2310 4461 non
2341 4406 2630 4470 audentes;
2682 4406 2931 4460 allectum
2978 4405 3120 4460 enim
3152 4403 3395 4458 vincebat
3442 4403 3692 4466 formido,
3737 4413 3790 4456 et

2206 4509 2448 4553 naturain
2478 4499 2763 4568 superabat
2793 4510 2989 4553 metus.
3020 4497 3089 4551 Et
3114 4499 3250 4551 sicut
3276 4495 3559 4565 naufragos
3585 4511 3614 4548 a
3647 4505 3790 4550 terra

2205 4601 2520 4646 eontuentes
2550 4591 2790 4643 homines
2816 4591 2996 4643 dolent
3025 4588 3238 4659 quidem
3258 4630 3272 4651 ,
3321 4587 3574 4642 accedere
3612 4598 3790 4642 atttem

2204 4694 2256 4737 et
2285 4684 2592 4737 submersos
2620 4685 2828 4751 eripere
2873 4699 2975 4734 non
3004 4682 3179 4733 valent
3207 4697 3220 4732 :
3250 4681 3316 4733 ita
3361 4679 3573 4748 quidem
3600 4688 3656 4732 et
3683 4679 3792 4742 hic,

2207 4787 2472 4846 tamquam
2502 4777 2655 4830 undis
2679 4773 3014 4844 quibusdam,
3045 4772 3268 4826 militum
3299 4772 3487 4824 timore
3514 4769 3794 4840 prohibittu

2209 4877 2406 4922 matres
2425 4909 2440 4934 ,
2469 4883 2574 4922 non
2609 4877 2808 4921 tantum
2836 4866 3090 4919 accedere
3109 4908 3122 4926 .
3151 4876 3204 4919 et
3231 4865 3373 4934 ipsos
3399 4879 3427 4917 a
3453 4863 3794 4917 damnatione

2208 4976 2395 5015 eruere
2425 4975 2529 5013 non
2556 4959 2856 5022 audebant,
2886 4957 2979 5010 sed
3009 4966 3063 5010 et
3097 4956 3352 5009 timebant
3378 4953 3680 5022 deplorare.
3711 4952 3790 5007 An

2211 5052 2334 5106 hinc
2356 5051 2447 5105 Dei
2473 5050 2890 5104 misericordiam
2919 5047 3182 5116 conjicitis
3202 5063 3360 5116 quam
3389 5043 3669 5099 inell‘abilis
3691 5043 3794 5096 sit?

2207 5157 2365 5211 quam
2395 5139 2644 5194 inﬁnita?
2681 5138 2950 5210 quomodo
2973 5153 3188 5193 omnem
3231 5137 3569 5190 transcendat
3593 5134 3792 5188 oratio-

2213 5235 2378 5290 nem?
2405 5235 2501 5290 llic
2525 5233 2736 5302 quidem
2769 5234 2834 5298 is,
2863 5233 2951 5302 qui
2982 5233 3140 5285 lzesus
3165 5240 3269 5292 est,
3297 5238 3351 5286 et
3379 5228 3620 5296 ejusdem
3644 5237 3793 5280 natu-

2208 5344 2304 5392 ltl‘,
2333 5335 2386 5382 et
2412 5327 2576 5381 semel
2601 5342 2668 5380 ex
2693 5327 2837 5379 omni
2869 5337 3109 5394 tempore
3137 5323 3237 5376 hoc
3264 5337 3451 5392 passus
3477 5329 3580 5385 est,
3609 5329 3662 5372 et
3691 5331 3794 5370 non

2207 5435 2386 5472 coram
2411 5459 2427 5485 ,
2460 5432 2634 5486 neque
2665 5424 2979 5487 pra-.sens,et
3003 5422 3306 5470 cernens.et
3343 5410 3565 5465 audiens
3590 5449 3603 5472 ,
3636 5417 3688 5461 et
3719 5415 3794 5458 ta-

2211 5527 2330 5564 men
2378 5525 2536 5565 nemo
2578 5525 2790 5563 reorum
2837 5507 3042 5560 veniam
3083 5514 3405 5574 assequtttus
3434 5511 3517 5556 est
3549 5519 3561 5553 :
3594 5499 3661 5553 de
3689 5499 3794 5550 Dea

2211 5614 2390 5658 autem
2423 5583 2550 5656 nihil
2583 5601 2770 5655 horum
2805 5600 2982 5654 dicere
3022 5599 3144 5652 licet
3191 5595 3430 5650 :etenitn
3477 5601 3674 5650 tantum
3716 5596 3794 5642 est

2213 5695 2308 5750 Dei
2357 5705 2410 5749 et
2457 5693 2684 5747 hominis
2729 5693 3016 5746 discrimen
3045 5731 3062 5755 ,
3121 5697 3377 5758 quantum
3424 5700 3582 5740 nemo
3621 5680 3797 5736 verbis

2218 5797 2394 5856 possm
2428 5787 2727 5857 exprimere
2759 5803 2770 5838 :
2802 5782 3040 5854 quotidie
3065 5778 3386 5836 contumelia
3411 5777 3639 5832 aflicitur
3668 5787 3794 5842 prx-
