  <div class='ocr_page' id='page_1' title='image "/cluster/home/n/w/nwhite01/storage/ocr_20150623/49:no.2:pt.1/coo.31924054869486/058.png"; bbox 0 0 3998 6426; ppageno 0'>
   <div class='ocr_carea' id='block_1_1' title="bbox 147 358 3623 423">
    <p class='ocr_par' dir='ltr' id='par_1_1' title="bbox 147 358 3623 423">
     <span class='ocr_line' id='line_1_1' title="bbox 147 358 3623 423; baseline -0.001 -4"><span class='ocrx_word' id='word_1_1' title='bbox 147 367 209 420; x_wconf 69' lang='lat'>55</span> <span class='ocrx_word' id='word_1_2' title='bbox 696 382 701 387; x_wconf 89' lang='grc'>·</span> <span class='ocrx_word' id='word_1_3' title='bbox 1148 363 1240 419; x_wconf 77' lang='lat' dir='ltr'>AD</span> <span class='ocrx_word' id='word_1_4' title='bbox 1282 362 1618 423; x_wconf 76' lang='lat' dir='ltr'>POPULUM</span> <span class='ocrx_word' id='word_1_5' title='bbox 1682 364 2195 422; x_wconf 75' lang='lat' dir='ltr'>ANTIOCHENUM</span> <span class='ocrx_word' id='word_1_6' title='bbox 2232 364 2468 422; x_wconf 70' lang='grc' dir='ltr'>ΠΟΜΙΙ..</span> <span class='ocrx_word' id='word_1_7' title='bbox 2514 365 2600 418; x_wconf 81' lang='grc' dir='ltr'><strong>ΙΙΙ.</strong></span> <span class='ocrx_word' id='word_1_8' title='bbox 3550 358 3623 418; x_wconf 64' lang='lat'><em>1:6</em></span> 
     </span>
    </p>
   </div>
   <div class='ocr_carea' id='block_1_2' title="bbox 153 476 3635 554">
    <p class='ocr_par' dir='ltr' id='par_1_2' title="bbox 153 476 3635 554">
     <span class='ocr_line' id='line_1_2' title="bbox 153 476 3635 554; baseline -0.002 -15"><span class='ocrx_word' id='word_1_9' title='bbox 153 490 283 554; x_wconf 42' lang='grc' dir='ltr'>έχων</span> <span class='ocrx_word' id='word_1_10' title='bbox 305 524 321 549; x_wconf 95' lang='grc'>,</span> <span class='ocrx_word' id='word_1_11' title='bbox 350 482 412 535; x_wconf 76' lang='grc' dir='ltr'>ὲν</span> <span class='ocrx_word' id='word_1_12' title='bbox 457 479 738 554; x_wconf 74' lang='grc' dir='ltr'>ἀσφαλείᾳ</span> <span class='ocrx_word' id='word_1_13' title='bbox 782 478 949 553; x_wconf 83' lang='grc' dir='ltr'>πολλῇ</span> <span class='ocrx_word' id='word_1_14' title='bbox 985 480 1124 553; x_wconf 88' lang='grc' dir='ltr'>μετά</span> <span class='ocrx_word' id='word_1_15' title='bbox 1175 480 1381 553; x_wconf 82' lang='grc' dir='ltr'>πολλῆς</span> <span class='ocrx_word' id='word_1_16' title='bbox 1431 479 1689 553; x_wconf 77' lang='grc' dir='ltr'>βιώσεται</span> <span class='ocrx_word' id='word_1_17' title='bbox 1736 481 1838 552; x_wconf 81' lang='grc' dir='ltr'>τῆς</span> <span class='ocrx_word' id='word_1_18' title='bbox 1947 480 2266 553; x_wconf 81' lang='grc' dir='ltr'>κινούμενα,</span> <span class='ocrx_word' id='word_1_19' title='bbox 2306 480 2403 535; x_wconf 68' lang='grc' dir='ltr'>καὶ</span> <span class='ocrx_word' id='word_1_20' title='bbox 2449 480 2565 551; x_wconf 85' lang='grc' dir='ltr'>βίος</span> <span class='ocrx_word' id='word_1_21' title='bbox 2609 478 2924 550; x_wconf 76' lang='grc' dir='ltr'>ἀκάθαρτος</span> <span class='ocrx_word' id='word_1_22' title='bbox 2966 476 3441 549; x_wconf 69' lang='grc' dir='ltr'>ἑκκαλυπτόμενος</span> <span class='ocrx_word' id='word_1_23' title='bbox 3468 476 3635 533; x_wconf 66' lang='grc' dir='ltr'>λυπεῖ</span> 
     </span>
    </p>
   </div>
   <div class='ocr_carea' id='block_1_3' title="bbox 146 571 358 644">
    <p class='ocr_par' dir='ltr' id='par_1_3' title="bbox 146 571 358 644">
     <span class='ocr_line' id='line_1_3' title="bbox 146 571 358 644; baseline 0 0"><span class='ocrx_word' id='word_1_24' title='bbox 146 571 358 644; x_wconf 55' lang='lat'>6515::-</span> 
     </span>
    </p>
   </div>
   <div class='ocr_carea' id='block_1_4' title="bbox 213 652 1824 728">
    <p class='ocr_par' dir='ltr' id='par_1_4' title="bbox 213 652 1824 728">
     <span class='ocr_line' id='line_1_4' title="bbox 213 652 1824 728; baseline -0.004 -14"><span class='ocrx_word' id='word_1_25' title='bbox 213 660 520 725; x_wconf 84' lang='grc' dir='ltr'>Ἤκουσας</span> <span class='ocrx_word' id='word_1_26' title='bbox 543 658 752 728; x_wconf 72' lang='grc' dir='ltr'>λόγον,</span> <span class='ocrx_word' id='word_1_27' title='bbox 785 655 976 727; x_wconf 82' lang='grc' dir='ltr'>φησίν;</span> <span class='ocrx_word' id='word_1_28' title='bbox 999 652 1414 711; x_wconf 76' lang='grc' dir='ltr'>ἐναποθανέτω</span> <span class='ocrx_word' id='word_1_29' title='bbox 1434 671 1535 711; x_wconf 88' lang='grc' dir='ltr'>σοι</span> <span class='ocrx_word' id='word_1_30' title='bbox 1552 672 1567 687; x_wconf 92' lang='grc'>·</span> <span class='ocrx_word' id='word_1_31' title='bbox 1591 656 1824 725; x_wconf 77' lang='grc' dir='ltr'>θάρσει,</span> 
     </span>
    </p>
   </div>
   <div class='ocr_carea' id='block_1_5' title="bbox 143 741 1831 815">
    <p class='ocr_par' dir='ltr' id='par_1_5' title="bbox 143 741 1831 815">
     <span class='ocr_line' id='line_1_5' title="bbox 143 741 1831 815; baseline -0.005 -13"><span class='ocrx_word' id='word_1_32' title='bbox 143 748 217 803; x_wconf 83' lang='grc' dir='ltr'>οὐ</span> <span class='ocrx_word' id='word_1_33' title='bbox 245 745 333 815; x_wconf 82' lang='grc' dir='ltr'>μή</span> <span class='ocrx_word' id='word_1_34' title='bbox 358 760 436 801; x_wconf 85' lang='grc' dir='ltr'>σε</span> <span class='ocrx_word' id='word_1_35' title='bbox 457 744 657 813; x_wconf 75' lang='grc' dir='ltr'>ῥήξει.</span> <span class='ocrx_word' id='word_1_36' title='bbox 693 742 759 796; x_wconf 85' lang='grc' dir='ltr'>Τί</span> <span class='ocrx_word' id='word_1_37' title='bbox 787 744 954 805; x_wconf 80' lang='grc' dir='ltr'>ἐστιν,</span> <span class='ocrx_word' id='word_1_38' title='bbox 986 743 1431 799; x_wconf 76' lang='grc' dir='ltr'>Ἐναποοανέτω</span> <span class='ocrx_word' id='word_1_39' title='bbox 1458 757 1557 797; x_wconf 87' lang='grc' dir='ltr'>σοι</span> <span class='ocrx_word' id='word_1_40' title='bbox 1574 758 1594 807; x_wconf 90' lang='grc'><strong><em>;</em></strong></span> <span class='ocrx_word' id='word_1_41' title='bbox 1627 741 1831 796; x_wconf 80' lang='grc' dir='ltr'>Σϐέσον</span> 
     </span>
    </p>
   </div>
   <div class='ocr_carea' id='block_1_6' title="bbox 144 828 1832 904">
    <p class='ocr_par' dir='ltr' id='par_1_6' title="bbox 144 828 1832 904">
     <span class='ocr_line' id='line_1_6' title="bbox 144 828 1832 904; baseline -0.004 -16"><span class='ocrx_word' id='word_1_42' title='bbox 144 834 331 898; x_wconf 82' lang='grc' dir='ltr'>αὐτὸν,</span> <span class='ocrx_word' id='word_1_43' title='bbox 362 833 709 903; x_wconf 84' lang='grc' dir='ltr'>κατάχωσον,</span> <span class='ocrx_word' id='word_1_44' title='bbox 736 830 813 904; x_wconf 78' lang='grc' dir='ltr'>μὴ</span> <span class='ocrx_word' id='word_1_45' title='bbox 841 831 1206 903; x_wconf 80' lang='grc' dir='ltr'>συγχωρήσῃς</span> <span class='ocrx_word' id='word_1_46' title='bbox 1230 828 1486 895; x_wconf 77' lang='grc' dir='ltr'>ἐξελθεῖν,</span> <span class='ocrx_word' id='word_1_47' title='bbox 1519 830 1654 902; x_wconf 82' lang='grc' dir='ltr'>μηδὲ</span> <span class='ocrx_word' id='word_1_48' title='bbox 1677 845 1832 899; x_wconf 87' lang='grc' dir='ltr'>κινη-</span> 
     </span>
    </p>
   </div>
   <div class='ocr_carea' id='block_1_7' title="bbox 145 915 1830 992">
    <p class='ocr_par' dir='ltr' id='par_1_7' title="bbox 145 915 1830 992">
     <span class='ocr_line' id='line_1_7' title="bbox 145 915 1830 992; baseline -0.002 -18"><span class='ocrx_word' id='word_1_49' title='bbox 145 921 309 992; x_wconf 78' lang='grc' dir='ltr'>θῆναι</span> <span class='ocrx_word' id='word_1_50' title='bbox 336 920 400 973; x_wconf 93' lang='grc' dir='ltr'>τὸ</span> <span class='ocrx_word' id='word_1_51' title='bbox 442 920 738 990; x_wconf 82' lang='grc' dir='ltr'>παράπαν·</span> <span class='ocrx_word' id='word_1_52' title='bbox 788 917 924 973; x_wconf 85' lang='grc' dir='ltr'>ἁλλά</span> <span class='ocrx_word' id='word_1_53' title='bbox 972 918 1205 989; x_wconf 88' lang='grc' dir='ltr'>μάλιστα</span> <span class='ocrx_word' id='word_1_54' title='bbox 1258 919 1357 990; x_wconf 85' lang='grc' dir='ltr'>μὲν</span> <span class='ocrx_word' id='word_1_55' title='bbox 1418 915 1512 974; x_wconf 80' lang='grc' dir='ltr'>οὖν</span> <span class='ocrx_word' id='word_1_56' title='bbox 1564 916 1830 981; x_wconf 74' lang='grc' dir='ltr'>σπούδαξε</span> 
     </span>
    </p>
   </div>
   <div class='ocr_carea' id='block_1_8' title="bbox 149 1005 1833 1080">
    <p class='ocr_par' dir='ltr' id='par_1_8' title="bbox 149 1005 1833 1080">
     <span class='ocr_line' id='line_1_8' title="bbox 149 1005 1833 1080; baseline -0.002 -17"><span class='ocrx_word' id='word_1_57' title='bbox 149 1008 287 1080; x_wconf 84' lang='grc' dir='ltr'>μηδὲ</span> <span class='ocrx_word' id='word_1_58' title='bbox 309 1007 603 1079; x_wconf 88' lang='grc' dir='ltr'>ἀνέχεσθαι</span> <span class='ocrx_word' id='word_1_59' title='bbox 627 1007 738 1060; x_wconf 82' lang='grc' dir='ltr'>τῶν</span> <span class='ocrx_word' id='word_1_60' title='bbox 756 1007 1026 1076; x_wconf 89' lang='grc' dir='ltr'>λεγόντων</span> <span class='ocrx_word' id='word_1_61' title='bbox 1055 1007 1275 1079; x_wconf 82' lang='grc' dir='ltr'>ἐτέρους</span> <span class='ocrx_word' id='word_1_62' title='bbox 1295 1006 1501 1071; x_wconf 82' lang='grc' dir='ltr'>κακῶς.</span> <span class='ocrx_word' id='word_1_63' title='bbox 1531 1006 1630 1061; x_wconf 76' lang='grc' dir='ltr'>Ἂν</span> <span class='ocrx_word' id='word_1_64' title='bbox 1651 1005 1697 1059; x_wconf 83' lang='grc' dir='ltr'>δ’</span> <span class='ocrx_word' id='word_1_65' title='bbox 1723 1005 1833 1077; x_wconf 85' lang='grc' dir='ltr'>ἄρα</span> 
     </span>
    </p>
   </div>
   <div class='ocr_carea' id='block_1_9' title="bbox 147 1092 1831 1167">
    <p class='ocr_par' dir='ltr' id='par_1_9' title="bbox 147 1092 1831 1167">
     <span class='ocr_line' id='line_1_9' title="bbox 147 1092 1831 1167; baseline -0.002 -18"><span class='ocrx_word' id='word_1_66' title='bbox 147 1113 282 1150; x_wconf 86' lang='grc' dir='ltr'>ποτε</span> <span class='ocrx_word' id='word_1_67' title='bbox 319 1096 417 1149; x_wconf 79' lang='grc' dir='ltr'>καὶ</span> <span class='ocrx_word' id='word_1_68' title='bbox 449 1094 597 1167; x_wconf 78' lang='grc' dir='ltr'>δέξῃ,</span> <span class='ocrx_word' id='word_1_69' title='bbox 633 1096 969 1166; x_wconf 83' lang='grc' dir='ltr'>κατάχωσον,</span> <span class='ocrx_word' id='word_1_70' title='bbox 1006 1094 1331 1149; x_wconf 80' lang='grc' dir='ltr'>ἀπόκτεινον</span> <span class='ocrx_word' id='word_1_71' title='bbox 1361 1094 1423 1148; x_wconf 90' lang='grc' dir='ltr'>τὸ</span> <span class='ocrx_word' id='word_1_72' title='bbox 1451 1092 1663 1165; x_wconf 82' lang='grc' dir='ltr'>λεχθὲν,</span> <span class='ocrx_word' id='word_1_73' title='bbox 1690 1092 1831 1165; x_wconf 83' lang='grc' dir='ltr'>λήθῃ</span> 
     </span>
    </p>
   </div>
   <div class='ocr_carea' id='block_1_10' title="bbox 148 1179 1835 1256">
    <p class='ocr_par' dir='ltr' id='par_1_10' title="bbox 148 1179 1835 1256">
     <span class='ocr_line' id='line_1_10' title="bbox 148 1179 1835 1256; baseline -0.002 -20"><span class='ocrx_word' id='word_1_74' title='bbox 148 1184 396 1256; x_wconf 83' lang='grc' dir='ltr'>παράδος</span> <span class='ocrx_word' id='word_1_75' title='bbox 417 1222 430 1245; x_wconf 93' lang='grc'>,</span> <span class='ocrx_word' id='word_1_76' title='bbox 468 1184 557 1236; x_wconf 84' lang='grc' dir='ltr'>ἴνα</span> <span class='ocrx_word' id='word_1_77' title='bbox 589 1185 703 1249; x_wconf 90' lang='grc' dir='ltr'>τοῖς</span> <span class='ocrx_word' id='word_1_78' title='bbox 735 1182 809 1255; x_wconf 79' lang='grc' dir='ltr'>μὴ</span> <span class='ocrx_word' id='word_1_79' title='bbox 835 1181 1130 1253; x_wconf 87' lang='grc' dir='ltr'>ἀκηκοόσιν</span> <span class='ocrx_word' id='word_1_80' title='bbox 1154 1182 1339 1253; x_wconf 81' lang='grc' dir='ltr'>ὅμοιος</span> <span class='ocrx_word' id='word_1_81' title='bbox 1378 1181 1533 1256; x_wconf 82' lang='grc' dir='ltr'>γένῃ,</span> <span class='ocrx_word' id='word_1_82' title='bbox 1568 1180 1663 1233; x_wconf 72' lang='grc' dir='ltr'>καὶ</span> <span class='ocrx_word' id='word_1_83' title='bbox 1695 1179 1835 1251; x_wconf 82' lang='grc' dir='ltr'>μετά</span> 
     </span>
    </p>
   </div>
   <div class='ocr_carea' id='block_1_11' title="bbox 148 1266 1836 1343">
    <p class='ocr_par' dir='ltr' id='par_1_11' title="bbox 148 1266 1836 1343">
     <span class='ocr_line' id='line_1_11' title="bbox 148 1266 1836 1343; baseline -0.003 -18"><span class='ocrx_word' id='word_1_84' title='bbox 148 1271 356 1343; x_wconf 84' lang='grc' dir='ltr'>πολλῆς</span> <span class='ocrx_word' id='word_1_85' title='bbox 384 1271 486 1342; x_wconf 77' lang='grc' dir='ltr'>τῆς</span> <span class='ocrx_word' id='word_1_86' title='bbox 512 1271 735 1343; x_wconf 75' lang='grc' dir='ltr'>εἰρήνης</span> <span class='ocrx_word' id='word_1_87' title='bbox 760 1270 853 1324; x_wconf 81' lang='grc' dir='ltr'>καὶ</span> <span class='ocrx_word' id='word_1_88' title='bbox 883 1270 986 1341; x_wconf 76' lang='grc' dir='ltr'>τῆς</span> <span class='ocrx_word' id='word_1_89' title='bbox 1006 1269 1308 1340; x_wconf 78' lang='grc' dir='ltr'>ἀσφαλείας</span> <span class='ocrx_word' id='word_1_90' title='bbox 1344 1270 1440 1323; x_wconf 91' lang='grc' dir='ltr'>τὸν</span> <span class='ocrx_word' id='word_1_91' title='bbox 1494 1268 1741 1341; x_wconf 87' lang='grc' dir='ltr'>παρόντα</span> <span class='ocrx_word' id='word_1_92' title='bbox 1763 1266 1836 1320; x_wconf 88' lang='grc' dir='ltr'>δι-</span> 
     </span>
    </p>
   </div>
   <div class='ocr_carea' id='block_1_12' title="bbox 149 1355 1835 1434">
    <p class='ocr_par' dir='ltr' id='par_1_12' title="bbox 149 1355 1835 1434">
     <span class='ocr_line' id='line_1_12' title="bbox 149 1355 1835 1434; baseline -0.004 -18"><span class='ocrx_word' id='word_1_93' title='bbox 149 1360 293 1434; x_wconf 74' lang='lat' dir='ltr'><em>6m;</em></span> <span class='ocrx_word' id='word_1_94' title='bbox 320 1358 455 1430; x_wconf 84' lang='grc' dir='ltr'>βίον.</span> <span class='ocrx_word' id='word_1_95' title='bbox 486 1361 584 1412; x_wconf 77' lang='grc' dir='ltr'>’Ἂν</span> <span class='ocrx_word' id='word_1_96' title='bbox 616 1357 859 1429; x_wconf 81' lang='grc' dir='ltr'>μάθωσιν</span> <span class='ocrx_word' id='word_1_97' title='bbox 881 1360 930 1412; x_wconf 87' lang='grc' dir='ltr'>οί</span> <span class='ocrx_word' id='word_1_98' title='bbox 963 1359 1283 1431; x_wconf 81' lang='grc' dir='ltr'>κακήγοροι,</span> <span class='ocrx_word' id='word_1_99' title='bbox 1310 1358 1394 1412; x_wconf 82' lang='grc' dir='ltr'>ὅτι</span> <span class='ocrx_word' id='word_1_100' title='bbox 1416 1356 1526 1411; x_wconf 83' lang='grc' dir='ltr'>τῶν</span> <span class='ocrx_word' id='word_1_101' title='bbox 1548 1355 1835 1410; x_wconf 88' lang='grc' dir='ltr'>διαϐαλλο-</span> 
     </span>
    </p>
   </div>
   <div class='ocr_carea' id='block_1_13' title="bbox 155 1444 1835 1519">
    <p class='ocr_par' dir='ltr' id='par_1_13' title="bbox 155 1444 1835 1519">
     <span class='ocr_line' id='line_1_13' title="bbox 155 1444 1835 1519; baseline -0.002 -18"><span class='ocrx_word' id='word_1_102' title='bbox 155 1449 334 1517; x_wconf 80' lang='grc' dir='ltr'>μένων</span> <span class='ocrx_word' id='word_1_103' title='bbox 376 1446 582 1519; x_wconf 78' lang='grc' dir='ltr'>μᾶλλον</span> <span class='ocrx_word' id='word_1_104' title='bbox 608 1448 769 1518; x_wconf 77' lang='grc' dir='ltr'>ἡμεῖς</span> <span class='ocrx_word' id='word_1_105' title='bbox 796 1446 994 1511; x_wconf 80' lang='grc' dir='ltr'>αὐτοὺς</span> <span class='ocrx_word' id='word_1_106' title='bbox 1015 1445 1496 1517; x_wconf 78' lang='grc' dir='ltr'>ἀποστρεφόμεθα,</span> <span class='ocrx_word' id='word_1_107' title='bbox 1537 1444 1835 1499; x_wconf 84' lang='grc' dir='ltr'>παύσονται</span> 
     </span>
    </p>
   </div>
   <div class='ocr_carea' id='block_1_14' title="bbox 153 1530 1831 1605">
    <p class='ocr_par' dir='ltr' id='par_1_14' title="bbox 153 1530 1831 1605">
     <span class='ocr_line' id='line_1_14' title="bbox 153 1530 1831 1605; baseline -0.004 -16"><span class='ocrx_word' id='word_1_108' title='bbox 153 1536 245 1588; x_wconf 82' lang='grc' dir='ltr'>καὶ</span> <span class='ocrx_word' id='word_1_109' title='bbox 266 1534 428 1589; x_wconf 86' lang='grc' dir='ltr'>αὐτοί</span> <span class='ocrx_word' id='word_1_110' title='bbox 462 1551 593 1587; x_wconf 88' lang='grc' dir='ltr'>ποτε</span> <span class='ocrx_word' id='word_1_111' title='bbox 620 1532 723 1603; x_wconf 83' lang='grc' dir='ltr'>τῆς</span> <span class='ocrx_word' id='word_1_112' title='bbox 753 1534 997 1605; x_wconf 80' lang='grc' dir='ltr'>πονηρᾶς</span> <span class='ocrx_word' id='word_1_113' title='bbox 1022 1532 1313 1604; x_wconf 79' lang='grc' dir='ltr'>συνηθείας</span> <span class='ocrx_word' id='word_1_114' title='bbox 1333 1530 1559 1603; x_wconf 79' lang='grc' dir='ltr'>ταύτης,</span> <span class='ocrx_word' id='word_1_115' title='bbox 1579 1532 1674 1585; x_wconf 77' lang='grc' dir='ltr'>καὶ</span> <span class='ocrx_word' id='word_1_116' title='bbox 1689 1532 1831 1601; x_wconf 88' lang='grc' dir='ltr'>διορ-</span> 
     </span>
    </p>
   </div>
   <div class='ocr_carea' id='block_1_15' title="bbox 154 1616 1837 1692">
    <p class='ocr_par' dir='ltr' id='par_1_15' title="bbox 154 1616 1837 1692">
     <span class='ocr_line' id='line_1_15' title="bbox 154 1616 1837 1692; baseline -0.002 -18"><span class='ocrx_word' id='word_1_117' title='bbox 154 1622 421 1676; x_wconf 82' lang='grc' dir='ltr'>θώσονται</span> <span class='ocrx_word' id='word_1_118' title='bbox 440 1621 502 1675; x_wconf 90' lang='grc' dir='ltr'>τὸ</span> <span class='ocrx_word' id='word_1_119' title='bbox 523 1621 844 1692; x_wconf 85' lang='grc' dir='ltr'>ἁμάρτημα,</span> <span class='ocrx_word' id='word_1_120' title='bbox 857 1621 955 1673; x_wconf 73' lang='grc' dir='ltr'>καὶ</span> <span class='ocrx_word' id='word_1_121' title='bbox 976 1619 1353 1674; x_wconf 76' lang='grc' dir='ltr'>ἐπαινέσονται</span> <span class='ocrx_word' id='word_1_122' title='bbox 1372 1616 1512 1689; x_wconf 79' lang='grc' dir='ltr'>μὲτά</span> <span class='ocrx_word' id='word_1_123' title='bbox 1529 1618 1724 1683; x_wconf 81' lang='grc' dir='ltr'>ταῦτα,</span> <span class='ocrx_word' id='word_1_124' title='bbox 1741 1618 1837 1672; x_wconf 73' lang='grc' dir='ltr'>καὶ</span> 
     </span>
    </p>
   </div>
   <div class='ocr_carea' id='block_1_16' title="bbox 155 1704 1839 1781">
    <p class='ocr_par' dir='ltr' id='par_1_16' title="bbox 155 1704 1839 1781">
     <span class='ocr_line' id='line_1_16' title="bbox 155 1704 1839 1781; baseline -0.002 -20"><span class='ocrx_word' id='word_1_125' title='bbox 155 1711 301 1781; x_wconf 72' lang='grc' dir='ltr'>ἡμᾶς</span> <span class='ocrx_word' id='word_1_126' title='bbox 321 1708 524 1772; x_wconf 77' lang='grc' dir='ltr'>αὐτοὺς</span> <span class='ocrx_word' id='word_1_127' title='bbox 549 1708 624 1771; x_wconf 86' lang='grc' dir='ltr'>ὡς</span> <span class='ocrx_word' id='word_1_128' title='bbox 653 1707 906 1780; x_wconf 82' lang='grc' dir='ltr'>σωτῆρας</span> <span class='ocrx_word' id='word_1_129' title='bbox 944 1706 1125 1760; x_wconf 85' lang='grc' dir='ltr'>αὐτῶν</span> <span class='ocrx_word' id='word_1_130' title='bbox 1146 1706 1469 1778; x_wconf 86' lang='grc' dir='ltr'>γενομένους</span> <span class='ocrx_word' id='word_1_131' title='bbox 1497 1706 1591 1760; x_wconf 69' lang='grc' dir='ltr'>καὶ</span> <span class='ocrx_word' id='word_1_132' title='bbox 1616 1704 1839 1775; x_wconf 85' lang='grc' dir='ltr'>εὐεργέ-</span> 
     </span>
    </p>
   </div>
   <div class='ocr_carea' id='block_1_17' title="bbox 153 1792 1837 1869">
    <p class='ocr_par' dir='ltr' id='par_1_17' title="bbox 153 1792 1837 1869">
     <span class='ocr_line' id='line_1_17' title="bbox 153 1792 1837 1869; baseline -0.003 -19"><span class='ocrx_word' id='word_1_133' title='bbox 153 1814 251 1861; x_wconf 84' lang='grc' dir='ltr'>τας</span> <span class='ocrx_word' id='word_1_134' title='bbox 296 1796 750 1869; x_wconf 80' lang='grc' dir='ltr'>ἀνακηρύξουσιν.</span> <span class='ocrx_word' id='word_1_135' title='bbox 806 1795 1020 1866; x_wconf 78' lang='grc' dir='ltr'>Ὠσπερ</span> <span class='ocrx_word' id='word_1_136' title='bbox 1067 1794 1178 1866; x_wconf 83' lang='lat'><em>769</em></span> <span class='ocrx_word' id='word_1_137' title='bbox 1203 1793 1266 1849; x_wconf 89' lang='lat'>16</span> <span class='ocrx_word' id='word_1_138' title='bbox 1311 1794 1493 1858; x_wconf 84' lang='grc' dir='ltr'>καλῶς</span> <span class='ocrx_word' id='word_1_139' title='bbox 1534 1793 1715 1863; x_wconf 87' lang='grc' dir='ltr'>λέγειν</span> <span class='ocrx_word' id='word_1_140' title='bbox 1743 1792 1837 1846; x_wconf 67' lang='grc' dir='ltr'>καὶ</span> 
     </span>
    </p>
   </div>
   <div class='ocr_carea' id='block_1_18' title="bbox 155 1880 1840 1955">
    <p class='ocr_par' dir='ltr' id='par_1_18' title="bbox 155 1880 1840 1955">
     <span class='ocr_line' id='line_1_18' title="bbox 155 1880 1840 1955; baseline -0.002 -19"><span class='ocrx_word' id='word_1_141' title='bbox 155 1883 528 1955; x_wconf 69' lang='grc' dir='ltr'>ἐγκωμιάζειν</span> <span class='ocrx_word' id='word_1_142' title='bbox 543 1884 686 1955; x_wconf 82' lang='grc' dir='ltr'>ἀρχὴ</span> <span class='ocrx_word' id='word_1_143' title='bbox 702 1881 883 1952; x_wconf 79' lang='grc' dir='ltr'>φιλίας</span> <span class='ocrx_word' id='word_1_144' title='bbox 903 1884 1073 1949; x_wconf 71' lang='grc' dir='ltr'>ἐστὶν,</span> <span class='ocrx_word' id='word_1_145' title='bbox 1095 1881 1240 1935; x_wconf 77' lang='grc' dir='ltr'>οὕτω</span> <span class='ocrx_word' id='word_1_146' title='bbox 1257 1881 1318 1935; x_wconf 89' lang='grc' dir='ltr'>τὸ</span> <span class='ocrx_word' id='word_1_147' title='bbox 1336 1882 1524 1945; x_wconf 83' lang='grc' dir='ltr'>κακῶς</span> <span class='ocrx_word' id='word_1_148' title='bbox 1543 1881 1724 1950; x_wconf 80' lang='grc' dir='ltr'>λέγειν</span> <span class='ocrx_word' id='word_1_149' title='bbox 1743 1880 1840 1933; x_wconf 74' lang='grc' dir='ltr'>καὶ</span> 
     </span>
    </p>
   </div>
   <div class='ocr_carea' id='block_1_19' title="bbox 154 1968 1840 2044">
    <p class='ocr_par' dir='ltr' id='par_1_19' title="bbox 154 1968 1840 2044">
     <span class='ocr_line' id='line_1_19' title="bbox 154 1968 1840 2044; baseline -0.003 -19"><span class='ocrx_word' id='word_1_150' title='bbox 154 1972 463 2026; x_wconf 77' lang='grc' dir='ltr'>διαϐάλλειν</span> <span class='ocrx_word' id='word_1_151' title='bbox 485 1970 599 2044; x_wconf 67' lang='grc'>[41]</span> <span class='ocrx_word' id='word_1_152' title='bbox 641 1971 859 2044; x_wconf 73' lang='grc' dir='ltr'>ἔχθρας,</span> <span class='ocrx_word' id='word_1_153' title='bbox 896 1970 992 2025; x_wconf 72' lang='grc' dir='ltr'>καὶ</span> <span class='ocrx_word' id='word_1_154' title='bbox 1023 1970 1343 2041; x_wconf 82' lang='grc' dir='ltr'>ἀπεχθείας,</span> <span class='ocrx_word' id='word_1_155' title='bbox 1384 1969 1479 2023; x_wconf 70' lang='grc' dir='ltr'>καὶ</span> <span class='ocrx_word' id='word_1_156' title='bbox 1497 1970 1606 2023; x_wconf 85' lang='grc' dir='ltr'>τῶν</span> <span class='ocrx_word' id='word_1_157' title='bbox 1630 1968 1840 2041; x_wconf 90' lang='grc' dir='ltr'>μυρίων</span> 
     </span>
    </p>
   </div>
   <div class='ocr_carea' id='block_1_20' title="bbox 156 2055 1840 2132">
    <p class='ocr_par' dir='ltr' id='par_1_20' title="bbox 156 2055 1840 2132">
     <span class='ocr_line' id='line_1_20' title="bbox 156 2055 1840 2132; baseline -0.004 -17"><span class='ocrx_word' id='word_1_158' title='bbox 156 2062 414 2132; x_wconf 86' lang='grc' dir='ltr'>πολέμων</span> <span class='ocrx_word' id='word_1_159' title='bbox 451 2061 596 2132; x_wconf 84' lang='grc' dir='ltr'>ἀρχὴ</span> <span class='ocrx_word' id='word_1_160' title='bbox 647 2060 744 2114; x_wconf 73' lang='grc' dir='ltr'>καὶ</span> <span class='ocrx_word' id='word_1_161' title='bbox 788 2059 1045 2123; x_wconf 86' lang='grc' dir='ltr'>ὑπόθεσις</span> <span class='ocrx_word' id='word_1_162' title='bbox 1083 2059 1329 2128; x_wconf 85' lang='grc' dir='ltr'>γέγονεν.</span> <span class='ocrx_word' id='word_1_163' title='bbox 1372 2057 1683 2129; x_wconf 86' lang='grc' dir='ltr'>Οὐδαμόθεν</span> <span class='ocrx_word' id='word_1_164' title='bbox 1731 2055 1840 2127; x_wconf 81' lang='grc' dir='ltr'>γὰρ</span> 
     </span>
    </p>
   </div>
   <div class='ocr_carea' id='block_1_21' title="bbox 158 2144 1842 2220">
    <p class='ocr_par' dir='ltr' id='par_1_21' title="bbox 158 2144 1842 2220">
     <span class='ocr_line' id='line_1_21' title="bbox 158 2144 1842 2220; baseline -0.002 -19"><span class='ocrx_word' id='word_1_165' title='bbox 158 2149 432 2220; x_wconf 78' lang='grc' dir='ltr'>ἑτέρωθεν</span> <span class='ocrx_word' id='word_1_166' title='bbox 463 2147 734 2220; x_wconf 75' lang='grc' dir='ltr'>ἠμέληται</span> <span class='ocrx_word' id='word_1_167' title='bbox 763 2146 834 2200; x_wconf 82' lang='grc' dir='ltr'>τά</span> <span class='ocrx_word' id='word_1_168' title='bbox 860 2146 1129 2219; x_wconf 85' lang='grc' dir='ltr'>ἡμέτερα,</span> <span class='ocrx_word' id='word_1_169' title='bbox 1154 2146 1270 2200; x_wconf 86' lang='grc' dir='ltr'>ἀλλ’</span> <span class='ocrx_word' id='word_1_170' title='bbox 1301 2146 1334 2218; x_wconf 77' lang='grc' dir='ltr'>ἡ</span> <span class='ocrx_word' id='word_1_171' title='bbox 1368 2149 1434 2200; x_wconf 84' lang='grc' dir='ltr'>ὲκ</span> <span class='ocrx_word' id='word_1_172' title='bbox 1465 2146 1561 2201; x_wconf 86' lang='lat'>106</span> <span class='ocrx_word' id='word_1_173' title='bbox 1591 2146 1659 2201; x_wconf 78' lang='grc' dir='ltr'>τὰ</span> <span class='ocrx_word' id='word_1_174' title='bbox 1687 2144 1842 2198; x_wconf 83' lang='grc' dir='ltr'>ἀλλό-</span> 
     </span>
    </p>
   </div>
   <div class='ocr_carea' id='block_1_22' title="bbox 159 2228 1840 2307">
    <p class='ocr_par' dir='ltr' id='par_1_22' title="bbox 159 2228 1840 2307">
     <span class='ocr_line' id='line_1_22' title="bbox 159 2228 1840 2307; baseline -0.002 -18"><span class='ocrx_word' id='word_1_175' title='bbox 159 2254 283 2307; x_wconf 92' lang='grc' dir='ltr'>τρια</span> <span class='ocrx_word' id='word_1_176' title='bbox 306 2235 791 2307; x_wconf 80' lang='grc' dir='ltr'>πολυπραγμονεῖν</span> <span class='ocrx_word' id='word_1_177' title='bbox 812 2235 907 2288; x_wconf 70' lang='grc' dir='ltr'>καὶ</span> <span class='ocrx_word' id='word_1_178' title='bbox 944 2232 1439 2306; x_wconf 78' lang='grc' dir='ltr'>περιεργάζεσθαι·</span> <span class='ocrx_word' id='word_1_179' title='bbox 1467 2234 1529 2287; x_wconf 84' lang='grc' dir='ltr'>οὐ</span> <span class='ocrx_word' id='word_1_180' title='bbox 1554 2231 1657 2302; x_wconf 76' lang='grc' dir='ltr'>γὰρ</span> <span class='ocrx_word' id='word_1_181' title='bbox 1695 2228 1840 2285; x_wconf 75' lang='grc' dir='ltr'>ἐστιν</span> 
     </span>
    </p>
   </div>
   <div class='ocr_carea' id='block_1_23' title="bbox 158 2319 1844 2397">
    <p class='ocr_par' dir='ltr' id='par_1_23' title="bbox 158 2319 1844 2397">
     <span class='ocr_line' id='line_1_23' title="bbox 158 2319 1844 2397; baseline -0.004 -19"><span class='ocrx_word' id='word_1_182' title='bbox 158 2325 447 2397; x_wconf 81' lang='grc' dir='ltr'>ἄνθρωπον</span> <span class='ocrx_word' id='word_1_183' title='bbox 479 2321 919 2396; x_wconf 75' lang='grc' dir='ltr'>κακηγοροῦντα,</span> <span class='ocrx_word' id='word_1_184' title='bbox 947 2322 1041 2377; x_wconf 76' lang='grc' dir='ltr'>καὶ</span> <span class='ocrx_word' id='word_1_185' title='bbox 1076 2323 1202 2385; x_wconf 73' lang='grc' dir='ltr'>τοὺς</span> <span class='ocrx_word' id='word_1_186' title='bbox 1232 2321 1546 2394; x_wconf 81' lang='grc' dir='ltr'>ἀλλοτρίους</span> <span class='ocrx_word' id='word_1_187' title='bbox 1569 2319 1844 2389; x_wconf 86' lang='grc' dir='ltr'>πολυπρα-</span> 
     </span>
    </p>
   </div>
   <div class='ocr_carea' id='block_1_24' title="bbox 156 2408 1842 2484">
    <p class='ocr_par' dir='ltr' id='par_1_24' title="bbox 156 2408 1842 2484">
     <span class='ocr_line' id='line_1_24' title="bbox 156 2408 1842 2484; baseline -0.004 -18"><span class='ocrx_word' id='word_1_188' title='bbox 156 2412 467 2483; x_wconf 74' lang='grc' dir='ltr'>γμονοῦντα</span> <span class='ocrx_word' id='word_1_189' title='bbox 497 2412 666 2484; x_wconf 81' lang='grc' dir='ltr'>βίους,</span> <span class='ocrx_word' id='word_1_190' title='bbox 695 2411 794 2483; x_wconf 81' lang='grc' dir='ltr'>τῆς</span> <span class='ocrx_word' id='word_1_191' title='bbox 820 2411 956 2475; x_wconf 87' lang='grc' dir='ltr'>ίδίας</span> <span class='ocrx_word' id='word_1_192' title='bbox 976 2409 1376 2481; x_wconf 76' lang='grc' dir='ltr'>ἐπιμεληθῆναί</span> <span class='ocrx_word' id='word_1_193' title='bbox 1400 2426 1530 2463; x_wconf 85' lang='grc' dir='ltr'>ποτε</span> <span class='ocrx_word' id='word_1_194' title='bbox 1547 2409 1714 2480; x_wconf 77' lang='grc' dir='ltr'>ζωῆς.</span> <span class='ocrx_word' id='word_1_195' title='bbox 1728 2409 1772 2460; x_wconf 83' lang='grc' dir='ltr'><strong>Τ</strong></span> <span class='ocrx_word' id='word_1_196' title='bbox 1774 2408 1842 2478; x_wconf 78' lang='grc' dir='ltr'>ἧς</span> 
     </span>
    </p>
   </div>
   <div class='ocr_carea' id='block_1_25' title="bbox 157 2495 1841 2572">
    <p class='ocr_par' dir='ltr' id='par_1_25' title="bbox 157 2495 1841 2572">
     <span class='ocr_line' id='line_1_25' title="bbox 157 2495 1841 2572; baseline -0.01 -7"><span class='ocrx_word' id='word_1_197' title='bbox 157 2501 268 2572; x_wconf 66' lang='grc' dir='ltr'>γὰρ</span> <span class='ocrx_word' id='word_1_198' title='bbox 299 2500 539 2571; x_wconf 80' lang='grc' dir='ltr'>σπουδῆς</span> <span class='ocrx_word' id='word_1_199' title='bbox 564 2499 782 2570; x_wconf 84' lang='grc' dir='ltr'>ἁπάσης</span> <span class='ocrx_word' id='word_1_200' title='bbox 810 2497 958 2569; x_wconf 82' lang='grc' dir='ltr'>αὐτῷ</span> <span class='ocrx_word' id='word_1_201' title='bbox 1006 2499 1085 2562; x_wconf 86' lang='grc' dir='ltr'>είς</span> <span class='ocrx_word' id='word_1_202' title='bbox 1103 2496 1202 2569; x_wconf 84' lang='grc' dir='ltr'>τὴν</span> <span class='ocrx_word' id='word_1_203' title='bbox 1227 2497 1428 2568; x_wconf 79' lang='grc' dir='ltr'>ἑτέρων</span> <span class='ocrx_word' id='word_1_204' title='bbox 1450 2495 1841 2568; x_wconf 85' lang='grc' dir='ltr'>πολυπραγμο-</span> 
     </span>
    </p>
   </div>
   <div class='ocr_carea' id='block_1_26' title="bbox 159 2583 1843 2659">
    <p class='ocr_par' dir='ltr' id='par_1_26' title="bbox 159 2583 1843 2659">
     <span class='ocr_line' id='line_1_26' title="bbox 159 2583 1843 2659; baseline -0.004 -18"><span class='ocrx_word' id='word_1_205' title='bbox 159 2589 328 2659; x_wconf 83' lang='grc' dir='ltr'>σύνην</span> <span class='ocrx_word' id='word_1_206' title='bbox 370 2586 822 2657; x_wconf 80' lang='grc' dir='ltr'>ἀναλισκομίνης,</span> <span class='ocrx_word' id='word_1_207' title='bbox 867 2583 1080 2657; x_wconf 77' lang='grc' dir='ltr'>ἀνάγκη</span> <span class='ocrx_word' id='word_1_208' title='bbox 1111 2585 1180 2639; x_wconf 70' lang='grc' dir='ltr'>τὰ</span> <span class='ocrx_word' id='word_1_209' title='bbox 1209 2583 1377 2638; x_wconf 78' lang='grc' dir='ltr'>αὐτοῦ</span> <span class='ocrx_word' id='word_1_210' title='bbox 1422 2587 1601 2639; x_wconf 84' lang='grc' dir='ltr'>πάντα</span> <span class='ocrx_word' id='word_1_211' title='bbox 1655 2583 1843 2647; x_wconf 83' lang='grc' dir='ltr'>ἁπλῶς</span> 
     </span>
    </p>
   </div>
   <div class='ocr_carea' id='block_1_27' title="bbox 159 2671 1843 2745">
    <p class='ocr_par' dir='ltr' id='par_1_27' title="bbox 159 2671 1843 2745">
     <span class='ocr_line' id='line_1_27' title="bbox 159 2671 1843 2745; baseline -0.003 -17"><span class='ocrx_word' id='word_1_212' title='bbox 159 2675 376 2729; x_wconf 87' lang='grc' dir='ltr'>κεῖσθαι</span> <span class='ocrx_word' id='word_1_213' title='bbox 399 2676 492 2729; x_wconf 70' lang='grc' dir='ltr'>καὶ</span> <span class='ocrx_word' id='word_1_214' title='bbox 514 2673 897 2745; x_wconf 73' lang='grc' dir='ltr'>ἠμελημένως.</span> <span class='ocrx_word' id='word_1_215' title='bbox 935 2672 1046 2726; x_wconf 64' lang='grc' dir='ltr'>Καὶ</span> <span class='ocrx_word' id='word_1_216' title='bbox 1065 2671 1173 2743; x_wconf 77' lang='grc' dir='ltr'>γὰρ</span> <span class='ocrx_word' id='word_1_217' title='bbox 1204 2672 1488 2743; x_wconf 88' lang='grc' dir='ltr'>ἀγαπητὸν</span> <span class='ocrx_word' id='word_1_218' title='bbox 1526 2672 1625 2744; x_wconf 78' lang='grc' dir='ltr'>τὴν</span> <span class='ocrx_word' id='word_1_219' title='bbox 1662 2672 1843 2725; x_wconf 74' lang='grc' dir='ltr'>πᾶσαν</span> 
     </span>
    </p>
   </div>
   <div class='ocr_carea' id='block_1_28' title="bbox 159 2758 1844 2834">
    <p class='ocr_par' dir='ltr' id='par_1_28' title="bbox 159 2758 1844 2834">
     <span class='ocr_line' id='line_1_28' title="bbox 159 2758 1844 2834; baseline -0.003 -18"><span class='ocrx_word' id='word_1_220' title='bbox 159 2763 356 2834; x_wconf 77' lang='grc' dir='ltr'>σχολὴν</span> <span class='ocrx_word' id='word_1_221' title='bbox 399 2764 480 2825; x_wconf 86' lang='grc' dir='ltr'>είς</span> <span class='ocrx_word' id='word_1_222' title='bbox 520 2763 620 2834; x_wconf 80' lang='grc' dir='ltr'>τὴν</span> <span class='ocrx_word' id='word_1_223' title='bbox 666 2760 984 2832; x_wconf 81' lang='grc' dir='ltr'>ἐπιμέλειαν</span> <span class='ocrx_word' id='word_1_224' title='bbox 1026 2758 1135 2813; x_wconf 85' lang='grc' dir='ltr'>τῶν</span> <span class='ocrx_word' id='word_1_225' title='bbox 1174 2759 1392 2812; x_wconf 76' lang='grc' dir='ltr'>οἰκείων</span> <span class='ocrx_word' id='word_1_226' title='bbox 1426 2759 1844 2831; x_wconf 70' lang='grc' dir='ltr'>ἁμαρτημάτων</span> 
     </span>
    </p>
   </div>
   <div class='ocr_carea' id='block_1_29' title="bbox 152 2845 1839 2921">
    <p class='ocr_par' dir='ltr' id='par_1_29' title="bbox 152 2845 1839 2921">
     <span class='ocr_line' id='line_1_29' title="bbox 152 2845 1839 2921; baseline -0.005 -16"><span class='ocrx_word' id='word_1_227' title='bbox 152 2853 253 2905; x_wconf 74' lang='grc' dir='ltr'>καὶ</span> <span class='ocrx_word' id='word_1_228' title='bbox 277 2851 379 2919; x_wconf 73' lang='grc' dir='ltr'>τὴν</span> <span class='ocrx_word' id='word_1_229' title='bbox 405 2849 585 2921; x_wconf 79' lang='grc' dir='ltr'>κρίσιν</span> <span class='ocrx_word' id='word_1_230' title='bbox 605 2848 985 2911; x_wconf 88' lang='grc' dir='ltr'>ἀναλίσκοντα,</span> <span class='ocrx_word' id='word_1_231' title='bbox 1008 2845 1305 2917; x_wconf 79' lang='grc' dir='ltr'>δυνηθῆναί</span> <span class='ocrx_word' id='word_1_232' title='bbox 1327 2863 1381 2900; x_wconf 90' lang='grc' dir='ltr'>τι</span> <span class='ocrx_word' id='word_1_233' title='bbox 1406 2846 1630 2916; x_wconf 73' lang='grc' dir='ltr'>ποιῆσαι</span> <span class='ocrx_word' id='word_1_234' title='bbox 1650 2846 1810 2898; x_wconf 77' lang='grc' dir='ltr'>πλέον</span> <span class='ocrx_word' id='word_1_235' title='bbox 1825 2863 1839 2877; x_wconf 84' lang='grc'>·</span> 
     </span>
    </p>
   </div>
   <div class='ocr_carea' id='block_1_30' title="bbox 154 2932 1843 3007">
    <p class='ocr_par' dir='ltr' id='par_1_30' title="bbox 154 2932 1843 3007">
     <span class='ocr_line' id='line_1_30' title="bbox 154 2932 1843 3007; baseline -0.004 -15"><span class='ocrx_word' id='word_1_236' title='bbox 154 2938 285 2992; x_wconf 75' lang='grc' dir='ltr'>ὅταν</span> <span class='ocrx_word' id='word_1_237' title='bbox 311 2938 369 2992; x_wconf 78' lang='grc' dir='ltr'>δὲ</span> <span class='ocrx_word' id='word_1_238' title='bbox 396 2936 686 3000; x_wconf 85' lang='grc' dir='ltr'>διαπαντὸς</span> <span class='ocrx_word' id='word_1_239' title='bbox 717 2933 786 2989; x_wconf 85' lang='grc' dir='ltr'>τά</span> <span class='ocrx_word' id='word_1_240' title='bbox 807 2933 1063 3006; x_wconf 82' lang='grc' dir='ltr'>ἀλλότρια</span> <span class='ocrx_word' id='word_1_241' title='bbox 1088 2933 1404 3007; x_wconf 73' lang='grc' dir='ltr'>φροντίζῃς,</span> <span class='ocrx_word' id='word_1_242' title='bbox 1439 2932 1569 2986; x_wconf 87' lang='grc' dir='ltr'>πότε</span> <span class='ocrx_word' id='word_1_243' title='bbox 1595 2933 1703 2987; x_wconf 80' lang='grc' dir='ltr'>τῶν</span> <span class='ocrx_word' id='word_1_244' title='bbox 1737 2933 1843 2986; x_wconf 72' lang='grc' dir='ltr'>σῶν</span> 
     </span>
    </p>
   </div>
   <div class='ocr_carea' id='block_1_31' title="bbox 155 3023 721 3099">
    <p class='ocr_par' dir='ltr' id='par_1_31' title="bbox 155 3023 721 3099">
     <span class='ocr_line' id='line_1_31' title="bbox 155 3023 721 3099; baseline -0.002 -22"><span class='ocrx_word' id='word_1_245' title='bbox 155 3025 475 3099; x_wconf 73' lang='grc' dir='ltr'>ἐπιμελήσῃ</span> <span class='ocrx_word' id='word_1_246' title='bbox 500 3023 721 3089; x_wconf 85' lang='grc' dir='ltr'>κακῶν;</span> 
     </span>
    </p>
   </div>
   <div class='ocr_carea' id='block_1_32' title="bbox 226 3106 1843 3183">
    <p class='ocr_par' dir='ltr' id='par_1_32' title="bbox 226 3106 1843 3183">
     <span class='ocr_line' id='line_1_32' title="bbox 226 3106 1843 3183; baseline -0.004 -16"><span class='ocrx_word' id='word_1_247' title='bbox 226 3115 498 3183; x_wconf 64' lang='grc' dir='ltr'>⁴Ινύγωμεν</span> <span class='ocrx_word' id='word_1_248' title='bbox 512 3112 714 3175; x_wconf 85' lang='grc' dir='ltr'>τοίνυν,</span> <span class='ocrx_word' id='word_1_249' title='bbox 730 3110 1027 3180; x_wconf 73' lang='grc' dir='ltr'>ἀγαπητοὶ,</span> <span class='ocrx_word' id='word_1_250' title='bbox 1044 3109 1307 3180; x_wconf 79' lang='grc' dir='ltr'>φύγωμεν</span> <span class='ocrx_word' id='word_1_251' title='bbox 1323 3120 1349 3149; x_wconf 84' lang='grc' dir='ltr'>ι</span> <span class='ocrx_word' id='word_1_252' title='bbox 1366 3108 1464 3172; x_wconf 80' lang='grc' dir='ltr'>τάς</span> <span class='ocrx_word' id='word_1_253' title='bbox 1484 3106 1843 3178; x_wconf 85' lang='grc' dir='ltr'>κακηγορίας.</span> 
     </span>
    </p>
   </div>
   <div class='ocr_carea' id='block_1_33' title="bbox 159 3193 1846 3275">
    <p class='ocr_par' dir='ltr' id='par_1_33' title="bbox 159 3193 1846 3275">
     <span class='ocr_line' id='line_1_33' title="bbox 159 3193 1846 3275; baseline -0.008 -18"><span class='ocrx_word' id='word_1_254' title='bbox 159 3202 431 3275; x_wconf 83' lang='grc' dir='ltr'>μαθόντες</span> <span class='ocrx_word' id='word_1_255' title='bbox 459 3202 533 3265; x_wconf 82' lang='grc' dir='ltr'>ὡς</span> <span class='ocrx_word' id='word_1_256' title='bbox 556 3198 859 3254; x_wconf 85' lang='grc' dir='ltr'>διαϐολικόν</span> <span class='ocrx_word' id='word_1_257' title='bbox 896 3200 1045 3254; x_wconf 65' lang='grc' dir='ltr'>ἐστιν</span> <span class='ocrx_word' id='word_1_258' title='bbox 1073 3196 1194 3252; x_wconf 82' lang='grc' dir='ltr'>ὅλον</span> <span class='ocrx_word' id='word_1_259' title='bbox 1216 3195 1276 3251; x_wconf 88' lang='grc' dir='ltr'>τὸ</span> <span class='ocrx_word' id='word_1_260' title='bbox 1314 3194 1607 3267; x_wconf 82' lang='grc' dir='ltr'>βάραθρον,</span> <span class='ocrx_word' id='word_1_261' title='bbox 1637 3193 1846 3265; x_wconf 73' lang='grc' dir='ltr'>καὶτῆς</span> 
     </span>
    </p>
   </div>
   <div class='ocr_carea' id='block_1_34' title="bbox 154 3282 1846 3361">
    <p class='ocr_par' dir='ltr' id='par_1_34' title="bbox 154 3282 1846 3361">
     <span class='ocr_line' id='line_1_34' title="bbox 154 3282 1846 3361; baseline -0.005 -16"><span class='ocrx_word' id='word_1_262' title='bbox 154 3289 460 3358; x_wconf 71' lang='grc' dir='ltr'>ἐπιϐουλῆς</span> <span class='ocrx_word' id='word_1_263' title='bbox 491 3289 592 3361; x_wconf 79' lang='grc' dir='ltr'>τῆς</span> <span class='ocrx_word' id='word_1_264' title='bbox 620 3289 832 3343; x_wconf 76' lang='grc' dir='ltr'>ἐκείνου</span> <span class='ocrx_word' id='word_1_265' title='bbox 857 3286 998 3360; x_wconf 86' lang='grc' dir='ltr'>α’ὐτη</span> <span class='ocrx_word' id='word_1_266' title='bbox 1028 3288 1064 3360; x_wconf 85' lang='grc' dir='ltr'>ἡ</span> <span class='ocrx_word' id='word_1_267' title='bbox 1098 3285 1313 3357; x_wconf 77' lang='grc' dir='ltr'>ἐνέδρα.</span> <span class='ocrx_word' id='word_1_268' title='bbox 1335 3283 1455 3337; x_wconf 82' lang='grc' dir='ltr'>Ἵνα</span> <span class='ocrx_word' id='word_1_269' title='bbox 1478 3283 1588 3355; x_wconf 77' lang='grc' dir='ltr'>γὰρ</span> <span class='ocrx_word' id='word_1_270' title='bbox 1621 3282 1846 3337; x_wconf 76' lang='grc' dir='ltr'>καὶτῶν</span> 
     </span>
    </p>
   </div>
   <div class='ocr_carea' id='block_1_35' title="bbox 155 3373 1848 3452">
    <p class='ocr_par' dir='ltr' id='par_1_35' title="bbox 155 3373 1848 3452">
     <span class='ocr_line' id='line_1_35' title="bbox 155 3373 1848 3452; baseline -0.007 -17"><span class='ocrx_word' id='word_1_271' title='bbox 155 3380 451 3452; x_wconf 83' lang='grc' dir='ltr'>ἡμετέρων</span> <span class='ocrx_word' id='word_1_272' title='bbox 475 3377 861 3449; x_wconf 84' lang='grc' dir='ltr'>ἀμελήσωμεν,</span> <span class='ocrx_word' id='word_1_273' title='bbox 888 3377 985 3431; x_wconf 77' lang='grc' dir='ltr'>καὶ</span> <span class='ocrx_word' id='word_1_274' title='bbox 1015 3373 1403 3446; x_wconf 78' lang='grc' dir='ltr'>χαλεπωτέρας</span> <span class='ocrx_word' id='word_1_275' title='bbox 1428 3373 1646 3435; x_wconf 78' lang='grc' dir='ltr'>ἑαυτοῖς</span> <span class='ocrx_word' id='word_1_276' title='bbox 1679 3388 1848 3425; x_wconf 88' lang='grc' dir='ltr'>κατα-</span> 
     </span>
    </p>
   </div>
   <div class='ocr_carea' id='block_1_36' title="bbox 161 3458 1847 3538">
    <p class='ocr_par' dir='ltr' id='par_1_36' title="bbox 161 3458 1847 3538">
     <span class='ocr_line' id='line_1_36' title="bbox 161 3458 1847 3538; baseline -0.006 -17"><span class='ocrx_word' id='word_1_277' title='bbox 161 3471 453 3538; x_wconf 85' lang='grc' dir='ltr'>στήσωμεν</span> <span class='ocrx_word' id='word_1_278' title='bbox 476 3466 576 3529; x_wconf 80' lang='grc' dir='ltr'>τάς</span> <span class='ocrx_word' id='word_1_279' title='bbox 599 3463 849 3529; x_wconf 78' lang='grc' dir='ltr'>εὐθύνας,</span> <span class='ocrx_word' id='word_1_280' title='bbox 869 3466 949 3528; x_wconf 86' lang='grc' dir='ltr'>είς</span> <span class='ocrx_word' id='word_1_281' title='bbox 976 3462 1178 3533; x_wconf 84' lang='grc' dir='ltr'>ταύτην</span> <span class='ocrx_word' id='word_1_282' title='bbox 1205 3462 1354 3531; x_wconf 73' lang='grc' dir='ltr'>ἡμᾶς</span> <span class='ocrx_word' id='word_1_283' title='bbox 1386 3458 1487 3531; x_wconf 80' lang='grc' dir='ltr'>τὴν</span> <span class='ocrx_word' id='word_1_284' title='bbox 1517 3459 1847 3530; x_wconf 88' lang='grc' dir='ltr'>συνήθειανό</span> 
     </span>
    </p>
   </div>
   <div class='ocr_carea' id='block_1_37' title="bbox 158 3546 1851 3624">
    <p class='ocr_par' dir='ltr' id='par_1_37' title="bbox 158 3546 1851 3624">
     <span class='ocr_line' id='line_1_37' title="bbox 158 3546 1851 3624; baseline -0.004 -16"><span class='ocrx_word' id='word_1_285' title='bbox 158 3554 413 3618; x_wconf 86' lang='grc' dir='ltr'>διάϐολος</span> <span class='ocrx_word' id='word_1_286' title='bbox 459 3554 635 3624; x_wconf 79' lang='grc' dir='ltr'>ἡγαγε</span> <span class='ocrx_word' id='word_1_287' title='bbox 654 3569 670 3584; x_wconf 75' lang='grc' dir='ltr'><strong>ο</strong></span> <span class='ocrx_word' id='word_1_288' title='bbox 700 3552 900 3623; x_wconf 79' lang='grc' dir='ltr'>μᾶλλον</span> <span class='ocrx_word' id='word_1_289' title='bbox 924 3551 1001 3616; x_wconf 81' lang='grc' dir='ltr'>δὲ,</span> <span class='ocrx_word' id='word_1_290' title='bbox 1023 3551 1085 3604; x_wconf 89' lang='grc' dir='ltr'>οὐ</span> <span class='ocrx_word' id='word_1_291' title='bbox 1110 3548 1271 3602; x_wconf 83' lang='grc' dir='ltr'>τοῦτο</span> <span class='ocrx_word' id='word_1_292' title='bbox 1302 3547 1461 3618; x_wconf 91' lang='grc' dir='ltr'>μόνον</span> <span class='ocrx_word' id='word_1_293' title='bbox 1495 3546 1615 3610; x_wconf 68' lang='grc' dir='ltr'>ἐστὶ</span> <span class='ocrx_word' id='word_1_294' title='bbox 1646 3546 1709 3600; x_wconf 87' lang='grc' dir='ltr'>τὸ</span> <span class='ocrx_word' id='word_1_295' title='bbox 1749 3564 1851 3617; x_wconf 84' lang='grc' dir='ltr'>χα-</span> 
     </span>
    </p>
   </div>
   <div class='ocr_carea' id='block_1_38' title="bbox 159 3632 1848 3712">
    <p class='ocr_par' dir='ltr' id='par_1_38' title="bbox 159 3632 1848 3712">
     <span class='ocr_line' id='line_1_38' title="bbox 159 3632 1848 3712; baseline -0.005 -14"><span class='ocrx_word' id='word_1_296' title='bbox 159 3645 350 3708; x_wconf 80' lang='grc' dir='ltr'>λεπὸν,</span> <span class='ocrx_word' id='word_1_297' title='bbox 391 3643 478 3696; x_wconf 86' lang='grc' dir='ltr'>δτι</span> <span class='ocrx_word' id='word_1_298' title='bbox 521 3642 681 3711; x_wconf 89' lang='grc' dir='ltr'>λόγον</span> <span class='ocrx_word' id='word_1_299' title='bbox 714 3641 980 3712; x_wconf 85' lang='grc' dir='ltr'>δώσομεν,</span> <span class='ocrx_word' id='word_1_300' title='bbox 1013 3632 1089 3694; x_wconf 82' lang='grc' dir='ltr'>ὧν</span> <span class='ocrx_word' id='word_1_301' title='bbox 1119 3639 1425 3711; x_wconf 85' lang='grc' dir='ltr'>εἰρήκαμεν</span> <span class='ocrx_word' id='word_1_302' title='bbox 1448 3637 1591 3701; x_wconf 88' lang='grc' dir='ltr'>τότε,</span> <span class='ocrx_word' id='word_1_303' title='bbox 1621 3636 1737 3691; x_wconf 85' lang='grc' dir='ltr'>ἀλλ’</span> <span class='ocrx_word' id='word_1_304' title='bbox 1762 3637 1848 3691; x_wconf 83' lang='grc' dir='ltr'>ὅτι</span> 
     </span>
    </p>
   </div>
   <div class='ocr_carea' id='block_1_39' title="bbox 159 3725 1850 3801">
    <p class='ocr_par' dir='ltr' id='par_1_39' title="bbox 159 3725 1850 3801">
     <span class='ocr_line' id='line_1_39' title="bbox 159 3725 1850 3801; baseline -0.007 -14"><span class='ocrx_word' id='word_1_305' title='bbox 159 3735 256 3788; x_wconf 76' lang='grc' dir='ltr'>καὶ</span> <span class='ocrx_word' id='word_1_306' title='bbox 288 3731 359 3785; x_wconf 83' lang='grc' dir='ltr'>τά</span> <span class='ocrx_word' id='word_1_307' title='bbox 381 3730 628 3801; x_wconf 82' lang='grc' dir='ltr'>ἡμέτερα</span> <span class='ocrx_word' id='word_1_308' title='bbox 656 3730 1036 3800; x_wconf 84' lang='grc' dir='ltr'>ἁμαρτήματα</span> <span class='ocrx_word' id='word_1_309' title='bbox 1078 3727 1440 3799; x_wconf 88' lang='grc' dir='ltr'>χαλεπώτερα</span> <span class='ocrx_word' id='word_1_310' title='bbox 1482 3725 1657 3798; x_wconf 77' lang='grc' dir='ltr'>ταύτῃ</span> <span class='ocrx_word' id='word_1_311' title='bbox 1692 3725 1850 3796; x_wconf 87' lang='grc' dir='ltr'>ποιή-</span> 
     </span>
    </p>
   </div>
   <div class='ocr_carea' id='block_1_40' title="bbox 161 3812 1848 3891">
    <p class='ocr_par' dir='ltr' id='par_1_40' title="bbox 161 3812 1848 3891">
     <span class='ocr_line' id='line_1_40' title="bbox 161 3812 1848 3891; baseline -0.004 -18"><span class='ocrx_word' id='word_1_312' title='bbox 161 3836 350 3891; x_wconf 83' lang='grc' dir='ltr'>σομεν,</span> <span class='ocrx_word' id='word_1_313' title='bbox 377 3818 562 3887; x_wconf 80' lang='grc' dir='ltr'>πάσης</span> <span class='ocrx_word' id='word_1_314' title='bbox 591 3816 818 3880; x_wconf 72' lang='grc' dir='ltr'>ἑαυτοὺς</span> <span class='ocrx_word' id='word_1_315' title='bbox 845 3814 1277 3887; x_wconf 78' lang='grc' dir='ltr'>ἀποστεροῦντες</span> <span class='ocrx_word' id='word_1_316' title='bbox 1303 3813 1618 3883; x_wconf 83' lang='grc' dir='ltr'>ἀπολογίας.</span> <span class='ocrx_word' id='word_1_317' title='bbox 1656 3814 1715 3865; x_wconf 87' lang='lat'>&#39;0</span> <span class='ocrx_word' id='word_1_318' title='bbox 1738 3812 1848 3883; x_wconf 79' lang='grc' dir='ltr'>γὰρ</span> 
     </span>
    </p>
   </div>
   <div class='ocr_carea' id='block_1_41' title="bbox 160 3899 1850 3979">
    <p class='ocr_par' dir='ltr' id='par_1_41' title="bbox 160 3899 1850 3979">
     <span class='ocr_line' id='line_1_41' title="bbox 160 3899 1850 3979; baseline -0.005 -19"><span class='ocrx_word' id='word_1_319' title='bbox 160 3905 383 3979; x_wconf 79' lang='grc' dir='ltr'>πικρῶς</span> <span class='ocrx_word' id='word_1_320' title='bbox 402 3904 472 3958; x_wconf 77' lang='lat'>16</span> <span class='ocrx_word' id='word_1_321' title='bbox 496 3903 757 3975; x_wconf 88' lang='grc' dir='ltr'>ἀλλότρια</span> <span class='ocrx_word' id='word_1_322' title='bbox 778 3901 1071 3967; x_wconf 77' lang='grc' dir='ltr'>ἐξετάζων,</span> <span class='ocrx_word' id='word_1_323' title='bbox 1094 3903 1153 3955; x_wconf 82' lang='grc' dir='ltr'>ὲν</span> <span class='ocrx_word' id='word_1_324' title='bbox 1178 3906 1292 3966; x_wconf 89' lang='grc' dir='ltr'>τοῖς</span> <span class='ocrx_word' id='word_1_325' title='bbox 1313 3901 1435 3955; x_wconf 84' lang='grc' dir='ltr'>καθ’</span> <span class='ocrx_word' id='word_1_326' title='bbox 1459 3899 1653 3955; x_wconf 78' lang='grc' dir='ltr'>ἑαυτὸν</span> <span class='ocrx_word' id='word_1_327' title='bbox 1674 3900 1782 3970; x_wconf 88' lang='grc' dir='ltr'>πλη</span> <span class='ocrx_word' id='word_1_328' title='bbox 1791 3917 1850 3969; x_wconf 85' lang='grc' dir='ltr'>μ-</span> 
     </span>
    </p>
   </div>
   <div class='ocr_carea' id='block_1_42' title="bbox 165 3986 1848 4065">
    <p class='ocr_par' dir='ltr' id='par_1_42' title="bbox 165 3986 1848 4065">
     <span class='ocr_line' id='line_1_42' title="bbox 165 3986 1848 4065; baseline -0.004 -19"><span class='ocrx_word' id='word_1_329' title='bbox 165 3994 304 4065; x_wconf 87' lang='grc' dir='ltr'>μελή</span> <span class='ocrx_word' id='word_1_330' title='bbox 313 4008 481 4063; x_wconf 90' lang='grc' dir='ltr'>μασιν</span> <span class='ocrx_word' id='word_1_331' title='bbox 500 3991 760 4061; x_wconf 70' lang='grc' dir='ltr'>οὐδεμιᾶς</span> <span class='ocrx_word' id='word_1_332' title='bbox 786 3988 1155 4044; x_wconf 84' lang='grc' dir='ltr'>ἀπολαύσεται</span> <span class='ocrx_word' id='word_1_333' title='bbox 1180 3987 1513 4059; x_wconf 84' lang='grc' dir='ltr'>συγγνώμης</span> <span class='ocrx_word' id='word_1_334' title='bbox 1536 3986 1688 4041; x_wconf 84' lang='grc' dir='ltr'>ποτέ.</span> <span class='ocrx_word' id='word_1_335' title='bbox 1713 3987 1848 4041; x_wconf 77' lang='grc' dir='ltr'>Οὐδὲ</span> 
     </span>
    </p>
   </div>
   <div class='ocr_carea' id='block_1_43' title="bbox 162 4075 1846 4153">
    <p class='ocr_par' dir='ltr' id='par_1_43' title="bbox 162 4075 1846 4153">
     <span class='ocr_line' id='line_1_43' title="bbox 162 4075 1846 4153; baseline -0.004 -18"><span class='ocrx_word' id='word_1_336' title='bbox 162 4082 269 4153; x_wconf 82' lang='grc' dir='ltr'>γὰρ</span> <span class='ocrx_word' id='word_1_337' title='bbox 292 4078 405 4134; x_wconf 87' lang='grc' dir='ltr'>ἀπὸ</span> <span class='ocrx_word' id='word_1_338' title='bbox 428 4082 528 4151; x_wconf 78' lang='grc' dir='ltr'>τῆς</span> <span class='ocrx_word' id='word_1_339' title='bbox 549 4079 766 4148; x_wconf 84' lang='grc' dir='ltr'>φύσεως</span> <span class='ocrx_word' id='word_1_340' title='bbox 786 4078 894 4131; x_wconf 81' lang='grc' dir='ltr'>τῶν</span> <span class='ocrx_word' id='word_1_341' title='bbox 924 4076 1294 4149; x_wconf 79' lang='grc' dir='ltr'>πεπλημμελη</span> <span class='ocrx_word' id='word_1_342' title='bbox 1302 4076 1482 4147; x_wconf 82' lang='grc' dir='ltr'>μένων</span> <span class='ocrx_word' id='word_1_343' title='bbox 1502 4078 1634 4148; x_wconf 86' lang='grc' dir='ltr'>ἡμῖν</span> <span class='ocrx_word' id='word_1_344' title='bbox 1666 4075 1846 4147; x_wconf 89' lang='grc' dir='ltr'>μόνον,</span> 
     </span>
    </p>
   </div>
   <div class='ocr_carea' id='block_1_44' title="bbox 163 4164 1849 4237">
    <p class='ocr_par' dir='ltr' id='par_1_44' title="bbox 163 4164 1849 4237">
     <span class='ocr_line' id='line_1_44' title="bbox 163 4164 1849 4237; baseline -0.004 -15"><span class='ocrx_word' id='word_1_345' title='bbox 163 4168 304 4222; x_wconf 85' lang='grc' dir='ltr'>ἀλλά</span> <span class='ocrx_word' id='word_1_346' title='bbox 326 4168 426 4221; x_wconf 73' lang='grc' dir='ltr'>καὶ</span> <span class='ocrx_word' id='word_1_347' title='bbox 444 4166 553 4220; x_wconf 85' lang='grc' dir='ltr'>ἀπὸ</span> <span class='ocrx_word' id='word_1_348' title='bbox 577 4166 676 4236; x_wconf 78' lang='grc' dir='ltr'>τῆς</span> <span class='ocrx_word' id='word_1_349' title='bbox 703 4164 940 4237; x_wconf 88' lang='grc' dir='ltr'>κρίσεως</span> <span class='ocrx_word' id='word_1_350' title='bbox 958 4166 1059 4236; x_wconf 79' lang='grc' dir='ltr'>τῆς</span> <span class='ocrx_word' id='word_1_351' title='bbox 1090 4165 1191 4235; x_wconf 83' lang='grc' dir='ltr'>σῆς</span> <span class='ocrx_word' id='word_1_352' title='bbox 1214 4181 1280 4218; x_wconf 87' lang='grc' dir='ltr'>πε</span> <span class='ocrx_word' id='word_1_353' title='bbox 1289 4165 1343 4237; x_wconf 73' lang='grc' dir='ltr'>ρὶ</span> <span class='ocrx_word' id='word_1_354' title='bbox 1369 4164 1571 4236; x_wconf 78' lang='grc' dir='ltr'>ἑτέρων</span> <span class='ocrx_word' id='word_1_355' title='bbox 1591 4164 1729 4217; x_wconf 85' lang='grc' dir='ltr'>οῖσει</span> <span class='ocrx_word' id='word_1_356' title='bbox 1750 4164 1849 4235; x_wconf 82' lang='grc' dir='ltr'>τὴν</span> 
     </span>
    </p>
   </div>
   <div class='ocr_carea' id='block_1_45' title="bbox 162 4251 1847 4326">
    <p class='ocr_par' dir='ltr' id='par_1_45' title="bbox 162 4251 1847 4326">
     <span class='ocr_line' id='line_1_45' title="bbox 162 4251 1847 4326; baseline -0.004 -17"><span class='ocrx_word' id='word_1_357' title='bbox 162 4256 348 4326; x_wconf 62' lang='grc' dir='ltr'>ψῆφον</span> <span class='ocrx_word' id='word_1_358' title='bbox 376 4256 408 4308; x_wconf 98' lang='lat'>6</span> <span class='ocrx_word' id='word_1_359' title='bbox 429 4253 581 4317; x_wconf 86' lang='grc' dir='ltr'>Θεός.</span> <span class='ocrx_word' id='word_1_360' title='bbox 617 4252 717 4307; x_wconf 79' lang='grc' dir='ltr'>Διά</span> <span class='ocrx_word' id='word_1_361' title='bbox 742 4252 903 4306; x_wconf 78' lang='grc' dir='ltr'>τοῦτο</span> <span class='ocrx_word' id='word_1_362' title='bbox 930 4252 1209 4325; x_wconf 78' lang='grc' dir='ltr'>παρῄνεσε</span> <span class='ocrx_word' id='word_1_363' title='bbox 1238 4251 1436 4321; x_wconf 79' lang='grc' dir='ltr'>λέγων·</span> <span class='ocrx_word' id='word_1_364' title='bbox 1471 4251 1566 4319; x_wconf 69' lang='grc' dir='ltr'>Μὴ</span> <span class='ocrx_word' id='word_1_365' title='bbox 1592 4251 1847 4319; x_wconf 78' lang='grc' dir='ltr'>κρίνετε,</span> 
     </span>
    </p>
   </div>
   <div class='ocr_carea' id='block_1_46' title="bbox 167 4334 1853 4412">
    <p class='ocr_par' dir='ltr' id='par_1_46' title="bbox 167 4334 1853 4412">
     <span class='ocr_line' id='line_1_46' title="bbox 167 4334 1853 4412; baseline -0.002 -16"><span class='ocrx_word' id='word_1_366' title='bbox 167 4342 371 4412; x_wconf 80' lang='grc' dir='ltr'>ἵναμὴ</span> <span class='ocrx_word' id='word_1_367' title='bbox 394 4340 638 4410; x_wconf 81' lang='grc' dir='ltr'>κριθῆτε</span> <span class='ocrx_word' id='word_1_368' title='bbox 655 4356 673 4373; x_wconf 78' lang='grc' dir='ltr'><strong><em>ο</em></strong></span> <span class='ocrx_word' id='word_1_369' title='bbox 691 4340 753 4393; x_wconf 86' lang='grc' dir='ltr'>οὐ</span> <span class='ocrx_word' id='word_1_370' title='bbox 772 4340 881 4412; x_wconf 76' lang='grc' dir='ltr'>γάρ</span> <span class='ocrx_word' id='word_1_371' title='bbox 904 4334 1016 4393; x_wconf 79' lang='grc' dir='ltr'>οἷον</span> <span class='ocrx_word' id='word_1_372' title='bbox 1037 4340 1230 4409; x_wconf 89' lang='grc' dir='ltr'>γέγονε</span> <span class='ocrx_word' id='word_1_373' title='bbox 1250 4340 1313 4393; x_wconf 92' lang='grc' dir='ltr'>τὸ</span> <span class='ocrx_word' id='word_1_374' title='bbox 1336 4340 1662 4412; x_wconf 83' lang='grc' dir='ltr'>ἁμάρτημα,</span> <span class='ocrx_word' id='word_1_375' title='bbox 1684 4339 1853 4393; x_wconf 82' lang='grc' dir='ltr'>τοιοῦ-</span> 
     </span>
    </p>
   </div>
   <div class='ocr_carea' id='block_1_47' title="bbox 165 4426 1853 4499">
    <p class='ocr_par' dir='ltr' id='par_1_47' title="bbox 165 4426 1853 4499">
     <span class='ocr_line' id='line_1_47' title="bbox 165 4426 1853 4499; baseline -0.003 -15"><span class='ocrx_word' id='word_1_376' title='bbox 165 4448 258 4487; x_wconf 80' lang='grc' dir='ltr'>τον</span> <span class='ocrx_word' id='word_1_377' title='bbox 289 4432 415 4484; x_wconf 78' lang='grc' dir='ltr'>ἐκεῖ</span> <span class='ocrx_word' id='word_1_378' title='bbox 440 4432 689 4498; x_wconf 82' lang='grc' dir='ltr'>φανεῖται</span> <span class='ocrx_word' id='word_1_379' title='bbox 718 4428 924 4493; x_wconf 80' lang='grc' dir='ltr'>λοιπὸν,</span> <span class='ocrx_word' id='word_1_380' title='bbox 952 4428 1088 4483; x_wconf 87' lang='grc' dir='ltr'>ἀλλά</span> <span class='ocrx_word' id='word_1_381' title='bbox 1117 4427 1322 4499; x_wconf 84' lang='grc' dir='ltr'>πολλήν</span> <span class='ocrx_word' id='word_1_382' title='bbox 1354 4445 1475 4482; x_wconf 92' lang='grc' dir='ltr'>τινα</span> <span class='ocrx_word' id='word_1_383' title='bbox 1495 4428 1590 4482; x_wconf 78' lang='grc' dir='ltr'>καὶ</span> <span class='ocrx_word' id='word_1_384' title='bbox 1614 4426 1853 4499; x_wconf 87' lang='grc' dir='ltr'>ἀπαραί-</span> 
     </span>
    </p>
   </div>
   <div class='ocr_carea' id='block_1_48' title="bbox 166 4514 1852 4590">
    <p class='ocr_par' dir='ltr' id='par_1_48' title="bbox 166 4514 1852 4590">
     <span class='ocr_line' id='line_1_48' title="bbox 166 4514 1852 4590; baseline -0.004 -17"><span class='ocrx_word' id='word_1_385' title='bbox 166 4537 333 4590; x_wconf 84' lang='grc' dir='ltr'>τητον</span> <span class='ocrx_word' id='word_1_386' title='bbox 359 4516 687 4589; x_wconf 85' lang='grc' dir='ltr'>προσθήκην</span> <span class='ocrx_word' id='word_1_387' title='bbox 718 4515 950 4587; x_wconf 57' lang='grc' dir='ltr'>λήψεται</span> <span class='ocrx_word' id='word_1_388' title='bbox 974 4514 1083 4570; x_wconf 84' lang='grc' dir='ltr'>ἀπὸ</span> <span class='ocrx_word' id='word_1_389' title='bbox 1102 4515 1207 4586; x_wconf 81' lang='grc' dir='ltr'>τῆς</span> <span class='ocrx_word' id='word_1_390' title='bbox 1228 4516 1311 4578; x_wconf 89' lang='grc' dir='ltr'>είς</span> <span class='ocrx_word' id='word_1_391' title='bbox 1338 4515 1430 4570; x_wconf 87' lang='grc' dir='ltr'>τὸν</span> <span class='ocrx_word' id='word_1_392' title='bbox 1453 4514 1734 4569; x_wconf 84' lang='grc' dir='ltr'>σύνδουλόν</span> <span class='ocrx_word' id='word_1_393' title='bbox 1757 4531 1852 4568; x_wconf 90' lang='grc' dir='ltr'>σου</span> 
     </span>
    </p>
   </div>
   <div class='ocr_carea' id='block_1_49' title="bbox 167 4603 1853 4678">
    <p class='ocr_par' dir='ltr' id='par_1_49' title="bbox 167 4603 1853 4678">
     <span class='ocr_line' id='line_1_49' title="bbox 167 4603 1853 4678; baseline -0.001 -18"><span class='ocrx_word' id='word_1_394' title='bbox 167 4606 324 4678; x_wconf 70' lang='grc' dir='ltr'>παρὰ</span> <span class='ocrx_word' id='word_1_395' title='bbox 364 4604 461 4658; x_wconf 89' lang='lat'>006</span> <span class='ocrx_word' id='word_1_396' title='bbox 493 4603 868 4675; x_wconf 77' lang='grc' dir='ltr'>γεγενημένης</span> <span class='ocrx_word' id='word_1_397' title='bbox 907 4604 1165 4677; x_wconf 89' lang='grc' dir='ltr'>κρίσεως.</span> <span class='ocrx_word' id='word_1_398' title='bbox 1208 4605 1422 4676; x_wconf 85' lang='grc' dir='ltr'>Ὥσπερ</span> <span class='ocrx_word' id='word_1_399' title='bbox 1461 4605 1571 4677; x_wconf 73' lang='grc' dir='ltr'>γάρ</span> <span class='ocrx_word' id='word_1_400' title='bbox 1599 4606 1628 4657; x_wconf 88' lang='lat'>6</span> <span class='ocrx_word' id='word_1_401' title='bbox 1664 4604 1853 4675; x_wconf 86' lang='grc' dir='ltr'>φιλάν-</span> 
     </span>
    </p>
   </div>
   <div class='ocr_carea' id='block_1_50' title="bbox 168 4691 1853 4765">
    <p class='ocr_par' dir='ltr' id='par_1_50' title="bbox 168 4691 1853 4765">
     <span class='ocr_line' id='line_1_50' title="bbox 168 4691 1853 4765; baseline -0.001 -19"><span class='ocrx_word' id='word_1_402' title='bbox 168 4692 758 4765; x_wconf 74' lang='grc' dir='ltr'>θρωπος,καὶῆμερος,</span> <span class='ocrx_word' id='word_1_403' title='bbox 792 4691 885 4744; x_wconf 72' lang='grc' dir='ltr'>καὶ</span> <span class='ocrx_word' id='word_1_404' title='bbox 912 4691 1351 4763; x_wconf 88' lang='grc' dir='ltr'>συγγνωμονικὸς</span> <span class='ocrx_word' id='word_1_405' title='bbox 1378 4691 1741 4762; x_wconf 77' lang='grc' dir='ltr'>ὑποτέμνεται</span> <span class='ocrx_word' id='word_1_406' title='bbox 1762 4692 1853 4745; x_wconf 90' lang='grc' dir='ltr'>τὸν</span> 
     </span>
    </p>
   </div>
   <div class='ocr_carea' id='block_1_51' title="bbox 168 4776 1855 4852">
    <p class='ocr_par' dir='ltr' id='par_1_51' title="bbox 168 4776 1855 4852">
     <span class='ocr_line' id='line_1_51' title="bbox 168 4776 1855 4852; baseline 0.001 -19"><span class='ocrx_word' id='word_1_407' title='bbox 168 4782 393 4835; x_wconf 82' lang='grc' dir='ltr'>πλείονα</span> <span class='ocrx_word' id='word_1_408' title='bbox 423 4781 531 4834; x_wconf 79' lang='grc' dir='ltr'>τών</span> <span class='ocrx_word' id='word_1_409' title='bbox 563 4779 977 4850; x_wconf 80' lang='grc' dir='ltr'>ἁμαρτημάτων</span> <span class='ocrx_word' id='word_1_410' title='bbox 1003 4779 1166 4849; x_wconf 75' lang='grc' dir='ltr'>ὄγκον</span> <span class='ocrx_word' id='word_1_411' title='bbox 1190 4795 1208 4812; x_wconf 88' lang='grc'>·</span> <span class='ocrx_word' id='word_1_412' title='bbox 1238 4776 1412 4844; x_wconf 73' lang='grc' dir='ltr'>οὕτως</span> <span class='ocrx_word' id='word_1_413' title='bbox 1442 4782 1473 4834; x_wconf 92' lang='lat'>6</span> <span class='ocrx_word' id='word_1_414' title='bbox 1510 4780 1726 4852; x_wconf 84' lang='grc' dir='ltr'>πικρὸς,</span> <span class='ocrx_word' id='word_1_415' title='bbox 1760 4780 1855 4834; x_wconf 80' lang='grc' dir='ltr'>καὶ</span> 
     </span>
    </p>
   </div>
   <div class='ocr_carea' id='block_1_52' title="bbox 167 4867 1855 4942">
    <p class='ocr_par' dir='ltr' id='par_1_52' title="bbox 167 4867 1855 4942">
     <span class='ocr_line' id='line_1_52' title="bbox 167 4867 1855 4942; baseline 0 -21"><span class='ocrx_word' id='word_1_416' title='bbox 167 4868 344 4939; x_wconf 82' lang='grc' dir='ltr'>ὠμὸς,</span> <span class='ocrx_word' id='word_1_417' title='bbox 373 4869 469 4921; x_wconf 72' lang='grc' dir='ltr'>καὶ</span> <span class='ocrx_word' id='word_1_418' title='bbox 504 4869 879 4942; x_wconf 86' lang='grc' dir='ltr'>ἀπαραίτητος</span> <span class='ocrx_word' id='word_1_419' title='bbox 922 4867 1056 4923; x_wconf 80' lang='grc' dir='ltr'>πολὺ</span> <span class='ocrx_word' id='word_1_420' title='bbox 1088 4870 1205 4932; x_wconf 84' lang='grc' dir='ltr'>τοῖς</span> <span class='ocrx_word' id='word_1_421' title='bbox 1242 4867 1467 4934; x_wconf 74' lang='grc' dir='ltr'>οἰκείοις</span> <span class='ocrx_word' id='word_1_422' title='bbox 1493 4868 1855 4941; x_wconf 69' lang='grc' dir='ltr'>ἁμαρτήμασι</span> 
     </span>
    </p>
   </div>
   <div class='ocr_carea' id='block_1_53' title="bbox 171 4958 1852 5033">
    <p class='ocr_par' dir='ltr' id='par_1_53' title="bbox 171 4958 1852 5033">
     <span class='ocr_line' id='line_1_53' title="bbox 171 4958 1852 5033; baseline 0.001 -22"><span class='ocrx_word' id='word_1_423' title='bbox 171 4958 498 5033; x_wconf 83' lang='grc' dir='ltr'>προστίθησι</span> <span class='ocrx_word' id='word_1_424' title='bbox 520 4959 770 5031; x_wconf 82' lang='grc' dir='ltr'>μέγεθος.</span> <span class='ocrx_word' id='word_1_425' title='bbox 804 4959 1167 5032; x_wconf 79' lang='grc' dir='ltr'>Ἐξορίσωμεν</span> <span class='ocrx_word' id='word_1_426' title='bbox 1188 4958 1370 5013; x_wconf 89' lang='grc' dir='ltr'>τοίνυν</span> <span class='ocrx_word' id='word_1_427' title='bbox 1394 4958 1507 5013; x_wconf 88' lang='grc' dir='ltr'>ἀπὸ</span> <span class='ocrx_word' id='word_1_428' title='bbox 1532 4959 1624 5013; x_wconf 81' lang='grc' dir='ltr'>τοῦ</span> <span class='ocrx_word' id='word_1_429' title='bbox 1646 4959 1852 5031; x_wconf 84' lang='grc' dir='ltr'>στόμα-</span> 
     </span>
    </p>
   </div>
   <div class='ocr_carea' id='block_1_54' title="bbox 170 5046 1857 5119">
    <p class='ocr_par' dir='ltr' id='par_1_54' title="bbox 170 5046 1857 5119">
     <span class='ocr_line' id='line_1_54' title="bbox 170 5046 1857 5119; baseline 0.002 -22"><span class='ocrx_word' id='word_1_430' title='bbox 170 5065 260 5111; x_wconf 84' lang='grc' dir='ltr'>τος</span> <span class='ocrx_word' id='word_1_431' title='bbox 297 5046 456 5117; x_wconf 82' lang='grc' dir='ltr'>ἡμῶν</span> <span class='ocrx_word' id='word_1_432' title='bbox 486 5046 827 5119; x_wconf 86' lang='grc' dir='ltr'>κακηγορίαν</span> <span class='ocrx_word' id='word_1_433' title='bbox 860 5048 1099 5113; x_wconf 77' lang='grc' dir='ltr'>ἃπασαν,</span> <span class='ocrx_word' id='word_1_434' title='bbox 1132 5048 1336 5110; x_wconf 80' lang='grc' dir='ltr'>εἰδότες</span> <span class='ocrx_word' id='word_1_435' title='bbox 1375 5048 1458 5102; x_wconf 86' lang='grc' dir='ltr'>δτι</span> <span class='ocrx_word' id='word_1_436' title='bbox 1504 5046 1606 5101; x_wconf 84' lang='grc' dir='ltr'>κᾶν</span> <span class='ocrx_word' id='word_1_437' title='bbox 1650 5047 1857 5118; x_wconf 77' lang='grc' dir='ltr'>τέφραν</span> 
     </span>
    </p>
   </div>
   <div class='ocr_carea' id='block_1_55' title="bbox 172 5130 1854 5206">
    <p class='ocr_par' dir='ltr' id='par_1_55' title="bbox 172 5130 1854 5206">
     <span class='ocr_line' id='line_1_55' title="bbox 172 5130 1854 5206; baseline 0.001 -24"><span class='ocrx_word' id='word_1_438' title='bbox 172 5130 467 5201; x_wconf 74' lang='grc' dir='ltr'>ἐσθίωμεν,</span> <span class='ocrx_word' id='word_1_439' title='bbox 496 5131 650 5185; x_wconf 83' lang='grc' dir='ltr'>οὐδὲν</span> <span class='ocrx_word' id='word_1_440' title='bbox 675 5132 867 5203; x_wconf 82' lang='grc' dir='ltr'>δφελος</span> <span class='ocrx_word' id='word_1_441' title='bbox 892 5134 1021 5204; x_wconf 76' lang='grc' dir='ltr'>ἡμῖν</span> <span class='ocrx_word' id='word_1_442' title='bbox 1043 5132 1145 5203; x_wconf 74' lang='grc' dir='ltr'>τῆς</span> <span class='ocrx_word' id='word_1_443' title='bbox 1178 5131 1601 5206; x_wconf 87' lang='grc' dir='ltr'>σκληραγωγίας</span> <span class='ocrx_word' id='word_1_444' title='bbox 1629 5131 1854 5203; x_wconf 85' lang='grc' dir='ltr'>ταύτης,</span> 
     </span>
    </p>
   </div>
   <div class='ocr_carea' id='block_1_56' title="bbox 174 5214 1859 5292">
    <p class='ocr_par' dir='ltr' id='par_1_56' title="bbox 174 5214 1859 5292">
     <span class='ocr_line' id='line_1_56' title="bbox 174 5214 1859 5292; baseline 0.001 -23"><span class='ocrx_word' id='word_1_445' title='bbox 174 5215 239 5269; x_wconf 79' lang='grc' dir='ltr'>ἀν</span> <span class='ocrx_word' id='word_1_446' title='bbox 265 5214 608 5287; x_wconf 81' lang='grc' dir='ltr'>κακηγορίας</span> <span class='ocrx_word' id='word_1_447' title='bbox 638 5215 714 5287; x_wconf 81' lang='grc' dir='ltr'>μὴ</span> <span class='ocrx_word' id='word_1_448' title='bbox 744 5216 1135 5292; x_wconf 75' lang='grc' dir='ltr'>ἀποσχώμεθα.</span> <span class='ocrx_word' id='word_1_449' title='bbox 1167 5218 1242 5269; x_wconf 89' lang='grc' dir='ltr'>Οὐ</span> <span class='ocrx_word' id='word_1_450' title='bbox 1269 5218 1376 5289; x_wconf 79' lang='grc' dir='ltr'>γὰρ</span> <span class='ocrx_word' id='word_1_451' title='bbox 1404 5217 1474 5271; x_wconf 87' lang='grc' dir='ltr'>τά</span> <span class='ocrx_word' id='word_1_452' title='bbox 1500 5217 1859 5289; x_wconf 84' lang='grc' dir='ltr'>εἱσερχόμενα</span> 
     </span>
    </p>
   </div>
   <div class='ocr_carea' id='block_1_57' title="bbox 173 5297 1861 5372">
    <p class='ocr_par' dir='ltr' id='par_1_57' title="bbox 173 5297 1861 5372">
     <span class='ocr_line' id='line_1_57' title="bbox 173 5297 1861 5372; baseline 0.001 -22"><span class='ocrx_word' id='word_1_453' title='bbox 173 5299 349 5351; x_wconf 85' lang='grc' dir='ltr'>κοινοῖ</span> <span class='ocrx_word' id='word_1_454' title='bbox 379 5297 472 5349; x_wconf 88' lang='grc' dir='ltr'>τὸν</span> <span class='ocrx_word' id='word_1_455' title='bbox 511 5297 822 5369; x_wconf 77' lang='grc' dir='ltr'>ἄνθρωπον.</span> <span class='ocrx_word' id='word_1_456' title='bbox 854 5298 990 5353; x_wconf 85' lang='grc' dir='ltr'>ἀλλά</span> <span class='ocrx_word' id='word_1_457' title='bbox 1016 5298 1088 5353; x_wconf 91' lang='grc' dir='ltr'>τά</span> <span class='ocrx_word' id='word_1_458' title='bbox 1113 5300 1448 5372; x_wconf 77' lang='grc' dir='ltr'>ἐξερχόμενα</span> <span class='ocrx_word' id='word_1_459' title='bbox 1480 5301 1590 5354; x_wconf 82' lang='grc' dir='ltr'>ἀπὸ</span> <span class='ocrx_word' id='word_1_460' title='bbox 1622 5300 1717 5355; x_wconf 79' lang='grc' dir='ltr'>τοῦ</span> <span class='ocrx_word' id='word_1_461' title='bbox 1740 5299 1861 5352; x_wconf 87' lang='grc' dir='ltr'>στό-</span> 
     </span>
    </p>
   </div>
   <div class='ocr_carea' id='block_1_58' title="bbox 176 5379 1859 5455">
    <p class='ocr_par' dir='ltr' id='par_1_58' title="bbox 176 5379 1859 5455">
     <span class='ocr_line' id='line_1_58' title="bbox 176 5379 1859 5455; baseline 0.004 -23"><span class='ocrx_word' id='word_1_462' title='bbox 176 5395 372 5447; x_wconf 86' lang='grc' dir='ltr'>ματος.</span> <span class='ocrx_word' id='word_1_463' title='bbox 402 5379 471 5434; x_wconf 68' lang='lat' dir='ltr'>Et</span> <span class='ocrx_word' id='word_1_464' title='bbox 486 5398 570 5444; x_wconf 88' lang='grc' dir='ltr'>τις</span> <span class='ocrx_word' id='word_1_465' title='bbox 595 5382 946 5452; x_wconf 84' lang='grc' dir='ltr'>ἀνακινήσειε</span> <span class='ocrx_word' id='word_1_466' title='bbox 980 5381 1240 5455; x_wconf 69' lang='grc' dir='ltr'>βόρϐορον</span> <span class='ocrx_word' id='word_1_467' title='bbox 1267 5381 1363 5436; x_wconf 86' lang='lat'>006</span> <span class='ocrx_word' id='word_1_468' title='bbox 1394 5383 1708 5455; x_wconf 87' lang='grc' dir='ltr'>παριόντος,</span> <span class='ocrx_word' id='word_1_469' title='bbox 1737 5384 1859 5438; x_wconf 84' lang='grc' dir='ltr'>εἰπέ</span> 
     </span>
    </p>
   </div>
   <div class='ocr_carea' id='block_1_59' title="bbox 177 5461 1863 5536">
    <p class='ocr_par' dir='ltr' id='par_1_59' title="bbox 177 5461 1863 5536">
     <span class='ocr_line' id='line_1_59' title="bbox 177 5461 1863 5536; baseline 0.005 -23"><span class='ocrx_word' id='word_1_470' title='bbox 177 5478 287 5529; x_wconf 81' lang='grc' dir='ltr'>μοι,</span> <span class='ocrx_word' id='word_1_471' title='bbox 314 5461 376 5514; x_wconf 85' lang='grc' dir='ltr'>οὑ</span> <span class='ocrx_word' id='word_1_472' title='bbox 407 5461 686 5535; x_wconf 83' lang='grc' dir='ltr'>λοιδορεῖς,</span> <span class='ocrx_word' id='word_1_473' title='bbox 711 5464 804 5518; x_wconf 71' lang='grc' dir='ltr'>καὶ</span> <span class='ocrx_word' id='word_1_474' title='bbox 832 5464 1073 5536; x_wconf 78' lang='grc' dir='ltr'>ὑϐρίζεις</span> <span class='ocrx_word' id='word_1_475' title='bbox 1090 5466 1182 5520; x_wconf 91' lang='grc' dir='ltr'>τὸν</span> <span class='ocrx_word' id='word_1_476' title='bbox 1199 5466 1360 5521; x_wconf 77' lang='grc' dir='ltr'>τοῦτο</span> <span class='ocrx_word' id='word_1_477' title='bbox 1382 5469 1670 5534; x_wconf 78' lang='grc' dir='ltr'>ποιοῦντα;</span> <span class='ocrx_word' id='word_1_478' title='bbox 1689 5469 1863 5522; x_wconf 82' lang='lat' dir='ltr'><em>T0610</em></span> 
     </span>
    </p>
   </div>
   <div class='ocr_carea' id='block_1_60' title="bbox 175 5543 1861 5621">
    <p class='ocr_par' dir='ltr' id='par_1_60' title="bbox 175 5543 1861 5621">
     <span class='ocr_line' id='line_1_60' title="bbox 175 5543 1861 5621; baseline 0.005 -25"><span class='ocrx_word' id='word_1_479' title='bbox 175 5543 268 5597; x_wconf 76' lang='grc' dir='ltr'>καὶ</span> <span class='ocrx_word' id='word_1_480' title='bbox 298 5543 524 5598; x_wconf 74' lang='grc' dir='ltr'>ἐπὶτῶν</span> <span class='ocrx_word' id='word_1_481' title='bbox 558 5546 886 5619; x_wconf 84' lang='grc' dir='ltr'>κακηγόρων</span> <span class='ocrx_word' id='word_1_482' title='bbox 922 5548 948 5587; x_wconf 72' lang='grc' dir='ltr'>δ</span> <span class='ocrx_word' id='word_1_483' title='bbox 980 5549 1228 5620; x_wconf 84' lang='grc' dir='ltr'>ποίησον.</span> <span class='ocrx_word' id='word_1_484' title='bbox 1260 5549 1335 5603; x_wconf 88' lang='grc' dir='ltr'>Οὐ</span> <span class='ocrx_word' id='word_1_485' title='bbox 1376 5550 1484 5621; x_wconf 76' lang='grc' dir='ltr'>γὰρ</span> <span class='ocrx_word' id='word_1_486' title='bbox 1518 5549 1691 5615; x_wconf 73' lang='grc' dir='ltr'>οὕτως</span> <span class='ocrx_word' id='word_1_487' title='bbox 1730 5552 1861 5605; x_wconf 85' lang='grc' dir='ltr'>ἀνα-</span> 
     </span>
    </p>
   </div>
   <div class='ocr_carea' id='block_1_61' title="bbox 1936 563 3637 638">
    <p class='ocr_par' dir='ltr' id='par_1_61' title="bbox 1936 563 3637 638">
     <span class='ocr_line' id='line_1_61' title="bbox 1936 563 3637 638; baseline -0.002 -15"><span class='ocrx_word' id='word_1_488' title='bbox 1936 569 2048 623; x_wconf 81' lang='grc' dir='ltr'>τῶν</span> <span class='ocrx_word' id='word_1_489' title='bbox 2094 567 2406 624; x_wconf 87' lang='grc' dir='ltr'>ἀκουόντων</span> <span class='ocrx_word' id='word_1_490' title='bbox 2433 569 2532 638; x_wconf 81' lang='grc' dir='ltr'>τὴν</span> <span class='ocrx_word' id='word_1_491' title='bbox 2572 566 2752 638; x_wconf 77' lang='grc' dir='ltr'>ψυχὴν</span> <span class='ocrx_word' id='word_1_492' title='bbox 2790 566 2887 619; x_wconf 79' lang='grc' dir='ltr'>καὶ</span> <span class='ocrx_word' id='word_1_493' title='bbox 2918 565 3219 636; x_wconf 73' lang='grc' dir='ltr'>ἐξίστησιν.</span> <span class='ocrx_word' id='word_1_494' title='bbox 3271 563 3637 638; x_wconf 78' lang='grc' dir='ltr'>Ἀπεχώμεθα</span> 
     </span>
    </p>
   </div>
   <div class='ocr_carea' id='block_1_62' title="bbox 1936 652 3635 727">
    <p class='ocr_par' dir='ltr' id='par_1_62' title="bbox 1936 652 3635 727">
     <span class='ocr_line' id='line_1_62' title="bbox 1936 652 3635 727; baseline -0.002 -17"><span class='ocrx_word' id='word_1_495' title='bbox 1936 656 2118 710; x_wconf 89' lang='grc' dir='ltr'>τοίνυν</span> <span class='ocrx_word' id='word_1_496' title='bbox 2140 655 2506 727; x_wconf 86' lang='grc' dir='ltr'>κακηγορίας,</span> <span class='ocrx_word' id='word_1_497' title='bbox 2532 652 2936 725; x_wconf 79' lang='grc' dir='ltr'>αἰσχρολογίας,</span> <span class='ocrx_word' id='word_1_498' title='bbox 2963 652 3336 723; x_wconf 74' lang='grc' dir='ltr'>βλασφημίας.</span> <span class='ocrx_word' id='word_1_499' title='bbox 3360 653 3456 707; x_wconf 70' lang='grc' dir='ltr'>καὶ</span> <span class='ocrx_word' id='word_1_500' title='bbox 3493 653 3635 724; x_wconf 80' lang='grc' dir='ltr'>μήτε</span> 
     </span>
    </p>
   </div>
   <div class='ocr_carea' id='block_1_63' title="bbox 1936 739 3635 816">
    <p class='ocr_par' dir='ltr' id='par_1_63' title="bbox 1936 739 3635 816">
     <span class='ocr_line' id='line_1_63' title="bbox 1936 739 3635 816; baseline -0.003 -17"><span class='ocrx_word' id='word_1_501' title='bbox 1936 745 2030 799; x_wconf 86' lang='grc' dir='ltr'>τὸν</span> <span class='ocrx_word' id='word_1_502' title='bbox 2064 744 2316 816; x_wconf 86' lang='grc' dir='ltr'>πλησίον,</span> <span class='ocrx_word' id='word_1_503' title='bbox 2348 744 2487 815; x_wconf 83' lang='grc' dir='ltr'>μήτε</span> <span class='ocrx_word' id='word_1_504' title='bbox 2519 742 2612 796; x_wconf 90' lang='grc' dir='ltr'>τὸν</span> <span class='ocrx_word' id='word_1_505' title='bbox 2632 742 2765 795; x_wconf 82' lang='grc' dir='ltr'>Θεὸν</span> <span class='ocrx_word' id='word_1_506' title='bbox 2793 741 3045 812; x_wconf 90' lang='grc' dir='ltr'>λέγωμεν</span> <span class='ocrx_word' id='word_1_507' title='bbox 3068 739 3277 804; x_wconf 83' lang='grc' dir='ltr'>κακῶς.</span> <span class='ocrx_word' id='word_1_508' title='bbox 3309 740 3503 795; x_wconf 75' lang='grc' dir='ltr'>Πολλοὶ</span> <span class='ocrx_word' id='word_1_509' title='bbox 3524 742 3635 814; x_wconf 88' lang='grc' dir='ltr'>γὰρ</span> 
     </span>
    </p>
   </div>
   <div class='ocr_carea' id='block_1_64' title="bbox 1939 830 3635 905">
    <p class='ocr_par' dir='ltr' id='par_1_64' title="bbox 1939 830 3635 905">
     <span class='ocr_line' id='line_1_64' title="bbox 1939 830 3635 905; baseline -0.002 -18"><span class='ocrx_word' id='word_1_510' title='bbox 1939 837 2022 898; x_wconf 86' lang='grc' dir='ltr'>είς</span> <span class='ocrx_word' id='word_1_511' title='bbox 2044 834 2205 888; x_wconf 78' lang='grc' dir='ltr'>τοῦτο</span> <span class='ocrx_word' id='word_1_512' title='bbox 2234 833 2435 905; x_wconf 89' lang='grc' dir='ltr'>μανίας</span> <span class='ocrx_word' id='word_1_513' title='bbox 2462 830 2760 897; x_wconf 75' lang='grc' dir='ltr'>ἐξώκειλαν</span> <span class='ocrx_word' id='word_1_514' title='bbox 2788 831 2899 884; x_wconf 82' lang='grc' dir='ltr'>τῶν</span> <span class='ocrx_word' id='word_1_515' title='bbox 2921 830 3274 901; x_wconf 88' lang='grc' dir='ltr'>κακηγόρων,</span> <span class='ocrx_word' id='word_1_516' title='bbox 3301 830 3378 894; x_wconf 87' lang='grc' dir='ltr'>ὡς</span> <span class='ocrx_word' id='word_1_517' title='bbox 3399 830 3509 884; x_wconf 87' lang='grc' dir='ltr'>ἀπὸ</span> <span class='ocrx_word' id='word_1_518' title='bbox 3525 830 3635 884; x_wconf 86' lang='grc' dir='ltr'>τῶν</span> 
     </span>
    </p>
   </div>
   <div class='ocr_carea' id='block_1_65' title="bbox 1941 916 3635 989">
    <p class='ocr_par' dir='ltr' id='par_1_65' title="bbox 1941 916 3635 989">
     <span class='ocr_line' id='line_1_65' title="bbox 1941 916 3635 989; baseline -0.001 -16"><span class='ocrx_word' id='word_1_519' title='bbox 1941 920 2243 975; x_wconf 82' lang='grc' dir='ltr'>συνδούλων</span> <span class='ocrx_word' id='word_1_520' title='bbox 2266 921 2360 974; x_wconf 72' lang='grc' dir='ltr'>ἐπὶ</span> <span class='ocrx_word' id='word_1_521' title='bbox 2382 919 2477 974; x_wconf 90' lang='grc' dir='ltr'>τὸν</span> <span class='ocrx_word' id='word_1_522' title='bbox 2499 918 2781 989; x_wconf 88' lang='grc' dir='ltr'>Δεσπότην</span> <span class='ocrx_word' id='word_1_523' title='bbox 2808 917 3114 987; x_wconf 83' lang='grc' dir='ltr'>ἀναστῆσαι</span> <span class='ocrx_word' id='word_1_524' title='bbox 3140 918 3239 989; x_wconf 78' lang='grc' dir='ltr'>τὴν</span> <span class='ocrx_word' id='word_1_525' title='bbox 3265 916 3512 986; x_wconf 85' lang='grc' dir='ltr'>γλῶτταν</span> <span class='ocrx_word' id='word_1_526' title='bbox 3535 917 3635 988; x_wconf 76' lang='grc' dir='ltr'>τὴν</span> 
     </span>
    </p>
   </div>
   <div class='ocr_carea' id='block_1_66' title="bbox 1940 1004 3636 1077">
    <p class='ocr_par' dir='ltr' id='par_1_66' title="bbox 1940 1004 3636 1077">
     <span class='ocr_line' id='line_1_66' title="bbox 1940 1004 3636 1077; baseline -0.003 -14"><span class='ocrx_word' id='word_1_527' title='bbox 1940 1010 2168 1064; x_wconf 73' lang='grc' dir='ltr'>ἑαυτῶν.</span> <span class='ocrx_word' id='word_1_528' title='bbox 2202 1010 2368 1063; x_wconf 84' lang='grc' dir='ltr'>Ὅσον</span> <span class='ocrx_word' id='word_1_529' title='bbox 2392 1009 2450 1063; x_wconf 88' lang='grc' dir='ltr'>δὲ</span> <span class='ocrx_word' id='word_1_530' title='bbox 2478 1009 2638 1063; x_wconf 85' lang='lat'><em>10616</em></span> <span class='ocrx_word' id='word_1_531' title='bbox 2666 1008 2782 1061; x_wconf 73' lang='grc' dir='ltr'>ἐστι</span> <span class='ocrx_word' id='word_1_532' title='bbox 2810 1007 3002 1070; x_wconf 88' lang='grc' dir='ltr'>κακὸν,</span> <span class='ocrx_word' id='word_1_533' title='bbox 3029 1006 3137 1060; x_wconf 91' lang='grc' dir='ltr'>ἀπὸ</span> <span class='ocrx_word' id='word_1_534' title='bbox 3163 1004 3271 1059; x_wconf 86' lang='grc' dir='ltr'>τών</span> <span class='ocrx_word' id='word_1_535' title='bbox 3295 1006 3636 1077; x_wconf 85' lang='grc' dir='ltr'>κατεχόντων</span> 
     </span>
    </p>
   </div>
   <div class='ocr_carea' id='block_1_67' title="bbox 1940 1090 3638 1169">
    <p class='ocr_par' dir='ltr' id='par_1_67' title="bbox 1940 1090 3638 1169">
     <span class='ocr_line' id='line_1_67' title="bbox 1940 1090 3638 1169; baseline -0.004 -17"><span class='ocrx_word' id='word_1_536' title='bbox 1940 1098 2035 1152; x_wconf 75' lang='grc' dir='ltr'>νῦν</span> <span class='ocrx_word' id='word_1_537' title='bbox 2049 1099 2198 1169; x_wconf 85' lang='grc' dir='ltr'>ἡμάς</span> <span class='ocrx_word' id='word_1_538' title='bbox 2218 1096 2456 1169; x_wconf 88' lang='grc' dir='ltr'>μάνθανε</span> <span class='ocrx_word' id='word_1_539' title='bbox 2473 1096 2838 1169; x_wconf 84' lang='grc' dir='ltr'>πραγμάτων.</span> <span class='ocrx_word' id='word_1_540' title='bbox 2868 1093 2999 1148; x_wconf 81' lang='grc' dir='ltr'>’1δού</span> <span class='ocrx_word' id='word_1_541' title='bbox 3022 1093 3154 1163; x_wconf 77' lang='grc' dir='ltr'>γοῦν</span> <span class='ocrx_word' id='word_1_542' title='bbox 3175 1090 3461 1165; x_wconf 77' lang='grc' dir='ltr'>ἄνθρωπος</span> <span class='ocrx_word' id='word_1_543' title='bbox 3482 1091 3638 1163; x_wconf 85' lang='grc' dir='ltr'>ὑϐρί-</span> 
     </span>
    </p>
   </div>
   <div class='ocr_carea' id='block_1_68' title="bbox 1942 1179 3639 1257">
    <p class='ocr_par' dir='ltr' id='par_1_68' title="bbox 1942 1179 3639 1257">
     <span class='ocr_line' id='line_1_68' title="bbox 1942 1179 3639 1257; baseline -0.004 -16"><span class='ocrx_word' id='word_1_544' title='bbox 1942 1186 2066 1257; x_wconf 87' lang='grc' dir='ltr'>σθη,</span> <span class='ocrx_word' id='word_1_545' title='bbox 2089 1187 2184 1240; x_wconf 75' lang='grc' dir='ltr'>καὶ</span> <span class='ocrx_word' id='word_1_546' title='bbox 2204 1186 2405 1250; x_wconf 84' lang='grc' dir='ltr'>πάντες</span> <span class='ocrx_word' id='word_1_547' title='bbox 2424 1184 2740 1256; x_wconf 85' lang='grc' dir='ltr'>δεδοίκαμεν</span> <span class='ocrx_word' id='word_1_548' title='bbox 2752 1183 2848 1238; x_wconf 78' lang='grc' dir='ltr'>καὶ</span> <span class='ocrx_word' id='word_1_549' title='bbox 2865 1183 3164 1257; x_wconf 84' lang='grc' dir='ltr'>τρέμομεν,</span> <span class='ocrx_word' id='word_1_550' title='bbox 3190 1180 3246 1234; x_wconf 87' lang='grc' dir='ltr'>οῖ</span> <span class='ocrx_word' id='word_1_551' title='bbox 3266 1198 3326 1234; x_wconf 88' lang='grc' dir='ltr'>τε</span> <span class='ocrx_word' id='word_1_552' title='bbox 3350 1179 3639 1251; x_wconf 84' lang='grc' dir='ltr'>ὑϐρικότες</span> 
     </span>
    </p>
   </div>
   <div class='ocr_carea' id='block_1_69' title="bbox 1941 1268 3635 1346">
    <p class='ocr_par' dir='ltr' id='par_1_69' title="bbox 1941 1268 3635 1346">
     <span class='ocr_line' id='line_1_69' title="bbox 1941 1268 3635 1346; baseline -0.004 -18"><span class='ocrx_word' id='word_1_553' title='bbox 1941 1274 1998 1328; x_wconf 82' lang='grc' dir='ltr'>οῖ</span> <span class='ocrx_word' id='word_1_554' title='bbox 2034 1292 2095 1328; x_wconf 90' lang='grc' dir='ltr'>τε</span> <span class='ocrx_word' id='word_1_555' title='bbox 2132 1274 2298 1346; x_wconf 80' lang='grc' dir='ltr'>μηδὲν</span> <span class='ocrx_word' id='word_1_556' title='bbox 2329 1275 2542 1336; x_wconf 79' lang='grc' dir='ltr'>ἑαυτοῖς</span> <span class='ocrx_word' id='word_1_557' title='bbox 2582 1270 2883 1333; x_wconf 82' lang='grc' dir='ltr'>συνειδότες</span> <span class='ocrx_word' id='word_1_558' title='bbox 2908 1270 3182 1324; x_wconf 76' lang='grc' dir='ltr'>τοιοῦτον·</span> <span class='ocrx_word' id='word_1_559' title='bbox 3205 1272 3234 1323; x_wconf 91' lang='lat'>6</span> <span class='ocrx_word' id='word_1_560' title='bbox 3268 1268 3324 1323; x_wconf 77' lang='grc' dir='ltr'>δὲ</span> <span class='ocrx_word' id='word_1_561' title='bbox 3361 1268 3495 1332; x_wconf 70' lang='grc' dir='ltr'>θεὸς</span> <span class='ocrx_word' id='word_1_562' title='bbox 3512 1269 3635 1322; x_wconf 84' lang='grc' dir='ltr'>καθ’</span> 
     </span>
    </p>
   </div>
   <div class='ocr_carea' id='block_1_70' title="bbox 1942 1355 3633 1432">
    <p class='ocr_par' dir='ltr' id='par_1_70' title="bbox 1942 1355 3633 1432">
     <span class='ocr_line' id='line_1_70' title="bbox 1942 1355 3633 1432; baseline -0.003 -18"><span class='ocrx_word' id='word_1_563' title='bbox 1942 1360 2181 1431; x_wconf 78' lang='grc' dir='ltr'>ἑκάστην</span> <span class='ocrx_word' id='word_1_564' title='bbox 2199 1360 2411 1432; x_wconf 79' lang='grc' dir='ltr'>ἡμέραν</span> <span class='ocrx_word' id='word_1_565' title='bbox 2428 1358 2729 1430; x_wconf 78' lang='grc' dir='ltr'>ὑϐρίζεται·</span> <span class='ocrx_word' id='word_1_566' title='bbox 2742 1357 2797 1411; x_wconf 91' lang='grc' dir='ltr'>τί</span> <span class='ocrx_word' id='word_1_567' title='bbox 2817 1357 2959 1427; x_wconf 88' lang='grc' dir='ltr'>λέγω</span> <span class='ocrx_word' id='word_1_568' title='bbox 2975 1356 3099 1411; x_wconf 82' lang='grc' dir='ltr'>καθ’</span> <span class='ocrx_word' id='word_1_569' title='bbox 3123 1355 3363 1427; x_wconf 80' lang='grc' dir='ltr'>ἑκάστην</span> <span class='ocrx_word' id='word_1_570' title='bbox 3381 1357 3598 1428; x_wconf 82' lang='grc' dir='ltr'>ἡμέραν</span> <span class='ocrx_word' id='word_1_571' title='bbox 3615 1371 3633 1423; x_wconf 84' lang='lat'>;</span> 
     </span>
    </p>
   </div>
   <div class='ocr_carea' id='block_1_71' title="bbox 1942 1440 3636 1519">
    <p class='ocr_par' dir='ltr' id='par_1_71' title="bbox 1942 1440 3636 1519">
     <span class='ocr_line' id='line_1_71' title="bbox 1942 1440 3636 1519; baseline -0.002 -18"><span class='ocrx_word' id='word_1_572' title='bbox 1942 1448 2069 1502; x_wconf 87' lang='grc' dir='ltr'>καθ’</span> <span class='ocrx_word' id='word_1_573' title='bbox 2104 1447 2346 1518; x_wconf 73' lang='grc' dir='ltr'>ἑκάστην</span> <span class='ocrx_word' id='word_1_574' title='bbox 2384 1446 2485 1519; x_wconf 77' lang='grc' dir='ltr'>μὲν</span> <span class='ocrx_word' id='word_1_575' title='bbox 2535 1445 2656 1518; x_wconf 65' lang='grc'>[45]</span> <span class='ocrx_word' id='word_1_576' title='bbox 2696 1440 2790 1500; x_wconf 73' lang='grc' dir='ltr'>οὖν</span> <span class='ocrx_word' id='word_1_577' title='bbox 2820 1444 2992 1517; x_wconf 79' lang='grc' dir='ltr'>ὤραν,</span> <span class='ocrx_word' id='word_1_578' title='bbox 3036 1443 3193 1517; x_wconf 85' lang='grc' dir='ltr'>παρά</span> <span class='ocrx_word' id='word_1_579' title='bbox 3239 1443 3636 1506; x_wconf 88' lang='grc' dir='ltr'>πλουτούντων,</span> 
     </span>
    </p>
   </div>
   <div class='ocr_carea' id='block_1_72' title="bbox 1943 1529 3638 1608">
    <p class='ocr_par' dir='ltr' id='par_1_72' title="bbox 1943 1529 3638 1608">
     <span class='ocr_line' id='line_1_72' title="bbox 1943 1529 3638 1608; baseline -0.004 -18"><span class='ocrx_word' id='word_1_580' title='bbox 1943 1535 2098 1608; x_wconf 87' lang='grc' dir='ltr'>παρά</span> <span class='ocrx_word' id='word_1_581' title='bbox 2124 1536 2396 1606; x_wconf 86' lang='grc' dir='ltr'>πενήτων,</span> <span class='ocrx_word' id='word_1_582' title='bbox 2427 1533 2582 1604; x_wconf 82' lang='grc' dir='ltr'>παρὰ</span> <span class='ocrx_word' id='word_1_583' title='bbox 2606 1533 2718 1587; x_wconf 85' lang='grc' dir='ltr'>τῶν</span> <span class='ocrx_word' id='word_1_584' title='bbox 2748 1534 2807 1587; x_wconf 82' lang='grc' dir='ltr'>ὲν</span> <span class='ocrx_word' id='word_1_585' title='bbox 2841 1532 3049 1597; x_wconf 83' lang='grc' dir='ltr'>ἀνέσει,</span> <span class='ocrx_word' id='word_1_586' title='bbox 3091 1531 3245 1602; x_wconf 89' lang='grc' dir='ltr'>παρά</span> <span class='ocrx_word' id='word_1_587' title='bbox 3286 1531 3394 1585; x_wconf 84' lang='grc' dir='ltr'>τῶν</span> <span class='ocrx_word' id='word_1_588' title='bbox 3420 1532 3480 1584; x_wconf 79' lang='grc' dir='ltr'>ὲν</span> <span class='ocrx_word' id='word_1_589' title='bbox 3519 1529 3638 1584; x_wconf 87' lang='grc' dir='ltr'>θλί-</span> 
     </span>
    </p>
   </div>
   <div class='ocr_carea' id='block_1_73' title="bbox 1941 1618 3638 1696">
    <p class='ocr_par' dir='ltr' id='par_1_73' title="bbox 1941 1618 3638 1696">
     <span class='ocr_line' id='line_1_73' title="bbox 1941 1618 3638 1696; baseline -0.003 -19"><span class='ocrx_word' id='word_1_590' title='bbox 1941 1624 2055 1694; x_wconf 72' lang='grc' dir='ltr'>ψει,</span> <span class='ocrx_word' id='word_1_591' title='bbox 2075 1624 2227 1696; x_wconf 83' lang='grc' dir='ltr'>παρὰ</span> <span class='ocrx_word' id='word_1_592' title='bbox 2246 1623 2356 1676; x_wconf 86' lang='grc' dir='ltr'>τῶν</span> <span class='ocrx_word' id='word_1_593' title='bbox 2384 1621 2825 1695; x_wconf 77' lang='grc' dir='ltr'>ἐπηρεαζόντων,</span> <span class='ocrx_word' id='word_1_594' title='bbox 2843 1619 2999 1693; x_wconf 89' lang='grc' dir='ltr'>παρά</span> <span class='ocrx_word' id='word_1_595' title='bbox 3024 1619 3133 1673; x_wconf 83' lang='grc' dir='ltr'>τῶν</span> <span class='ocrx_word' id='word_1_596' title='bbox 3155 1618 3638 1691; x_wconf 78' lang='grc' dir='ltr'>ἐπηρεαζομένων,</span> 
     </span>
    </p>
   </div>
   <div class='ocr_carea' id='block_1_74' title="bbox 1944 1708 3642 1782">
    <p class='ocr_par' dir='ltr' id='par_1_74' title="bbox 1944 1708 3642 1782">
     <span class='ocr_line' id='line_1_74' title="bbox 1944 1708 3642 1782; baseline -0.004 -15"><span class='ocrx_word' id='word_1_597' title='bbox 1944 1713 2039 1767; x_wconf 71' lang='grc' dir='ltr'>καὶ</span> <span class='ocrx_word' id='word_1_598' title='bbox 2070 1712 2247 1775; x_wconf 73' lang='grc' dir='ltr'>οὐδεὶς</span> <span class='ocrx_word' id='word_1_599' title='bbox 2272 1710 2511 1782; x_wconf 88' lang='grc' dir='ltr'>οὐδαμοῦ</span> <span class='ocrx_word' id='word_1_600' title='bbox 2544 1711 2721 1780; x_wconf 92' lang='grc' dir='ltr'>λόγος.</span> <span class='ocrx_word' id='word_1_601' title='bbox 2759 1709 2859 1764; x_wconf 79' lang='grc' dir='ltr'>Διά</span> <span class='ocrx_word' id='word_1_602' title='bbox 2881 1710 3042 1764; x_wconf 79' lang='grc' dir='ltr'>τοῦτο</span> <span class='ocrx_word' id='word_1_603' title='bbox 3068 1708 3452 1781; x_wconf 81' lang='grc' dir='ltr'>συνεχώρησεν</span> <span class='ocrx_word' id='word_1_604' title='bbox 3484 1708 3642 1781; x_wconf 82' lang='grc' dir='ltr'>ὑϐρι-</span> 
     </span>
    </p>
   </div>
   <div class='ocr_carea' id='block_1_75' title="bbox 1947 1795 3641 1871">
    <p class='ocr_par' dir='ltr' id='par_1_75' title="bbox 1947 1795 3641 1871">
     <span class='ocr_line' id='line_1_75' title="bbox 1947 1795 3641 1871; baseline -0.002 -17"><span class='ocrx_word' id='word_1_605' title='bbox 1947 1801 2141 1871; x_wconf 77' lang='grc' dir='ltr'>σθῆναι</span> <span class='ocrx_word' id='word_1_606' title='bbox 2170 1799 2263 1853; x_wconf 91' lang='grc' dir='ltr'>τὸν</span> <span class='ocrx_word' id='word_1_607' title='bbox 2293 1798 2605 1870; x_wconf 85' lang='grc' dir='ltr'>ὁμόδουλον,</span> <span class='ocrx_word' id='word_1_608' title='bbox 2641 1797 2730 1853; x_wconf 76' lang='grc' dir='ltr'>ἵνα</span> <span class='ocrx_word' id='word_1_609' title='bbox 2758 1798 2867 1853; x_wconf 82' lang='grc' dir='ltr'>ἀπὸ</span> <span class='ocrx_word' id='word_1_610' title='bbox 2892 1797 2986 1851; x_wconf 80' lang='grc' dir='ltr'>τοῦ</span> <span class='ocrx_word' id='word_1_611' title='bbox 3015 1796 3264 1852; x_wconf 89' lang='grc' dir='ltr'>κινδύνου</span> <span class='ocrx_word' id='word_1_612' title='bbox 3290 1795 3387 1850; x_wconf 80' lang='grc' dir='ltr'>τοῦ</span> <span class='ocrx_word' id='word_1_613' title='bbox 3423 1797 3511 1850; x_wconf 73' lang='grc' dir='ltr'>διὰ</span> <span class='ocrx_word' id='word_1_614' title='bbox 3540 1796 3641 1866; x_wconf 84' lang='grc' dir='ltr'>τὴν</span> 
     </span>
    </p>
   </div>
   <div class='ocr_carea' id='block_1_76' title="bbox 1947 1881 3631 1958">
    <p class='ocr_par' dir='ltr' id='par_1_76' title="bbox 1947 1881 3631 1958">
     <span class='ocr_line' id='line_1_76' title="bbox 1947 1881 3631 1958; baseline -0.004 -17"><span class='ocrx_word' id='word_1_615' title='bbox 1947 1888 2013 1941; x_wconf 81' lang='lat'>66</span> <span class='ocrx_word' id='word_1_616' title='bbox 2022 1905 2105 1958; x_wconf 93' lang='grc' dir='ltr'>ριν</span> <span class='ocrx_word' id='word_1_617' title='bbox 2133 1886 2428 1957; x_wconf 87' lang='grc' dir='ltr'>γενομένου</span> <span class='ocrx_word' id='word_1_618' title='bbox 2448 1885 2653 1956; x_wconf 87' lang='grc' dir='ltr'>ταύτην</span> <span class='ocrx_word' id='word_1_619' title='bbox 2674 1885 2769 1940; x_wconf 81' lang='grc' dir='ltr'>τοῦ</span> <span class='ocrx_word' id='word_1_620' title='bbox 2793 1886 3065 1939; x_wconf 88' lang='grc' dir='ltr'>Δεσπότου</span> <span class='ocrx_word' id='word_1_621' title='bbox 3088 1883 3188 1955; x_wconf 81' lang='grc' dir='ltr'>τὴν</span> <span class='ocrx_word' id='word_1_622' title='bbox 3213 1881 3631 1956; x_wconf 74' lang='grc' dir='ltr'>φιλανθρωπίαν</span> 
     </span>
    </p>
   </div>
   <div class='ocr_carea' id='block_1_77' title="bbox 1950 1968 3645 2046">
    <p class='ocr_par' dir='ltr' id='par_1_77' title="bbox 1950 1968 3645 2046">
     <span class='ocr_line' id='line_1_77' title="bbox 1950 1968 3645 2046; baseline -0.004 -18"><span class='ocrx_word' id='word_1_623' title='bbox 1950 1974 2145 2046; x_wconf 80' lang='grc' dir='ltr'>μάθῃς.</span> <span class='ocrx_word' id='word_1_624' title='bbox 2165 1972 2360 2027; x_wconf 86' lang='grc' dir='ltr'>Καίτοι</span> <span class='ocrx_word' id='word_1_625' title='bbox 2386 1973 2546 2027; x_wconf 78' lang='grc' dir='ltr'>τοῦτο</span> <span class='ocrx_word' id='word_1_626' title='bbox 2574 1972 2669 2028; x_wconf 86' lang='lat' dir='ltr'><em>116v</em></span> <span class='ocrx_word' id='word_1_627' title='bbox 2694 1973 2915 2045; x_wconf 82' lang='grc' dir='ltr'>πρῶτον</span> <span class='ocrx_word' id='word_1_628' title='bbox 2946 1973 3041 2026; x_wconf 76' lang='grc' dir='ltr'>καὶ</span> <span class='ocrx_word' id='word_1_629' title='bbox 3066 1972 3227 2044; x_wconf 90' lang='grc' dir='ltr'>μόνον</span> <span class='ocrx_word' id='word_1_630' title='bbox 3252 1969 3499 2039; x_wconf 76' lang='grc' dir='ltr'>γέγονεν.</span> <span class='ocrx_word' id='word_1_631' title='bbox 3524 1968 3645 2024; x_wconf 78' lang='grc' dir='ltr'>ἀλλ’</span> 
     </span>
    </p>
   </div>
   <div class='ocr_carea' id='block_1_78' title="bbox 1944 2059 3642 2136">
    <p class='ocr_par' dir='ltr' id='par_1_78' title="bbox 1944 2059 3642 2136">
     <span class='ocr_line' id='line_1_78' title="bbox 1944 2059 3642 2136; baseline -0.004 -18"><span class='ocrx_word' id='word_1_632' title='bbox 1944 2064 2096 2136; x_wconf 83' lang='grc' dir='ltr'>ὅμως</span> <span class='ocrx_word' id='word_1_633' title='bbox 2137 2063 2259 2117; x_wconf 78' lang='grc' dir='ltr'>οὐδὲ</span> <span class='ocrx_word' id='word_1_634' title='bbox 2309 2061 2396 2115; x_wconf 87' lang='grc' dir='ltr'>διὰ</span> <span class='ocrx_word' id='word_1_635' title='bbox 2430 2062 2590 2115; x_wconf 85' lang='lat'><em>10610</em></span> <span class='ocrx_word' id='word_1_636' title='bbox 2628 2061 3021 2133; x_wconf 85' lang='grc' dir='ltr'>προσδοκῶμεν</span> <span class='ocrx_word' id='word_1_637' title='bbox 3062 2059 3470 2115; x_wconf 87' lang='grc' dir='ltr'>ἀπολαύσεσθαι</span> <span class='ocrx_word' id='word_1_638' title='bbox 3509 2073 3642 2126; x_wconf 90' lang='grc' dir='ltr'>συγ-</span> 
     </span>
    </p>
   </div>
   <div class='ocr_carea' id='block_1_79' title="bbox 1946 2147 3641 2223">
    <p class='ocr_par' dir='ltr' id='par_1_79' title="bbox 1946 2147 3641 2223">
     <span class='ocr_line' id='line_1_79' title="bbox 1946 2147 3641 2223; baseline -0.003 -19"><span class='ocrx_word' id='word_1_639' title='bbox 1946 2150 2174 2223; x_wconf 82' lang='grc' dir='ltr'>γνώμης</span> <span class='ocrx_word' id='word_1_640' title='bbox 2198 2150 2344 2214; x_wconf 87' lang='grc' dir='ltr'>τινὸς</span> <span class='ocrx_word' id='word_1_641' title='bbox 2370 2149 2491 2203; x_wconf 82' lang='grc' dir='ltr'>οὐδὲ</span> <span class='ocrx_word' id='word_1_642' title='bbox 2519 2148 2847 2217; x_wconf 83' lang='grc' dir='ltr'>ἀπολογίας·</span> <span class='ocrx_word' id='word_1_643' title='bbox 2877 2150 2969 2203; x_wconf 91' lang='grc' dir='ltr'>τὸν</span> <span class='ocrx_word' id='word_1_644' title='bbox 2996 2148 3054 2202; x_wconf 82' lang='grc' dir='ltr'>δὲ</span> <span class='ocrx_word' id='word_1_645' title='bbox 3083 2148 3217 2202; x_wconf 87' lang='grc' dir='ltr'>Θεὸν</span> <span class='ocrx_word' id='word_1_646' title='bbox 3241 2147 3365 2201; x_wconf 80' lang='grc' dir='ltr'>καθ’</span> <span class='ocrx_word' id='word_1_647' title='bbox 3398 2147 3641 2216; x_wconf 77' lang='grc' dir='ltr'>ἑκάστην</span> 
     </span>
    </p>
   </div>
   <div class='ocr_carea' id='block_1_80' title="bbox 1949 2233 3641 2313">
    <p class='ocr_par' dir='ltr' id='par_1_80' title="bbox 1949 2233 3641 2313">
     <span class='ocr_line' id='line_1_80' title="bbox 1949 2233 3641 2313; baseline -0.004 -20"><span class='ocrx_word' id='word_1_648' title='bbox 1949 2239 2355 2313; x_wconf 77' lang='grc' dir='ltr'>παροργίζομεν</span> <span class='ocrx_word' id='word_1_649' title='bbox 2375 2238 2475 2310; x_wconf 82' lang='grc' dir='ltr'>τὴν</span> <span class='ocrx_word' id='word_1_650' title='bbox 2499 2238 2738 2310; x_wconf 88' lang='grc' dir='ltr'>ἡμέραν,</span> <span class='ocrx_word' id='word_1_651' title='bbox 2780 2239 2875 2291; x_wconf 69' lang='grc' dir='ltr'>καὶ</span> <span class='ocrx_word' id='word_1_652' title='bbox 2907 2237 3166 2308; x_wconf 85' lang='grc' dir='ltr'>οὐδεμίαν</span> <span class='ocrx_word' id='word_1_653' title='bbox 3201 2235 3506 2307; x_wconf 84' lang='grc' dir='ltr'>ποιούμεθα</span> <span class='ocrx_word' id='word_1_654' title='bbox 3540 2233 3641 2305; x_wconf 78' lang='grc' dir='ltr'>τὴν</span> 
     </span>
    </p>
   </div>
   <div class='ocr_carea' id='block_1_81' title="bbox 1949 2325 3639 2402">
    <p class='ocr_par' dir='ltr' id='par_1_81' title="bbox 1949 2325 3639 2402">
     <span class='ocr_line' id='line_1_81' title="bbox 1949 2325 3639 2402; baseline -0.004 -18"><span class='ocrx_word' id='word_1_655' title='bbox 1949 2330 2306 2402; x_wconf 80' lang='grc' dir='ltr'>ἐπιστροφὴν,</span> <span class='ocrx_word' id='word_1_656' title='bbox 2358 2329 2453 2383; x_wconf 74' lang='grc' dir='ltr'>καὶ</span> <span class='ocrx_word' id='word_1_657' title='bbox 2483 2329 2563 2382; x_wconf 76' lang='grc' dir='ltr'>ἔτι</span> <span class='ocrx_word' id='word_1_658' title='bbox 2605 2330 2765 2399; x_wconf 82' lang='grc' dir='ltr'>φέρει</span> <span class='ocrx_word' id='word_1_659' title='bbox 2805 2328 2944 2399; x_wconf 88' lang='grc' dir='ltr'>μετά</span> <span class='ocrx_word' id='word_1_660' title='bbox 2980 2326 3369 2400; x_wconf 88' lang='grc' dir='ltr'>μακροθυμίας</span> <span class='ocrx_word' id='word_1_661' title='bbox 3399 2325 3639 2393; x_wconf 84' lang='grc' dir='ltr'>ἀπάσης.</span> 
     </span>
    </p>
   </div>
   <div class='ocr_carea' id='block_1_82' title="bbox 1950 2409 3647 2487">
    <p class='ocr_par' dir='ltr' id='par_1_82' title="bbox 1950 2409 3647 2487">
     <span class='ocr_line' id='line_1_82' title="bbox 1950 2409 3647 2487; baseline -0.005 -16"><span class='ocrx_word' id='word_1_662' title='bbox 1950 2412 2104 2482; x_wconf 80' lang='grc' dir='ltr'>Εἶδες</span> <span class='ocrx_word' id='word_1_663' title='bbox 2134 2417 2276 2487; x_wconf 87' lang='grc' dir='ltr'>πόση</span> <span class='ocrx_word' id='word_1_664' title='bbox 2300 2416 2334 2487; x_wconf 88' lang='grc' dir='ltr'>ἡ</span> <span class='ocrx_word' id='word_1_665' title='bbox 2366 2414 2753 2486; x_wconf 85' lang='grc' dir='ltr'>φιλανθρωπία</span> <span class='ocrx_word' id='word_1_666' title='bbox 2772 2414 2867 2467; x_wconf 81' lang='lat'>106</span> <span class='ocrx_word' id='word_1_667' title='bbox 2889 2414 3163 2467; x_wconf 87' lang='grc' dir='ltr'>Δεσπότου</span> <span class='ocrx_word' id='word_1_668' title='bbox 3194 2432 3210 2480; x_wconf 88' lang='grc'>;</span> <span class='ocrx_word' id='word_1_669' title='bbox 3243 2414 3437 2466; x_wconf 79' lang='grc' dir='ltr'>Καίτοι</span> <span class='ocrx_word' id='word_1_670' title='bbox 3466 2427 3529 2479; x_wconf 90' lang='grc' dir='ltr'>γε</span> <span class='ocrx_word' id='word_1_671' title='bbox 3552 2409 3647 2463; x_wconf 67' lang='grc' dir='ltr'>ἐπὶ</span> 
     </span>
    </p>
   </div>
   <div class='ocr_carea' id='block_1_83' title="bbox 1948 2499 3642 2577">
    <p class='ocr_par' dir='ltr' id='par_1_83' title="bbox 1948 2499 3642 2577">
     <span class='ocr_line' id='line_1_83' title="bbox 1948 2499 3642 2577; baseline -0.004 -18"><span class='ocrx_word' id='word_1_672' title='bbox 1948 2506 2051 2576; x_wconf 80' lang='grc' dir='ltr'>τῆς</span> <span class='ocrx_word' id='word_1_673' title='bbox 2082 2504 2429 2577; x_wconf 86' lang='grc' dir='ltr'>παρανομίας</span> <span class='ocrx_word' id='word_1_674' title='bbox 2454 2502 2659 2574; x_wconf 89' lang='grc' dir='ltr'>ταύτης</span> <span class='ocrx_word' id='word_1_675' title='bbox 2695 2504 2747 2557; x_wconf 88' lang='grc' dir='ltr'>οί</span> <span class='ocrx_word' id='word_1_676' title='bbox 2794 2500 3329 2575; x_wconf 86' lang='grc' dir='ltr'>πεπλημμεληκότες</span> <span class='ocrx_word' id='word_1_677' title='bbox 3367 2499 3642 2560; x_wconf 79' lang='grc' dir='ltr'>ἑάλωσαν.</span> 
     </span>
    </p>
   </div>
   <div class='ocr_carea' id='block_1_84' title="bbox 1949 2586 3647 2665">
    <p class='ocr_par' dir='ltr' id='par_1_84' title="bbox 1949 2586 3647 2665">
     <span class='ocr_line' id='line_1_84' title="bbox 1949 2586 3647 2665; baseline -0.005 -18"><span class='ocrx_word' id='word_1_678' title='bbox 1949 2596 2043 2648; x_wconf 78' lang='grc' dir='ltr'>καὶ</span> <span class='ocrx_word' id='word_1_679' title='bbox 2070 2595 2151 2657; x_wconf 82' lang='grc' dir='ltr'>είς</span> <span class='ocrx_word' id='word_1_680' title='bbox 2199 2593 2577 2665; x_wconf 88' lang='grc' dir='ltr'>δεσμωτήριον</span> <span class='ocrx_word' id='word_1_681' title='bbox 2617 2592 2911 2655; x_wconf 56' lang='grc' dir='ltr'>ἐνέπεσον,</span> <span class='ocrx_word' id='word_1_682' title='bbox 2937 2591 3031 2645; x_wconf 72' lang='grc' dir='ltr'>καὶ</span> <span class='ocrx_word' id='word_1_683' title='bbox 3075 2590 3233 2660; x_wconf 90' lang='grc' dir='ltr'>δίκην</span> <span class='ocrx_word' id='word_1_684' title='bbox 3267 2588 3483 2651; x_wconf 76' lang='grc' dir='ltr'>ἔδοσαν,</span> <span class='ocrx_word' id='word_1_685' title='bbox 3527 2586 3647 2641; x_wconf 87' lang='grc' dir='ltr'>ἀλλ’</span> 
     </span>
    </p>
   </div>
   <div class='ocr_carea' id='block_1_85' title="bbox 1949 2675 3648 2752">
    <p class='ocr_par' dir='ltr' id='par_1_85' title="bbox 1949 2675 3648 2752">
     <span class='ocr_line' id='line_1_85' title="bbox 1949 2675 3648 2752; baseline -0.004 -18"><span class='ocrx_word' id='word_1_686' title='bbox 1949 2682 2101 2752; x_wconf 82' lang='grc' dir='ltr'>ὅμως</span> <span class='ocrx_word' id='word_1_687' title='bbox 2135 2680 2217 2733; x_wconf 78' lang='grc' dir='ltr'>ἔτι</span> <span class='ocrx_word' id='word_1_688' title='bbox 2250 2679 2604 2750; x_wconf 83' lang='grc' dir='ltr'>δεδοίκαμεν·</span> <span class='ocrx_word' id='word_1_689' title='bbox 2647 2680 2743 2733; x_wconf 73' lang='grc' dir='ltr'>καὶ</span> <span class='ocrx_word' id='word_1_690' title='bbox 2791 2678 2903 2751; x_wconf 90' lang='grc' dir='ltr'>γάρ</span> <span class='ocrx_word' id='word_1_691' title='bbox 2939 2676 3095 2731; x_wconf 75' lang='grc' dir='ltr'>οὔπω</span> <span class='ocrx_word' id='word_1_692' title='bbox 3132 2678 3337 2748; x_wconf 78' lang='grc' dir='ltr'>ήκουσε</span> <span class='ocrx_word' id='word_1_693' title='bbox 3377 2675 3448 2729; x_wconf 77' lang='grc' dir='ltr'>τὰ</span> <span class='ocrx_word' id='word_1_694' title='bbox 3485 2690 3648 2743; x_wconf 82' lang='grc' dir='ltr'>γεγε-</span> 
     </span>
    </p>
   </div>
   <div class='ocr_carea' id='block_1_86' title="bbox 1949 2763 3649 2839">
    <p class='ocr_par' dir='ltr' id='par_1_86' title="bbox 1949 2763 3649 2839">
     <span class='ocr_line' id='line_1_86' title="bbox 1949 2763 3649 2839; baseline -0.004 -18"><span class='ocrx_word' id='word_1_695' title='bbox 1949 2768 2162 2839; x_wconf 83' lang='grc' dir='ltr'>νημένα</span> <span class='ocrx_word' id='word_1_696' title='bbox 2189 2771 2220 2822; x_wconf 95' lang='lat'>6</span> <span class='ocrx_word' id='word_1_697' title='bbox 2263 2766 2569 2839; x_wconf 79' lang='grc' dir='ltr'>ὑϐρισθεὶς,</span> <span class='ocrx_word' id='word_1_698' title='bbox 2599 2766 2723 2821; x_wconf 78' lang='grc' dir='ltr'>οὐδὲ</span> <span class='ocrx_word' id='word_1_699' title='bbox 2754 2766 2938 2836; x_wconf 78' lang='grc' dir='ltr'>ψῆφον</span> <span class='ocrx_word' id='word_1_700' title='bbox 2972 2766 3260 2833; x_wconf 74' lang='grc' dir='ltr'>ἐξήνεγκε.</span> <span class='ocrx_word' id='word_1_701' title='bbox 3303 2764 3400 2818; x_wconf 76' lang='grc' dir='ltr'>καὶ</span> <span class='ocrx_word' id='word_1_702' title='bbox 3442 2763 3649 2827; x_wconf 87' lang='grc' dir='ltr'>πάντες</span> 
     </span>
    </p>
   </div>
   <div class='ocr_carea' id='block_1_87' title="bbox 1952 2849 3649 2927">
    <p class='ocr_par' dir='ltr' id='par_1_87' title="bbox 1952 2849 3649 2927">
     <span class='ocr_line' id='line_1_87' title="bbox 1952 2849 3649 2927; baseline -0.004 -18"><span class='ocrx_word' id='word_1_703' title='bbox 1952 2855 2268 2927; x_wconf 85' lang='grc' dir='ltr'>τρέμομεν·</span> <span class='ocrx_word' id='word_1_704' title='bbox 2298 2856 2328 2908; x_wconf 91' lang='lat'>6</span> <span class='ocrx_word' id='word_1_705' title='bbox 2364 2853 2421 2907; x_wconf 87' lang='grc' dir='ltr'>δὲ</span> <span class='ocrx_word' id='word_1_706' title='bbox 2468 2853 2602 2918; x_wconf 83' lang='grc' dir='ltr'>Θεὸς</span> <span class='ocrx_word' id='word_1_707' title='bbox 2640 2854 2764 2907; x_wconf 83' lang='grc' dir='ltr'>καθ’</span> <span class='ocrx_word' id='word_1_708' title='bbox 2796 2854 3039 2925; x_wconf 81' lang='grc' dir='ltr'>ἑκάστην</span> <span class='ocrx_word' id='word_1_709' title='bbox 3077 2851 3266 2907; x_wconf 86' lang='grc' dir='ltr'>ἀκούει</span> <span class='ocrx_word' id='word_1_710' title='bbox 3304 2851 3405 2923; x_wconf 84' lang='grc' dir='ltr'>τὴν</span> <span class='ocrx_word' id='word_1_711' title='bbox 3428 2849 3649 2921; x_wconf 83' lang='grc' dir='ltr'>ἡμέραν</span> 
     </span>
    </p>
   </div>
   <div class='ocr_carea' id='block_1_88' title="bbox 1950 2936 3650 3014">
    <p class='ocr_par' dir='ltr' id='par_1_88' title="bbox 1950 2936 3650 3014">
     <span class='ocr_line' id='line_1_88' title="bbox 1950 2936 3650 3014; baseline -0.005 -17"><span class='ocrx_word' id='word_1_712' title='bbox 1950 2943 2050 3007; x_wconf 74' lang='grc' dir='ltr'>τὰς</span> <span class='ocrx_word' id='word_1_713' title='bbox 2077 2945 2159 3007; x_wconf 89' lang='grc' dir='ltr'>είς</span> <span class='ocrx_word' id='word_1_714' title='bbox 2190 2942 2357 2996; x_wconf 87' lang='grc' dir='ltr'>αὐτὸν</span> <span class='ocrx_word' id='word_1_715' title='bbox 2385 2942 2682 3013; x_wconf 88' lang='grc' dir='ltr'>γινομένας</span> <span class='ocrx_word' id='word_1_716' title='bbox 2731 2941 2939 3014; x_wconf 79' lang='grc' dir='ltr'>ὓϐρεις.</span> <span class='ocrx_word' id='word_1_717' title='bbox 2974 2941 3069 2994; x_wconf 78' lang='grc' dir='ltr'>καὶ</span> <span class='ocrx_word' id='word_1_718' title='bbox 3098 2940 3279 3004; x_wconf 78' lang='grc' dir='ltr'>οὐδεὶς</span> <span class='ocrx_word' id='word_1_719' title='bbox 3319 2936 3650 3010; x_wconf 75' lang='grc' dir='ltr'>ἐπιστρέφε-</span> 
     </span>
    </p>
   </div>
   <div class='ocr_carea' id='block_1_89' title="bbox 1950 3024 3648 3101">
    <p class='ocr_par' dir='ltr' id='par_1_89' title="bbox 1950 3024 3648 3101">
     <span class='ocr_line' id='line_1_89' title="bbox 1950 3024 3648 3101; baseline -0.004 -18"><span class='ocrx_word' id='word_1_720' title='bbox 1950 3048 2063 3090; x_wconf 86' lang='grc' dir='ltr'>ται.</span> <span class='ocrx_word' id='word_1_721' title='bbox 2093 3030 2188 3084; x_wconf 74' lang='grc' dir='ltr'>καὶ</span> <span class='ocrx_word' id='word_1_722' title='bbox 2229 3029 2405 3084; x_wconf 79' lang='grc' dir='ltr'>ταῦτα</span> <span class='ocrx_word' id='word_1_723' title='bbox 2449 3028 2624 3093; x_wconf 77' lang='grc' dir='ltr'>οὑτως</span> <span class='ocrx_word' id='word_1_724' title='bbox 2667 3029 2823 3093; x_wconf 74' lang='grc' dir='ltr'>ὄντος</span> <span class='ocrx_word' id='word_1_725' title='bbox 2868 3029 3079 3101; x_wconf 81' lang='grc' dir='ltr'>ἡμέρου</span> <span class='ocrx_word' id='word_1_726' title='bbox 3115 3029 3211 3082; x_wconf 71' lang='grc' dir='ltr'>καὶ</span> <span class='ocrx_word' id='word_1_727' title='bbox 3256 3024 3648 3097; x_wconf 83' lang='grc' dir='ltr'>φιλανθρώπου</span> 
     </span>
    </p>
   </div>
   <div class='ocr_carea' id='block_1_90' title="bbox 1951 3112 3650 3186">
    <p class='ocr_par' dir='ltr' id='par_1_90' title="bbox 1951 3112 3650 3186">
     <span class='ocr_line' id='line_1_90' title="bbox 1951 3112 3650 3186; baseline -0.004 -18"><span class='ocrx_word' id='word_1_728' title='bbox 1951 3115 2047 3169; x_wconf 87' lang='lat'>106</span> <span class='ocrx_word' id='word_1_729' title='bbox 2078 3114 2236 3171; x_wconf 78' lang='grc' dir='ltr'>Θεοῦ.</span> <span class='ocrx_word' id='word_1_730' title='bbox 2276 3117 2428 3169; x_wconf 84' lang='grc' dir='ltr'>Ἐκεῖ</span> <span class='ocrx_word' id='word_1_731' title='bbox 2454 3114 2554 3185; x_wconf 75' lang='grc' dir='ltr'>μὲν</span> <span class='ocrx_word' id='word_1_732' title='bbox 2593 3115 2703 3186; x_wconf 84' lang='lat'><em>769</em></span> <span class='ocrx_word' id='word_1_733' title='bbox 2733 3116 2895 3186; x_wconf 88' lang='grc' dir='ltr'>ἀρκεῖ</span> <span class='ocrx_word' id='word_1_734' title='bbox 2922 3113 2985 3166; x_wconf 85' lang='grc' dir='ltr'>τὸ</span> <span class='ocrx_word' id='word_1_735' title='bbox 3024 3114 3335 3185; x_wconf 87' lang='grc' dir='ltr'>ἁμάρτημα</span> <span class='ocrx_word' id='word_1_736' title='bbox 3367 3112 3529 3183; x_wconf 89' lang='grc' dir='ltr'>μόνον</span> <span class='ocrx_word' id='word_1_737' title='bbox 3568 3112 3650 3164; x_wconf 72' lang='grc' dir='ltr'>εἰτ-</span> 
     </span>
    </p>
   </div>
   <div class='ocr_carea' id='block_1_91' title="bbox 1953 3199 3650 3272">
    <p class='ocr_par' dir='ltr' id='par_1_91' title="bbox 1953 3199 3650 3272">
     <span class='ocr_line' id='line_1_91' title="bbox 1953 3199 3650 3272; baseline -0.003 -15"><span class='ocrx_word' id='word_1_738' title='bbox 1953 3207 2101 3267; x_wconf 88' lang='grc' dir='ltr'>πεῖν,</span> <span class='ocrx_word' id='word_1_739' title='bbox 2133 3204 2228 3259; x_wconf 68' lang='grc' dir='ltr'>καλ⁵</span> <span class='ocrx_word' id='word_1_740' title='bbox 2256 3203 2415 3257; x_wconf 82' lang='grc' dir='ltr'>λῦσαι</span> <span class='ocrx_word' id='word_1_741' title='bbox 2449 3203 2511 3256; x_wconf 89' lang='grc' dir='ltr'>τὸ</span> <span class='ocrx_word' id='word_1_742' title='bbox 2536 3201 2791 3272; x_wconf 78' lang='grc' dir='ltr'>ἔγκλημα</span> <span class='ocrx_word' id='word_1_743' title='bbox 2812 3219 2826 3233; x_wconf 81' lang='grc'><em>’</em></span> <span class='ocrx_word' id='word_1_744' title='bbox 2856 3202 2950 3255; x_wconf 75' lang='grc' dir='ltr'>ἐπὶ</span> <span class='ocrx_word' id='word_1_745' title='bbox 2968 3201 3023 3255; x_wconf 84' lang='grc' dir='ltr'>δὲ</span> <span class='ocrx_word' id='word_1_746' title='bbox 3056 3201 3164 3254; x_wconf 80' lang='grc' dir='ltr'>τῶν</span> <span class='ocrx_word' id='word_1_747' title='bbox 3194 3199 3499 3272; x_wconf 84' lang='grc' dir='ltr'>ἀνθρώπων</span> <span class='ocrx_word' id='word_1_748' title='bbox 3523 3199 3650 3252; x_wconf 87' lang='grc' dir='ltr'>τού-</span> 
     </span>
    </p>
   </div>
   <div class='ocr_carea' id='block_1_92' title="bbox 1954 3286 3650 3361">
    <p class='ocr_par' dir='ltr' id='par_1_92' title="bbox 1954 3286 3650 3361">
     <span class='ocr_line' id='line_1_92' title="bbox 1954 3286 3650 3361; baseline -0.004 -16"><span class='ocrx_word' id='word_1_749' title='bbox 1954 3292 2170 3346; x_wconf 89' lang='grc' dir='ltr'>ναντίον</span> <span class='ocrx_word' id='word_1_750' title='bbox 2200 3292 2346 3346; x_wconf 80' lang='grc' dir='ltr'>ἁπαν</span> <span class='ocrx_word' id='word_1_751' title='bbox 2368 3306 2378 3318; x_wconf 84' lang='grc'><em>’</em></span> <span class='ocrx_word' id='word_1_752' title='bbox 2414 3291 2543 3343; x_wconf 84' lang='grc' dir='ltr'>ὅταν</span> <span class='ocrx_word' id='word_1_753' title='bbox 2565 3290 2979 3361; x_wconf 86' lang='grc' dir='ltr'>ὁμολογήσωσιν</span> <span class='ocrx_word' id='word_1_754' title='bbox 3005 3290 3054 3342; x_wconf 79' lang='grc' dir='ltr'>οἱ</span> <span class='ocrx_word' id='word_1_755' title='bbox 3088 3287 3499 3360; x_wconf 88' lang='grc' dir='ltr'>ἡμαρτηκότες,</span> <span class='ocrx_word' id='word_1_756' title='bbox 3524 3286 3650 3340; x_wconf 84' lang='grc' dir='ltr'>τότε</span> 
     </span>
    </p>
   </div>
   <div class='ocr_carea' id='block_1_93' title="bbox 1956 3373 3269 3452">
    <p class='ocr_par' dir='ltr' id='par_1_93' title="bbox 1956 3373 3269 3452">
     <span class='ocr_line' id='line_1_93' title="bbox 1956 3373 3269 3452; baseline -0.003 -18"><span class='ocrx_word' id='word_1_757' title='bbox 1956 3379 2220 3452; x_wconf 72' lang='grc' dir='ltr'>μειζόνως</span> <span class='ocrx_word' id='word_1_758' title='bbox 2250 3377 2604 3443; x_wconf 75' lang='grc' dir='ltr'>κολάζονται·</span> <span class='ocrx_word' id='word_1_759' title='bbox 2645 3376 2674 3431; x_wconf 85' lang='grc' dir='ltr'><strong>ὃ</strong></span> <span class='ocrx_word' id='word_1_760' title='bbox 2706 3373 2774 3446; x_wconf 83' lang='grc' dir='ltr'>δὴ</span> <span class='ocrx_word' id='word_1_761' title='bbox 2803 3378 2898 3431; x_wconf 72' lang='grc' dir='ltr'>καὶ</span> <span class='ocrx_word' id='word_1_762' title='bbox 2925 3376 3020 3430; x_wconf 80' lang='grc' dir='ltr'>νῦν</span> <span class='ocrx_word' id='word_1_763' title='bbox 3054 3376 3269 3445; x_wconf 84' lang='grc' dir='ltr'>γέγονε.</span> 
     </span>
    </p>
   </div>
   <div class='ocr_carea' id='block_1_94' title="bbox 2025 3460 3653 3539">
    <p class='ocr_par' dir='ltr' id='par_1_94' title="bbox 2025 3460 3653 3539">
     <span class='ocr_line' id='line_1_94' title="bbox 2025 3460 3653 3539; baseline -0.005 -19"><span class='ocrx_word' id='word_1_764' title='bbox 2025 3467 2136 3520; x_wconf 73' lang='grc' dir='ltr'>Καὶ</span> <span class='ocrx_word' id='word_1_765' title='bbox 2163 3468 2213 3520; x_wconf 85' lang='grc' dir='ltr'>οί</span> <span class='ocrx_word' id='word_1_766' title='bbox 2251 3466 2349 3537; x_wconf 79' lang='grc' dir='ltr'>μὲν</span> <span class='ocrx_word' id='word_1_767' title='bbox 2380 3465 2605 3539; x_wconf 82' lang='grc' dir='ltr'>σιδήρῳ,</span> <span class='ocrx_word' id='word_1_768' title='bbox 2637 3465 2686 3516; x_wconf 91' lang='grc' dir='ltr'>οί</span> <span class='ocrx_word' id='word_1_769' title='bbox 2739 3463 2798 3517; x_wconf 85' lang='grc' dir='ltr'>δὲ</span> <span class='ocrx_word' id='word_1_770' title='bbox 2833 3464 2988 3534; x_wconf 71' lang='grc' dir='ltr'>πυρὶ,</span> <span class='ocrx_word' id='word_1_771' title='bbox 3032 3463 3083 3516; x_wconf 85' lang='grc' dir='ltr'>οί</span> <span class='ocrx_word' id='word_1_772' title='bbox 3121 3462 3179 3516; x_wconf 73' lang='grc' dir='ltr'>δὲ</span> <span class='ocrx_word' id='word_1_773' title='bbox 3211 3460 3425 3533; x_wconf 88' lang='grc' dir='ltr'>θηρίοις</span> <span class='ocrx_word' id='word_1_774' title='bbox 3470 3476 3653 3531; x_wconf 87' lang='grc' dir='ltr'>παρα-</span> 
     </span>
    </p>
   </div>
   <div class='ocr_carea' id='block_1_95' title="bbox 1954 3548 3652 3624">
    <p class='ocr_par' dir='ltr' id='par_1_95' title="bbox 1954 3548 3652 3624">
     <span class='ocr_line' id='line_1_95' title="bbox 1954 3548 3652 3624; baseline -0.005 -16"><span class='ocrx_word' id='word_1_775' title='bbox 1954 3553 2203 3618; x_wconf 83' lang='grc' dir='ltr'>δοθέντες</span> <span class='ocrx_word' id='word_1_776' title='bbox 2240 3552 2542 3616; x_wconf 86' lang='grc' dir='ltr'>ἀπώλοντο,</span> <span class='ocrx_word' id='word_1_777' title='bbox 2583 3553 2686 3606; x_wconf 86' lang='grc' dir='ltr'>οὐκ</span> <span class='ocrx_word' id='word_1_778' title='bbox 2719 3552 2914 3624; x_wconf 85' lang='grc' dir='ltr'>ἀνδρες</span> <span class='ocrx_word' id='word_1_779' title='bbox 2943 3550 3001 3604; x_wconf 74' lang='grc' dir='ltr'>δὲ</span> <span class='ocrx_word' id='word_1_780' title='bbox 3030 3550 3215 3622; x_wconf 87' lang='grc' dir='ltr'>μόνον,</span> <span class='ocrx_word' id='word_1_781' title='bbox 3240 3548 3379 3603; x_wconf 85' lang='grc' dir='ltr'>ἀλλά</span> <span class='ocrx_word' id='word_1_782' title='bbox 3400 3549 3496 3603; x_wconf 68' lang='grc' dir='ltr'>καὶ</span> <span class='ocrx_word' id='word_1_783' title='bbox 3526 3549 3652 3601; x_wconf 86' lang='grc' dir='ltr'>παῖ-</span> 
     </span>
    </p>
   </div>
   <div class='ocr_carea' id='block_1_96' title="bbox 1954 3634 3655 3712">
    <p class='ocr_par' dir='ltr' id='par_1_96' title="bbox 1954 3634 3655 3712">
     <span class='ocr_line' id='line_1_96' title="bbox 1954 3634 3655 3712; baseline -0.005 -15"><span class='ocrx_word' id='word_1_784' title='bbox 1954 3643 2064 3707; x_wconf 86' lang='grc' dir='ltr'>δες.</span> <span class='ocrx_word' id='word_1_785' title='bbox 2095 3643 2206 3696; x_wconf 77' lang='grc' dir='ltr'>Καὶ</span> <span class='ocrx_word' id='word_1_786' title='bbox 2230 3642 2291 3696; x_wconf 79' lang='grc' dir='ltr'>οὐ</span> <span class='ocrx_word' id='word_1_787' title='bbox 2314 3642 2376 3695; x_wconf 91' lang='grc' dir='ltr'>τὸ</span> <span class='ocrx_word' id='word_1_788' title='bbox 2393 3642 2493 3712; x_wconf 80' lang='grc' dir='ltr'>τῆς</span> <span class='ocrx_word' id='word_1_789' title='bbox 2516 3639 2731 3711; x_wconf 87' lang='grc' dir='ltr'>ἡλικίας</span> <span class='ocrx_word' id='word_1_790' title='bbox 2752 3639 2951 3710; x_wconf 87' lang='grc' dir='ltr'>ἀωρον,</span> <span class='ocrx_word' id='word_1_791' title='bbox 2974 3639 3074 3710; x_wconf 90' lang='grc' dir='ltr'>οὐχ</span> <span class='ocrx_word' id='word_1_792' title='bbox 3097 3640 3131 3709; x_wconf 88' lang='grc' dir='ltr'>ἡ</span> <span class='ocrx_word' id='word_1_793' title='bbox 3153 3637 3247 3691; x_wconf 80' lang='grc' dir='ltr'>τοῦ</span> <span class='ocrx_word' id='word_1_794' title='bbox 3274 3638 3446 3706; x_wconf 83' lang='grc' dir='ltr'>δήμου</span> <span class='ocrx_word' id='word_1_795' title='bbox 3480 3634 3655 3710; x_wconf 80' lang='grc' dir='ltr'>ῥύμη,</span> 
     </span>
    </p>
   </div>
   <div class='ocr_carea' id='block_1_97' title="bbox 1955 3722 3652 3800">
    <p class='ocr_par' dir='ltr' id='par_1_97' title="bbox 1955 3722 3652 3800">
     <span class='ocr_line' id='line_1_97' title="bbox 1955 3722 3652 3800; baseline -0.005 -17"><span class='ocrx_word' id='word_1_796' title='bbox 1955 3730 2017 3783; x_wconf 85' lang='grc' dir='ltr'>οὐ</span> <span class='ocrx_word' id='word_1_797' title='bbox 2047 3729 2107 3783; x_wconf 89' lang='grc' dir='ltr'>τὸ</span> <span class='ocrx_word' id='word_1_798' title='bbox 2143 3727 2312 3800; x_wconf 77' lang='grc' dir='ltr'>μανία</span> <span class='ocrx_word' id='word_1_799' title='bbox 2351 3727 2624 3797; x_wconf 88' lang='grc' dir='ltr'>δαιμόνων</span> <span class='ocrx_word' id='word_1_800' title='bbox 2661 3724 3080 3798; x_wconf 81' lang='grc' dir='ltr'>ὲμπλησθέντας</span> <span class='ocrx_word' id='word_1_801' title='bbox 3122 3735 3145 3765; x_wconf 75' lang='grc' dir='ltr'><strong>ο</strong></span> <span class='ocrx_word' id='word_1_802' title='bbox 3178 3724 3354 3779; x_wconf 80' lang='grc' dir='ltr'>ταῦτα</span> <span class='ocrx_word' id='word_1_803' title='bbox 3405 3722 3652 3794; x_wconf 76' lang='grc' dir='ltr'>ποιῆσαι,</span> 
     </span>
    </p>
   </div>
   <div class='ocr_carea' id='block_1_98' title="bbox 1956 3808 3655 3888">
    <p class='ocr_par' dir='ltr' id='par_1_98' title="bbox 1956 3808 3655 3888">
     <span class='ocr_line' id='line_1_98' title="bbox 1956 3808 3655 3888; baseline -0.005 -19"><span class='ocrx_word' id='word_1_804' title='bbox 1956 3817 2055 3886; x_wconf 84' lang='grc' dir='ltr'>οὐχ</span> <span class='ocrx_word' id='word_1_805' title='bbox 2085 3817 2120 3888; x_wconf 89' lang='grc' dir='ltr'>ἡ</span> <span class='ocrx_word' id='word_1_806' title='bbox 2147 3814 2382 3869; x_wconf 74' lang='grc' dir='ltr'>δοκοῦσα</span> <span class='ocrx_word' id='word_1_807' title='bbox 2419 3813 2720 3884; x_wconf 89' lang='grc' dir='ltr'>ἀπαίτησις</span> <span class='ocrx_word' id='word_1_808' title='bbox 2759 3813 3037 3885; x_wconf 86' lang='grc' dir='ltr'>ἀφόρητος</span> <span class='ocrx_word' id='word_1_809' title='bbox 3076 3808 3238 3873; x_wconf 78' lang='grc' dir='ltr'>εἶναι,</span> <span class='ocrx_word' id='word_1_810' title='bbox 3267 3812 3331 3864; x_wconf 87' lang='grc' dir='ltr'>οὐ</span> <span class='ocrx_word' id='word_1_811' title='bbox 3370 3811 3556 3874; x_wconf 82' lang='grc' dir='ltr'>πενία,</span> <span class='ocrx_word' id='word_1_812' title='bbox 3591 3808 3655 3862; x_wconf 91' lang='grc' dir='ltr'>οὐ</span> 
     </span>
    </p>
   </div>
   <div class='ocr_carea' id='block_1_99' title="bbox 1954 3897 3658 3973">
    <p class='ocr_par' dir='ltr' id='par_1_99' title="bbox 1954 3897 3658 3973">
     <span class='ocr_line' id='line_1_99' title="bbox 1954 3897 3658 3973; baseline -0.005 -17"><span class='ocrx_word' id='word_1_813' title='bbox 1954 3903 2019 3956; x_wconf 86' lang='grc' dir='ltr'>τὸ</span> <span class='ocrx_word' id='word_1_814' title='bbox 2049 3904 2203 3973; x_wconf 77' lang='grc' dir='ltr'>κοινῇ</span> <span class='ocrx_word' id='word_1_815' title='bbox 2232 3901 2373 3971; x_wconf 84' lang='grc' dir='ltr'>μετά</span> <span class='ocrx_word' id='word_1_816' title='bbox 2398 3901 2618 3954; x_wconf 89' lang='grc' dir='ltr'>πάντων</span> <span class='ocrx_word' id='word_1_817' title='bbox 2656 3901 2945 3970; x_wconf 86' lang='grc' dir='ltr'>ἁμαρτεῖν,</span> <span class='ocrx_word' id='word_1_818' title='bbox 2983 3900 3046 3952; x_wconf 82' lang='grc' dir='ltr'>οὐ</span> <span class='ocrx_word' id='word_1_819' title='bbox 3080 3899 3141 3951; x_wconf 88' lang='grc' dir='ltr'>τὸ</span> <span class='ocrx_word' id='word_1_820' title='bbox 3173 3897 3514 3968; x_wconf 82' lang='grc' dir='ltr'>ὑποσχέσθαι</span> <span class='ocrx_word' id='word_1_821' title='bbox 3549 3914 3658 3967; x_wconf 84' lang='grc' dir='ltr'>μη-</span> 
     </span>
    </p>
   </div>
   <div class='ocr_carea' id='block_1_100' title="bbox 1955 3983 3657 4057">
    <p class='ocr_par' dir='ltr' id='par_1_100' title="bbox 1955 3983 3657 4057">
     <span class='ocr_line' id='line_1_100' title="bbox 1955 3983 3657 4057; baseline -0.003 -17"><span class='ocrx_word' id='word_1_822' title='bbox 1955 3988 2149 4043; x_wconf 83' lang='grc' dir='ltr'>δέποτε</span> <span class='ocrx_word' id='word_1_823' title='bbox 2175 3986 2404 4041; x_wconf 77' lang='grc' dir='ltr'>τοιαῦτα</span> <span class='ocrx_word' id='word_1_824' title='bbox 2431 3986 2725 4057; x_wconf 86' lang='grc' dir='ltr'>τολμήσειν</span> <span class='ocrx_word' id='word_1_825' title='bbox 2750 3985 2959 4052; x_wconf 89' lang='grc' dir='ltr'>λοιπὸν,</span> <span class='ocrx_word' id='word_1_826' title='bbox 2980 3986 3081 4038; x_wconf 82' lang='grc' dir='ltr'>οὐκ</span> <span class='ocrx_word' id='word_1_827' title='bbox 3110 3985 3239 4039; x_wconf 80' lang='grc' dir='ltr'>ἄλλο</span> <span class='ocrx_word' id='word_1_828' title='bbox 3266 3984 3420 4037; x_wconf 83' lang='grc' dir='ltr'>οὐδὲν</span> <span class='ocrx_word' id='word_1_829' title='bbox 3453 3983 3657 4045; x_wconf 77' lang='grc' dir='ltr'>αὐτοὺς</span> 
     </span>
    </p>
   </div>
   <div class='ocr_carea' id='block_1_101' title="bbox 1956 4068 3656 4142">
    <p class='ocr_par' dir='ltr' id='par_1_101' title="bbox 1956 4068 3656 4142">
     <span class='ocr_line' id='line_1_101' title="bbox 1956 4068 3656 4142; baseline -0.005 -13"><span class='ocrx_word' id='word_1_830' title='bbox 1956 4075 2094 4138; x_wconf 83' lang='grc' dir='ltr'>δλως</span> <span class='ocrx_word' id='word_1_831' title='bbox 2124 4073 2376 4139; x_wconf 77' lang='grc' dir='ltr'>ἐξείλετο·</span> <span class='ocrx_word' id='word_1_832' title='bbox 2419 4072 2554 4126; x_wconf 86' lang='grc' dir='ltr'>ἀλλὰ</span> <span class='ocrx_word' id='word_1_833' title='bbox 2609 4069 2943 4141; x_wconf 85' lang='grc' dir='ltr'>συγγνώμης</span> <span class='ocrx_word' id='word_1_834' title='bbox 2980 4071 3151 4142; x_wconf 71' lang='grc' dir='ltr'>χωρὶς</span> <span class='ocrx_word' id='word_1_835' title='bbox 3193 4071 3415 4141; x_wconf 80' lang='grc' dir='ltr'>ἀπάσης</span> <span class='ocrx_word' id='word_1_836' title='bbox 3449 4069 3547 4121; x_wconf 73' lang='grc' dir='ltr'>ἐπὶ</span> <span class='ocrx_word' id='word_1_837' title='bbox 3594 4068 3656 4121; x_wconf 86' lang='grc' dir='ltr'>τὸ</span> 
     </span>
    </p>
   </div>
   <div class='ocr_carea' id='block_1_102' title="bbox 1960 4156 3657 4235">
    <p class='ocr_par' dir='ltr' id='par_1_102' title="bbox 1960 4156 3657 4235">
     <span class='ocr_line' id='line_1_102' title="bbox 1960 4156 3657 4235; baseline -0.006 -18"><span class='ocrx_word' id='word_1_838' title='bbox 1960 4162 2234 4235; x_wconf 83' lang='grc' dir='ltr'>βάραθρον</span> <span class='ocrx_word' id='word_1_839' title='bbox 2279 4161 2577 4233; x_wconf 86' lang='grc' dir='ltr'>ἀπήγοντο,</span> <span class='ocrx_word' id='word_1_840' title='bbox 2615 4159 2965 4232; x_wconf 84' lang='grc' dir='ltr'>στρατιωτῶν</span> <span class='ocrx_word' id='word_1_841' title='bbox 3011 4160 3256 4213; x_wconf 79' lang='grc' dir='ltr'>ἐνόπλων</span> <span class='ocrx_word' id='word_1_842' title='bbox 3304 4156 3657 4230; x_wconf 81' lang='grc' dir='ltr'>ἑκατέρωθεν</span> 
     </span>
    </p>
   </div>
   <div class='ocr_carea' id='block_1_103' title="bbox 1959 4243 3655 4319">
    <p class='ocr_par' dir='ltr' id='par_1_103' title="bbox 1959 4243 3655 4319">
     <span class='ocr_line' id='line_1_103' title="bbox 1959 4243 3655 4319; baseline -0.004 -17"><span class='ocrx_word' id='word_1_843' title='bbox 1959 4249 2160 4312; x_wconf 71' lang='grc' dir='ltr'>αὐτοὺς</span> <span class='ocrx_word' id='word_1_844' title='bbox 2190 4248 2564 4319; x_wconf 88' lang='grc' dir='ltr'>περιαγόντων</span> <span class='ocrx_word' id='word_1_845' title='bbox 2584 4246 2612 4288; x_wconf 70' lang='grc' dir='ltr'><strong><em>ἀ</em></strong></span> <span class='ocrx_word' id='word_1_846' title='bbox 2638 4247 2735 4300; x_wconf 72' lang='grc' dir='ltr'>καὶ</span> <span class='ocrx_word' id='word_1_847' title='bbox 2760 4245 3252 4318; x_wconf 85' lang='grc' dir='ltr'>παρατηρούντων,</span> <span class='ocrx_word' id='word_1_848' title='bbox 3286 4245 3360 4315; x_wconf 89' lang='grc' dir='ltr'>μή</span> <span class='ocrx_word' id='word_1_849' title='bbox 3384 4262 3469 4307; x_wconf 89' lang='grc' dir='ltr'>τις</span> <span class='ocrx_word' id='word_1_850' title='bbox 3492 4243 3655 4314; x_wconf 77' lang='grc' dir='ltr'>ἐξαρ-</span> 
     </span>
    </p>
   </div>
   <div class='ocr_carea' id='block_1_104' title="bbox 1960 4330 3657 4409">
    <p class='ocr_par' dir='ltr' id='par_1_104' title="bbox 1960 4330 3657 4409">
     <span class='ocr_line' id='line_1_104' title="bbox 1960 4330 3657 4409; baseline -0.004 -19"><span class='ocrx_word' id='word_1_851' title='bbox 1960 4336 2112 4409; x_wconf 77' lang='grc' dir='ltr'>πάση</span> <span class='ocrx_word' id='word_1_852' title='bbox 2159 4335 2287 4398; x_wconf 84' lang='grc' dir='ltr'>τοὺς</span> <span class='ocrx_word' id='word_1_853' title='bbox 2338 4334 2694 4398; x_wconf 86' lang='grc' dir='ltr'>καταδίκους·</span> <span class='ocrx_word' id='word_1_854' title='bbox 2762 4333 2858 4387; x_wconf 78' lang='grc' dir='ltr'>καὶ</span> <span class='ocrx_word' id='word_1_855' title='bbox 2910 4330 3357 4406; x_wconf 84' lang='grc' dir='ltr'>παρηκολούθουν</span> <span class='ocrx_word' id='word_1_856' title='bbox 3418 4330 3657 4403; x_wconf 75' lang='grc' dir='ltr'>μητέρες</span> 
     </span>
    </p>
   </div>
   <div class='ocr_carea' id='block_1_105' title="bbox 1960 4415 3660 4494">
    <p class='ocr_par' dir='ltr' id='par_1_105' title="bbox 1960 4415 3660 4494">
     <span class='ocr_line' id='line_1_105' title="bbox 1960 4415 3660 4494; baseline -0.002 -19"><span class='ocrx_word' id='word_1_857' title='bbox 1960 4418 2245 4494; x_wconf 76' lang='grc' dir='ltr'>πόρρωθεν</span> <span class='ocrx_word' id='word_1_858' title='bbox 2271 4419 2371 4490; x_wconf 84' lang='grc' dir='ltr'>μὲν</span> <span class='ocrx_word' id='word_1_859' title='bbox 2402 4418 2610 4491; x_wconf 85' lang='grc' dir='ltr'>όρῶσαι</span> <span class='ocrx_word' id='word_1_860' title='bbox 2639 4420 2767 4483; x_wconf 75' lang='grc' dir='ltr'>τοὺς</span> <span class='ocrx_word' id='word_1_861' title='bbox 2796 4419 2996 4482; x_wconf 86' lang='grc' dir='ltr'>παῖδας</span> <span class='ocrx_word' id='word_1_862' title='bbox 3017 4417 3520 4489; x_wconf 85' lang='grc' dir='ltr'>ἀποτεμνομένους,</span> <span class='ocrx_word' id='word_1_863' title='bbox 3542 4415 3660 4471; x_wconf 75' lang='grc' dir='ltr'>ὀδύ-</span> 
     </span>
    </p>
   </div>
   <div class='ocr_carea' id='block_1_106' title="bbox 1964 4503 3660 4580">
    <p class='ocr_par' dir='ltr' id='par_1_106' title="bbox 1964 4503 3660 4580">
     <span class='ocr_line' id='line_1_106' title="bbox 1964 4503 3660 4580; baseline -0.004 -17"><span class='ocrx_word' id='word_1_864' title='bbox 1964 4508 2152 4580; x_wconf 87' lang='grc' dir='ltr'>ρεσθαι</span> <span class='ocrx_word' id='word_1_865' title='bbox 2175 4507 2232 4561; x_wconf 80' lang='grc' dir='ltr'>δὲ</span> <span class='ocrx_word' id='word_1_866' title='bbox 2262 4508 2363 4579; x_wconf 82' lang='grc' dir='ltr'>τὴν</span> <span class='ocrx_word' id='word_1_867' title='bbox 2394 4507 2685 4579; x_wconf 72' lang='grc' dir='ltr'>συμφορὰν</span> <span class='ocrx_word' id='word_1_868' title='bbox 2715 4507 2774 4560; x_wconf 85' lang='grc' dir='ltr'>οὐ</span> <span class='ocrx_word' id='word_1_869' title='bbox 2804 4506 3113 4578; x_wconf 80' lang='grc' dir='ltr'>τολμῶσαι·</span> <span class='ocrx_word' id='word_1_870' title='bbox 3140 4506 3295 4560; x_wconf 79' lang='grc' dir='ltr'>ἐνίκα</span> <span class='ocrx_word' id='word_1_871' title='bbox 3324 4504 3435 4576; x_wconf 73' lang='grc' dir='ltr'>γὰρ</span> <span class='ocrx_word' id='word_1_872' title='bbox 3462 4504 3524 4558; x_wconf 91' lang='grc' dir='ltr'>τὸ</span> <span class='ocrx_word' id='word_1_873' title='bbox 3555 4503 3660 4556; x_wconf 81' lang='grc' dir='ltr'>πά-</span> 
     </span>
    </p>
   </div>
   <div class='ocr_carea' id='block_1_107' title="bbox 1961 4588 3658 4664">
    <p class='ocr_par' dir='ltr' id='par_1_107' title="bbox 1961 4588 3658 4664">
     <span class='ocr_line' id='line_1_107' title="bbox 1961 4588 3658 4664; baseline -0.004 -15"><span class='ocrx_word' id='word_1_874' title='bbox 1961 4594 2052 4658; x_wconf 80' lang='grc' dir='ltr'>Θος</span> <span class='ocrx_word' id='word_1_875' title='bbox 2084 4596 2112 4648; x_wconf 93' lang='lat'>6</span> <span class='ocrx_word' id='word_1_876' title='bbox 2146 4592 2331 4663; x_wconf 70' lang='grc' dir='ltr'>φόϐος,</span> <span class='ocrx_word' id='word_1_877' title='bbox 2362 4593 2454 4647; x_wconf 73' lang='grc' dir='ltr'>καὶ</span> <span class='ocrx_word' id='word_1_878' title='bbox 2483 4593 2583 4664; x_wconf 78' lang='grc' dir='ltr'>τῆς</span> <span class='ocrx_word' id='word_1_879' title='bbox 2605 4592 2821 4662; x_wconf 78' lang='grc' dir='ltr'>φύσεως</span> <span class='ocrx_word' id='word_1_880' title='bbox 2846 4591 3142 4664; x_wconf 71' lang='grc' dir='ltr'>ὲκράτειτὸ</span> <span class='ocrx_word' id='word_1_881' title='bbox 3164 4591 3302 4657; x_wconf 75' lang='grc' dir='ltr'>δέος.</span> <span class='ocrx_word' id='word_1_882' title='bbox 3339 4592 3449 4645; x_wconf 73' lang='grc' dir='ltr'>Καὶ</span> <span class='ocrx_word' id='word_1_883' title='bbox 3484 4588 3658 4645; x_wconf 77' lang='grc' dir='ltr'>καθά-</span> 
     </span>
    </p>
   </div>
   <div class='ocr_carea' id='block_1_108' title="bbox 1962 4680 3654 4754">
    <p class='ocr_par' dir='ltr' id='par_1_108' title="bbox 1962 4680 3654 4754">
     <span class='ocr_line' id='line_1_108' title="bbox 1962 4680 3654 4754; baseline -0.004 -17"><span class='ocrx_word' id='word_1_884' title='bbox 1962 4700 2068 4754; x_wconf 88' lang='grc' dir='ltr'>περ</span> <span class='ocrx_word' id='word_1_885' title='bbox 2097 4684 2147 4736; x_wconf 84' lang='grc' dir='ltr'>οί</span> <span class='ocrx_word' id='word_1_886' title='bbox 2177 4683 2304 4746; x_wconf 77' lang='grc' dir='ltr'>τοὺς</span> <span class='ocrx_word' id='word_1_887' title='bbox 2359 4681 2734 4751; x_wconf 78' lang='grc' dir='ltr'>ναυαγοῦντας</span> <span class='ocrx_word' id='word_1_888' title='bbox 2787 4682 2897 4736; x_wconf 82' lang='grc' dir='ltr'>ἀπὸ</span> <span class='ocrx_word' id='word_1_889' title='bbox 2944 4683 3047 4751; x_wconf 75' lang='grc' dir='ltr'>γῆς</span> <span class='ocrx_word' id='word_1_890' title='bbox 3071 4680 3312 4752; x_wconf 81' lang='grc' dir='ltr'>ὁρῶντες</span> <span class='ocrx_word' id='word_1_891' title='bbox 3343 4680 3654 4751; x_wconf 79' lang='grc' dir='ltr'>ἄνθρωποι,</span> 
     </span>
    </p>
   </div>
   <div class='ocr_carea' id='block_1_109' title="bbox 1961 4765 3656 4840">
    <p class='ocr_par' dir='ltr' id='par_1_109' title="bbox 1961 4765 3656 4840">
     <span class='ocr_line' id='line_1_109' title="bbox 1961 4765 3656 4840; baseline -0.003 -17"><span class='ocrx_word' id='word_1_892' title='bbox 1961 4768 2255 4824; x_wconf 85' lang='grc' dir='ltr'>όδυνῶνται</span> <span class='ocrx_word' id='word_1_893' title='bbox 2292 4769 2413 4840; x_wconf 76' lang='grc' dir='ltr'>μὲν,</span> <span class='ocrx_word' id='word_1_894' title='bbox 2444 4767 2765 4840; x_wconf 85' lang='grc' dir='ltr'>προσελθεῖν</span> <span class='ocrx_word' id='word_1_895' title='bbox 2797 4768 2856 4822; x_wconf 71' lang='grc' dir='ltr'>δὲ</span> <span class='ocrx_word' id='word_1_896' title='bbox 2877 4768 2974 4820; x_wconf 75' lang='grc' dir='ltr'>καὶ</span> <span class='ocrx_word' id='word_1_897' title='bbox 3002 4765 3150 4831; x_wconf 82' lang='grc' dir='ltr'>ὲξελέ</span> <span class='ocrx_word' id='word_1_898' title='bbox 3164 4766 3283 4820; x_wconf 76' lang='grc' dir='ltr'>σθαι</span> <span class='ocrx_word' id='word_1_899' title='bbox 3315 4767 3440 4830; x_wconf 74' lang='grc' dir='ltr'>τοὺς</span> <span class='ocrx_word' id='word_1_900' title='bbox 3481 4782 3656 4819; x_wconf 86' lang='grc' dir='ltr'>κατα-</span> 
     </span>
    </p>
   </div>
   <div class='ocr_carea' id='block_1_110' title="bbox 1964 4852 3655 4927">
    <p class='ocr_par' dir='ltr' id='par_1_110' title="bbox 1964 4852 3655 4927">
     <span class='ocr_line' id='line_1_110' title="bbox 1964 4852 3655 4927; baseline -0.001 -18"><span class='ocrx_word' id='word_1_901' title='bbox 1964 4854 2388 4927; x_wconf 74' lang='grc' dir='ltr'>ποντιζομὲνους</span> <span class='ocrx_word' id='word_1_902' title='bbox 2426 4855 2528 4909; x_wconf 84' lang='grc' dir='ltr'>οὐκ</span> <span class='ocrx_word' id='word_1_903' title='bbox 2583 4854 2833 4925; x_wconf 82' lang='grc' dir='ltr'>ἔχουσιν·</span> <span class='ocrx_word' id='word_1_904' title='bbox 2891 4852 3035 4907; x_wconf 80' lang='grc' dir='ltr'>οὕτω</span> <span class='ocrx_word' id='word_1_905' title='bbox 3092 4852 3156 4925; x_wconf 78' lang='grc' dir='ltr'>δὴ</span> <span class='ocrx_word' id='word_1_906' title='bbox 3227 4853 3324 4907; x_wconf 68' lang='grc' dir='ltr'>καὶ</span> <span class='ocrx_word' id='word_1_907' title='bbox 3397 4852 3655 4914; x_wconf 74' lang='grc' dir='ltr'>ἐνταῦθα,</span> 
     </span>
    </p>
   </div>
   <div class='ocr_carea' id='block_1_111' title="bbox 1963 4940 3662 5015">
    <p class='ocr_par' dir='ltr' id='par_1_111' title="bbox 1963 4940 3662 5015">
     <span class='ocr_line' id='line_1_111' title="bbox 1963 4940 3662 5015; baseline -0.002 -18"><span class='ocrx_word' id='word_1_908' title='bbox 1963 4943 2215 5015; x_wconf 86' lang='grc' dir='ltr'>καθάπερ</span> <span class='ocrx_word' id='word_1_909' title='bbox 2269 4942 2375 4995; x_wconf 89' lang='grc' dir='ltr'>ὑπὸ</span> <span class='ocrx_word' id='word_1_910' title='bbox 2412 4940 2694 5012; x_wconf 75' lang='grc' dir='ltr'>,κυμάτων</span> <span class='ocrx_word' id='word_1_911' title='bbox 2750 4940 2916 4995; x_wconf 83' lang='grc' dir='ltr'>τινῶν</span> <span class='ocrx_word' id='word_1_912' title='bbox 2971 4940 3048 5011; x_wconf 79' lang='grc' dir='ltr'>τῷ</span> <span class='ocrx_word' id='word_1_913' title='bbox 3105 4941 3257 5013; x_wconf 79' lang='grc' dir='ltr'>φόϐῳ</span> <span class='ocrx_word' id='word_1_914' title='bbox 3307 4942 3417 4995; x_wconf 83' lang='grc' dir='ltr'>τῶν</span> <span class='ocrx_word' id='word_1_915' title='bbox 3495 4957 3662 5012; x_wconf 87' lang='grc' dir='ltr'>στρα-</span> 
     </span>
    </p>
   </div>
   <div class='ocr_carea' id='block_1_112' title="bbox 1962 5027 3659 5101">
    <p class='ocr_par' dir='ltr' id='par_1_112' title="bbox 1962 5027 3659 5101">
     <span class='ocr_line' id='line_1_112' title="bbox 1962 5027 3659 5101; baseline -0.002 -16"><span class='ocrx_word' id='word_1_916' title='bbox 1962 5030 2174 5085; x_wconf 80' lang='grc' dir='ltr'>τιωτῶν</span> <span class='ocrx_word' id='word_1_917' title='bbox 2221 5029 2609 5101; x_wconf 88' lang='grc' dir='ltr'>ἀνειργόμεναι</span> <span class='ocrx_word' id='word_1_918' title='bbox 2638 5029 2695 5081; x_wconf 74' lang='grc' dir='ltr'>αἱ</span> <span class='ocrx_word' id='word_1_919' title='bbox 2739 5028 2993 5099; x_wconf 87' lang='grc' dir='ltr'>μητέρες,</span> <span class='ocrx_word' id='word_1_920' title='bbox 3027 5027 3089 5081; x_wconf 90' lang='grc' dir='ltr'>οὐ</span> <span class='ocrx_word' id='word_1_921' title='bbox 3123 5030 3284 5100; x_wconf 87' lang='grc' dir='ltr'>μόνον</span> <span class='ocrx_word' id='word_1_922' title='bbox 3339 5027 3659 5100; x_wconf 81' lang='grc' dir='ltr'>προσελθεῖν</span> 
     </span>
    </p>
   </div>
   <div class='ocr_carea' id='block_1_113' title="bbox 1963 5115 3652 5186">
    <p class='ocr_par' dir='ltr' id='par_1_113' title="bbox 1963 5115 3652 5186">
     <span class='ocr_line' id='line_1_113' title="bbox 1963 5115 3652 5186; baseline -0.003 -13"><span class='ocrx_word' id='word_1_923' title='bbox 1963 5119 2060 5173; x_wconf 72' lang='grc' dir='ltr'>καὶ</span> <span class='ocrx_word' id='word_1_924' title='bbox 2108 5116 2385 5182; x_wconf 71' lang='grc' dir='ltr'>ἐξελέσθαι</span> <span class='ocrx_word' id='word_1_925' title='bbox 2423 5117 2522 5186; x_wconf 83' lang='grc' dir='ltr'>τῆς</span> <span class='ocrx_word' id='word_1_926' title='bbox 2566 5115 2866 5185; x_wconf 88' lang='grc' dir='ltr'>καταδίκης</span> <span class='ocrx_word' id='word_1_927' title='bbox 2915 5116 3115 5179; x_wconf 81' lang='grc' dir='ltr'>αὐτοὺς</span> <span class='ocrx_word' id='word_1_928' title='bbox 3169 5116 3271 5169; x_wconf 84' lang='grc' dir='ltr'>οὐκ</span> <span class='ocrx_word' id='word_1_929' title='bbox 3321 5116 3652 5186; x_wconf 81' lang='grc' dir='ltr'>ἐτόλμησαν,</span> 
     </span>
    </p>
   </div>
   <div class='ocr_carea' id='block_1_114' title="bbox 1965 5192 3658 5269">
    <p class='ocr_par' dir='ltr' id='par_1_114' title="bbox 1965 5192 3658 5269">
     <span class='ocr_line' id='line_1_114' title="bbox 1965 5192 3658 5269; baseline -0.003 -14"><span class='ocrx_word' id='word_1_930' title='bbox 1965 5199 2103 5255; x_wconf 86' lang='grc' dir='ltr'>ἀλλά</span> <span class='ocrx_word' id='word_1_931' title='bbox 2135 5200 2230 5254; x_wconf 78' lang='grc' dir='ltr'>καὶ</span> <span class='ocrx_word' id='word_1_932' title='bbox 2267 5196 2540 5267; x_wconf 77' lang='grc' dir='ltr'>δακρῦσαι</span> <span class='ocrx_word' id='word_1_933' title='bbox 2588 5196 2823 5252; x_wconf 70' lang='grc' dir='ltr'>ἔδεισαν.</span> <span class='ocrx_word' id='word_1_934' title='bbox 2852 5192 3000 5269; x_wconf 72' lang='grc' dir='ltr'>Ἆρα</span> <span class='ocrx_word' id='word_1_935' title='bbox 3030 5198 3359 5269; x_wconf 79' lang='grc' dir='ltr'>στοχάζεσθε</span> <span class='ocrx_word' id='word_1_936' title='bbox 3404 5196 3658 5251; x_wconf 79' lang='grc' dir='ltr'>ἐντεῦθεν</span> 
     </span>
    </p>
   </div>
   <div class='ocr_carea' id='block_1_115' title="bbox 1964 5279 3656 5354">
    <p class='ocr_par' dir='ltr' id='par_1_115' title="bbox 1964 5279 3656 5354">
     <span class='ocr_line' id='line_1_115' title="bbox 1964 5279 3656 5354; baseline -0.004 -16"><span class='ocrx_word' id='word_1_937' title='bbox 1964 5283 2061 5338; x_wconf 81' lang='grc' dir='ltr'>τοῦ</span> <span class='ocrx_word' id='word_1_938' title='bbox 2090 5280 2229 5338; x_wconf 81' lang='grc' dir='ltr'>Θεοῦ</span> <span class='ocrx_word' id='word_1_939' title='bbox 2256 5282 2356 5354; x_wconf 84' lang='grc' dir='ltr'>τὴν</span> <span class='ocrx_word' id='word_1_940' title='bbox 2381 5279 2819 5351; x_wconf 87' lang='grc' dir='ltr'>φιλανθρωπίαν,</span> <span class='ocrx_word' id='word_1_941' title='bbox 2852 5281 2971 5345; x_wconf 83' lang='grc' dir='ltr'>πῶς</span> <span class='ocrx_word' id='word_1_942' title='bbox 3004 5282 3234 5351; x_wconf 81' lang='grc' dir='ltr'>ἄφατος,</span> <span class='ocrx_word' id='word_1_943' title='bbox 3269 5281 3386 5344; x_wconf 84' lang='grc' dir='ltr'>πῶς</span> <span class='ocrx_word' id='word_1_944' title='bbox 3407 5283 3656 5352; x_wconf 78' lang='grc' dir='ltr'>ἄπειρος,</span> 
     </span>
    </p>
   </div>
   <div class='ocr_carea' id='block_1_116' title="bbox 1966 5362 3658 5436">
    <p class='ocr_par' dir='ltr' id='par_1_116' title="bbox 1966 5362 3658 5436">
     <span class='ocr_line' id='line_1_116' title="bbox 1966 5362 3658 5436; baseline -0.005 -13"><span class='ocrx_word' id='word_1_945' title='bbox 1966 5368 2085 5432; x_wconf 84' lang='grc' dir='ltr'>πῶς</span> <span class='ocrx_word' id='word_1_946' title='bbox 2126 5367 2346 5422; x_wconf 79' lang='grc' dir='ltr'>ἅπαντα</span> <span class='ocrx_word' id='word_1_947' title='bbox 2375 5363 2697 5436; x_wconf 85' lang='grc' dir='ltr'>ὑπερϐαίνει</span> <span class='ocrx_word' id='word_1_948' title='bbox 2740 5363 2936 5432; x_wconf 84' lang='grc' dir='ltr'>λόγον;</span> <span class='ocrx_word' id='word_1_949' title='bbox 2981 5364 3248 5418; x_wconf 80' lang='grc' dir='ltr'>Ἐνταῦθα</span> <span class='ocrx_word' id='word_1_950' title='bbox 3290 5363 3389 5435; x_wconf 82' lang='grc' dir='ltr'>μὲν</span> <span class='ocrx_word' id='word_1_951' title='bbox 3423 5362 3532 5435; x_wconf 68' lang='grc' dir='ltr'>γὰρ</span> <span class='ocrx_word' id='word_1_952' title='bbox 3563 5363 3658 5417; x_wconf 75' lang='grc' dir='ltr'>καὶ</span> 
     </span>
    </p>
   </div>
   <div class='ocr_carea' id='block_1_117' title="bbox 1963 5445 3657 5521">
    <p class='ocr_par' dir='ltr' id='par_1_117' title="bbox 1963 5445 3657 5521">
     <span class='ocr_line' id='line_1_117' title="bbox 1963 5445 3657 5521; baseline -0.005 -16"><span class='ocrx_word' id='word_1_953' title='bbox 1963 5452 2065 5521; x_wconf 66' lang='grc' dir='ltr'>τῆς</span> <span class='ocrx_word' id='word_1_954' title='bbox 2091 5449 2264 5521; x_wconf 79' lang='grc' dir='ltr'>αὐτῆς</span> <span class='ocrx_word' id='word_1_955' title='bbox 2292 5447 2482 5512; x_wconf 80' lang='grc' dir='ltr'>οὐσίας</span> <span class='ocrx_word' id='word_1_956' title='bbox 2505 5450 2535 5502; x_wconf 89' lang='lat'>6</span> <span class='ocrx_word' id='word_1_957' title='bbox 2562 5446 2865 5520; x_wconf 78' lang='grc' dir='ltr'>ὑϐρισθεὶς,</span> <span class='ocrx_word' id='word_1_958' title='bbox 2890 5448 2984 5502; x_wconf 74' lang='grc' dir='ltr'>καὶ</span> <span class='ocrx_word' id='word_1_959' title='bbox 3014 5447 3164 5512; x_wconf 82' lang='grc' dir='ltr'>ἀπαξ</span> <span class='ocrx_word' id='word_1_960' title='bbox 3185 5445 3278 5501; x_wconf 87' lang='lat'>106</span> <span class='ocrx_word' id='word_1_961' title='bbox 3305 5445 3506 5507; x_wconf 87' lang='grc' dir='ltr'>παντὸς</span> <span class='ocrx_word' id='word_1_962' title='bbox 3526 5446 3657 5516; x_wconf 80' lang='grc' dir='ltr'>χρό-</span> 
     </span>
    </p>
   </div>
   <div class='ocr_carea' id='block_1_118' title="bbox 1967 5525 3658 5599">
    <p class='ocr_par' dir='ltr' id='par_1_118' title="bbox 1967 5525 3658 5599">
     <span class='ocr_line' id='line_1_118' title="bbox 1967 5525 3658 5599; baseline -0.001 -15"><span class='ocrx_word' id='word_1_963' title='bbox 1967 5550 2055 5586; x_wconf 77' lang='grc' dir='ltr'>νου</span> <span class='ocrx_word' id='word_1_964' title='bbox 2090 5532 2250 5587; x_wconf 89' lang='lat'><em>10610</em></span> <span class='ocrx_word' id='word_1_965' title='bbox 2285 5531 2544 5598; x_wconf 86' lang='grc' dir='ltr'>πέπονθε,</span> <span class='ocrx_word' id='word_1_966' title='bbox 2577 5531 2673 5585; x_wconf 86' lang='grc' dir='ltr'><strong>καί</strong></span> <span class='ocrx_word' id='word_1_967' title='bbox 2715 5532 2779 5585; x_wconf 84' lang='grc' dir='ltr'>οὐ</span> <span class='ocrx_word' id='word_1_968' title='bbox 2830 5532 2954 5585; x_wconf 85' lang='grc' dir='ltr'>κατ’</span> <span class='ocrx_word' id='word_1_969' title='bbox 2989 5530 3114 5599; x_wconf 71' lang='grc' dir='ltr'>ὸψιν</span> <span class='ocrx_word' id='word_1_970' title='bbox 3154 5528 3277 5582; x_wconf 79' lang='grc' dir='ltr'>οὐδὲ</span> <span class='ocrx_word' id='word_1_971' title='bbox 3324 5525 3518 5598; x_wconf 83' lang='grc' dir='ltr'>παρὼν</span> <span class='ocrx_word' id='word_1_972' title='bbox 3562 5529 3658 5583; x_wconf 75' lang='grc' dir='ltr'>καὶ</span> 
     </span>
    </p>
   </div>
   <div class='ocr_carea' id='block_1_119' title="bbox 175 5608 3658 5706">
    <p class='ocr_par' dir='ltr' id='par_1_119' title="bbox 175 5608 3658 5706">
     <span class='ocr_line' id='line_1_119' title="bbox 175 5608 3658 5706; baseline 0.004 -28"><span class='ocrx_word' id='word_1_973' title='bbox 175 5623 488 5697; x_wconf 81' lang='grc' dir='ltr'>κινούμενος</span> <span class='ocrx_word' id='word_1_974' title='bbox 513 5608 1022 5703; x_wconf 53' lang='grc' dir='ltr'>βόρϐοροξπλήττει</span> <span class='ocrx_word' id='word_1_975' title='bbox 1049 5608 1148 5701; x_wconf 60' lang='grc' dir='ltr'>τήν</span> <span class='ocrx_word' id='word_1_976' title='bbox 1169 5608 1411 5703; x_wconf 80' lang='grc' dir='ltr'>μήνιγγα</span> <span class='ocrx_word' id='word_1_977' title='bbox 1432 5608 1543 5686; x_wconf 70' lang='grc' dir='ltr'>τῶν</span> <span class='ocrx_word' id='word_1_978' title='bbox 1599 5608 1698 5706; x_wconf 76' lang='grc' dir='ltr'>τὴν</span> <span class='ocrx_word' id='word_1_979' title='bbox 1741 5634 1858 5687; x_wconf 80' lang='grc' dir='ltr'>δυσ·</span> <span class='ocrx_word' id='word_1_980' title='bbox 1905 5649 1934 5677; x_wconf 59' lang='grc' dir='ltr'><strong>ι</strong></span> <span class='ocrx_word' id='word_1_981' title='bbox 1966 5616 2107 5688; x_wconf 71' lang='grc' dir='ltr'>ὀρῶν</span> <span class='ocrx_word' id='word_1_982' title='bbox 2140 5616 2238 5706; x_wconf 51' lang='grc' dir='ltr'>καξ</span> <span class='ocrx_word' id='word_1_983' title='bbox 2285 5614 2522 5706; x_wconf 45' lang='grc' dir='ltr'>ἀκοέωνν</span> <span class='ocrx_word' id='word_1_984' title='bbox 2568 5614 2665 5706; x_wconf 49' lang='grc' dir='ltr'>καξ</span> <span class='ocrx_word' id='word_1_985' title='bbox 2698 5615 2874 5706; x_wconf 60' lang='grc' dir='ltr'>ξμωξ</span> <span class='ocrx_word' id='word_1_986' title='bbox 2894 5614 3071 5706; x_wconf 48' lang='grc' dir='ltr'>οξδδεξιῖ</span> <span class='ocrx_word' id='word_1_987' title='bbox 3107 5612 3279 5706; x_wconf 64' lang='grc' dir='ltr'>ςξξνκε</span> <span class='ocrx_word' id='word_1_988' title='bbox 3324 5608 3658 5706; x_wconf 57' lang='grc' dir='ltr'>ῗυττνίέξμης</span> 
     </span>
    </p>
   </div>
   <div class='ocr_carea' id='block_1_120' title="bbox 176 5706 1853 5789">
    <p class='ocr_par' dir='ltr' id='par_1_120' title="bbox 176 5706 1853 5789">
     <span class='ocr_line' id='line_1_120' title="bbox 176 5706 1853 5789; baseline 0.004 -28"><span class='ocrx_word' id='word_1_989' title='bbox 176 5706 338 5762; x_wconf 81' lang='grc' dir='ltr'>ωδίαν</span> <span class='ocrx_word' id='word_1_990' title='bbox 365 5709 669 5782; x_wconf 77' lang='grc' dir='ltr'>δεχομένων</span> <span class='ocrx_word' id='word_1_991' title='bbox 699 5711 1024 5782; x_wconf 76' lang='grc' dir='ltr'>ἐκείνην,ώς</span> <span class='ocrx_word' id='word_1_992' title='bbox 1044 5714 1416 5785; x_wconf 83' lang='grc' dir='ltr'>ἁμαρτήματα</span> <span class='ocrx_word' id='word_1_993' title='bbox 1445 5714 1701 5789; x_wconf 87' lang='grc' dir='ltr'>ἀλλότρια</span> <span class='ocrx_word' id='word_1_994' title='bbox 1728 5716 1853 5770; x_wconf 79' lang='lat'><em>6116-</em></span> 
     </span>
    </p>
   </div>
   <div class='ocr_carea' id='block_1_121' title="bbox 238 5847 775 5926">
    <p class='ocr_par' dir='ltr' id='par_1_121' title="bbox 238 5847 775 5926">
     <span class='ocr_line' id='line_1_121' title="bbox 238 5847 775 5926; baseline 0 0"><span class='ocrx_word' id='word_1_995' title='bbox 238 5847 268 5926; x_wconf 69' lang='grc'>2</span> <span class='ocrx_word' id='word_1_996' title='bbox 294 5849 389 5926; x_wconf 58' lang='grc' dir='ltr'>ἑῑὶἱ</span> <span class='ocrx_word' id='word_1_997' title='bbox 421 5851 661 5926; x_wconf 58' lang='grc' dir='ltr'>γείγωιιεν</span> <span class='ocrx_word' id='word_1_998' title='bbox 681 5853 775 5904; x_wconf 70' lang='grc' dir='ltr'>δίε-</span> 
     </span>
    </p>
   </div>
   <div class='ocr_carea' id='block_1_122' title="bbox 239 5908 1858 5980">
    <p class='ocr_par' dir='ltr' id='par_1_122' title="bbox 239 5908 1858 5980">
     <span class='ocr_line' id='line_1_122' title="bbox 239 5908 1858 5980; baseline 0.007 -22"><span class='ocrx_word' id='word_1_999' title='bbox 239 5908 392 5980; x_wconf 42' lang='lat' dir='ltr'>!Alji</span> <span class='ocrx_word' id='word_1_1000' title='bbox 425 5908 633 5980; x_wconf 73' lang='grc' dir='ltr'>ἑπὶ’τῶν</span> <span class='ocrx_word' id='word_1_1001' title='bbox 666 5913 966 5980; x_wconf 80' lang='grc' dir='ltr'>κακηγόρων,</span> <span class='ocrx_word' id='word_1_1002' title='bbox 1005 5915 1087 5966; x_wconf 85' lang='lat' dir='ltr'><strong>alii</strong></span> <span class='ocrx_word' id='word_1_1003' title='bbox 1117 5915 1413 5980; x_wconf 83' lang='grc' dir='ltr'>κατηγόρων,</span> <span class='ocrx_word' id='word_1_1004' title='bbox 1439 5923 1573 5968; x_wconf 76' lang='lat' dir='ltr'><strong>nota!</strong></span> <span class='ocrx_word' id='word_1_1005' title='bbox 1609 5916 1777 5968; x_wconf 68' lang='lat' dir='ltr'>Monlf.</span> <span class='ocrx_word' id='word_1_1006' title='bbox 1809 5918 1858 5969; x_wconf 82' lang='lat' dir='ltr'>In</span> 
     </span>
    </p>
   </div>
   <div class='ocr_carea' id='block_1_123' title="bbox 186 5974 1511 6041">
    <p class='ocr_par' dir='ltr' id='par_1_123' title="bbox 186 5974 1511 6041">
     <span class='ocr_line' id='line_1_123' title="bbox 186 5974 1511 6041; baseline 0.005 -21"><span class='ocrx_word' id='word_1_1007' title='bbox 186 5975 329 6021; x_wconf 73' lang='lat' dir='ltr'>textu</span> <span class='ocrx_word' id='word_1_1008' title='bbox 348 5974 514 6036; x_wconf 70' lang='lat' dir='ltr'>lcgeus</span> <span class='ocrx_word' id='word_1_1009' title='bbox 537 5977 611 6025; x_wconf 82' lang='grc' dir='ltr'>ἐπὶ</span> <span class='ocrx_word' id='word_1_1010' title='bbox 633 5978 702 6040; x_wconf 81' lang='grc' dir='ltr'>τῷ</span> <span class='ocrx_word' id='word_1_1011' title='bbox 726 5974 995 6041; x_wconf 65' lang='grc' dir='ltr'>κατηγόρῳ,</span> <span class='ocrx_word' id='word_1_1012' title='bbox 1020 5980 1179 6027; x_wconf 80' lang='lat' dir='ltr'>minus</span> <span class='ocrx_word' id='word_1_1013' title='bbox 1199 5974 1351 6027; x_wconf 59' lang='lat' dir='ltr'>rel&#39;l&#39;e.</span> <span class='ocrx_word' id='word_1_1014' title='bbox 1380 5979 1511 6028; x_wconf 69' lang='lat' dir='ltr'>lion.</span> 
     </span>
    </p>
   </div>
   <div class='ocr_carea' id='block_1_124' title="bbox 1968 5692 3659 5768">
    <p class='ocr_par' dir='ltr' id='par_1_124' title="bbox 1968 5692 3659 5768">
     <span class='ocr_line' id='line_1_124' title="bbox 1968 5692 3659 5768; baseline -0.007 -15"><span class='ocrx_word' id='word_1_1015' title='bbox 1968 5700 2073 5753; x_wconf 83' lang='grc' dir='ltr'>τῶν</span> <span class='ocrx_word' id='word_1_1016' title='bbox 2096 5698 2538 5768; x_wconf 85' lang='grc' dir='ltr'>τετολμηκότων·</span> <span class='ocrx_word' id='word_1_1017' title='bbox 2575 5697 2667 5749; x_wconf 76' lang='grc' dir='ltr'>ἐπὶ</span> <span class='ocrx_word' id='word_1_1018' title='bbox 2692 5696 2750 5750; x_wconf 78' lang='grc' dir='ltr'>δὲ</span> <span class='ocrx_word' id='word_1_1019' title='bbox 2785 5695 2878 5751; x_wconf 82' lang='grc' dir='ltr'>τοῦ</span> <span class='ocrx_word' id='word_1_1020' title='bbox 2905 5693 3039 5747; x_wconf 86' lang='grc' dir='ltr'>Θεοῦ</span> <span class='ocrx_word' id='word_1_1021' title='bbox 3068 5694 3219 5748; x_wconf 83' lang='grc' dir='ltr'>οὐδὲν</span> <span class='ocrx_word' id='word_1_1022' title='bbox 3259 5692 3465 5748; x_wconf 85' lang='grc' dir='ltr'>τούτων</span> <span class='ocrx_word' id='word_1_1023' title='bbox 3509 5692 3659 5746; x_wconf 77' lang='grc' dir='ltr'>ἔστιν</span> 
     </span>
    </p>
   </div>
   <div class='ocr_carea' id='block_1_125' title="bbox 1967 5774 3653 5853">
    <p class='ocr_par' dir='ltr' id='par_1_125' title="bbox 1967 5774 3653 5853">
     <span class='ocr_line' id='line_1_125' title="bbox 1967 5774 3653 5853; baseline -0.006 -16"><span class='ocrx_word' id='word_1_1024' title='bbox 1967 5785 2161 5838; x_wconf 85' lang='grc' dir='ltr'>εἰπεῖν.</span> <span class='ocrx_word' id='word_1_1025' title='bbox 2200 5782 2312 5836; x_wconf 80' lang='grc' dir='ltr'>Καὶ</span> <span class='ocrx_word' id='word_1_1026' title='bbox 2345 5779 2455 5853; x_wconf 80' lang='grc' dir='ltr'>γὰρ</span> <span class='ocrx_word' id='word_1_1027' title='bbox 2488 5779 2742 5834; x_wconf 75' lang='grc' dir='ltr'>τοσοῦτόν</span> <span class='ocrx_word' id='word_1_1028' title='bbox 2782 5781 2899 5831; x_wconf 83' lang='grc' dir='ltr'>ἐστι</span> <span class='ocrx_word' id='word_1_1029' title='bbox 2929 5775 2989 5830; x_wconf 86' lang='grc' dir='ltr'>τὸ</span> <span class='ocrx_word' id='word_1_1030' title='bbox 3038 5777 3207 5849; x_wconf 80' lang='grc' dir='ltr'>μέσον</span> <span class='ocrx_word' id='word_1_1031' title='bbox 3237 5774 3527 5850; x_wconf 71' lang='grc' dir='ltr'>ἀνθρώπου</span> <span class='ocrx_word' id='word_1_1032' title='bbox 3559 5777 3653 5829; x_wconf 74' lang='grc' dir='ltr'>καὶ</span> 
     </span>
    </p>
   </div>
   <div class='ocr_carea' id='block_1_126' title="bbox 2030 5914 2745 5982">
    <p class='ocr_par' dir='ltr' id='par_1_126' title="bbox 2030 5914 2745 5982">
     <span class='ocr_line' id='line_1_126' title="bbox 2030 5914 2745 5982; baseline -0.008 -15"><span class='ocrx_word' id='word_1_1033' title='bbox 2030 5920 2055 5982; x_wconf 72' lang='lat'>&#39;_</span> <span class='ocrx_word' id='word_1_1034' title='bbox 2081 5917 2209 5982; x_wconf 79' lang='lat' dir='ltr'>Tres</span> <span class='ocrx_word' id='word_1_1035' title='bbox 2232 5930 2346 5966; x_wconf 83' lang='lat' dir='ltr'>mss.</span> <span class='ocrx_word' id='word_1_1036' title='bbox 2374 5914 2745 5982; x_wconf 26' lang='grc' dir='ltr'>,ἐμπρησθένταςτ</span> 
     </span>
    </p>
   </div>
   <div class='ocr_carea' id='block_1_127' title="bbox 2032 5975 2885 6042">
    <p class='ocr_par' dir='ltr' id='par_1_127' title="bbox 2032 5975 2885 6042">
     <span class='ocr_line' id='line_1_127' title="bbox 2032 5975 2885 6042; baseline -0.008 -11"><span class='ocrx_word' id='word_1_1037' title='bbox 2032 5978 2061 6018; x_wconf 69' lang='grc' dir='ltr'><strong><em>ἀ</em></strong></span> <span class='ocrx_word' id='word_1_1038' title='bbox 2083 5981 2183 6030; x_wconf 63' lang='lat' dir='ltr'>Alit</span> <span class='ocrx_word' id='word_1_1039' title='bbox 2207 5975 2526 6042; x_wconf 76' lang='grc' dir='ltr'>προαγόντων,</span> <span class='ocrx_word' id='word_1_1040' title='bbox 2552 5975 2633 6023; x_wconf 73' lang='lat' dir='ltr'><strong>alii</strong></span> <span class='ocrx_word' id='word_1_1041' title='bbox 2659 5975 2885 6035; x_wconf 77' lang='grc' dir='ltr'>ἀγόντων.</span> 
     </span>
    </p>
   </div>
  </div>
