3998 6426
367 349 435 401 επ
1141 339 1199 395 S.
1237 336 1523 394 JUANNIS
1559 332 2054 393 CHRYSOSTOMI
2089 329 2407 390 ARCIIIEP.
2440 326 2989 386 CONSTANTINOP.
3742 325 3808 382 58

369 459 529 521 θεοῦ,
559 459 684 513 ὅσον
710 457 829 513 οὐδὲ
869 454 1023 524 λόγος
1058 453 1401 523 παραστῆσαι
1428 452 1737 522 δυνήσεται,
1780 451 1876 505 καὶ
1909 449 2031 504 καθ’

366 548 605 618 ἑκάστην
649 544 928 614 ὑϐρίζεται
962 542 1062 612 τὴν
1089 540 1303 610 ἡμέραν
1356 537 1570 610 παρὼν,
1611 539 1707 591 καί
1735 537 1899 609 ὁρῶν,
1938 538 2035 591 καὶ

365 633 600 698 ἀκούων,
631 633 728 687 καὶ
767 628 891 683 οὔτε
925 627 1164 697 σκηπτὸν
1208 627 1441 697 ἀφῆκεν,
1473 624 1597 678 οὔτε
1625 625 1723 696 τὴν
1766 624 2039 679 θάλατταν

366 724 436 792 τῇ
483 723 553 791 γῇ
589 719 907 789 ἐπιδραμεῖν
939 715 1193 768 ἐκέλευσε
1243 716 1338 768 καὶ
1374 713 1766 768 καταποντίσαι
1809 711 2040 774 πάντας,

368 806 490 860 οῦτε
517 808 582 876 τῇ
614 807 682 875 γῇ
727 802 1028 872 διαστῆναι,
1058 802 1155 854 καὶ
1189 799 1442 865 δέξασθαι
1481 799 1688 862 πάντας
1720 799 1842 861 τοὺς
1890 797 2044 868 ὑϐρι-

372 891 533 954 κότας
560 888 913 960 προσέταξεν,
951 886 1065 941 ἀλλ’
1096 886 1372 955 ἀνέχεται,
1399 885 1493 938 καὶ
1535 884 1897 955 μακροθυμεῖ,
1924 882 2039 955 [46]

371 978 465 1029 καὶ
500 973 907 1043 συγγνώσεσθαι
937 972 1329 1040 ἐπαγγέλλεται
1358 973 1471 1033 τοῖς
1510 970 1813 1041 ὑϐρικόσιν,
1844 968 1910 1022 ἂν
1942 987 2040 1039 με-

368 1065 669 1132 τανοήσωσι
703 1062 863 1132 μόνον
916 1060 1014 1113 καὶ
1041 1059 1382 1130 ὑπόσχωνται
1417 1058 1613 1127 μηκέτι
1642 1057 1818 1110 ταῦτα
1846 1058 2038 1110 ποιεῖν.

384 1149 623 1218 Ἀληθῶς
662 1160 688 1188 ι
726 1146 980 1217 εὐκαιρον
1027 1145 1121 1200 νῦν
1171 1144 1599 1216 ἀνακηρύττειν·
1640 1144 1738 1208 Τίς
1780 1143 2043 1211 λαλήσει

370 1238 477 1302 τὰς
502 1235 867 1300 δυναστείας
894 1233 1001 1287 τοῦ
1031 1232 1289 1299 Κυρίου;
1325 1231 1632 1296 ἁκουστὰς
1654 1230 1895 1298 ποιήσει
1929 1228 2043 1283 πά·-

376 1338 491 1388 σας
518 1320 624 1387 τὰς
655 1321 921 1386 αἱνέσεις
949 1320 1136 1375 αὑτοῦ
1157 1335 1177 1383 ;
1231 1319 1393 1372 Πόσοι
1419 1317 1514 1370 τοῦ
1541 1317 1675 1371 Θεοῦ
1710 1317 1809 1381 τὰς
1831 1318 2045 1381 εἰκόνας

372 1409 497 1479 οὐχὶ
541 1408 886 1476 κατήνεγκαν
930 1407 1111 1478 μόνον,
1155 1405 1292 1461 ἀλλά
1329 1405 1421 1459 καὶ
1463 1405 1885 1475 κατεπάτησαν;
1916 1405 2044 1458 ὅταν

372 1496 482 1566 γὰρ
519 1494 691 1565 ἄγχης
720 1494 812 1548 τὸν
856 1492 1177 1555 ὑπεύθυνον,
1207 1494 1337 1547 ὅταν
1376 1492 1637 1565 ἀποδύης,
1685 1493 1815 1545 ὅταν
1856 1492 2042 1561 ἕλκῃς,

378 1580 468 1633 τοῦ
493 1581 626 1633 Θεοῦ
653 1580 749 1649 τὴν
771 1580 953 1632 εἰκόνα
977 1582 1333 1641 καταπατεῖς.
1352 1579 1617 1631 Ἄκουσον
1639 1577 1768 1646 γοῦν
1786 1577 1881 1630 τοῦ
1904 1578 2046 1631 Παύ-

380 1665 468 1718 λου
508 1665 777 1733 λέγοντος,
809 1666 891 1718 δτι
920 1664 1206 1734 ἄνθρωπος
1243 1665 1344 1717 οὐκ
1383 1664 1585 1732 ὀφείλει
1629 1663 2042 1716 κατακαλύπτε-

380 1750 502 1804 σθαι
544 1751 642 1822 τὴν
669 1752 931 1821 κεφαλήν,
967 1750 1130 1805 εἰκὼν
1156 1752 1251 1805 καὶ
1289 1751 1415 1816 δόξα
1447 1750 1583 1804 Θεοῦ
1622 1751 1883 1822 ὑπάρχων
1905 1766 1919 1780 ·
1952 1749 2046 1803 καὶ

378 1835 539 1888 πάλιν
575 1836 736 1889 αὑτοῦ
758 1836 851 1889 τοῦ
881 1836 1014 1889 Θεοῦ
1050 1837 1316 1905 λέγοντος·
1357 1837 1709 1906 Ποιήσωμεν
1734 1837 2047 1903 ἄνθρωπον

378 1923 504 1975 κατ’
527 1923 728 1975 εἰκόνα
749 1923 1041 1990 ἡμετέραν
1059 1923 1156 1976 καί
1178 1924 1308 1978 καθ’
1334 1923 1636 1992 ὁμοίωσιν.
1659 1924 1755 1974 Ἂν
1785 1922 1841 1975 δὲ
1857 1922 2042 1994 λέγῃς,

378 2008 458 2060 ὅτι
475 2009 594 2078 οὐχὶ
622 2009 721 2078 τῆς
738 2010 907 2079 αὑτῆς
927 2010 1113 2073 οὐσίας
1139 2012 1168 2062 6
1183 2009 1462 2082 ἄνθρωπός
1481 2008 1689 2078 ἐστιτῷ
1716 2008 1855 2078 Θεῷ,
1875 2010 1969 2063 καὶ
1993 2009 2046 2061 τί

377 2093 563 2157 τοῦτο;
597 2095 730 2147 Οὑδέ
753 2094 861 2166 γὰρ
885 2096 913 2146 6
942 2094 1142 2166 χαλκὸς
1168 2094 1262 2147 τοῦ
1295 2095 1609 2164 ἀνδριάντος
1636 2095 1736 2165 τῆς
1760 2096 1928 2164 αὐτῆς
1957 2096 2046 2147 οὑ-

383 2181 502 2243 σίας
535 2176 602 2251 ἦν
632 2180 711 2250 τῷ
748 2180 981 2251 βασιλεῖ,
1010 2182 1124 2235 ἀλλ’
1162 2183 1314 2253 ὅμως
1350 2181 1507 2253 δίκην
1544 2181 1731 2236 ἔδοσαν
1768 2184 1817 2235 οἱ
1846 2182 2049 2253 τολμή-

380 2282 601 2329 σαντες·
636 2267 777 2321 ὥστε
824 2268 918 2320 καὶ
957 2268 1048 2321 ἐπὶ
1088 2269 1197 2322 τῶν
1239 2268 1565 2341 ἀνθρώπων,
1604 2271 1653 2322 εί
1699 2269 1794 2323 καὶ
1836 2271 1911 2339 μή
1952 2269 2049 2340 τῆς

379 2353 550 2423 αὐτῆς
579 2354 767 2417 οὐσίας
793 2356 898 2406 εἰσὶ
925 2355 1002 2425 τῷ
1032 2355 1151 2425 Θεῷ
1179 2357 1230 2408 οἰ
1264 2356 1558 2426 ἄνθρωποι,
1582 2355 1771 2425 ῶσπερ
1799 2352 1893 2409 οὖν
1925 2356 2049 2412 οὑίὲ

380 2440 539 2503 εἰσιν,
576 2439 691 2492 ἀλλ’
720 2440 869 2510 ὅμως
906 2441 1068 2492 εἰκὼν
1100 2442 1428 2512 ἐκλήθησαν,
1460 2443 1555 2495 καὶ
1589 2442 1678 2494 διὰ
1734 2444 1835 2513 τὴν
1884 2458 2053 2511 προσ-

381 2526 612 2595 ηγορίαν
639 2524 747 2578 ἔδει
779 2526 942 2595 τιμῆς
965 2527 1258 2581 ἀπολαύειν
1286 2527 1511 2592 αὐτούς·
1536 2530 1598 2582 σὺ
1629 2528 1684 2580 δὲ
1708 2529 1846 2599 ὑπὲρ
1872 2527 2051 2597 ὀλίγου

382 2609 606 2678 χρυσίου
647 2614 1000 2675 καταπατεῖς,
1038 2612 1250 2681 ἄγχεις,
1283 2613 1487 2691 σύρεις,
1533 2614 1629 2667 καὶ
1674 2613 1931 2684 οὐδεμίαν
1963 2614 2053 2666 06-

379 2694 526 2746 δέπω
551 2694 708 2766 δίκην
733 2696 937 2760 ἔδωκας
957 2699 1218 2769 τήμερον.

453 2780 666 2835 Γένοιτο
697 2783 798 2852 μὲν
820 2779 912 2836 οὖν
936 2801 1056 2837 τινα
1084 2785 1327 2855 χρηστὴν
1350 2785 1445 2839 καὶ
1470 2785 1650 2850 δεξιάν
1675 2785 1927 2855 γενέσθαι
1958 2805 2054 2858 με·

381 2864 636 2937 ταϐολήν.
679 2868 885 2921 Ἐκεῖνο
933 2869 1113 2938 μέντοι
1162 2868 1410 2938 προλέγω
1454 2871 1546 2922 καὶ
1591 2871 2049 2943 διαμαρτύρομαι,

382 2953 465 3006 δτι
498 2953 600 3007 κάν
626 2955 784 3008 τοῦτο
818 2956 1058 3030 παρέλθῃ
1083 2956 1144 3010 τὸ
1186 2956 1364 3026 νέφος,
1406 2960 1567 3029 ἡμεῖς
1601 2959 1658 3011 δὲ
1701 2961 1794 3012 ἐπὶ
1822 2960 1923 3029 τῆς
1957 2961 2054 3013 αὑο

380 3041 481 3109 τῆς
511 3040 761 3112 μένωμεν
804 3043 1097 3114 ῥᾳθυμίας,
1132 3044 1295 3098 πάλιν
1330 3045 1510 3116 πολλῷ
1539 3045 1894 3117 χαλεπώτερα
1937 3065 2055 3101 πει-

384 3126 586 3194 σόμεθα
607 3128 717 3181 τῶν
737 3128 832 3181 νῦν
864 3131 1328 3202 προσδοκωμένων
1344 3150 1358 3163 ·
1389 3133 1512 3185 ἐπεὶ
1549 3135 1643 3186 καὶ
1667 3135 1763 3187 νῦν
1789 3135 1886 3205 οὐχ
1910 3133 2054 3189 οὑτω

381 3214 593 3268 δέδοικα
607 3217 700 3268 τοῦ
729 3216 991 3285 βασιλέως
1005 3219 1104 3285 τὴν
1120 3218 1312 3291 ὀργὴν,
1338 3219 1415 3282 ὡς
1435 3219 1533 3290 τὴν
1555 3222 1825 3293 ὑμετέραν
1843 3221 2054 3276 δέδοικα

384 3298 676 3371 ῥᾳθυμίαν.
699 3302 775 3356 Οὐ
800 3303 909 3373 γὰρ
929 3304 995 3373 δὴ
1025 3304 1086 3358 τὸ
1108 3304 1417 3358 λιτανεῦσαι
1439 3305 1532 3358 δύο
1554 3308 1648 3358 καὶ
1670 3310 1815 3377 τρεῖς
1842 3309 2054 3379 ἡμέρας

382 3387 546 3456 ἀρκεῖ
571 3389 651 3450 εἰς
692 3388 988 3457 ἀπολογίαν
1020 3391 1176 3460 ἡμῖν,
1210 3390 1326 3444 ἀλλ’
1359 3392 1652 3462 ὁλοκλήρου
1691 3393 1773 3445 δεῖ
1810 3393 1905 3446 τοῦ
1936 3394 2052 3463 βίου

383 3471 711 3542 ποιήσασθαι
736 3473 837 3543 τὴν
878 3474 1202 3545 μεταϐολὴν,
1231 3478 1328 3528 καὶ
1353 3477 1451 3545 τῆς
1496 3478 1759 3548 πονηρίας
1784 3480 2056 3532 ἀποστάν-

384 3572 483 3618 τας
526 3557 709 3628 μένειν
739 3559 833 3610 ἐπὶ
859 3560 961 3629 τῆς
1001 3556 1203 3630 ἀρετῆς
1246 3561 1528 3631 διηνεκῶς.
1565 3562 1833 3632 Καθάπερ
1861 3565 1968 3636 γὰρ
2003 3567 2051 3619 oi

383 3642 684 3708 νοσοῦντες,
724 3643 789 3696 ἂν
819 3643 893 3715 μὴ
937 3645 1229 3708 διαπαντὸς
1281 3646 1634 3708 εὐτακτῶσιν,
1678 3649 1830 3702 οὐδὲν
1869 3651 2054 3716 αὐτοῖς

382 3729 574 3797 ϐφελος
596 3730 699 3801 τῆς
717 3731 877 3802 μέχρι
897 3731 1065 3803 τριῶν
1093 3733 1126 3803 ἢ
1155 3735 1434 3806 τεσσάρων
1455 3736 1674 3807 ἡμερῶν
1702 3737 2018 3809 φιλοσοφίας
2035 3755 2049 3769 ·

381 3816 526 3870 οὕτω
563 3818 657 3870 καὶ
685 3820 733 3871 οί
764 3819 1192 3890 ἁμαρτάνοντες,
1230 3820 1298 3875 ἃν
1334 3821 1408 3892 μὴ
1440 3822 1729 3885 διαπαντὸς
1759 3827 2051 3896 σωφρονῶ-

384 3919 489 3966 σιν,
522 3903 673 3957 οὐδὲν
700 3906 882 3968 αὐτοῖς
922 3905 1072 3959 ἔσται
1102 3906 1266 3960 πλέον
1304 3909 1413 3961 ἀπὸ
1439 3909 1542 3979 τῆς
1565 3908 1903 3981 διορθώσεως
1942 3914 2050 3969 τῶν

379 3991 474 4043 δύο
503 3993 594 4045 καὶ
619 3992 787 4064 τριῶν
825 3993 1068 4064 ἡμερῶν.
1102 3995 1315 4067 Ὠσπερ
1344 3996 1471 4068 γάρ,
1516 3998 1703 4068 φησὶν,
1729 4001 1758 4052 6
1784 3999 2018 4069 βαπτιξό

386 4095 563 4141 μενος,
602 4074 723 4133 εἶτα
775 4081 833 4132 ἐν
861 4080 941 4149 τῷ
984 4078 1228 4151 βορϐόρῳ
1269 4082 1629 4152 μολυνόμενος
1677 4086 1860 4148 πάλιν,
1899 4088 2051 4142 οὐδὲν

385 4162 658 4231 ὠφέλησεν
674 4178 688 4192 ·
723 4163 895 4227 οὑτως
920 4166 950 4217 6
973 4168 1122 4236 τρεῖς
1142 4167 1358 4237 ἡμέρας
1384 4172 1740 4239 μετανοήσας,
1769 4173 1865 4224 καλ⁸
1888 4174 2050 4227 πάλιν

382 4245 567 4298 ἐπὶτά
597 4247 837 4320 πρότερα
864 4249 1192 4313 ἐπανελθὼν,
1224 4251 1376 4305 οὐδὲν
1407 4255 1698 4324 εἰργάσατο
1722 4256 1904 4310 πλέον.

451 4331 543 4400 Μή
571 4331 750 4385 τοίνυν
780 4335 917 4405 ὅπερ
944 4335 1032 4389 ἀεὶ⁵
1060 4337 1343 4408 ποιοῦμεν,
1373 4339 1531 4392 τοῦτο
1560 4340 1654 4394 καὶ
1677 4340 1774 4395 νῦν
1816 4342 2050 4412 ποιήσω-

384 4433 506 4487 μεν·
559 4418 654 4471 καὶ
710 4418 822 4488 γάρ
873 4420 1113 4490 σεισμῶν
1163 4423 1424 4487 πολλάκις
1484 4427 1900 4480 καταλαϐόντων
1953 4428 2049 4481 καὶ

382 4500 541 4571 λιμοῦ
578 4503 672 4554 καὶ
711 4502 946 4573 αὐχμοῦ,
983 4508 1135 4574 τρεῖς
1164 4508 1260 4559 καὶ
1284 4512 1555 4581 τέσσαρας
1588 4512 1804 4583 ἡμέρας
1836 4530 2048 4586 σωφροο

382 4588 654 4651 νισθέντες
701 4590 794 4642 καὶ
838 4591 1233 4663 ἐπιεικέστεροι
1278 4596 1595 4666 γενόμενοι,
1634 4600 1795 4653 πάλιν
1845 4602 1940 4654 ἐπὶ
1979 4601 2049 4654 τὰ

383 4674 625 4746 πρότερα
665 4675 1065 4747 ἐπανήλθομεν·
1100 4678 1187 4733 διὰ
1207 4681 1366 4734 τοῦτο
1404 4685 1498 4735 καὶ
1521 4685 1694 4745 ταῦτα
1730 4687 2044 4758 γεγένηται.

383 4762 522 4815 Ἀλλ’
539 4765 588 4815 εἰ
612 4764 707 4816 καὶ
730 4763 804 4835 μὴ
831 4764 1114 4836 πρότερον,
1140 4765 1234 4821 νῦν
1255 4768 1386 4836 γοῦν
1412 4770 1504 4822 ἐπὶ
1524 4772 1623 4841 τῆς
1647 4773 1821 4844 αὐτῆς
1853 4774 2047 4845 μείνω-

385 4866 485 4918 μεν
511 4848 815 4916 εὑλαϐείας,
846 4853 941 4905 καὶ
964 4853 1064 4924 τήν
1083 4853 1255 4925 αὐτὴν
1281 4855 1581 4910 ἐπιείκειαν
1605 4858 2044 4934 διατηρήσωμεν,

383 4936 475 5019 ῖνα,
518 4935 592 5006 μὴ
632 4935 793 4990 πάλιν
837 4938 1031 5010 ἐτέρας
1066 4939 1349 5010 δεηθῶμεν
1393 4943 1624 5013 πληγῆς.
1673 4945 1765 5016 Μὴ
1795 4947 1903 5019 γὰρ
1949 4950 2049 5004 οὐκ

379 5018 612 5101 ἠδύνατο
639 5020 881 5076 κωλῦσαι
912 5022 984 5076 τὰ
1013 5024 1355 5096 γεγενημένα
1389 5027 1418 5078 6
1443 5025 1609 5092 Θεός;
1637 5026 1780 5082 Ἀλλ’
1812 5018 2044 5101 ἀφῆκεν,

379 5100 468 5155 ἵνα
510 5103 637 5165 τοὺς
684 5106 1158 5176 καταφρονοῦντας
1205 5107 1370 5162 αὑτοῦ
1410 5110 1469 5161 ἐν
1508 5108 1587 5179 τῷ
1625 5109 1720 5164 τοῦ
1760 5100 2047 5168 συνδούλου

379 5185 531 5255 φόϐῳ
564 5189 1038 5260 σωφρονεστέρους
1086 5191 1410 5264 ἐργάσηται.
1458 5192 1570 5247 Καὶ
1604 5194 1678 5265 μή
1721 5211 1811 5264 μοι
1841 5196 2048 5266 λεγέτω

377 5284 479 5332 τις,
525 5269 607 5323 ὅτι
645 5268 832 5323 πολλοὶ
874 5270 983 5323 τῶν
1007 5270 1034 5310 δ
1062 5273 1255 5328 αἰτίων
1301 5274 1578 5344 διέφυγον,
1623 5277 1807 5332 πολλοὶ
1834 5280 1893 5332 δὲ
1937 5281 2046 5333 τῶν

376 5350 634 5407 ἀναιτίων
688 5351 974 5407 ἐνέπεσον·
1019 5357 1114 5408 καὶ
1160 5356 1269 5427 γάρ
1322 5357 1482 5410 τοῦτο
1532 5357 1743 5413 πολλῶν
1783 5361 2045 5425 πολλάκις

377 5431 558 5514 ἀκούω
586 5433 874 5503 λεγόντων,
903 5435 1004 5489 οὑκ
1038 5437 1129 5489 ἐπὶ
1150 5439 1248 5509 τῆς
1281 5440 1564 5511 παρούσης
1586 5443 1828 5506 στάσεως
1861 5444 2040 5514 μόνον,

376 5511 633 5596 ἀλλά-καί
658 5517 716 5570 ἐν
748 5518 964 5589 ἑτέραις
993 5518 1110 5592 [47]
1129 5521 1346 5586 πολλαῖς
1370 5523 1648 5588 τοιαύταις
1664 5511 2041 5596 περιστάσεσι.

378 5593 442 5645 Τί
477 5590 571 5647 οὖν
589 5596 654 5651 ἂν
676 5600 886 5672 εἴποιμι
921 5590 1055 5677 πρὸς
1089 5590 1214 5668 τοὺς
1241 5605 1310 5660 τά
1337 5606 1560 5661 τοιαῦτα
1595 5590 1887 5678 λέγονταςς
1921 5611 2044 5664 Ὅτι

438 5717 863 5807 ᾄδειξξίἰξὲᾼυξιυε
891 5726 1107 5807 eamme:
1141 5725 1223 5775 νῦν
1269 5728 1548 5807 ἀναέιραγεῖν
1587 5726 1639 5801 (ε
1669 5729 1796 5807 [μηδ
1836 5731 2041 5783 rectius.

377 5781 518 5853 min;
548 5781 883 5853 »ξὶιηίτιιηὸταν
902 5781 1058 5853 ἕλκῃ-ξ,
1082 5781 1538 5853 δταχηαταδᾴλλὶης,
1558 5781 1644 5839 τὸῖ»
1667 5794 1725 5841 θ.

435 5839 637 5915 {SaviL
660 5849 713 5915 el
735 5844 903 5915 Morel.
920 5839 1110 5915 93133633,
1130 5850 1214 5915 _alii
1231 5839 1612 5915 ὑπαιτίωνξὶίιιε
1632 5839 1874 5904 ιευίὶυιιοε
1892 5854 2045 5904 amba:

381 5904 563 5959 optime
583 5904 829 5962 quadram
864 5906 983 5958 Ibid.
1009 5909 1093 5958 alii
1122 5908 1362 5959 ἐνέπεσαν.

2138 450 2186 502 εί
2220 446 2432 515 καὶτῆς
2466 443 2745 514 παρούσης
2780 442 3022 503 στάσεως
3054 437 3294 505 ἀναίτιος
3313 435 3383 513 ἦν
3406 439 3438 494 6
3469 439 3662 505 ἁλοὺς,
3697 440 3809 493 ἀλλ’

2138 534 2330 603 ἑτέραν
2356 529 2631 601 ἁμαρτίαν
2661 526 2956 598 είργάσατό
2976 542 3106 579 ποτε
3142 526 3555 597 χαλεπωτέραν,
3586 521 3710 579 εἶτα
3738 524 3813 595 μὴ

2143 617 2631 690 μεταϐαλλόμενος,
2668 617 2725 668 ἐν
2772 616 2838 684 τῇ
2867 612 3120 685 παρούσῃ
3154 612 3308 683 δίκην
3343 610 3533 665 ἔδωκε.
3570 612 3680 666 Καὶ
3707 610 3815 682 γάρ

2141 707 2259 770 ἔθος
2293 704 2373 775 τῷ
2401 703 2521 775 Θεῷ
2561 701 2723 756 τοῦτο
2764 703 2956 755 ποιεῖν·
2991 701 3122 753 ὅταν
3169 699 3508 769 ἀμάρτωμεν
3529 737 3545 761 ,
3578 698 3683 750 οὐκ
3723 697 3815 750 εὑ·-

2141 792 2277 856 θέως
2310 791 2662 862 ἐπεξέρχεται
2692 800 2716 828 ο
2752 791 2862 852 τοῖς
2902 785 3407 857 πλημμελήμασιν,
3441 785 3557 838 ἀλλ’
3594 784 3817 854 ἀνίησι,

2141 879 2317 943 διδοὺς
2358 881 2488 950 ἡμῖν
2515 876 2855 948 προθεσμίαν
2899 872 3207 945 μετανοίας,
3238 871 3380 926 ῶστε
3417 870 3815 943 διορθώσασθαι

2143 970 2238 1020 καὶ
2287 963 2698 1036 μεταϐαλέσθαι·
2758 963 2825 1016 ἂν
2878 960 2934 1014 δέ
2980 960 3069 1014 διά
3105 960 3165 1013 τὸ
3189 960 3266 1031 μὴ
3309 959 3495 1014 δοῦναι
3529 957 3709 1029 δίκην,
3733 974 3817 1011 νο-

2148 1054 2403 1125 μίσαντες
2443 1053 2538 1107 καὶ
2581 1051 2643 1105 τὺ
2685 1049 2989 1121 ἁμάρτημα
3027 1046 3361 1117 ἐξηλεῖφθαι,
3393 1045 3818 1116 καταφρονήσω·

2149 1158 2271 1212 μεν,
2300 1140 2431 1193 ἔνθα
2458 1139 2556 1209 οὐχ
2584 1134 2939 1206 ὑπονοοῦμεν,
2974 1136 3090 1188 ἐκεῖ
3124 1132 3262 1204 μετά
3296 1132 3470 1186 ταῦτα
3498 1130 3818 1201 ἀλωσόμεθα

2146 1227 2384 1289 πάντως.
2409 1225 2580 1279 Τοῦτο
2617 1224 2675 1279 δέ
2697 1223 2929 1291 γίνεται,
2954 1221 3043 1274 ῖνα
3073 1220 3200 1275 ὅταν
3231 1219 3589 1291 ἀμάρτωμεν,
3617 1217 3719 1272 καὶ
3745 1217 3819 1288 μὴ

2148 1311 2521 1382 κολασθῶμεν,
2567 1311 2642 1382 μὴ
2687 1309 3073 1380 θαρσήσωμεν,
3121 1306 3190 1361 ἂν
3239 1306 3315 1379 μὴ
3361 1302 3815 1375 μεταϐαλώμεθα,

2147 1399 2342 1461 εἰδότες
2390 1399 2473 1451 ὅτι
2516 1396 2644 1452 ἔνθα
2694 1396 2754 1450 οὑ
2789 1392 3200 1465 προσδοκῶμεν,
3244 1390 3642 1463 ἐμπεσούμεθα
3684 1390 3818 1444 πάν-

2146 1501 2273 1547 τως.
2306 1483 2495 1546 Ὥστε,
2541 1481 2606 1536 ἂν
2659 1481 2986 1552 ἁμαρτήσῃς
3022 1480 3044 1515 ·¹
3068 1518 3084 1543 ,
3131 1479 3227 1533 καὶ
3266 1476 3343 1548 μὴ
3390 1475 3688 1547 κολασθῇςο
3747 1474 3821 1546 μὴ

2148 1569 2599 1640 καταφρονήσῃς,
2625 1567 2905 1636 ἀγαπητέ·
2938 1565 3074 1621 ἀλλά
3110 1565 3177 1618 δι’
3210 1564 3341 1617 αὐτὸ
3365 1562 3524 1617 τοῦτο
3558 1561 3818 1632 μειζόνως

2148 1656 2433 1726 φοϐήθητι,
2464 1653 2618 1719 εἰδὼς
2646 1655 2725 1709 ὅτι
2757 1651 2956 1721 κοῦφον
2983 1650 3060 1723 τῷ
3074 1651 3213 1723 Θεῷ,
3247 1653 3375 1706 ὅταν
3408 1650 3560 1723 θέλῃ,
3595 1651 3822 1703 ἀνταπο·

2145 1740 2327 1795 δοῦναι
2380 1741 2561 1796 πάλιν.
2628 1740 2728 1794 Διά
2770 1738 2928 1794 τοῦτο
2990 1738 3099 1810 γὰρ
3136 1738 3254 1793 τότε
3290 1755 3348 1792 σε
3394 1739 3495 1792 οὑκ
3539 1735 3817 1797 ἐκόλασεν,

2149 1828 2236 1883 ἵνα
2279 1827 2450 1899 λάϐῃς
2498 1825 2836 1899 προθεσμίαν
2870 1824 3181 1897 μετανοίας.
3218 1824 3310 1895 Μὴ
3334 1825 3512 1878 τοίνυν
3547 1822 3819 1891 λέγωμεν,

2146 1914 2228 1966 ὅτι
2262 1912 2498 1976 ἀναίτιος
2527 1912 2603 1964 ὣν
2633 1911 2888 1966 ἐνέπεσεν
2929 1911 2958 1962 6
2994 1910 3143 1963 δεῖνα
3166 1951 3181 1975 ,
3216 1906 3402 1982 ἔτερος
3435 1908 3491 1962 δὲ
3528 1907 3705 1971 αἴτιος
3748 1905 3820 1959 ὣν

2146 1999 2417 2069 διέφυγεν·
2458 2000 2487 2052 6
2514 2016 2575 2052 τε
2602 1997 2709 2070 γάρ
2738 1997 2975 2061 ἀναίτιος
3002 1997 3275 2068 ἐμπεσὼν,
3300 1995 3490 2067 ῶσπερ
3513 1995 3677 2064 ἔφην,
3708 1992 3821 2046 ἐτέο

2153 2105 2258 2159 ρων
2305 2087 2714 2159 ἁμαρτημάτων
2761 2085 2927 2138 ἔδωκε
2950 2083 3126 2156 δίκην,
3173 2085 3202 2137 6
3241 2101 3301 2137 τε
3332 2082 3428 2137 νῦν
3459 2094 3481 2122 ο
3513 2079 3819 2151 διαφυγὼν,

2150 2173 2241 2226 ἐὰν
2275 2173 2348 2243 μὴ
2385 2173 2775 2243 μεταϐάληται,
2805 2173 2885 2235 εἰς
2930 2170 3121 2242 ἑτέραν
3148 2169 3421 2223 ἁλώσεται
3461 2168 3691 2237 παγίδα.
3727 2167 3821 2219 “Av

2148 2258 2289 2312 οῦτω
2319 2258 2750 2330 διακεισώμεθα,
2790 2257 3043 2310 οὐδέποτε
3083 2256 3191 2310 τῶν
3238 2257 3450 2310 οἰκείων
3488 2252 3823 2325 ἁμάρτημά·

2149 2362 2256 2399 των
2294 2344 2690 2417 ἐπιλησόμεθα,
2739 2344 2856 2398 ἀλλ’
2894 2345 2980 2397 ἀεὶ
3014 2343 3332 2407 δεδοικότες,
3371 2341 3696 2413 τρέμοντες,
3751 2340 3820 2409 μή

2150 2447 2279 2484 ποτε
2298 2431 2621 2502 ὑπόσχωμεν
2636 2430 2810 2501 δίκην,
2824 2428 3366 2500 ἀναμνησθησώμεθα
3382 2427 3590 2498 ταχέως
3618 2424 3820 2480 αὐτῶν.

2151 2521 2315 2574 Οὐδὲν
2370 2521 2480 2591 γάρ
2504 2520 2677 2584 οὕτως
2708 2520 2980 2591 ἁμαρτίας
3018 2518 3453 2589 ἀναμιμνήσκειν
3485 2514 3684 2568 εἴωθεν
3706 2553 3720 2577 ,
3748 2514 3822 2576 ὡς

2148 2608 2385 2680 τιμωρία
2404 2609 2498 2661 καὶ
2518 2607 2757 2669 κόλασις·
2778 2608 2872 2658 καὶ
2890 2604 3045 2658 τοῦτο
3064 2604 3221 2674 δῆλον
3243 2603 3349 2657 ἀπὸ
3374 2602 3481 2657 τῶν
3507 2600 3602 2655 τοῦ
3619 2600 3823 2669 Ἰωσὴφ

2150 2694 2417 2763 ἀδελφῶν.
2446 2693 2669 2765 Ἐπειδὴ
2702 2691 2809 2765 γάρ
2849 2691 3107 2744 ἀπέδοντο
3134 2692 3332 2744 ἐκεῖνοι
3359 2689 3449 2743 τὸν
3475 2689 3710 2751 δίκαιον,
3730 2685 3822 2740 καὶ

2152 2781 2247 2852 ἐτη
2276 2781 2402 2852 τρία
2429 2781 2523 2834 καλ⁸
2544 2780 2677 2834 δέκα
2701 2778 3000 2850 παρῆλθεν,
3036 2777 3433 2839 ὑποπτεύοντες
3476 2772 3822 2837 κολάζεσθαι,

2152 2870 2247 2923 καὶ
2297 2868 2561 2940 περὶτῶν
2615 2868 2859 2938 ἐσχάτων
2901 2866 3233 2932 δεδοικότες,
3264 2863 3690 2935 ἀνεμνήσθησαν
3728 2860 3824 2929 τῆς

2151 2955 2442 3026 ἁμαρτίας,
2472 2956 2566 3008 καὶ
2592 2956 2727 3026 πρὸς
2750 2953 3013 3024 ἀλλήλους
3035 2952 3240 3021 ἔλεγον·
3264 2952 3398 3012 Ναὶ,
3425 2950 3495 3003 ἐν
3514 2948 3823 3017 ἁμαρτίαις

2150 3042 2463 3113 τάρέσμεν
2485 3043 2618 3111 περὶ
2643 3042 2750 3097 τοῦ
2774 3041 3042 3111 ἀδελφοῦ
3067 3039 3237 3110 ήμῶν
3258 3038 3364 3093 τοῦ
3390 3036 3635 3107 Ἰωσήφ.
3666 3036 3823 3105 Ὁρᾷς

2153 3128 2271 3192 πῶς
2296 3130 2325 3181 6
2356 3127 2519 3196 φόϐος
2551 3127 2852 3197 ἀνέμνησεν
2891 3127 3090 3189 αὐτοὺς
3129 3125 3231 3194 τῆς
3274 3121 3656 3193 πλημμελείας
3683 3120 3823 3175 ἐκεί-

2151 3229 2279 3283 νης;
2318 3212 2428 3266 Καὶ
2467 3213 2556 3266 ὅτε
2603 3213 2700 3283 μὲν
2742 3212 3074 3283 ἡμάρτανον,
3121 3212 3222 3263 οὐκ
3268 3209 3585 3280 ᾐσθάνοντο·
3632 3208 3726 3261 ὅτε
3770 3206 3825 3259 δέ

2154 3297 2477 3363 κολάζεσθαι
2515 3298 2945 3369 προσεδόκησαν,
2983 3296 3105 3350 τότε
3138 3294 3583 3365 ἀνεμνήσθησαν.

2225 3384 2389 3438 Ταῦτ’
2412 3381 2505 3439 οῦν
2537 3385 2738 3449 εἰδότες
2778 3385 3013 3448 ἅπαντα,
3051 3381 3405 3454 ποιησώμεθα
3449 3380 3543 3434 τοῦ
3588 3379 3705 3451 βίου
3735 3396 3823 3449 με⁶

2152 3471 2380 3543 ταϐολὴν
2416 3473 2511 3525 καὶ
2533 3472 2837 3546 διόρθωσιν,
2863 3472 2963 3546 καὶ.
2982 3470 3088 3542 πρὸ
3110 3471 3207 3541 τῆς
3228 3468 3550 3538 ἀπαλλαγῆς
3581 3469 3683 3537 τῆς
3709 3469 3825 3520 ἐπι-

2154 3559 2411 3630 κειμένης
2467 3559 2703 3627 ἀγωνίας
2758 3559 2896 3630 ὑπὲρ
2950 3556 3237 3619 εὐλαϐείας
3292 3556 3385 3609 καὶ
3436 3555 3641 3626 ἀρετῆς
3662 3571 3820 3624 φρον-

2152 3646 2407 3715 τίσωμεν.
2451 3645 2560 3698 Καὶ
2592 3646 2729 3709 τέως
2757 3649 2903 3715 τρεῖς
2933 3642 3149 3706 ἐντολὰς
3182 3644 3311 3713 ὑμῖν
3338 3641 3822 3711 παρακαταθέσθαι

2154 3730 2433 3802 βούλομαι,
2467 3733 2554 3785 ἴνα
2604 3749 2693 3804 μοι
2742 3732 2944 3794 ταύτας
2981 3730 3075 3783 ἐπὶ
3100 3729 3200 3801 τῆς
3237 3728 3490 3798 νηστείας
3543 3727 3818 3798 κατορθώ-

2154 3835 2305 3888 σητε·
2341 3820 2400 3871 τὸ
2429 3817 2633 3888 μηδένα
2660 3817 2845 3879 κακῶς
2877 3816 3075 3885 λέγειν,
3100 3816 3161 3868 τὺ
3198 3815 3401 3886 μηδένα
3428 3814 3624 3884 ἐχθρὸν
3659 3814 3820 3884 ἔχειν,

2150 3906 2211 3958 τὸ
2237 3904 2465 3959 καθόλου
2496 3907 2675 3958 πᾶσαν
2705 3906 2768 3958 ἐκ
2801 3903 2897 3957 τοῦ
2937 3902 3202 3974 στόματος
3227 3901 3497 3955 ἀπελάσαι
3534 3902 3637 3969 τὴν
3661 3916 3823 3970 πονη-

2153 3986 2254 4057 ράν
2299 3987 2406 4039 τῶν
2442 3987 2621 4056 ὅρκων
2667 3984 2972 4056 συνήθειαν.
3006 3984 3118 4037 Καὶ
3157 3983 3409 4054 καθάπερ
3442 3982 3665 4035 ἐπειδὰν
3703 4000 3822 4054 χρυ-

2154 4068 2267 4120 σίον
2322 4067 2610 4134 ἐπιϐληθέν
2638 4066 2959 4134 ἀκούσωμεν
2982 4107 2997 4131 ,
3026 4064 3204 4120 ἀπιὼν
3230 4064 3412 4118 οἴκαδε
3448 4065 3703 4129 ἕκαστος,
3733 4069 3823 4120 καὶ

2150 4149 2247 4220 τὴν
2276 4152 2505 4217 γυναῖκα
2545 4149 2781 4211 καλέσας
2811 4150 2904 4201 καὶ
2935 4148 3006 4202 τά
3030 4148 3200 4201 τέκνα
3230 4146 3250 4187 ἲ
3276 4148 3373 4200 καὶ
3408 4148 3536 4210 τοὺς
3583 4149 3820 4211 οἰκέτας,

2153 4234 2346 4285 σκοπεῖ
2364 4233 2481 4301 μετ’
2504 4231 2727 4284 ἐκείνων
2754 4231 2849 4283 καὶ
2884 4230 3217 4300 βουλεύεται,
3248 4231 3411 4284 πόθεν
3440 4229 3540 4300 τὴν
3561 4231 3823 4302 εἰσφοράν

2152 4313 2429 4384 καταϐάλῃ
2457 4312 2682 4384 ταύτην·
2704 4312 2847 4366 οὑτω
2878 4313 2974 4366 καὶ
3000 4313 3095 4366 ἐπὶ
3119 4312 3229 4366 τῶν
3251 4311 3476 4365 ἐντολῶν
3502 4314 3817 4383 ποιήσωμεν

2148 4395 2350 4448 τούτων
2374 4395 2481 4449 τῶν
2513 4393 2914 4466 πνευματικῶν.
2944 4394 3329 4465 ’Δναχωρήσας
3372 4392 3555 4449 οἴκαδε
3589 4393 3818 4454 ἕκαστος

2149 4477 2382 4530 καλείτω
2418 4476 2515 4548 τὴν
2561 4479 2793 4545 γυναῖκα
2830 4475 2925 4529 καὶ
2973 4474 3042 4528 τά
3088 4474 3300 4539 παιδία,
3335 4475 3427 4528 καὶ
3476 4470 3685 4543 λεγέτω
3732 4477 3814 4529 ὅτι

2149 4559 2379 4630 εἰσφορὰ
2406 4560 2680 4631 ἐπεϐλήθη
2718 4555 3066 4628 πνευματικὴ
3096 4557 3333 4627 τήμερον
3353 4598 3368 4621 ,
3397 4554 3628 4627 εἰσφορά
3651 4557 3719 4610 δι’
3746 4554 3812 4630 ἧς

2150 4640 2300 4695 ἔσται
2320 4661 2402 4707 τις
2420 4643 2571 4706 λύσις
2598 4641 2704 4695 τῶν
2722 4640 2908 4694 δεινῶν
2927 4638 3131 4693 τούτων
3154 4638 3245 4691 καὶ
3266 4636 3573 4710 ἀπαλλαγὴ,
3594 4641 3821 4712 εἰσφορά

2149 4725 2270 4796 οὐχὶ
2296 4725 2533 4797 πένητας
2565 4726 2692 4787 τοὺς
2722 4721 3159 4784 καταϐάλλοντας
3178 4760 3193 4785 ,
3230 4720 3366 4775 ἀλλά
3389 4720 3822 4791 πλουσιωτέρους

2149 4808 2397 4873 ποιοῦσα,
2423 4807 2539 4879 [48]
2563 4807 2703 4859 ὥστε
2740 4806 2945 4877 μηδένα
2973 4804 3167 4875 ἐχθρὸν
3207 4804 3374 4875 ἔχειν,
3400 4804 3607 4876 μηδένα
3635 4806 3822 4869 κακῶς

2148 4890 2349 4958 λέγειν,
2386 4890 2519 4962 μηδὲ
2553 4887 2779 4960 ὀμνύναι
2812 4886 3062 4941 καθόλου.
3089 4888 3485 4957 Σκοπήσωμεν,
3518 4888 3821 4959 φροντίσω-

2151 4989 2275 5043 μεν,
2318 4970 2756 5043 βουλευσώμεθα,
2805 4972 2954 5034 δπως
3002 4968 3449 5041 ἐκπληρώσωμεν
3478 4969 3579 5032 τὰς
3601 4971 3821 5035 ἐντολάς

2147 5054 2368 5118 ταύτας·
2400 5056 2578 5107 πᾶσαν
2614 5052 3052 5123 εἰσενεγκώμεθα
3088 5051 3322 5120 σπουδὴν
3342 5089 3356 5113 ,
3401 5050 3665 5121 ἀλλήλους
3694 5052 3818 5106 ὑπο-

2150 5137 2461 5207 μνήσωμεν,
2498 5135 2759 5207 ἀλλήλους
2794 5132 3235 5206 διορθωσώμεθα,
3276 5133 3363 5185 ἵνα
3395 5132 3469 5203 μὴ
3510 5133 3816 5203 ὀφείλοντες

2147 5219 2474 5289 ἀπέλθωμεν
2511 5220 2646 5283 ἐκεῖ,
2705 5214 2824 5271 εἶτα
2874 5216 3116 5285 δεόμενοι
3168 5214 3514 5268 δανείσασθαι
3547 5216 3678 5287 παρ’
3709 5215 3815 5268 ἐτέ-

2140 5316 2279 5371 ρων,
2306 5300 2382 5371 μὴ
2414 5299 2476 5352 τὸ
2496 5299 2603 5354 τῶν
2627 5299 2910 5371 παρθένων
2937 5298 3198 5368 πάθωμεν
3219 5296 3326 5349 τῶν
3353 5295 3574 5366 μωρῶν,
3602 5296 3814 5367 καὶτῆς

2147 5381 2418 5435 ἀθανάτου
2443 5382 2713 5454 σωτηρίας
2735 5383 3076 5452 ἐκπέσωμεν.
3097 5382 3194 5434 Ἂν
3217 5380 3359 5433 οῦτω
3373 5379 3469 5432 ’τδν
3492 5380 3699 5433 ἑαυτῶν
3721 5381 3818 5449 ῥυ·-

2148 5464 2432 5536 θμίζωμεν
2474 5464 2608 5536 βίον,
2643 5464 2892 5518 ἐντεῦθεν
2925 5465 3053 5535 ὑμῖν
3080 5462 3365 5532 ἐγγυῶμαι
3399 5462 3492 5513 καὶ
3526 5457 3815 5531 ὑπισχνοῦ-

2148 5564 2269 5618 μαι,
2304 5548 2387 5603 ὃτι
2425 5549 2522 5604 καὶ
2545 5550 2571 5593 8
2591 5546 2691 5619 τῆς
2717 5546 2998 5619 παρούσης
3032 5545 3316 5617 συμφορᾶς
3352 5544 3502 5597 ἔσται
3522 5560 3605 5608 τις
3637 5542 3813 5616 λύσις,

2211 5673 2240 5749 ξ
2258 5669 2598 5749 gigstfes’mss.
2625 5670 2760 5721 Edill
2776 5682 2895 5720 vero
2912 5670 3228 5733 ὑπεξέρχεται.

2214 5729 2359 5842 ἓξὲξῗέ
2380 5736 2668 5843 ἓξῗίέἓηξιν.

2216 5853 2233 5889 τ
2260 5853 2412 5904 Savil.
2434 5860 2487 5903 et
2510 5856 2706 5917 quidam
2739 5855 2822 5903 alii
2846 5855 2925 5902 καὶ
2947 5853 3006 5902 τὰ
3028 5851 3206 5917 παιδία.

2214 5918 2240 5956 ⁸
2286 5918 2436 5966 Savil.
2461 5923 2511 5963 et
2528 5906 2728 5976 'plurimi
2756 5930 2868 5964 mss.
2894 5919 2956 5972 ὡς
2977 5915 3078 5974 καί,
3103 5913 3270 5961 Morel.
3299 5915 3349 5959 et
3370 5910 3455 5959 alii
3480 5909 3550 5956 ὃτι
3573 5906 3674 5954 καί.
