1999 3220
95 209 124 235 5ἴ
543 207 588 234 Μ)
610 205 771 236 POPULUM
788 206 866 235 ᾹΝἸΊ

922 205 1031 234 ΪΙΕΝΙῙΜ
1052 205 1166 234 IIOMIL.
1196 203 1238 233 ΙΙΙ.
1689 204 1723 234 58

95 270 148 291 νέης
159 267 185 290 et
199 262 289 289 videns
302 266 328 290 et
342 261 453 289 audiens
463 283 470 294 ,
484 268 510 289 et
530 270 617 297 neque
631 262 731 290 fulmen
752 263 870 292 immisit.

95 317 171 344 neque
182 316 254 336 mare
264 308 344 343 jussit
357 313 454 336 terram
468 308 597 335 inundare
610 313 636 336 et
648 316 742 336 omnes
754 309 875 336 submer-

95 362 165 389 gere,
183 361 267 388 neque
276 358 378 380 terram
395 353 467 380 hiare
478 374 485 385 ,
501 358 527 381 et
539 358 717 381 tcmeratores
730 354 875 381 absorbere

95 400 226 430 mandavit,
241 399 286 426 sed
303 400 406 429 tolerat.
421 404 446 426 et
459 399 644 434 longanimiter
657 401 719 434 agit,
731 405 757 427 ct
771 401 873 427 \eniam

95 453 120 472 se
132 445 248 471 daturum
262 445 393 479 promittit
408 446 577 472 contumelia:
591 446 746 473 auctoribus
757 466 764 478 ,
778 447 799 473 si
818 451 875 472 latt-

96 496 141 517 tutu
155 490 333 525 pmuitentiaut
347 495 436 525 agant,
447 495 473 518 et
487 498 516 518 se
530 499 582 519 non
596 492 708 526 amplius
720 491 776 519 lucc
792 492 875 518 ﬁuctu-

96 544 134 563 γης
155 536 338 570 polliceantur.
363 536 431 564 Vere
458 545 532 564 'Mllllc
556 538 719 564 exclamandi
747 542 872 572 tempus:

96 582 149 614 Qui:
167 581 279 615 loquetur
294 582 421 616 potentias
438 581 562 609 Domini?
580 583 680 609 auditus
695 583 769 618 faciet
788 591 874 611 omne:

94 630 170 655 laudes
184 630 236 663 rjus
252 629 336 662 (f’sul.
351 630 402 658 105
427 630 487 665 9.)?
510 631 584 665 Quod
602 631 646 658 Dei
672 631 800 665 imagines
820 638 872 657 non

95 679 181 700 tatutuu
197 675 352 709 dejeccruut
363 696 371 708 ,
388 676 434 703 sed
450 677 529 703 clima
544 676 790 704 conculcaverunt?
813 683 872 702 cum

94 721 153 746 enim
168 729 238 747 reum
254 729 337 756 angas
347 742 353 753 ,
369 730 428 749 Cttlll
442 723 568 757 dispolies
578 743 585 753 ,
605 730 664 749 cum
681 722 787 753 trahas,
811 730 872 749 eutn

95 765 199 799 ιΙιςῙῘεὶιιε,
216 767 260 793 Dei
276 767 416 802 imaginem
429 769 582 795 conculcas.
597 768 664 795 Audi
675 773 749 796 certe
762 768 872 795 Paulum

94 808 210 838 dit-cutem
225 812 295 846 quod
308 809 391 840 homo
406 821 458 841 non
470 810 548 841 debet
563 814 668 848 operire
682 819 771 848 caput,
786 814 873 849 imago

94 856 186 883 enimet
198 857 280 891 gloria
293 858 336 885 Dei
350 863 389 886 est
405 859 441 893 (1.
452 858 510 886 Cor.
522 860 533 886 i
543 859 564 886 l.
580 859 608 893 7)
621 868 628 886 :
640 861 666 886 et
680 867 771 887 rursus
786 860 871 894 ipsum

95 902 164 929 Deum
178 902 310 930 dicentem
327 913 332 930 :
350 905 486 932 Faciamus
507 906 631 931 hominem
647 905 783 932 secundum
805 906 872 932 inm-

94 948 163 981 ginem
176 953 197 974 et
211 949 401 975 similitudinem
424 956 534 977 nostram
551 950 631 983 (Gen.
648 952 669 977 l.
684 951 749 986 ‘26).
766 951 794 978 Si
809 959 872 978 vero

94 992 170 1025 dicas,
191 1001 241 1020 non
257 1001 317 1021 esse
338 991 455 1029 ejusdem
471 996 627 1023 substantim
643 997 777 1023 lmtttittcnl
793 1001 872 1031 atque

95 1037 182 1070 Deum,
203 1038 264 1073 quid
288 1039 364 1066 tum?
387 1038 478 1075 Neque
495 1042 564 1067 enim
580 1048 616 1067 {es
638 1044 731 1068 statua:
751 1038 870 1076 ejusdem

92 1088 127 1109 est
140 1088 211 1118 atque
222 1083 371 1119 Imperator
385 1087 554 1120 Sllitslnttlitl),
569 1087 615 1113 scd
632 1092 718 1113 tamen
734 1087 801 1114 hattc
813 1088 870 1115 ausi

92 1128 175 1157 ledere
197 1137 289 1165 pmnas
312 1132 443 1159 dederunt
459 1140 465 1159 :
482 1133 521 1159 sic
544 1137 571 1160 et
593 1134 619 1160 in
642 1133 804 1165 hominibus,
820 1134 870 1161 etsi

94 1181 136 1201 non
150 1175 264 1209 ejusdem
282 1184 342 1203 cum
357 1176 413 1204 Deo
425 1178 580 1206 substantia:
595 1184 655 1206 sunt
671 1178 803 1212 homines,
819 1180 870 1206 sic-

92 1224 116 1246 ut
128 1228 203 1256 neque
216 1229 310 1250 revera
333 1228 411 1256 sunt,
432 1228 523 1252 tamen
546 1225 633 1260 imago
649 1226 733 1253 vocati
748 1231 827 1260 sunt,
844 1229 871 1254 et

92 1271 185 1300 propter
196 1269 402 1303 appellationem
417 1270 489 1304 ipsos
505 1271 633 1298 honorem
654 1272 774 1306 recipere
788 1279 869 1308 opor-

92 1311 159 1338 tebat.
184 1310 221 1340 Τιι
247 1322 313 1342 vero
338 1319 449 1350 propter
472 1316 605 1351 paululum
631 1317 688 1344 auri
715 1319 868 1351 conculcas,

91 1358 162 1391 mgis,
177 1359 267 1392 trahis,
285 1364 312 1387 et
326 1361 425 1388 nullam
439 1361 525 1388 adhuc
540 1369 644 1397 poenam
661 1362 767 1391 dedisti.

120 1401 142 1428 7.
156 1403 294 1440 Contingat
310 1406 388 1441 igitur
403 1407 481 1434 hodie
496 1408 637 1442 quamdam
653 1409 748 1436 bonam
764 1414 790 1437 et
804 1410 869 1438 dex-

91 1453 161 1476 trram
180 1450 234 1478 fieri
257 1454 444 1480 mutationem.
470 1453 536 1481 Illud
555 1460 626 1482 certe
644 1456 718 1483 vobis
741 1457 867 1491 pra-dico,

90 1499 112 1520 et
123 1501 267 1530 contestor,
293 1499 363 1533 quod
379 1500 428 1526 etsi
445 1500 502 1527 lucc
518 1501 677 1535 pnuterierit
690 1502 776 1530 nubes
788 1523 795 1534 ,
819 1511 868 1530 nos

90 1546 164 1569 autem
178 1543 201 1570 in
216 1544 311 1571 eodem
322 1546 502 1573 manserimus
521 1551 629 1581 torpore
640 1568 648 1579 ,
661 1554 768 1576 rursum
784 1546 868 1576 multo

89 1586 133 1617 itis.
147 1596 201 1622 qua:
214 1590 239 1616 in
256 1592 461 1625 pra-seutiarum
477 1597 665 1627 exupccta'ntur
677 1613 683 1623 ,
706 1592 796 1628 pejora
819 1602 867 1629 pa-

89 1634 334 1670 tiennrrnpiouiaut
351 1642 377 1664 et
399 1645 471 1666 nunc
494 1645 545 1666 non
570 1643 671 1666 tantum
696 1639 867 1674 ltuperatoris

90 1678 160 1712 iram,
179 1688 305 1715 quantum
326 1684 463 1718 segnitiem
479 1689 595 1717 vestram
609 1686 701 1714 timeo.
721 1685 779 1713 Non
795 1688 867 1714 enim

89 1724 176 1754 duobus
190 1732 233 1754 aut
248 1728 335 1755 tribus
348 1729 440 1757 diebus
459 1731 621 1766 supplicassc
636 1733 714 1760 nobis
728 1733 761 1760 ad
775 1733 868 1761 defen-

87 1770 175 1798 Iiouem
185 1774 292 1804 sufficit,
307 1774 355 1801 sed
367 1776 446 1803 totius
459 1776 518 1804 vita:
530 1777 701 1806 mutationem
717 1779 774 1806 fieri
787 1786 867 1815 Opor-

89 1820 130 1848 tet,
151 1823 174 1845 et
196 1826 210 1845 a
231 1820 332 1847 malitia
357 1821 516 1850 desistentcs
539 1823 564 1850 in
588 1824 686 1852 virtute
708 1831 866 1860 permanere

86 1862 205 1891 toutiuue.
221 1865 297 1892 Sicut
320 1866 390 1893 enim
411 1872 587 1902 a‘grotautes,
605 1869 654 1896 nisi
673 1877 780 1905 semper
791 1872 865 1898 ordi-

87 1913 138 1935 nate
149 1910 267 1943 vixerint,
283 1911 355 1938 nulla
370 1912 433 1947 ipsis
446 1913 593 1949 disciplima
608 1923 655 1950 per
670 1920 723 1943 tres
738 1921 784 1943 aut
798 1924 865 1951 qua-

89 1957 138 1980 tuor
148 1955 202 1983 dies
215 1962 328 1984 scrvatte
342 1959 442 1986 utilitas
457 1967 464 1985 :
481 1960 519 1987 sie
531 1964 557 1987 et
574 1965 714 1995 peccantes
728 1962 778 1989 nisi
792 1969 865 1989 sem-

86 2005 124 2032 per
137 2000 212 2029 sobrii
227 2003 294 2035 sint,
307 2003 372 2030 nihil
391 2004 506 2038 proderit
520 2005 584 2040 ipsis
599 2006 713 2034 duorum
729 2007 771 2035 vel
785 2008 864 2035 trium

87 2043 173 2072 dierum
186 2048 328 2075 correctio.
346 2048 379 2076 Ut
392 2050 474 2083 enim,
496 2050 611 2084 dicitur,
635 2052 706 2079 lotus
726 2058 818 2088 postea
838 2054 863 2081 in

86 2089 131 2116 luto
144 2100 243 2121 ntrsum
260 2095 433 2130 inquinatus,
454 2097 520 2124 nihil
543 2099 653 2133 profecit
668 2108 674 2125 :
690 2100 728 2127 sic
744 2107 791 2134 per
808 2106 864 2129 tres

85 2136 133 2164 dies
145 2146 220 2173 agens
238 2142 438 2176 ptettiteut'tam,
453 2149 479 2171 et
494 2151 599 2172 rursuut
615 2145 648 2173 ad
665 2147 753 2181 prima
770 2155 863 2177 rever-

85 2185 143 2215 tens,
156 2186 218 2213 nihil
235 2187 354 2215 lucratus
368 2193 419 2216 est.

114 2227 190 2257 Teme
200 2238 282 2259 motu:
295 2235 436 2270 [h'quentes
447 2236 596 2264 Antiochiar.
606 2251 640 2258 ——
651 2239 689 2266 Ne
703 2239 782 2274 igitur
791 2241 862 2276 quod

84 2279 176 2309 semper
188 2277 308 2312 faciams,
322 2280 372 2308 hoc
382 2286 408 2308 et
419 2290 488 2309 nunc
501 2283 637 2312 faciamus.
654 2285 758 2313 Etenim
770 2291 863 2315 terra--

86 2321 183 2368 motibus
197 2325 295 2358 saepius
309 2329 596 2361 eomprehendentibus
607 2351 614 2363 ,
635 2336 663 2358 et
684 2332 753 2360 fame
768 2338 793 2361 et
808 2334 862 2361 sir-

85 2369 166 2399 tttate,
187 2370 269 2397 tribus
284 2372 325 2399 vel
340 2377 454 2407 quatuor
474 2375 567 2402 diebus
590 2377 719 2406 moderati
734 2384 760 2406 et
785 2388 860 2407 man-

84 2413 198 2461 suetiores
212 2416 271 2444 facti
285 2439 292 2448 ,
308 2426 401 2446 rursus
413 2421 445 2447 ad
461 2422 546 2455 priora
563 2423 721 2454 redivimns.
739 2432 861 2461 propter-

83 2462 154 2491 eaque
167 2459 220 2488 Ita-c
234 2464 399 2492 acciderunt.
417 2466 470 2492 Sed
490 2467 512 2494 si
529 2476 582 2494 non
601 2470 672 2503 prius
684 2491 691 2502 ,
716 2459 795 2498 nunc
808 2473 860 2499 sal-

84 2505 126 2528 tetu
148 2504 171 2531 iu
194 2508 287 2535 eadem
313 2517 518 2544 pcnnaneamus
543 2515 659 2547 pietate,
685 2520 712 2542 et
737 2518 858 2544 eamdem

84 2553 296 2582 "ulmum-tudinem
310 2563 458 2591 servemus,
474 2567 506 2586 ne
521 2568 625 2588 rursum
639 2562 724 2589 altero
740 2563 858 2599 indigea-

83 2600 132 2643 utus
143 2596 252 2631 flagello.
267 2602 361 2629 Annon
373 2608 475 2637 poterat
488 2606 555 2633 Deus
569 2615 608 2638 ea,
621 2616 680 2642 qua:
692 2596 857 2643 accidet-init,

84 2640 231 2672 prohibere?
257 2648 309 2674 Sed
333 2650 463 2683 permisit,
487 2656 514 2678 ut
538 2660 567 2679 se
586 2640 789 2683 contemnentes
811 2640 859 2690 per

83 2691 188 2737 Tnscrvi
203 2698 300 2720 metum
315 2696 491 2724 modestiores
504 2698 632 2727 efliccret.
651 2700 706 2727 Non
722 2702 785 2728 mihi
799 2703 858 2737 quis

83 2729 157 2778 ξίίαιι,
176 2738 245 2769 quod
269 2740 343 2767 tnulti
366 2743 482 2769 sontium
505 2744 675 2779 effugerunt,
699 2748 774 2773 multi
795 2729 857 2775 vero

85 2780 209 2808 Insontiqu
236 2791 339 2817 ptenam
365 2787 503 2815 subierunt
521 2798 527 2815 :
544 2791 642 2817 eteniut
667 2791 717 2819 hoc
737 2792 856 2820 dicentes

83 2823 167 2872 Itmltos
180 2828 274 2862 stepius
294 2831 391 2864 audio,
407 2841 459 2860 tton
481 2834 505 2861 in
526 2836 651 2870 prtesenti
668 2841 769 2865 tantum
782 2839 855 2866 sedi-

85 2871 152 2919 tione,
167 2874 252 2906 sed,et
269 2877 293 2903 in
306 2878 365 2904 aliis
380 2880 470 2906 tnultis
485 2880 636 2915 hujustnodi
648 2884 773 2919 negotiis.
787 2885 855 2918 Quid

85 2917 150 2947 uitur
174 2920 231 2947 talia
255 2922 440 2956 objicientibus
466 2925 632 2955 dicendum?
657 2917 732 2964 ριὶ-πιι
756 2931 806 2958 etsi
829 2931 855 2958 in

220 2970 351 3003 Ρηιιυι..
377 2976 434 3003 Litt.
462 2976 486 3004 .\
494 2979 525 3003 Li
534 2977 569 3007 .\.

929 262 1055 297 praesenti
1080 261 1212 289 seditione
1236 262 1327 290 insons
1350 267 1408 289 erat
1433 261 1455 289 is
1486 260 1529 297 qui
1552 267 1647 297 captos
1671 267 1723 293 est,

931 313 1019 335 tamen
1034 307 1106 335 aliud
1122 313 1260 341 peccatum
1284 308 1427 344 aliquando
1449 309 1556 344 gravius
1576 309 1724 341 commlsit,

929 352 1029 380 deinde
1043 360 1096 380 non
1119 358 1247 383 mut-atus,
1263 361 1334 381 nttnc
1349 361 1440 388 [muas
1454 354 1536 381 dedit.
1554 354 1659 381 Etenim
1675 354 1724 382 hoc

930 398 1016 426 facere
1031 399 1100 426 Deus
1111 399 1249 426 consuevit
1264 408 1270 426 :
1283 407 1345 426 cum
1363 400 1562 434 peccaverimus
1572 421 1580 432 ,
1600 407 1655 427 non
1668 403 1722 426 sta-

930 445 975 471 tim
989 449 1096 480 peccata
1112 445 1256 476 ulciscitur,
1271 445 1318 472 sed
1330 446 1454 477 remittit,
1466 446 1532 472 dans
1546 446 1624 473 nobis
1638 446 1723 480 pceni~

929 491 1019 517 tentize
1034 494 1138 524 tempus
1151 510 1159 522 ,
1181 495 1209 517 ut
1229 492 1398 525 corrigantur
1412 495 1435 518 et
1451 495 1601 523 mutentur;
1625 491 1647 518 si
1661 498 1723 517 vero

927 536 998 570 quod
1010 543 1067 563 -non
1083 543 1175 571 ianuas
1189 536 1344 564 dederimus
1354 556 1361 568 ,
1379 541 1516 571 peccatum
1531 536 1647 564 deletum
1663 544 1723 563 esse

927 582 1120 614 existimantes,
1134 583 1375 617 contempseritntts
1385 603 1391 614 ,
1404 583 1450 610 ubi
1467 590 1520 609 non
1536 588 1665 617 putamus,
1686 583 1720 608 .hi

928 633 987 662 post
1003 628 1061 655 lucc
1081 628 1190 655 omnino
1204 628 1354 663 capiemur.
1379 628 1435 655 lloc
1454 632 1543 655 autem
1558 627 1602 659 fit,
1619 632 1646 654 ut
1661 635 1721 655 eum

925 675 1127 709 peccaverintus
1137 695 1145 707 ,
1161 679 1188 702 et
1205 682 1257 701 non
1280 674 1409 701 fuerimus
1423 675 1517 708 puniti,
1532 682 1586 701 non
1602 675 1722 702 conlidu-

928 728 1002 752 ntus,
1028 722 1079 748 nisi
1103 721 1230 748 fuerimus
1246 721 1350 753 mutati,
1373 720 1489 747 scientes
1511 720 1580 755 quod
1603 720 1647 747 ubi
1669 728 1721 747 non

929 771 1050 801 putamus
1064 767 1172 793 otmtino
1194 767 1331 794 cademns.
1355 766 1445 802 itaque
1465 767 1488 794 si
1511 767 1672 800 peccaveris,
1696 771 1723 793 et

924 812 1034 847 punitus
1049 820 1100 839 non
1117 812 1168 840 fuel
1177 813 1198 839 is
1210 834 1217 844 ,
1235 820 1268 839 ne
1282 817 1438 840 contemnas
1449 833 1455 843 ,
1470 812 1582 844 dilecte;
1600 810 1646 839 sed
1663 820 1723 846 pro-

927 864 986 892 p'er
1003 855 1057 884 hoc
1079 858 1165 892 ipstnu
1182 858 1265 893 magis
1290 859 1363 890 time,
1387 859 1474 885 sciens
1489 858 1559 893 quod
1575 857 1651 885 facile
1668 858 1723 884 Deo

927 909 977 934 est,
995 904 1101 939 quando
1118 905 1190 937 velit,
1208 905 1302 932 iterant
1326 905 1483 932 retribuere.
1501 904 1562 931 Ideo
1576 903 1647 931 enim
1667 908 1721 930 tutu

927 955 954 977 te
974 959 1026 977 non
1050 950 1165 984 punivit,
1191 954 1219 977 ut
1243 950 1342 978 habeas
1364 950 1527 985 penitentiae
1550 955 1664 984 tempus.
1683 949 1723 976 No

927 996 1006 1031 igitur
1027 996 1157 1027 dicamus,
1180 996 1250 1031 quod
1273 996 1385 1022 crimine
1409 1002 1504 1022 carens
1526 995 1570 1022 ille
1584 994 1720 1027 ceciderit,

926 1043 993 1070 alter
1007 1050 1070 1069 veto
1082 1042 1210 1070 facinoris
1223 1048 1317 1069 aurtur
1330 1042 1462 1077 vlTugcrit.
1479 1042 1608 1069 humerus
1622 1042 1719 1068 ctenim

927 1089 1043 1123 punittts,
1067 1093 1096 1116 ιιι
1118 1093 1180 1116 ante
1203 1088 1275 1120 dixi,
1300 1088 1413 1115 aliorutu
1437 1092 1604 1122 peccatorum
1628 1093 1721 1121 pinnas

926 1131 973 1160 luit
990 1142 997 1160 :
1013 1139 1040 1161 et
1055 1133 1099 1168 qui
1115 1141 1186 1161 nunc
1202 1132 1301 1168 etlugit,
1318 1133 1367 1160 nisi
1384 1137 1500 1160 mutatus
1513 1133 1610 1163 fuerit,
1627 1133 1652 1159 itt
1668 1132 1721 1158 alio

924 1180 1044 1214 capietur
1065 1179 1171 1214 laqueo.
1195 1179 1223 1206 Si
1246 1179 1284 1206 sic
1306 1178 1428 1213 dispositi
1451 1179 1551 1210 simus,
1575 1185 1719 1211 numquam

926 1226 1093 1260 propriorum
1117 1225 1307 1253 obliviscetnur
1329 1230 1496 1260 peecatomm
1510 1246 1517 1258 ,
1540 1225 1587 1251 sed
1612 1232 1720 1258 semper

925 1272 1059 1302 timentes,
1077 1275 1238 1303 trementes,
1255 1279 1288 1298 ne
1303 1270 1409 1306 quando
1424 1270 1567 1298 subeamus
1580 1269 1719 1304 judicium,

923 1318 977 1344 cito
991 1318 1109 1352 ipsorum
1125 1317 1334 1345 recordabitnur.
1348 1314 1420 1344 Nihil
1435 1316 1504 1343 enim
1519 1316 1557 1344 sic
1572 1321 1677 1351 peccata
1693 1316 1719 1342 itt

925 1364 1083 1391 memoriam
1098 1371 1223 1392 revocare
1236 1363 1383 1395 consuevit,
1395 1368 1424 1390 ut
1438 1370 1514 1398 ptena
1526 1367 1552 1390 et
1563 1362 1718 1397 castigatio:

922 1414 949 1436 et
969 1409 1023 1437 hoc
1046 1409 1214 1437 manifestum
1229 1417 1263 1436 ex
1287 1409 1411 1436 fratribus
1426 1407 1537 1443 Joseph.
1559 1407 1626 1435 Cum
1647 1407 1719 1434 cuitu

924 1455 960 1482 illi
974 1455 1075 1490 justum
1092 1455 1197 1482 vendidi
1214 1459 1291 1488 sent,
1307 1460 1333 1481 rt
1354 1454 1481 1481 tredecim
1497 1454 1558 1481 anui
1573 1454 1719 1488 portoriis-

923 1506 982 1529 sent
992 1522 999 1534 ,
1016 1501 1104 1536 puttiri
1121 1506 1269 1529 metuentes
1280 1522 1287 1534 ,
1301 1506 1329 1529 et
1344 1501 1377 1528 de
1393 1502 1444 1528 \ita
1458 1502 1582 1528 timentes
1593 1522 1600 1533 ,
1618 1501 1718 1536 peccati

922 1547 1054 1574 recordati
1070 1552 1142 1579 sttnt,
1159 1551 1186 1574 et
1201 1547 1268 1573 inter
1281 1555 1310 1574 se
1323 1546 1446 1574 dicebant
1461 1555 1467 1573 :
1482 1546 1554 1573 Certe
1566 1554 1576 1573 :
1591 1547 1615 1572 in
1630 1554 1717 1580 perca-

922 1594 954 1621 tis
966 1594 1032 1620 enim
1047 1602 1134 1620 sumus
1157 1599 1258 1628 propter
1276 1595 1381 1628 fratrem
1402 1597 1515 1619 nostrum
1529 1591 1624 1626 ιΙοδινρΙι
1639 1591 1715 1627 (Gen.

920 1639 966 1666 4'2.
979 1639 1036 1674 2|).
1053 1638 1132 1666 Vides
1145 1638 1277 1674 quomodo
1301 1639 1379 1665 timur
1394 1638 1437 1664 ille
1461 1638 1532 1672 ipsos
1551 1638 1652 1672 peccati
1672 1638 1715 1663 sui

921 1686 1146 1714 commonefecit?
1171 1686 1203 1713 Et
1226 1685 1334 1720 quando
1359 1685 1504 1720 peccabaut
1531 1684 1638 1719 quidem
1663 1691 1718 1711 nou

920 1733 1072 1761 sentiebant
1089 1742 1095 1760 :
1111 1733 1218 1768 quando
1233 1740 1296 1760 vero
1310 1732 1396 1768 pttuiti
1410 1731 1579 1764 metuebant,
1595 1737 1657 1759 tunc
1671 1739 1712 1758 re-

920 1780 1022 1808 cordati
1039 1784 1111 1807 sunt.

958 1825 1066 1853 Moraiis
1081 1826 1234 1853 exhortatio.
1247 1840 1282 1846 ——
1304 1826 1366 1853 llatc
1385 1825 1464 1861 igitur
1479 1825 1567 1852 omnia
1589 1826 1715 1856 scientes,

920 1872 1000 1898 vitam
1018 1876 1120 1898 nmtare
1136 1872 1247 1899 velimus
1268 1877 1294 1898 et
1309 1872 1442 1906 corrigere
1452 1892 1460 1905 ,
1476 1876 1503 1899 et
1517 1876 1578 1898 ante
1594 1871 1717 1899 instantis

919 1918 1049 1952 angustia:
1062 1918 1246 1945 liberationem
1269 1917 1304 1945 de
1324 1918 1450 1953 religione
1465 1922 1492 1945 et
1507 1918 1605 1944 virtute
1618 1918 1716 1952 cogite-

919 1971 988 1991 mus.
1015 1963 1049 1990 Et
1073 1963 1180 1991 interint
1205 1964 1254 1990 tria
1278 1963 1353 1991 vobis
1376 1963 1500 1990 mandata
1526 1963 1714 1990 commendare

919 2010 990 2042 volo,
1005 2014 1034 2036 ut
1048 2009 1104 2037 lucc
1118 2009 1182 2036 tttilti
1195 2009 1220 2036 itt
1232 2009 1333 2044 jejunio
1349 2009 1479 2044 praestetis
1492 2018 1498 2035 :
1514 2009 1613 2036 nemini
1626 2009 1715 2036 detra-

919 2056 999 2088 hatis,
1024 2056 1159 2084 iuituieum
1183 2056 1303 2084 habeatis
1317 2056 1462 2088 neminem,
1479 2060 1504 2083 et
1517 2063 1623 2082 omnem
1639 2063 1714 2089 pror-

918 2109 963 2130 sus
977 2110 1010 2130 ex
1023 2109 1070 2129 ore
1085 2102 1182 2130 malam
1200 2102 1412 2137 jnramentorum
1435 2101 1652 2129 consuetudinem
1668 2109 1714 2128 cx-

920 2149 1035 2184 pellatis.
1051 2149 1084 2176 Et
1100 2149 1168 2176 sicut
1181 2156 1241 2176 cum
1257 2157 1351 2176 aurum
1368 2149 1522 2183 imperatum
1539 2148 1713 2181 audierimus,

917 2197 1010 2224 abiens
1024 2196 1135 2232 qttisqtte
1157 2196 1266 2223 domum
1286 2200 1313 2223 ct
1327 2204 1436 2223 uxorem
1452 2203 1549 2223 vocans
1559 2215 1568 2228 ,
1583 2200 1610 2223 et
1633 2195 1712 2227 filios,

917 2248 944 2270 et
956 2250 1063 2274 servos,
1080 2242 1232 2269 considerat
1245 2249 1305 2269 cum
1321 2242 1372 2269 illis
1386 2246 1413 2269 t-t
1433 2242 1566 2269 consultat
1581 2241 1651 2268 unde
1667 2242 1713 2268 tri-

918 2289 1009 2316 butum
1025 2288 1091 2315 illud
1103 2292 1195 2323 eroget
1210 2297 1217 2315 τ
1233 2288 1272 2315 sic
1288 2293 1314 2314 et
1330 2287 1355 2315 in
1370 2287 1502 2315 mandatis
1516 2287 1557 2314 his
1569 2287 1712 2322 spirituali-

916 2336 966 2363 bus
985 2335 1124 2362 faciamus.
1143 2335 1253 2362 Domum
1267 2334 1378 2370 quisque
1392 2342 1529 2369 regressum
1539 2355 1547 2367 ,
1561 2342 1672 2362 uxorem
1686 2339 1713 2361 ct

916 2381 986 2408 ﬁlios
1002 2385 1078 2408 vocet
1090 2385 1118 2408 et
1130 2381 1201 2407 dicat
1214 2390 1222 2408 ι
1236 2381 1375 2408 Tributum
1388 2381 1525 2415 spirituale
1535 2380 1613 2407 hodie
1628 2380 1713 2414 impo-

915 2426 995 2453 situm
1010 2431 1062 2459 cst,
1079 2427 1219 2458 tributum,
1241 2426 1348 2461 inquam
1359 2446 1366 2457 ,
1382 2433 1428 2460 per
1442 2425 1512 2460 quod
1526 2426 1576 2452 erit
1589 2425 1712 2460 qumdatu

915 2472 1011 2499 horum
1026 2473 1155 2500 malorum
1170 2472 1268 2500 solutio
1280 2477 1307 2499 et
1321 2472 1456 2504 libct'atio,
1479 2472 1607 2498 tributum
1617 2492 1625 2504 ,
1640 2472 1711 2506 quod

914 2519 1083 2546 conferentes
1096 2527 1149 2546 non
1164 2526 1303 2553 pauperes,
1316 2518 1363 2545 sed
1376 2518 1487 2545 ditiores
1499 2517 1573 2549 facit,
1586 2523 1614 2544 ιιι
1627 2519 1710 2545 nemi-

914 2572 976 2591 nem
992 2565 1127 2591 inimicum
1152 2564 1316 2597 habeamus,
1330 2564 1504 2591 detrahamus
1524 2564 1645 2595 nemini,
1663 2572 1711 2590 me

913 2612 1023 2638 omnino
1035 2611 1166 2645 juventus.
1181 2610 1397 2641 (hinsideremus,
1408 2618 1500 2637 curam
1513 2618 1632 2645 agamus,
1648 2618 1709 2637 cuo~

913 2656 1054 2688 sultemus,
1066 2656 1200 2691 quomodo
1215 2655 1273 2683 lucc
1288 2655 1446 2691 impleamus
1467 2656 1608 2688 mandata;
1630 2662 1710 2682 omn-2

913 2702 1097 2736 impendamus
1111 2702 1226 2729 studium
1237 2722 1245 2734 ,
1266 2710 1314 2729 tios
1330 2702 1401 2729 alter
1411 2703 1526 2730 alterum
1539 2708 1709 2728 commonea-

912 2756 982 2780 mus,
998 2748 1066 2775 alter
1078 2747 1191 2776 alterum
1205 2748 1369 2783 corrigamus
1380 2769 1387 2779 ,
1403 2753 1430 2774 ut
1446 2756 1497 2774 non
1513 2747 1646 2774 debitores
1660 2746 1707 2771 ab-

911 2801 1004 2821 eamus
1026 2794 1107 2827 illuc,
1128 2794 1226 2822 dein‘de
1251 2794 1364 2821 tnntnari
1386 2793 1421 2820 ab
1443 2794 1501 2820 aliis
1523 2792 1619 2822 coacti,
1641 2791 1706 2817 illud

911 2839 981 2873 quod
997 2839 1111 2874 virgines
1133 2839 1211 2866 fatua:
1236 2839 1383 2875 patiamur,
1406 2843 1432 2865 et
1455 2837 1595 2864 imtuortali
1620 2836 1708 2863 salute

910 2886 1074 2914 excidamus.
1090 2886 1117 2914 Si
1132 2886 1171 2914 sic
1185 2891 1283 2914 ucstra:
1303 2885 1471 2913 instituamus
1486 2883 1547 2910 vita:
1563 2882 1705 2910 rationem.

912 2931 974 2959 hinc
991 2933 1067 2961 vobis
1081 2935 1200 2968 Spondeo
1224 2937 1250 2960 et
1273 2932 1398 2966 polliceor
1409 2950 1418 2963 ,
1434 2929 1504 2965 quod
1519 2934 1546 2956 et
1567 2929 1709 2965 ιιι-ιιιεοιιιὶς

1510 2977 1526 3004 [ι
