  <div class='ocr_page' id='page_1' title='image "/cluster/home/n/w/nwhite01/storage/ocr_20150623/49:no.2:pt.1/coo.31924054869486/061.png"; bbox 0 0 3998 6424; ppageno 0'>
   <div class='ocr_carea' id='block_1_1' title="bbox 516 384 593 438">
    <p class='ocr_par' dir='ltr' id='par_1_1' title="bbox 516 384 593 438">
     <span class='ocr_line' id='line_1_1' title="bbox 516 384 593 438; baseline 0 -1"><span class='ocrx_word' id='word_1_1' title='bbox 516 384 593 438; x_wconf 61' lang='grc' dir='ltr'>ω</span> 
     </span>
    </p>
   </div>
   <div class='ocr_carea' id='block_1_2' title="bbox 516 498 2110 570">
    <p class='ocr_par' dir='ltr' id='par_1_2' title="bbox 516 498 2110 570">
     <span class='ocr_line' id='line_1_2' title="bbox 516 498 2110 570; baseline 0.001 -18"><span class='ocrx_word' id='word_1_2' title='bbox 516 500 840 555; x_wconf 57' lang='lat' dir='ltr'><strong>calamitatis</strong></span> <span class='ocrx_word' id='word_1_3' title='bbox 860 502 910 556; x_wconf 87' lang='lat' dir='ltr'><strong>ai</strong></span> <span class='ocrx_word' id='word_1_4' title='bbox 933 515 1034 570; x_wconf 88' lang='lat' dir='ltr'><strong>qua</strong></span> <span class='ocrx_word' id='word_1_5' title='bbox 1056 500 1251 553; x_wconf 77' lang='lat' dir='ltr'><strong>Solutio</strong></span> <span class='ocrx_word' id='word_1_6' title='bbox 1270 499 1503 564; x_wconf 85' lang='lat' dir='ltr'><strong>dabitur,</strong></span> <span class='ocrx_word' id='word_1_7' title='bbox 1531 509 1587 555; x_wconf 88' lang='lat' dir='ltr'><strong>et</strong></span> <span class='ocrx_word' id='word_1_8' title='bbox 1608 501 1828 555; x_wconf 88' lang='lat' dir='ltr'><strong>istorum</strong></span> <span class='ocrx_word' id='word_1_9' title='bbox 1853 498 2110 555; x_wconf 76' lang='lat' dir='ltr'><strong>malorum</strong></span> 
     </span>
    </p>
   </div>
   <div class='ocr_carea' id='block_1_3' title="bbox 516 591 2112 662">
    <p class='ocr_par' dir='ltr' id='par_1_3' title="bbox 516 591 2112 662">
     <span class='ocr_line' id='line_1_3' title="bbox 516 591 2112 662; baseline 0.003 -19"><span class='ocrx_word' id='word_1_10' title='bbox 516 591 809 646; x_wconf 83' lang='lat' dir='ltr'><strong>liberatio:</strong></span> <span class='ocrx_word' id='word_1_11' title='bbox 849 599 905 646; x_wconf 90' lang='lat' dir='ltr'><strong>et</strong></span> <span class='ocrx_word' id='word_1_12' title='bbox 946 591 1085 661; x_wconf 85' lang='lat' dir='ltr'><strong>quod</strong></span> <span class='ocrx_word' id='word_1_13' title='bbox 1131 592 1380 647; x_wconf 81' lang='lat' dir='ltr'><strong>omnibus</strong></span> <span class='ocrx_word' id='word_1_14' title='bbox 1429 592 1599 662; x_wconf 84' lang='lat' dir='ltr'><strong>majus</strong></span> <span class='ocrx_word' id='word_1_15' title='bbox 1643 599 1765 657; x_wconf 90' lang='lat' dir='ltr'><strong>est,</strong></span> <span class='ocrx_word' id='word_1_16' title='bbox 1815 591 2112 647; x_wconf 80' lang='lat' dir='ltr'><strong>futurorum</strong></span> 
     </span>
    </p>
   </div>
   <div class='ocr_carea' id='block_1_4' title="bbox 520 681 2119 754">
    <p class='ocr_par' dir='ltr' id='par_1_4' title="bbox 520 681 2119 754">
     <span class='ocr_line' id='line_1_4' title="bbox 520 681 2119 754; baseline 0.003 -19"><span class='ocrx_word' id='word_1_17' title='bbox 520 681 730 737; x_wconf 82' lang='lat' dir='ltr'><strong>fructus</strong></span> <span class='ocrx_word' id='word_1_18' title='bbox 775 683 1056 737; x_wconf 80' lang='lat' dir='ltr'><strong>bonorum.</strong></span> <span class='ocrx_word' id='word_1_19' title='bbox 1106 681 1400 752; x_wconf 83' lang='lat' dir='ltr'><strong>Oportebat</strong></span> <span class='ocrx_word' id='word_1_20' title='bbox 1444 683 1657 754; x_wconf 85' lang='lat' dir='ltr'><strong>quidem</strong></span> <span class='ocrx_word' id='word_1_21' title='bbox 1704 699 1919 737; x_wconf 79' lang='lat' dir='ltr'><strong>omnem</strong></span> <span class='ocrx_word' id='word_1_22' title='bbox 1964 684 2119 739; x_wconf 87' lang='lat' dir='ltr'><strong>vobis</strong></span> 
     </span>
    </p>
   </div>
   <div class='ocr_carea' id='block_1_5' title="bbox 527 774 2121 846">
    <p class='ocr_par' dir='ltr' id='par_1_5' title="bbox 527 774 2121 846">
     <span class='ocr_line' id='line_1_5' title="bbox 527 774 2121 846; baseline 0.001 -17"><span class='ocrx_word' id='word_1_23' title='bbox 527 774 784 829; x_wconf 81' lang='lat' dir='ltr'><strong>mandare</strong></span> <span class='ocrx_word' id='word_1_24' title='bbox 812 775 1084 833; x_wconf 86' lang='lat' dir='ltr'><strong>virtutcm.</strong></span> <span class='ocrx_word' id='word_1_25' title='bbox 1136 774 1228 830; x_wconf 86' lang='lat' dir='ltr'><strong>sed</strong></span> <span class='ocrx_word' id='word_1_26' title='bbox 1262 774 1402 830; x_wconf 89' lang='lat' dir='ltr'><strong>hunc</strong></span> <span class='ocrx_word' id='word_1_27' title='bbox 1448 790 1567 830; x_wconf 88' lang='lat' dir='ltr'><strong>esse</strong></span> <span class='ocrx_word' id='word_1_28' title='bbox 1591 775 1946 831; x_wconf 78' lang='lat' dir='ltr'><strong>correctionis</strong></span> <span class='ocrx_word' id='word_1_29' title='bbox 1978 776 2121 846; x_wconf 88' lang='lat' dir='ltr'><strong>opti-</strong></span> 
     </span>
    </p>
   </div>
   <div class='ocr_carea' id='block_1_6' title="bbox 524 866 2122 939">
    <p class='ocr_par' dir='ltr' id='par_1_6' title="bbox 524 866 2122 939">
     <span class='ocr_line' id='line_1_6' title="bbox 524 866 2122 939; baseline 0.001 -18"><span class='ocrx_word' id='word_1_30' title='bbox 524 882 673 922; x_wconf 83' lang='lat' dir='ltr'><strong>mum</strong></span> <span class='ocrx_word' id='word_1_31' title='bbox 721 866 938 921; x_wconf 88' lang='lat' dir='ltr'><strong>modum</strong></span> <span class='ocrx_word' id='word_1_32' title='bbox 989 876 1136 936; x_wconf 83' lang='lat' dir='ltr'><strong>puto,</strong></span> <span class='ocrx_word' id='word_1_33' title='bbox 1184 876 1240 922; x_wconf 90' lang='lat' dir='ltr'><strong>ut</strong></span> <span class='ocrx_word' id='word_1_34' title='bbox 1284 883 1385 937; x_wconf 87' lang='lat' dir='ltr'><strong>per</strong></span> <span class='ocrx_word' id='word_1_35' title='bbox 1426 878 1605 937; x_wconf 88' lang='lat' dir='ltr'><strong>partes</strong></span> <span class='ocrx_word' id='word_1_36' title='bbox 1647 868 1821 937; x_wconf 88' lang='lat' dir='ltr'><strong>legem</strong></span> <span class='ocrx_word' id='word_1_37' title='bbox 1848 877 2122 939; x_wconf 75' lang='lat' dir='ltr'><strong>acceptam</strong></span> 
     </span>
    </p>
   </div>
   <div class='ocr_carea' id='block_1_7' title="bbox 527 959 2124 1029">
    <p class='ocr_par' dir='ltr' id='par_1_7' title="bbox 527 959 2124 1029">
     <span class='ocr_line' id='line_1_7' title="bbox 527 959 2124 1029; baseline -0.001 -15"><span class='ocrx_word' id='word_1_38' title='bbox 527 959 884 1029; x_wconf 79' lang='lat' dir='ltr'><strong>impleamus,</strong></span> <span class='ocrx_word' id='word_1_39' title='bbox 930 969 986 1014; x_wconf 90' lang='lat' dir='ltr'><strong>et</strong></span> <span class='ocrx_word' id='word_1_40' title='bbox 1015 969 1124 1013; x_wconf 89' lang='lat' dir='ltr'><strong>tum</strong></span> <span class='ocrx_word' id='word_1_41' title='bbox 1169 959 1235 1014; x_wconf 90' lang='lat' dir='ltr'><strong>ad</strong></span> <span class='ocrx_word' id='word_1_42' title='bbox 1275 960 1409 1015; x_wconf 89' lang='lat' dir='ltr'><strong>alias</strong></span> <span class='ocrx_word' id='word_1_43' title='bbox 1439 974 1744 1029; x_wconf 86' lang='lat' dir='ltr'><strong>pergamus.</strong></span> <span class='ocrx_word' id='word_1_44' title='bbox 1790 959 1939 1015; x_wconf 85' lang='lat' dir='ltr'><strong>Sicut</strong></span> <span class='ocrx_word' id='word_1_45' title='bbox 1981 959 2124 1014; x_wconf 88' lang='lat' dir='ltr'><strong>enim</strong></span> 
     </span>
    </p>
   </div>
   <div class='ocr_carea' id='block_1_8' title="bbox 533 1050 2128 1122">
    <p class='ocr_par' dir='ltr' id='par_1_8' title="bbox 533 1050 2128 1122">
     <span class='ocr_line' id='line_1_8' title="bbox 533 1050 2128 1122; baseline 0 -18"><span class='ocrx_word' id='word_1_46' title='bbox 533 1066 663 1122; x_wconf 83' lang='lat' dir='ltr'><strong>agro</strong></span> <span class='ocrx_word' id='word_1_47' title='bbox 707 1052 1021 1122; x_wconf 89' lang='lat' dir='ltr'><strong>proposito,</strong></span> <span class='ocrx_word' id='word_1_48' title='bbox 1066 1053 1297 1122; x_wconf 82' lang='lat' dir='ltr'><strong>agricola</strong></span> <span class='ocrx_word' id='word_1_49' title='bbox 1344 1053 1594 1121; x_wconf 86' lang='lat' dir='ltr'><strong>paulatim</strong></span> <span class='ocrx_word' id='word_1_50' title='bbox 1645 1051 1890 1115; x_wconf 87' lang='lat' dir='ltr'><strong>fodiens,</strong></span> <span class='ocrx_word' id='word_1_51' title='bbox 1934 1050 2019 1106; x_wconf 87' lang='lat' dir='ltr'><strong>sic</strong></span> <span class='ocrx_word' id='word_1_52' title='bbox 2061 1050 2128 1105; x_wconf 86' lang='lat' dir='ltr'><strong>ad</strong></span> 
     </span>
    </p>
   </div>
   <div class='ocr_carea' id='block_1_9' title="bbox 534 1141 2131 1213">
    <p class='ocr_par' dir='ltr' id='par_1_9' title="bbox 534 1141 2131 1213">
     <span class='ocr_line' id='line_1_9' title="bbox 534 1141 2131 1213; baseline 0 -17"><span class='ocrx_word' id='word_1_53' title='bbox 534 1144 694 1198; x_wconf 80' lang='lat' dir='ltr'><strong>tinent</strong></span> <span class='ocrx_word' id='word_1_54' title='bbox 716 1144 861 1197; x_wconf 94' lang='lat' dir='ltr'><strong>venit</strong></span> <span class='ocrx_word' id='word_1_55' title='bbox 887 1160 900 1197; x_wconf 92' lang='lat'><strong>:</strong></span> <span class='ocrx_word' id='word_1_56' title='bbox 926 1142 1005 1199; x_wconf 90' lang='lat' dir='ltr'><strong>sic</strong></span> <span class='ocrx_word' id='word_1_57' title='bbox 1031 1151 1088 1197; x_wconf 91' lang='lat' dir='ltr'><strong>et</strong></span> <span class='ocrx_word' id='word_1_58' title='bbox 1112 1157 1210 1197; x_wconf 89' lang='lat' dir='ltr'><strong>nos</strong></span> <span class='ocrx_word' id='word_1_59' title='bbox 1235 1144 1278 1198; x_wconf 88' lang='lat' dir='ltr'><strong>si</strong></span> <span class='ocrx_word' id='word_1_60' title='bbox 1306 1142 1478 1213; x_wconf 81' lang='lat' dir='ltr'><strong>legem</strong></span> <span class='ocrx_word' id='word_1_61' title='bbox 1504 1141 1643 1197; x_wconf 81' lang='lat' dir='ltr'><strong>hanc</strong></span> <span class='ocrx_word' id='word_1_62' title='bbox 1670 1143 1823 1197; x_wconf 86' lang='lat' dir='ltr'><strong>nobis</strong></span> <span class='ocrx_word' id='word_1_63' title='bbox 1849 1157 2131 1212; x_wconf 73' lang='lat' dir='ltr'><strong>ponamus,</strong></span> 
     </span>
    </p>
   </div>
   <div class='ocr_carea' id='block_1_10' title="bbox 534 1233 2130 1305">
    <p class='ocr_par' dir='ltr' id='par_1_10' title="bbox 534 1233 2130 1305">
     <span class='ocr_line' id='line_1_10' title="bbox 534 1233 2130 1305; baseline -0.001 -17"><span class='ocrx_word' id='word_1_64' title='bbox 534 1243 593 1288; x_wconf 86' lang='lat' dir='ltr'><strong>ut</strong></span> <span class='ocrx_word' id='word_1_65' title='bbox 618 1249 715 1304; x_wconf 88' lang='lat' dir='ltr'><strong>per</strong></span> <span class='ocrx_word' id='word_1_66' title='bbox 742 1233 1219 1305; x_wconf 87' lang='lat' dir='ltr'><strong>Quadragesimam</strong></span> <span class='ocrx_word' id='word_1_67' title='bbox 1256 1243 1575 1305; x_wconf 74' lang='lat' dir='ltr'><strong>prmsentcm</strong></span> <span class='ocrx_word' id='word_1_68' title='bbox 1609 1234 1723 1287; x_wconf 69' lang='lat' dir='ltr'><strong>lucc</strong></span> <span class='ocrx_word' id='word_1_69' title='bbox 1750 1235 1849 1287; x_wconf 83' lang='lat' dir='ltr'><strong>tria</strong></span> <span class='ocrx_word' id='word_1_70' title='bbox 1882 1233 2130 1288; x_wconf 86' lang='lat' dir='ltr'><strong>mandata</strong></span> 
     </span>
    </p>
   </div>
   <div class='ocr_carea' id='block_1_11' title="bbox 538 1326 2131 1398">
    <p class='ocr_par' dir='ltr' id='par_1_11' title="bbox 538 1326 2131 1398">
     <span class='ocr_line' id='line_1_11' title="bbox 538 1326 2131 1398; baseline -0.001 -17"><span class='ocrx_word' id='word_1_71' title='bbox 538 1328 824 1398; x_wconf 88' lang='lat' dir='ltr'><strong>diligenter</strong></span> <span class='ocrx_word' id='word_1_72' title='bbox 861 1342 1236 1391; x_wconf 78' lang='lat' dir='ltr'><strong>exerceamus,</strong></span> <span class='ocrx_word' id='word_1_73' title='bbox 1268 1326 1451 1397; x_wconf 81' lang='lat' dir='ltr'><strong>procul</strong></span> <span class='ocrx_word' id='word_1_74' title='bbox 1480 1327 1644 1382; x_wconf 90' lang='lat' dir='ltr'><strong>dubio</strong></span> <span class='ocrx_word' id='word_1_75' title='bbox 1670 1342 1791 1381; x_wconf 87' lang='lat' dir='ltr'><strong>cum</strong></span> <span class='ocrx_word' id='word_1_76' title='bbox 1822 1327 1976 1380; x_wconf 73' lang='lat' dir='ltr'><strong>bona:</strong></span> <span class='ocrx_word' id='word_1_77' title='bbox 2000 1341 2131 1381; x_wconf 91' lang='lat' dir='ltr'><strong>con-</strong></span> 
     </span>
    </p>
   </div>
   <div class='ocr_carea' id='block_1_12' title="bbox 1247 379 3053 444">
    <p class='ocr_par' dir='ltr' id='par_1_12' title="bbox 1247 379 3053 444">
     <span class='ocr_line' id='line_1_12' title="bbox 1247 379 3053 444; baseline 0.002 -5"><span class='ocrx_word' id='word_1_78' title='bbox 1247 381 1297 439; x_wconf 78' lang='grc'><strong>8.</strong></span> <span class='ocrx_word' id='word_1_79' title='bbox 1335 379 1612 437; x_wconf 75' lang='lat' dir='ltr'><strong>JOANNIS</strong></span> <span class='ocrx_word' id='word_1_80' title='bbox 1648 379 2124 440; x_wconf 69' lang='lat' dir='ltr'><strong>CIIRYSOSTOMI</strong></span> <span class='ocrx_word' id='word_1_81' title='bbox 2159 384 2475 442; x_wconf 78' lang='lat' dir='ltr'><strong>ARClllEP.</strong></span> <span class='ocrx_word' id='word_1_82' title='bbox 2516 384 3053 444; x_wconf 69' lang='lat' dir='ltr'><strong>CONSTANTINOP.</strong></span> 
     </span>
    </p>
   </div>
   <div class='ocr_carea' id='block_1_13' title="bbox 3742 389 3813 444">
    <p class='ocr_par' dir='ltr' id='par_1_13' title="bbox 3742 389 3813 444">
     <span class='ocr_line' id='line_1_13' title="bbox 3742 389 3813 444; baseline -0.028 0"><span class='ocrx_word' id='word_1_83' title='bbox 3742 389 3813 444; x_wconf 66' lang='grc'><strong>60</strong></span> 
     </span>
    </p>
   </div>
   <div class='ocr_carea' id='block_1_14' title="bbox 2216 500 3815 574">
    <p class='ocr_par' dir='ltr' id='par_1_14' title="bbox 2216 500 3815 574">
     <span class='ocr_line' id='line_1_14' title="bbox 2216 500 3815 574; baseline -0.001 -17"><span class='ocrx_word' id='word_1_84' title='bbox 2216 502 2512 558; x_wconf 89' lang='lat' dir='ltr'><strong>suetudinis</strong></span> <span class='ocrx_word' id='word_1_85' title='bbox 2553 503 2849 558; x_wconf 79' lang='lat' dir='ltr'><strong>custodiam</strong></span> <span class='ocrx_word' id='word_1_86' title='bbox 2889 503 3183 574; x_wconf 80' lang='lat' dir='ltr'><strong>prudenter</strong></span> <span class='ocrx_word' id='word_1_87' title='bbox 3220 500 3625 558; x_wconf 75' lang='lat' dir='ltr'><strong>exhibuerimus</strong></span> <span class='ocrx_word' id='word_1_88' title='bbox 3648 545 3661 561; x_wconf 91' lang='lat'><strong>.</strong></span> <span class='ocrx_word' id='word_1_89' title='bbox 3696 516 3727 555; x_wconf 90' lang='lat' dir='ltr'><strong>c</strong></span> <span class='ocrx_word' id='word_1_90' title='bbox 3750 517 3815 556; x_wconf 80' lang='lat' dir='ltr'><strong>tm</strong></span> 
     </span>
    </p>
   </div>
   <div class='ocr_carea' id='block_1_15' title="bbox 2223 593 3819 666">
    <p class='ocr_par' dir='ltr' id='par_1_15' title="bbox 2223 593 3819 666">
     <span class='ocr_line' id='line_1_15' title="bbox 2223 593 3819 666; baseline -0.002 -16"><span class='ocrx_word' id='word_1_91' title='bbox 2223 595 2425 666; x_wconf 88' lang='lat' dir='ltr'><strong>majore</strong></span> <span class='ocrx_word' id='word_1_92' title='bbox 2456 596 2706 651; x_wconf 85' lang='lat' dir='ltr'><strong>facilitate</strong></span> <span class='ocrx_word' id='word_1_93' title='bbox 2731 604 2784 650; x_wconf 88' lang='lat' dir='ltr'><strong>et</strong></span> <span class='ocrx_word' id='word_1_94' title='bbox 2811 594 2877 650; x_wconf 85' lang='lat' dir='ltr'><strong>ad</strong></span> <span class='ocrx_word' id='word_1_95' title='bbox 2905 595 3107 664; x_wconf 81' lang='lat' dir='ltr'><strong>reliqua</strong></span> <span class='ocrx_word' id='word_1_96' title='bbox 3135 595 3435 658; x_wconf 87' lang='lat' dir='ltr'><strong>veniemus,</strong></span> <span class='ocrx_word' id='word_1_97' title='bbox 3467 602 3520 647; x_wconf 88' lang='lat' dir='ltr'><strong>et</strong></span> <span class='ocrx_word' id='word_1_98' title='bbox 3546 593 3616 647; x_wconf 86' lang='lat' dir='ltr'><strong>ad</strong></span> <span class='ocrx_word' id='word_1_99' title='bbox 3644 593 3819 662; x_wconf 81' lang='lat' dir='ltr'><strong>ipsum</strong></span> 
     </span>
    </p>
   </div>
   <div class='ocr_carea' id='block_1_16' title="bbox 2220 687 3821 758">
    <p class='ocr_par' dir='ltr' id='par_1_16' title="bbox 2220 687 3821 758">
     <span class='ocr_line' id='line_1_16' title="bbox 2220 687 3821 758; baseline -0.002 -15"><span class='ocrx_word' id='word_1_100' title='bbox 2220 687 2516 758; x_wconf 76' lang='lat' dir='ltr'><strong>disciplina:</strong></span> <span class='ocrx_word' id='word_1_101' title='bbox 2561 689 2816 744; x_wconf 82' lang='lat' dir='ltr'><strong>verticem</strong></span> <span class='ocrx_word' id='word_1_102' title='bbox 2870 687 3242 758; x_wconf 81' lang='lat' dir='ltr'><strong>pervenientes</strong></span> <span class='ocrx_word' id='word_1_103' title='bbox 3265 729 3282 754; x_wconf 94' lang='lat'><strong>,</strong></span> <span class='ocrx_word' id='word_1_104' title='bbox 3336 695 3449 742; x_wconf 90' lang='lat' dir='ltr'><strong>tum</strong></span> <span class='ocrx_word' id='word_1_105' title='bbox 3496 696 3821 757; x_wconf 66' lang='lat' dir='ltr'><strong>praesentem</strong></span> 
     </span>
    </p>
   </div>
   <div class='ocr_carea' id='block_1_17' title="bbox 2223 777 3823 850">
    <p class='ocr_par' dir='ltr' id='par_1_17' title="bbox 2223 777 3823 850">
     <span class='ocr_line' id='line_1_17' title="bbox 2223 777 3823 850; baseline -0.001 -16"><span class='ocrx_word' id='word_1_106' title='bbox 2223 779 2384 834; x_wconf 80' lang='lat' dir='ltr'><strong>vitam</strong></span> <span class='ocrx_word' id='word_1_107' title='bbox 2404 780 2542 835; x_wconf 85' lang='lat' dir='ltr'><strong>bona</strong></span> <span class='ocrx_word' id='word_1_108' title='bbox 2563 794 2685 835; x_wconf 87' lang='lat' dir='ltr'><strong>cum</strong></span> <span class='ocrx_word' id='word_1_109' title='bbox 2709 795 2802 849; x_wconf 83' lang='lat' dir='ltr'><strong>spe</strong></span> <span class='ocrx_word' id='word_1_110' title='bbox 2823 781 3196 850; x_wconf 88' lang='lat' dir='ltr'><strong>transigemus,</strong></span> <span class='ocrx_word' id='word_1_111' title='bbox 3221 787 3333 833; x_wconf 88' lang='lat' dir='ltr'><strong>tum</strong></span> <span class='ocrx_word' id='word_1_112' title='bbox 3348 787 3404 835; x_wconf 92' lang='lat' dir='ltr'><strong>et</strong></span> <span class='ocrx_word' id='word_1_113' title='bbox 3426 779 3478 833; x_wconf 88' lang='lat' dir='ltr'><strong>in</strong></span> <span class='ocrx_word' id='word_1_114' title='bbox 3501 777 3681 833; x_wconf 78' lang='lat' dir='ltr'><strong>futura</strong></span> <span class='ocrx_word' id='word_1_115' title='bbox 3700 792 3823 833; x_wconf 84' lang='lat' dir='ltr'><strong>cum</strong></span> 
     </span>
    </p>
   </div>
   <div class='ocr_carea' id='block_1_18' title="bbox 2228 871 3828 929">
    <p class='ocr_par' dir='ltr' id='par_1_18' title="bbox 2228 871 3828 929">
     <span class='ocr_line' id='line_1_18' title="bbox 2228 871 3828 929; baseline -0.001 -1"><span class='ocrx_word' id='word_1_116' title='bbox 2228 873 2392 928; x_wconf 90' lang='lat' dir='ltr'><strong>multa</strong></span> <span class='ocrx_word' id='word_1_117' title='bbox 2429 871 2644 929; x_wconf 82' lang='lat' dir='ltr'><strong>Christo</strong></span> <span class='ocrx_word' id='word_1_118' title='bbox 2687 873 2879 929; x_wconf 83' lang='lat' dir='ltr'><strong>fiducia</strong></span> <span class='ocrx_word' id='word_1_119' title='bbox 2907 875 3222 928; x_wconf 83' lang='lat' dir='ltr'><strong>assistemus</strong></span> <span class='ocrx_word' id='word_1_120' title='bbox 3249 881 3305 928; x_wconf 89' lang='lat' dir='ltr'><strong>et</strong></span> <span class='ocrx_word' id='word_1_121' title='bbox 3331 872 3542 927; x_wconf 87' lang='lat' dir='ltr'><strong>arcanis</strong></span> <span class='ocrx_word' id='word_1_122' title='bbox 3585 873 3828 926; x_wconf 76' lang='lat' dir='ltr'><strong>fruemur</strong></span> 
     </span>
    </p>
   </div>
   <div class='ocr_carea' id='block_1_19' title="bbox 2230 963 3831 1037">
    <p class='ocr_par' dir='ltr' id='par_1_19' title="bbox 2230 963 3831 1037">
     <span class='ocr_line' id='line_1_19' title="bbox 2230 963 3831 1037; baseline -0.001 -16"><span class='ocrx_word' id='word_1_123' title='bbox 2230 966 2386 1021; x_wconf 90' lang='lat' dir='ltr'><strong>bonis</strong></span> <span class='ocrx_word' id='word_1_124' title='bbox 2414 983 2428 1021; x_wconf 89' lang='lat'><strong>:</strong></span> <span class='ocrx_word' id='word_1_125' title='bbox 2460 982 2580 1037; x_wconf 71' lang='lat' dir='ltr'><strong>qua:</strong></span> <span class='ocrx_word' id='word_1_126' title='bbox 2608 982 2704 1021; x_wconf 90' lang='lat' dir='ltr'><strong>nos</strong></span> <span class='ocrx_word' id='word_1_127' title='bbox 2734 966 2948 1037; x_wconf 81' lang='lat' dir='ltr'><strong>assequi</strong></span> <span class='ocrx_word' id='word_1_128' title='bbox 2987 966 3176 1031; x_wconf 88' lang='lat' dir='ltr'><strong>detur,</strong></span> <span class='ocrx_word' id='word_1_129' title='bbox 3208 964 3375 1033; x_wconf 84' lang='lat' dir='ltr'><strong>gratia</strong></span> <span class='ocrx_word' id='word_1_130' title='bbox 3419 972 3475 1019; x_wconf 82' lang='lat' dir='ltr'><strong>et</strong></span> <span class='ocrx_word' id='word_1_131' title='bbox 3500 963 3831 1034; x_wconf 78' lang='lat' dir='ltr'><strong>benignitate</strong></span> 
     </span>
    </p>
   </div>
   <div class='ocr_carea' id='block_1_20' title="bbox 2236 1058 3833 1127">
    <p class='ocr_par' dir='ltr' id='par_1_20' title="bbox 2236 1058 3833 1127">
     <span class='ocr_line' id='line_1_20' title="bbox 2236 1058 3833 1127; baseline -0.004 -13"><span class='ocrx_word' id='word_1_132' title='bbox 2236 1059 2444 1114; x_wconf 88' lang='lat' dir='ltr'><strong>Domini</strong></span> <span class='ocrx_word' id='word_1_133' title='bbox 2477 1060 2643 1114; x_wconf 88' lang='lat' dir='ltr'><strong>nostri</strong></span> <span class='ocrx_word' id='word_1_134' title='bbox 2691 1059 2817 1115; x_wconf 78' lang='lat' dir='ltr'><strong>Jesu</strong></span> <span class='ocrx_word' id='word_1_135' title='bbox 2859 1058 3054 1114; x_wconf 86' lang='lat' dir='ltr'><strong>Christi</strong></span> <span class='ocrx_word' id='word_1_136' title='bbox 3081 1100 3097 1125; x_wconf 92' lang='lat'><strong>,</strong></span> <span class='ocrx_word' id='word_1_137' title='bbox 3150 1072 3246 1127; x_wconf 88' lang='lat' dir='ltr'><strong>per</strong></span> <span class='ocrx_word' id='word_1_138' title='bbox 3272 1070 3429 1126; x_wconf 86' lang='lat' dir='ltr'><strong>quem</strong></span> <span class='ocrx_word' id='word_1_139' title='bbox 3473 1064 3684 1112; x_wconf 87' lang='lat' dir='ltr'><strong>etcum</strong></span> <span class='ocrx_word' id='word_1_140' title='bbox 3730 1070 3833 1125; x_wconf 86' lang='lat' dir='ltr'><strong>quo</strong></span> 
     </span>
    </p>
   </div>
   <div class='ocr_carea' id='block_1_21' title="bbox 2233 1147 3834 1221">
    <p class='ocr_par' dir='ltr' id='par_1_21' title="bbox 2233 1147 3834 1221">
     <span class='ocr_line' id='line_1_21' title="bbox 2233 1147 3834 1221; baseline -0.002 -15"><span class='ocrx_word' id='word_1_141' title='bbox 2233 1151 2401 1221; x_wconf 81' lang='lat' dir='ltr'><strong>gloria</strong></span> <span class='ocrx_word' id='word_1_142' title='bbox 2435 1151 2577 1207; x_wconf 80' lang='lat' dir='ltr'><strong>Patri</strong></span> <span class='ocrx_word' id='word_1_143' title='bbox 2608 1165 2711 1206; x_wconf 89' lang='lat' dir='ltr'><strong>una</strong></span> <span class='ocrx_word' id='word_1_144' title='bbox 2737 1165 2861 1207; x_wconf 91' lang='lat' dir='ltr'><strong>cum</strong></span> <span class='ocrx_word' id='word_1_145' title='bbox 2893 1158 3080 1206; x_wconf 90' lang='lat' dir='ltr'><strong>sancto</strong></span> <span class='ocrx_word' id='word_1_146' title='bbox 3104 1149 3327 1220; x_wconf 86' lang='lat' dir='ltr'><strong>Spiritu,</strong></span> <span class='ocrx_word' id='word_1_147' title='bbox 3359 1148 3414 1203; x_wconf 90' lang='lat' dir='ltr'><strong>in</strong></span> <span class='ocrx_word' id='word_1_148' title='bbox 3443 1147 3643 1203; x_wconf 71' lang='lat' dir='ltr'><strong>sarcula</strong></span> <span class='ocrx_word' id='word_1_149' title='bbox 3668 1162 3834 1203; x_wconf 65' lang='grc' dir='ltr'><strong>εει-ω-</strong></span> 
     </span>
    </p>
   </div>
   <div class='ocr_carea' id='block_1_22' title="bbox 2238 1242 2651 1299">
    <p class='ocr_par' dir='ltr' id='par_1_22' title="bbox 2238 1242 2651 1299">
     <span class='ocr_line' id='line_1_22' title="bbox 2238 1242 2651 1299; baseline -0.007 -1"><span class='ocrx_word' id='word_1_150' title='bbox 2238 1242 2431 1298; x_wconf 88' lang='lat' dir='ltr'><strong>lorum.</strong></span> <span class='ocrx_word' id='word_1_151' title='bbox 2461 1244 2651 1299; x_wconf 83' lang='lat' dir='ltr'><strong>Amen.</strong></span> 
     </span>
    </p>
   </div>
   <div class='ocr_carea' id='block_1_23' title="bbox 542 1548 3836 1602">
    <p class='ocr_par' dir='ltr' id='par_1_23' title="bbox 542 1548 3836 1602">
     <span class='ocr_line' id='line_1_23' title="bbox 542 1548 3836 1602; baseline -0.001 -7"><span class='ocrx_word' id='word_1_152' title='bbox 542 1551 954 1597; x_wconf 67' lang='lat' dir='ltr'><strong>EX‘HOBTATIO</strong></span> <span class='ocrx_word' id='word_1_153' title='bbox 985 1552 1066 1596; x_wconf 72' lang='lat' dir='ltr'><strong>AD</strong></span> <span class='ocrx_word' id='word_1_154' title='bbox 1095 1551 1387 1595; x_wconf 73' lang='lat' dir='ltr'><strong>POPULUM</strong></span> <span class='ocrx_word' id='word_1_155' title='bbox 1415 1551 1498 1594; x_wconf 78' lang='lat' dir='ltr'><strong>DE</strong></span> <span class='ocrx_word' id='word_1_156' title='bbox 1527 1550 1861 1593; x_wconf 74' lang='grc' dir='ltr'><strong>ΡΔἸἸΕΝΊῚΔ</strong></span> <span class='ocrx_word' id='word_1_157' title='bbox 1895 1550 1976 1592; x_wconf 77' lang='grc' dir='ltr'><strong>ΕΤ</strong></span> <span class='ocrx_word' id='word_1_158' title='bbox 2002 1549 2429 1602; x_wconf 70' lang='grc' dir='ltr'><strong>τοιειιΑΝτιΑ,</strong></span> <span class='ocrx_word' id='word_1_159' title='bbox 2464 1551 2541 1595; x_wconf 77' lang='grc' dir='ltr'><strong>ΑΒ</strong></span> <span class='ocrx_word' id='word_1_160' title='bbox 2571 1552 2882 1595; x_wconf 66' lang='grc' dir='ltr'><strong>Ειεωιιιιε</strong></span> <span class='ocrx_word' id='word_1_161' title='bbox 2913 1551 3025 1595; x_wconf 82' lang='lat' dir='ltr'><strong>JOB</strong></span> <span class='ocrx_word' id='word_1_162' title='bbox 3068 1552 3148 1595; x_wconf 77' lang='lat' dir='ltr'><strong>ET</strong></span> <span class='ocrx_word' id='word_1_163' title='bbox 3190 1551 3394 1595; x_wconf 72' lang='grc' dir='ltr'>τιιιωί</span> <span class='ocrx_word' id='word_1_164' title='bbox 3439 1548 3787 1594; x_wconf 61' lang='grc' dir='ltr'><strong>ΡὉΕᾺΟΙΠῚἉῙ</strong></span> <span class='ocrx_word' id='word_1_165' title='bbox 3821 1575 3836 1591; x_wconf 89' lang='grc'><strong>.</strong></span> 
     </span>
    </p>
   </div>
   <div class='ocr_carea' id='block_1_24' title="bbox 1656 1650 2881 1698">
    <p class='ocr_par' dir='ltr' id='par_1_24' title="bbox 1656 1650 2881 1698">
     <span class='ocr_line' id='line_1_24' title="bbox 1656 1650 2881 1698; baseline 0.001 -5"><span class='ocrx_word' id='word_1_166' title='bbox 1656 1650 1740 1693; x_wconf 75' lang='grc' dir='ltr'><strong>ΕΤ</strong></span> <span class='ocrx_word' id='word_1_167' title='bbox 1782 1651 1864 1693; x_wconf 81' lang='lat' dir='ltr'><strong>DE</strong></span> <span class='ocrx_word' id='word_1_168' title='bbox 1918 1651 2335 1694; x_wconf 72' lang='lat' dir='ltr'><strong>ABSTINENTIA</strong></span> <span class='ocrx_word' id='word_1_169' title='bbox 2380 1655 2417 1696; x_wconf 80' lang='grc' dir='ltr'><strong>Δ</strong></span> <span class='ocrx_word' id='word_1_170' title='bbox 2459 1652 2881 1698; x_wconf 72' lang='lat' dir='ltr'><strong>JURAMENTIS.</strong></span> 
     </span>
    </p>
   </div>
   <div class='ocr_carea' id='block_1_25' title="bbox 2000 1772 2371 1832">
    <p class='ocr_par' dir='ltr' id='par_1_25' title="bbox 2000 1772 2371 1832">
     <span class='ocr_line' id='line_1_25' title="bbox 2000 1772 2371 1832; baseline -0.003 -3"><span class='ocrx_word' id='word_1_171' title='bbox 2000 1772 2371 1832; x_wconf 45' lang='lat' dir='ltr'><strong>eadem»</strong></span> 
     </span>
    </p>
   </div>
   <div class='ocr_carea' id='block_1_26' title="bbox 1099 1920 1580 1968">
    <p class='ocr_par' dir='ltr' id='par_1_26' title="bbox 1099 1920 1580 1968">
     <span class='ocr_line' id='line_1_26' title="bbox 1099 1920 1580 1968; baseline -0.002 -8"><span class='ocrx_word' id='word_1_172' title='bbox 1099 1920 1221 1961; x_wconf 79' lang='lat' dir='ltr'><strong>nam</strong></span> <span class='ocrx_word' id='word_1_173' title='bbox 1230 1921 1309 1960; x_wconf 67' lang='lat' dir='ltr'><strong>HA</strong></span> <span class='ocrx_word' id='word_1_174' title='bbox 1350 1920 1521 1968; x_wconf 71' lang='lat' dir='ltr'><strong>QUART</strong></span> <span class='ocrx_word' id='word_1_175' title='bbox 1530 1922 1555 1957; x_wconf 69' lang='grc' dir='ltr'><strong>Α</strong></span> <span class='ocrx_word' id='word_1_176' title='bbox 1567 1947 1580 1959; x_wconf 94' lang='grc'>.</span> 
     </span>
    </p>
   </div>
   <div class='ocr_carea' id='block_1_27' title="bbox 620 1995 2142 2067">
    <p class='ocr_par' dir='ltr' id='par_1_27' title="bbox 620 1995 2142 2067">
     <span class='ocr_line' id='line_1_27' title="bbox 620 1995 2142 2067; baseline -0.002 -14"><span class='ocrx_word' id='word_1_177' title='bbox 620 2000 673 2053; x_wconf 82' lang='lat' dir='ltr'><strong>l.</strong></span> <span class='ocrx_word' id='word_1_178' title='bbox 706 1998 1022 2052; x_wconf 78' lang='lat' dir='ltr'><strong>Benedictus</strong></span> <span class='ocrx_word' id='word_1_179' title='bbox 1067 1998 1213 2053; x_wconf 86' lang='lat' dir='ltr'><strong>Deus</strong></span> <span class='ocrx_word' id='word_1_180' title='bbox 1236 2040 1249 2061; x_wconf 95' lang='lat'><strong>,</strong></span> <span class='ocrx_word' id='word_1_181' title='bbox 1280 1998 1368 2067; x_wconf 91' lang='lat' dir='ltr'><strong>qui</strong></span> <span class='ocrx_word' id='word_1_182' title='bbox 1412 1997 1656 2052; x_wconf 85' lang='lat' dir='ltr'><strong>dolentes</strong></span> <span class='ocrx_word' id='word_1_183' title='bbox 1685 1995 1893 2050; x_wconf 87' lang='lat' dir='ltr'><strong>animas</strong></span> <span class='ocrx_word' id='word_1_184' title='bbox 1933 2003 2142 2050; x_wconf 83' lang='lat' dir='ltr'><strong>vestras</strong></span> 
     </span>
    </p>
   </div>
   <div class='ocr_carea' id='block_1_28' title="bbox 547 2086 2141 2155">
    <p class='ocr_par' dir='ltr' id='par_1_28' title="bbox 547 2086 2141 2155">
     <span class='ocr_line' id='line_1_28' title="bbox 547 2086 2141 2155; baseline -0.001 -11"><span class='ocrx_word' id='word_1_185' title='bbox 547 2091 856 2145; x_wconf 83' lang='lat' dir='ltr'><strong>consolatus</strong></span> <span class='ocrx_word' id='word_1_186' title='bbox 893 2098 1013 2155; x_wconf 89' lang='lat' dir='ltr'><strong>est,</strong></span> <span class='ocrx_word' id='word_1_187' title='bbox 1057 2099 1114 2145; x_wconf 89' lang='lat' dir='ltr'><strong>et</strong></span> <span class='ocrx_word' id='word_1_188' title='bbox 1158 2090 1467 2144; x_wconf 74' lang='lat' dir='ltr'><strong>vacillantes</strong></span> <span class='ocrx_word' id='word_1_189' title='bbox 1514 2098 1719 2143; x_wconf 90' lang='lat' dir='ltr'><strong>mentes</strong></span> <span class='ocrx_word' id='word_1_190' title='bbox 1767 2086 2141 2142; x_wconf 88' lang='lat' dir='ltr'><strong>confirmavit:</strong></span> 
     </span>
    </p>
   </div>
   <div class='ocr_carea' id='block_1_29' title="bbox 547 2182 2149 2255">
    <p class='ocr_par' dir='ltr' id='par_1_29' title="bbox 547 2182 2149 2255">
     <span class='ocr_line' id='line_1_29' title="bbox 547 2182 2149 2255; baseline 0 -19"><span class='ocrx_word' id='word_1_191' title='bbox 547 2185 689 2255; x_wconf 84' lang='lat' dir='ltr'><strong>quod</strong></span> <span class='ocrx_word' id='word_1_192' title='bbox 730 2185 871 2239; x_wconf 90' lang='lat' dir='ltr'><strong>enim</strong></span> <span class='ocrx_word' id='word_1_193' title='bbox 923 2199 1213 2255; x_wconf 84' lang='lat' dir='ltr'><strong>congruam</strong></span> <span class='ocrx_word' id='word_1_194' title='bbox 1260 2183 1513 2254; x_wconf 78' lang='lat' dir='ltr'><strong>ceperitis</strong></span> <span class='ocrx_word' id='word_1_195' title='bbox 1553 2182 2014 2245; x_wconf 70' lang='lat' dir='ltr'><strong>consolationem,</strong></span> <span class='ocrx_word' id='word_1_196' title='bbox 2051 2196 2149 2253; x_wconf 88' lang='lat' dir='ltr'><strong>per</strong></span> 
     </span>
    </p>
   </div>
   <div class='ocr_carea' id='block_1_30' title="bbox 551 2271 2148 2343">
    <p class='ocr_par' dir='ltr' id='par_1_30' title="bbox 551 2271 2148 2343">
     <span class='ocr_line' id='line_1_30' title="bbox 551 2271 2148 2343; baseline -0.004 -14"><span class='ocrx_word' id='word_1_197' title='bbox 551 2275 786 2329; x_wconf 87' lang='lat' dir='ltr'><strong>studium</strong></span> <span class='ocrx_word' id='word_1_198' title='bbox 818 2274 919 2329; x_wconf 86' lang='lat' dir='ltr'><strong>hoc</strong></span> <span class='ocrx_word' id='word_1_199' title='bbox 941 2284 996 2330; x_wconf 90' lang='lat' dir='ltr'><strong>et</strong></span> <span class='ocrx_word' id='word_1_200' title='bbox 1024 2273 1273 2329; x_wconf 87' lang='lat' dir='ltr'><strong>audiendi</strong></span> <span class='ocrx_word' id='word_1_201' title='bbox 1306 2271 1779 2343; x_wconf 88' lang='lat' dir='ltr'><strong>promptitudinem</strong></span> <span class='ocrx_word' id='word_1_202' title='bbox 1810 2271 2148 2326; x_wconf 83' lang='lat' dir='ltr'><strong>demonstra-</strong></span> 
     </span>
    </p>
   </div>
   <div class='ocr_carea' id='block_1_31' title="bbox 552 2362 2152 2431">
    <p class='ocr_par' dir='ltr' id='par_1_31' title="bbox 552 2362 2152 2431">
     <span class='ocr_line' id='line_1_31' title="bbox 552 2362 2152 2431; baseline -0.002 -11"><span class='ocrx_word' id='word_1_203' title='bbox 552 2369 642 2420; x_wconf 90' lang='lat' dir='ltr'><strong>tis.</strong></span> <span class='ocrx_word' id='word_1_204' title='bbox 675 2367 791 2422; x_wconf 82' lang='lat' dir='ltr'><strong>Non</strong></span> <span class='ocrx_word' id='word_1_205' title='bbox 823 2367 965 2421; x_wconf 90' lang='lat' dir='ltr'><strong>enim</strong></span> <span class='ocrx_word' id='word_1_206' title='bbox 1007 2366 1185 2431; x_wconf 87' lang='lat' dir='ltr'><strong>datur,</strong></span> <span class='ocrx_word' id='word_1_207' title='bbox 1219 2367 1452 2419; x_wconf 90' lang='lat' dir='ltr'><strong>animam</strong></span> <span class='ocrx_word' id='word_1_208' title='bbox 1501 2365 1774 2420; x_wconf 88' lang='lat' dir='ltr'><strong>dolentem</strong></span> <span class='ocrx_word' id='word_1_209' title='bbox 1820 2373 1875 2419; x_wconf 91' lang='lat' dir='ltr'><strong>et</strong></span> <span class='ocrx_word' id='word_1_210' title='bbox 1923 2362 2152 2418; x_wconf 77' lang='lat' dir='ltr'><strong>tristitirc</strong></span> 
     </span>
    </p>
   </div>
   <div class='ocr_carea' id='block_1_32' title="bbox 557 2453 2153 2527">
    <p class='ocr_par' dir='ltr' id='par_1_32' title="bbox 557 2453 2153 2527">
     <span class='ocr_line' id='line_1_32' title="bbox 557 2453 2153 2527; baseline -0.002 -17"><span class='ocrx_word' id='word_1_211' title='bbox 557 2457 698 2513; x_wconf 88' lang='lat' dir='ltr'><strong>nube</strong></span> <span class='ocrx_word' id='word_1_212' title='bbox 728 2471 966 2527; x_wconf 83' lang='lat' dir='ltr'><strong>pressam</strong></span> <span class='ocrx_word' id='word_1_213' title='bbox 992 2469 1148 2526; x_wconf 86' lang='lat' dir='ltr'><strong>posse</strong></span> <span class='ocrx_word' id='word_1_214' title='bbox 1169 2471 1287 2525; x_wconf 74' lang='lat' dir='ltr'><strong>qua:</strong></span> <span class='ocrx_word' id='word_1_215' title='bbox 1314 2455 1566 2510; x_wconf 91' lang='lat' dir='ltr'><strong>dicuntur</strong></span> <span class='ocrx_word' id='word_1_216' title='bbox 1588 2469 1707 2508; x_wconf 92' lang='lat' dir='ltr'><strong>cum</strong></span> <span class='ocrx_word' id='word_1_217' title='bbox 1732 2453 2153 2525; x_wconf 87' lang='lat' dir='ltr'><strong>promptitudinc</strong></span> 
     </span>
    </p>
   </div>
   <div class='ocr_carea' id='block_1_33' title="bbox 555 2544 2155 2613">
    <p class='ocr_par' dir='ltr' id='par_1_33' title="bbox 555 2544 2155 2613">
     <span class='ocr_line' id='line_1_33' title="bbox 555 2544 2155 2613; baseline 0 -13"><span class='ocrx_word' id='word_1_218' title='bbox 555 2548 777 2613; x_wconf 88' lang='lat' dir='ltr'><strong>audire;</strong></span> <span class='ocrx_word' id='word_1_219' title='bbox 811 2563 906 2602; x_wconf 90' lang='lat' dir='ltr'><strong>vos</strong></span> <span class='ocrx_word' id='word_1_220' title='bbox 935 2556 1112 2601; x_wconf 85' lang='lat' dir='ltr'><strong>autem</strong></span> <span class='ocrx_word' id='word_1_221' title='bbox 1144 2546 1302 2601; x_wconf 90' lang='lat' dir='ltr'><strong>video</strong></span> <span class='ocrx_word' id='word_1_222' title='bbox 1329 2562 1451 2601; x_wconf 91' lang='lat' dir='ltr'><strong>cum</strong></span> <span class='ocrx_word' id='word_1_223' title='bbox 1481 2544 1649 2600; x_wconf 89' lang='lat' dir='ltr'><strong>multa</strong></span> <span class='ocrx_word' id='word_1_224' title='bbox 1703 2544 2074 2600; x_wconf 83' lang='lat' dir='ltr'><strong>benevolentia</strong></span> <span class='ocrx_word' id='word_1_225' title='bbox 2102 2554 2155 2600; x_wconf 86' lang='lat' dir='ltr'><strong>ct</strong></span> 
     </span>
    </p>
   </div>
   <div class='ocr_carea' id='block_1_34' title="bbox 556 2637 2157 2695">
    <p class='ocr_par' dir='ltr' id='par_1_34' title="bbox 556 2637 2157 2695">
     <span class='ocr_line' id='line_1_34' title="bbox 556 2637 2157 2695; baseline -0.001 -1"><span class='ocrx_word' id='word_1_226' title='bbox 556 2640 668 2695; x_wconf 87' lang='lat' dir='ltr'><strong>acri</strong></span> <span class='ocrx_word' id='word_1_227' title='bbox 700 2638 879 2694; x_wconf 89' lang='lat' dir='ltr'><strong>studio</strong></span> <span class='ocrx_word' id='word_1_228' title='bbox 906 2640 1060 2694; x_wconf 88' lang='lat' dir='ltr'><strong>nobis</strong></span> <span class='ocrx_word' id='word_1_229' title='bbox 1090 2639 1431 2695; x_wconf 83' lang='lat' dir='ltr'><strong>attendentes</strong></span> <span class='ocrx_word' id='word_1_230' title='bbox 1476 2638 1730 2693; x_wconf 87' lang='lat' dir='ltr'><strong>omnibus</strong></span> <span class='ocrx_word' id='word_1_231' title='bbox 1773 2637 2016 2693; x_wconf 86' lang='lat' dir='ltr'><strong>tristibus</strong></span> <span class='ocrx_word' id='word_1_232' title='bbox 2064 2654 2157 2693; x_wconf 79' lang='lat' dir='ltr'><strong>cx-</strong></span> 
     </span>
    </p>
   </div>
   <div class='ocr_carea' id='block_1_35' title="bbox 559 2729 2153 2799">
    <p class='ocr_par' dir='ltr' id='par_1_35' title="bbox 559 2729 2153 2799">
     <span class='ocr_line' id='line_1_35' title="bbox 559 2729 2153 2799; baseline -0.003 -13"><span class='ocrx_word' id='word_1_233' title='bbox 559 2732 765 2798; x_wconf 88' lang='lat' dir='ltr'><strong>cussis,</strong></span> <span class='ocrx_word' id='word_1_234' title='bbox 811 2741 864 2786; x_wconf 91' lang='lat' dir='ltr'><strong>et</strong></span> <span class='ocrx_word' id='word_1_235' title='bbox 906 2730 1156 2785; x_wconf 80' lang='lat' dir='ltr'><strong>audiendi</strong></span> <span class='ocrx_word' id='word_1_236' title='bbox 1206 2729 1477 2786; x_wconf 88' lang='lat' dir='ltr'><strong>desiderio</strong></span> <span class='ocrx_word' id='word_1_237' title='bbox 1530 2732 1813 2786; x_wconf 85' lang='lat' dir='ltr'><strong>instantem</strong></span> <span class='ocrx_word' id='word_1_238' title='bbox 1859 2730 2153 2799; x_wconf 82' lang='lat' dir='ltr'><strong>angustiam</strong></span> 
     </span>
    </p>
   </div>
   <div class='ocr_carea' id='block_1_36' title="bbox 558 2820 2153 2894">
    <p class='ocr_par' dir='ltr' id='par_1_36' title="bbox 558 2820 2153 2894">
     <span class='ocr_line' id='line_1_36' title="bbox 558 2820 2153 2894; baseline -0.001 -17"><span class='ocrx_word' id='word_1_239' title='bbox 558 2823 848 2894; x_wconf 81' lang='lat' dir='ltr'><strong>repetisse.</strong></span> <span class='ocrx_word' id='word_1_240' title='bbox 875 2820 1169 2892; x_wconf 86' lang='lat' dir='ltr'><strong>Propterea</strong></span> <span class='ocrx_word' id='word_1_241' title='bbox 1202 2821 1312 2876; x_wconf 89' lang='lat' dir='ltr'><strong>Deo</strong></span> <span class='ocrx_word' id='word_1_242' title='bbox 1334 2821 1609 2876; x_wconf 86' lang='lat' dir='ltr'><strong>vobiscum</strong></span> <span class='ocrx_word' id='word_1_243' title='bbox 1636 2820 1837 2891; x_wconf 84' lang='lat' dir='ltr'><strong>gratias</strong></span> <span class='ocrx_word' id='word_1_244' title='bbox 1864 2834 1983 2890; x_wconf 82' lang='lat' dir='ltr'><strong>ago,</strong></span> <span class='ocrx_word' id='word_1_245' title='bbox 2014 2821 2153 2890; x_wconf 88' lang='lat' dir='ltr'><strong>quod</strong></span> 
     </span>
    </p>
   </div>
   <div class='ocr_carea' id='block_1_37' title="bbox 561 2913 2160 2984">
    <p class='ocr_par' dir='ltr' id='par_1_37' title="bbox 561 2913 2160 2984">
     <span class='ocr_line' id='line_1_37' title="bbox 561 2913 2160 2984; baseline -0.003 -15"><span class='ocrx_word' id='word_1_246' title='bbox 561 2913 954 2984; x_wconf 84' lang='lat' dir='ltr'><strong>philosophiam</strong></span> <span class='ocrx_word' id='word_1_247' title='bbox 986 2922 1220 2976; x_wconf 88' lang='lat' dir='ltr'><strong>vestram</strong></span> <span class='ocrx_word' id='word_1_248' title='bbox 1250 2913 1466 2969; x_wconf 91' lang='lat' dir='ltr'><strong>miseria</strong></span> <span class='ocrx_word' id='word_1_249' title='bbox 1497 2929 1602 2968; x_wconf 91' lang='lat' dir='ltr'><strong>non</strong></span> <span class='ocrx_word' id='word_1_250' title='bbox 1631 2913 1851 2975; x_wconf 87' lang='lat' dir='ltr'><strong>vicerit,</strong></span> <span class='ocrx_word' id='word_1_251' title='bbox 1884 2928 1983 2968; x_wconf 88' lang='lat' dir='ltr'><strong>nec</strong></span> <span class='ocrx_word' id='word_1_252' title='bbox 2012 2914 2160 2983; x_wconf 81' lang='lat' dir='ltr'><strong>vigo-</strong></span> 
     </span>
    </p>
   </div>
   <div class='ocr_carea' id='block_1_38' title="bbox 561 3006 2157 3073">
    <p class='ocr_par' dir='ltr' id='par_1_38' title="bbox 561 3006 2157 3073">
     <span class='ocr_line' id='line_1_38' title="bbox 561 3006 2157 3073; baseline -0.001 -11"><span class='ocrx_word' id='word_1_253' title='bbox 561 3024 676 3064; x_wconf 90' lang='lat' dir='ltr'><strong>rem</strong></span> <span class='ocrx_word' id='word_1_254' title='bbox 699 3019 934 3064; x_wconf 85' lang='lat' dir='ltr'><strong>vestrum</strong></span> <span class='ocrx_word' id='word_1_255' title='bbox 963 3008 1124 3062; x_wconf 88' lang='lat' dir='ltr'><strong>timor</strong></span> <span class='ocrx_word' id='word_1_256' title='bbox 1142 3007 1436 3073; x_wconf 85' lang='lat' dir='ltr'><strong>remiserit,</strong></span> <span class='ocrx_word' id='word_1_257' title='bbox 1461 3022 1560 3062; x_wconf 90' lang='lat' dir='ltr'><strong>nec</strong></span> <span class='ocrx_word' id='word_1_258' title='bbox 1577 3006 1906 3061; x_wconf 86' lang='lat' dir='ltr'><strong>alacritatem</strong></span> <span class='ocrx_word' id='word_1_259' title='bbox 1926 3012 2157 3061; x_wconf 81' lang='lat' dir='ltr'><strong>vestram</strong></span> 
     </span>
    </p>
   </div>
   <div class='ocr_carea' id='block_1_39' title="bbox 561 3096 2157 3165">
    <p class='ocr_par' dir='ltr' id='par_1_39' title="bbox 561 3096 2157 3165">
     <span class='ocr_line' id='line_1_39' title="bbox 561 3096 2157 3165; baseline -0.003 -10"><span class='ocrx_word' id='word_1_260' title='bbox 561 3100 877 3155; x_wconf 78' lang='lat' dir='ltr'><strong>exstinxerit</strong></span> <span class='ocrx_word' id='word_1_261' title='bbox 904 3099 1177 3154; x_wconf 86' lang='lat' dir='ltr'><strong>tribulatio</strong></span> <span class='ocrx_word' id='word_1_262' title='bbox 1195 3141 1208 3165; x_wconf 95' lang='lat'><strong>,</strong></span> <span class='ocrx_word' id='word_1_263' title='bbox 1245 3113 1347 3154; x_wconf 92' lang='lat' dir='ltr'><strong>nec</strong></span> <span class='ocrx_word' id='word_1_264' title='bbox 1369 3096 1685 3153; x_wconf 86' lang='lat' dir='ltr'><strong>labefecerit</strong></span> <span class='ocrx_word' id='word_1_265' title='bbox 1713 3097 1887 3153; x_wconf 88' lang='lat' dir='ltr'><strong>zelum</strong></span> <span class='ocrx_word' id='word_1_266' title='bbox 1920 3106 2157 3151; x_wconf 82' lang='lat' dir='ltr'><strong>vestrum</strong></span> 
     </span>
    </p>
   </div>
   <div class='ocr_carea' id='block_1_40' title="bbox 562 3190 2159 3263">
    <p class='ocr_par' dir='ltr' id='par_1_40' title="bbox 562 3190 2159 3263">
     <span class='ocr_line' id='line_1_40' title="bbox 562 3190 2159 3263; baseline -0.003 -16"><span class='ocrx_word' id='word_1_267' title='bbox 562 3193 782 3263; x_wconf 89' lang='lat' dir='ltr'><strong>periculi</strong></span> <span class='ocrx_word' id='word_1_268' title='bbox 813 3191 1141 3263; x_wconf 80' lang='lat' dir='ltr'><strong>magnitudo,</strong></span> <span class='ocrx_word' id='word_1_269' title='bbox 1166 3205 1265 3246; x_wconf 91' lang='lat' dir='ltr'><strong>nec</strong></span> <span class='ocrx_word' id='word_1_270' title='bbox 1291 3191 1623 3262; x_wconf 74' lang='lat' dir='ltr'><strong>superaverit</strong></span> <span class='ocrx_word' id='word_1_271' title='bbox 1647 3204 1885 3246; x_wconf 89' lang='lat' dir='ltr'><strong>amorem</strong></span> <span class='ocrx_word' id='word_1_272' title='bbox 1913 3191 1965 3245; x_wconf 89' lang='lat' dir='ltr'><strong>in</strong></span> <span class='ocrx_word' id='word_1_273' title='bbox 1996 3190 2159 3244; x_wconf 85' lang='lat' dir='ltr'><strong>Deum</strong></span> 
     </span>
    </p>
   </div>
   <div class='ocr_carea' id='block_1_41' title="bbox 568 3281 2158 3351">
    <p class='ocr_par' dir='ltr' id='par_1_41' title="bbox 568 3281 2158 3351">
     <span class='ocr_line' id='line_1_41' title="bbox 568 3281 2158 3351; baseline -0.004 -12"><span class='ocrx_word' id='word_1_274' title='bbox 568 3283 846 3340; x_wconf 85' lang='lat' dir='ltr'><strong>hominum</strong></span> <span class='ocrx_word' id='word_1_275' title='bbox 875 3286 1036 3340; x_wconf 86' lang='lat' dir='ltr'><strong>timor</strong></span> <span class='ocrx_word' id='word_1_276' title='bbox 1054 3327 1070 3350; x_wconf 94' lang='lat'><strong>,</strong></span> <span class='ocrx_word' id='word_1_277' title='bbox 1101 3299 1202 3339; x_wconf 89' lang='lat' dir='ltr'><strong>nec</strong></span> <span class='ocrx_word' id='word_1_278' title='bbox 1230 3282 1465 3338; x_wconf 88' lang='lat' dir='ltr'><strong>studium</strong></span> <span class='ocrx_word' id='word_1_279' title='bbox 1493 3291 1735 3337; x_wconf 87' lang='lat' dir='ltr'><strong>vestrum</strong></span> <span class='ocrx_word' id='word_1_280' title='bbox 1767 3281 2025 3351; x_wconf 88' lang='lat' dir='ltr'><strong>temporis</strong></span> <span class='ocrx_word' id='word_1_281' title='bbox 2053 3281 2158 3335; x_wconf 81' lang='lat' dir='ltr'><strong>iui-</strong></span> 
     </span>
    </p>
   </div>
   <div class='ocr_carea' id='block_1_42' title="bbox 567 3371 2163 3447">
    <p class='ocr_par' dir='ltr' id='par_1_42' title="bbox 567 3371 2163 3447">
     <span class='ocr_line' id='line_1_42' title="bbox 567 3371 2163 3447; baseline -0.002 -20"><span class='ocrx_word' id='word_1_282' title='bbox 567 3378 741 3447; x_wconf 89' lang='lat' dir='ltr'><strong>quitas</strong></span> <span class='ocrx_word' id='word_1_283' title='bbox 769 3376 1026 3446; x_wconf 76' lang='lat' dir='ltr'><strong>deiecerit</strong></span> <span class='ocrx_word' id='word_1_284' title='bbox 1056 3394 1069 3431; x_wconf 87' lang='lat'>:</span> <span class='ocrx_word' id='word_1_285' title='bbox 1095 3390 1199 3430; x_wconf 90' lang='lat' dir='ltr'><strong>non</strong></span> <span class='ocrx_word' id='word_1_286' title='bbox 1231 3383 1435 3430; x_wconf 82' lang='lat' dir='ltr'><strong>tantum</strong></span> <span class='ocrx_word' id='word_1_287' title='bbox 1469 3388 1573 3427; x_wconf 89' lang='lat' dir='ltr'><strong>non</strong></span> <span class='ocrx_word' id='word_1_288' title='bbox 1606 3372 1821 3441; x_wconf 74' lang='lat' dir='ltr'><strong>deiecit,</strong></span> <span class='ocrx_word' id='word_1_289' title='bbox 1845 3371 1938 3426; x_wconf 89' lang='lat' dir='ltr'><strong>scd</strong></span> <span class='ocrx_word' id='word_1_290' title='bbox 1960 3381 2014 3425; x_wconf 87' lang='lat' dir='ltr'><strong>et</strong></span> <span class='ocrx_word' id='word_1_291' title='bbox 2037 3384 2163 3425; x_wconf 83' lang='lat' dir='ltr'><strong>con-</strong></span> 
     </span>
    </p>
   </div>
   <div class='ocr_carea' id='block_1_43' title="bbox 575 3461 2161 3527">
    <p class='ocr_par' dir='ltr' id='par_1_43' title="bbox 575 3461 2161 3527">
     <span class='ocr_line' id='line_1_43' title="bbox 575 3461 2161 3527; baseline -0.004 -3"><span class='ocrx_word' id='word_1_292' title='bbox 575 3470 808 3524; x_wconf 79' lang='lat' dir='ltr'><strong>ﬁrmavit</strong></span> <span class='ocrx_word' id='word_1_293' title='bbox 835 3487 849 3522; x_wconf 89' lang='lat'><strong>:</strong></span> <span class='ocrx_word' id='word_1_294' title='bbox 881 3484 986 3522; x_wconf 91' lang='lat' dir='ltr'><strong>non</strong></span> <span class='ocrx_word' id='word_1_295' title='bbox 1027 3476 1233 3521; x_wconf 88' lang='lat' dir='ltr'><strong>tantum</strong></span> <span class='ocrx_word' id='word_1_296' title='bbox 1265 3480 1370 3519; x_wconf 91' lang='lat' dir='ltr'><strong>non</strong></span> <span class='ocrx_word' id='word_1_297' title='bbox 1403 3465 1636 3527; x_wconf 82' lang='lat' dir='ltr'><strong>remisit,</strong></span> <span class='ocrx_word' id='word_1_298' title='bbox 1666 3463 1759 3519; x_wconf 88' lang='lat' dir='ltr'><strong>sed</strong></span> <span class='ocrx_word' id='word_1_299' title='bbox 1799 3473 1853 3518; x_wconf 92' lang='lat' dir='ltr'><strong>ct</strong></span> <span class='ocrx_word' id='word_1_300' title='bbox 1891 3461 2119 3517; x_wconf 87' lang='lat' dir='ltr'><strong>intendit</strong></span> <span class='ocrx_word' id='word_1_301' title='bbox 2147 3480 2161 3516; x_wconf 90' lang='lat'><strong>:</strong></span> 
     </span>
    </p>
   </div>
   <div class='ocr_carea' id='block_1_44' title="bbox 574 3556 2162 3627">
    <p class='ocr_par' dir='ltr' id='par_1_44' title="bbox 574 3556 2162 3627">
     <span class='ocr_line' id='line_1_44' title="bbox 574 3556 2162 3627; baseline -0.003 -12"><span class='ocrx_word' id='word_1_302' title='bbox 574 3576 679 3615; x_wconf 90' lang='lat' dir='ltr'><strong>non</strong></span> <span class='ocrx_word' id='word_1_303' title='bbox 712 3570 916 3616; x_wconf 86' lang='lat' dir='ltr'><strong>tantum</strong></span> <span class='ocrx_word' id='word_1_304' title='bbox 943 3576 1051 3614; x_wconf 88' lang='lat' dir='ltr'><strong>non</strong></span> <span class='ocrx_word' id='word_1_305' title='bbox 1078 3559 1364 3621; x_wconf 78' lang='lat' dir='ltr'><strong>exstinxit,</strong></span> <span class='ocrx_word' id='word_1_306' title='bbox 1396 3559 1493 3612; x_wconf 90' lang='lat' dir='ltr'><strong>sed</strong></span> <span class='ocrx_word' id='word_1_307' title='bbox 1536 3567 1591 3613; x_wconf 89' lang='lat' dir='ltr'><strong>et</strong></span> <span class='ocrx_word' id='word_1_308' title='bbox 1631 3557 1859 3627; x_wconf 85' lang='lat' dir='ltr'><strong>amplius</strong></span> <span class='ocrx_word' id='word_1_309' title='bbox 1898 3556 2162 3611; x_wconf 88' lang='lat' dir='ltr'><strong>accendit.</strong></span> 
     </span>
    </p>
   </div>
   <div class='ocr_carea' id='block_1_45' title="bbox 573 3649 2163 3723">
    <p class='ocr_par' dir='ltr' id='par_1_45' title="bbox 573 3649 2163 3723">
     <span class='ocr_line' id='line_1_45' title="bbox 573 3649 2163 3723; baseline -0.004 -13"><span class='ocrx_word' id='word_1_310' title='bbox 573 3653 900 3710; x_wconf 77' lang='lat' dir='ltr'><strong>Evacuatum</strong></span> <span class='ocrx_word' id='word_1_311' title='bbox 919 3652 1133 3723; x_wconf 87' lang='lat' dir='ltr'><strong>quidem</strong></span> <span class='ocrx_word' id='word_1_312' title='bbox 1162 3652 1333 3705; x_wconf 89' lang='lat' dir='ltr'><strong>forum</strong></span> <span class='ocrx_word' id='word_1_313' title='bbox 1351 3660 1452 3717; x_wconf 74' lang='lat' dir='ltr'><strong>est,</strong></span> <span class='ocrx_word' id='word_1_314' title='bbox 1471 3650 1565 3705; x_wconf 86' lang='lat' dir='ltr'><strong>sed</strong></span> <span class='ocrx_word' id='word_1_315' title='bbox 1582 3649 1805 3705; x_wconf 84' lang='lat' dir='ltr'><strong>ecclesia</strong></span> <span class='ocrx_word' id='word_1_316' title='bbox 1830 3649 2029 3719; x_wconf 89' lang='lat' dir='ltr'><strong>repleta</strong></span> <span class='ocrx_word' id='word_1_317' title='bbox 2055 3649 2163 3721; x_wconf 86' lang='lat' dir='ltr'><strong>(a):</strong></span> 
     </span>
    </p>
   </div>
   <div class='ocr_carea' id='block_1_46' title="bbox 572 3739 2167 3811">
    <p class='ocr_par' dir='ltr' id='par_1_46' title="bbox 572 3739 2167 3811">
     <span class='ocr_line' id='line_1_46' title="bbox 572 3739 2167 3811; baseline -0.004 -11"><span class='ocrx_word' id='word_1_318' title='bbox 572 3745 701 3800; x_wconf 89' lang='lat' dir='ltr'><strong>illud</strong></span> <span class='ocrx_word' id='word_1_319' title='bbox 734 3745 907 3799; x_wconf 88' lang='lat' dir='ltr'><strong>luctus</strong></span> <span class='ocrx_word' id='word_1_320' title='bbox 931 3742 1175 3804; x_wconf 87' lang='lat' dir='ltr'><strong>materia,</strong></span> <span class='ocrx_word' id='word_1_321' title='bbox 1208 3741 1328 3796; x_wconf 75' lang='lat' dir='ltr'><strong>lucc</strong></span> <span class='ocrx_word' id='word_1_322' title='bbox 1356 3740 1533 3811; x_wconf 79' lang='lat' dir='ltr'><strong>gaudii</strong></span> <span class='ocrx_word' id='word_1_323' title='bbox 1562 3750 1615 3795; x_wconf 91' lang='lat' dir='ltr'><strong>ct</strong></span> <span class='ocrx_word' id='word_1_324' title='bbox 1641 3740 1840 3795; x_wconf 65' lang='lat' dir='ltr'><strong>laetitia:</strong></span> <span class='ocrx_word' id='word_1_325' title='bbox 1875 3739 2167 3809; x_wconf 88' lang='lat' dir='ltr'><strong>spiritualis</strong></span> 
     </span>
    </p>
   </div>
   <div class='ocr_carea' id='block_1_47' title="bbox 571 3830 2167 3911">
    <p class='ocr_par' dir='ltr' id='par_1_47' title="bbox 571 3830 2167 3911">
     <span class='ocr_line' id='line_1_47' title="bbox 571 3830 2167 3911; baseline -0.004 -21"><span class='ocrx_word' id='word_1_326' title='bbox 571 3836 804 3891; x_wconf 89' lang='lat' dir='ltr'><strong>occasio.</strong></span> <span class='ocrx_word' id='word_1_327' title='bbox 830 3834 959 3888; x_wconf 82' lang='lat' dir='ltr'><strong>Cum</strong></span> <span class='ocrx_word' id='word_1_328' title='bbox 991 3833 1156 3911; x_wconf 80' lang='lat' dir='ltr'><strong>igitur</strong></span> <span class='ocrx_word' id='word_1_329' title='bbox 1183 3834 1234 3887; x_wconf 93' lang='lat' dir='ltr'><strong>in</strong></span> <span class='ocrx_word' id='word_1_330' title='bbox 1262 3831 1434 3888; x_wconf 87' lang='lat' dir='ltr'><strong>forum</strong></span> <span class='ocrx_word' id='word_1_331' title='bbox 1462 3840 1513 3887; x_wconf 91' lang='lat' dir='ltr'><strong>te</strong></span> <span class='ocrx_word' id='word_1_332' title='bbox 1536 3831 1845 3898; x_wconf 89' lang='lat' dir='ltr'><strong>contuleris,</strong></span> <span class='ocrx_word' id='word_1_333' title='bbox 1873 3830 2087 3895; x_wconf 88' lang='lat' dir='ltr'><strong>dilecte,</strong></span> <span class='ocrx_word' id='word_1_334' title='bbox 2115 3838 2167 3885; x_wconf 88' lang='lat' dir='ltr'><strong>et</strong></span> 
     </span>
    </p>
   </div>
   <div class='ocr_carea' id='block_1_48' title="bbox 575 3921 2172 3997">
    <p class='ocr_par' dir='ltr' id='par_1_48' title="bbox 575 3921 2172 3997">
     <span class='ocr_line' id='line_1_48' title="bbox 575 3921 2172 3997; baseline -0.004 -15"><span class='ocrx_word' id='word_1_335' title='bbox 575 3928 917 3983; x_wconf 87' lang='lat' dir='ltr'><strong>solitudinem</strong></span> <span class='ocrx_word' id='word_1_336' title='bbox 944 3927 1288 3997; x_wconf 85' lang='lat' dir='ltr'><strong>conspicatus</strong></span> <span class='ocrx_word' id='word_1_337' title='bbox 1327 3925 1674 3995; x_wconf 86' lang='lat' dir='ltr'><strong>ingemueris,</strong></span> <span class='ocrx_word' id='word_1_338' title='bbox 1699 3923 1928 3994; x_wconf 86' lang='lat' dir='ltr'><strong>confuge</strong></span> <span class='ocrx_word' id='word_1_339' title='bbox 1951 3921 2020 3978; x_wconf 91' lang='lat' dir='ltr'><strong>ad</strong></span> <span class='ocrx_word' id='word_1_340' title='bbox 2057 3937 2172 3977; x_wconf 86' lang='lat' dir='ltr'><strong>ma-</strong></span> 
     </span>
    </p>
   </div>
   <div class='ocr_carea' id='block_1_49' title="bbox 574 4015 2172 4091">
    <p class='ocr_par' dir='ltr' id='par_1_49' title="bbox 574 4015 2172 4091">
     <span class='ocr_line' id='line_1_49' title="bbox 574 4015 2172 4091; baseline -0.004 -14"><span class='ocrx_word' id='word_1_341' title='bbox 574 4032 741 4084; x_wconf 86' lang='lat' dir='ltr'><strong>trem.</strong></span> <span class='ocrx_word' id='word_1_342' title='bbox 789 4030 844 4076; x_wconf 90' lang='lat' dir='ltr'><strong>ct</strong></span> <span class='ocrx_word' id='word_1_343' title='bbox 884 4022 1063 4076; x_wconf 86' lang='lat' dir='ltr'><strong>statim</strong></span> <span class='ocrx_word' id='word_1_344' title='bbox 1112 4030 1162 4075; x_wconf 91' lang='lat' dir='ltr'><strong>te</strong></span> <span class='ocrx_word' id='word_1_345' title='bbox 1196 4020 1534 4091; x_wconf 81' lang='lat' dir='ltr'><strong>propriorum</strong></span> <span class='ocrx_word' id='word_1_346' title='bbox 1572 4017 1802 4072; x_wconf 78' lang='lat' dir='ltr'><strong>ﬁliorum</strong></span> <span class='ocrx_word' id='word_1_347' title='bbox 1833 4015 2172 4072; x_wconf 88' lang='lat' dir='ltr'><strong>multitudine</strong></span> 
     </span>
    </p>
   </div>
   <div class='ocr_carea' id='block_1_50' title="bbox 575 4106 2171 4183">
    <p class='ocr_par' dir='ltr' id='par_1_50' title="bbox 575 4106 2171 4183">
     <span class='ocr_line' id='line_1_50' title="bbox 575 4106 2171 4183; baseline -0.006 -13"><span class='ocrx_word' id='word_1_348' title='bbox 575 4113 958 4179; x_wconf 83' lang='lat' dir='ltr'><strong>consolabitur,</strong></span> <span class='ocrx_word' id='word_1_349' title='bbox 991 4122 1047 4167; x_wconf 89' lang='lat' dir='ltr'><strong>et</strong></span> <span class='ocrx_word' id='word_1_350' title='bbox 1072 4111 1365 4183; x_wconf 89' lang='lat' dir='ltr'><strong>perfectum</strong></span> <span class='ocrx_word' id='word_1_351' title='bbox 1397 4109 1644 4165; x_wconf 83' lang='lat' dir='ltr'><strong>ostendet</strong></span> <span class='ocrx_word' id='word_1_352' title='bbox 1674 4108 1768 4163; x_wconf 85' lang='lat' dir='ltr'><strong>tibi</strong></span> <span class='ocrx_word' id='word_1_353' title='bbox 1794 4108 2014 4162; x_wconf 87' lang='lat' dir='ltr'><strong>fratrum</strong></span> <span class='ocrx_word' id='word_1_354' title='bbox 2042 4106 2171 4162; x_wconf 84' lang='lat' dir='ltr'><strong>cho-</strong></span> 
     </span>
    </p>
   </div>
   <div class='ocr_carea' id='block_1_51' title="bbox 577 4197 2173 4271">
    <p class='ocr_par' dir='ltr' id='par_1_51' title="bbox 577 4197 2173 4271">
     <span class='ocr_line' id='line_1_51' title="bbox 577 4197 2173 4271; baseline -0.006 -11"><span class='ocrx_word' id='word_1_355' title='bbox 577 4221 695 4261; x_wconf 89' lang='lat' dir='ltr'><strong>rum</strong></span> <span class='ocrx_word' id='word_1_356' title='bbox 716 4247 731 4271; x_wconf 93' lang='lat'><strong>,</strong></span> <span class='ocrx_word' id='word_1_357' title='bbox 763 4213 817 4260; x_wconf 88' lang='lat' dir='ltr'><strong>et</strong></span> <span class='ocrx_word' id='word_1_358' title='bbox 844 4217 1058 4259; x_wconf 88' lang='lat' dir='ltr'><strong>onmem</strong></span> <span class='ocrx_word' id='word_1_359' title='bbox 1093 4202 1364 4257; x_wconf 85' lang='lat' dir='ltr'><strong>tristitiam</strong></span> <span class='ocrx_word' id='word_1_360' title='bbox 1405 4199 1653 4271; x_wconf 90' lang='lat' dir='ltr'><strong>repellet.</strong></span> <span class='ocrx_word' id='word_1_361' title='bbox 1686 4199 1742 4254; x_wconf 88' lang='lat' dir='ltr'><strong>in</strong></span> <span class='ocrx_word' id='word_1_362' title='bbox 1788 4198 1918 4253; x_wconf 86' lang='lat' dir='ltr'><strong>urbe</strong></span> <span class='ocrx_word' id='word_1_363' title='bbox 1958 4197 2173 4268; x_wconf 88' lang='lat' dir='ltr'><strong>quidem</strong></span> 
     </span>
    </p>
   </div>
   <div class='ocr_carea' id='block_1_52' title="bbox 578 4288 2178 4362">
    <p class='ocr_par' dir='ltr' id='par_1_52' title="bbox 578 4288 2178 4362">
     <span class='ocr_line' id='line_1_52' title="bbox 578 4288 2178 4362; baseline -0.006 -11"><span class='ocrx_word' id='word_1_364' title='bbox 578 4298 723 4351; x_wconf 84' lang='lat' dir='ltr'><strong>viros</strong></span> <span class='ocrx_word' id='word_1_365' title='bbox 752 4309 974 4351; x_wconf 85' lang='lat' dir='ltr'><strong>cernere</strong></span> <span class='ocrx_word' id='word_1_366' title='bbox 999 4293 1370 4349; x_wconf 86' lang='lat' dir='ltr'><strong>desideramus</strong></span> <span class='ocrx_word' id='word_1_367' title='bbox 1393 4300 1661 4362; x_wconf 85' lang='lat' dir='ltr'><strong>tamquam</strong></span> <span class='ocrx_word' id='word_1_368' title='bbox 1690 4289 1906 4345; x_wconf 89' lang='lat' dir='ltr'><strong>deserta</strong></span> <span class='ocrx_word' id='word_1_369' title='bbox 1939 4288 2178 4344; x_wconf 84' lang='lat' dir='ltr'><strong>habitan-</strong></span> 
     </span>
    </p>
   </div>
   <div class='ocr_carea' id='block_1_53' title="bbox 583 4381 2179 4455">
    <p class='ocr_par' dir='ltr' id='par_1_53' title="bbox 583 4381 2179 4455">
     <span class='ocr_line' id='line_1_53' title="bbox 583 4381 2179 4455; baseline -0.003 -13"><span class='ocrx_word' id='word_1_370' title='bbox 583 4399 697 4453; x_wconf 88' lang='lat' dir='ltr'><strong>tes;</strong></span> <span class='ocrx_word' id='word_1_371' title='bbox 730 4388 782 4441; x_wconf 91' lang='lat' dir='ltr'><strong>in</strong></span> <span class='ocrx_word' id='word_1_372' title='bbox 812 4387 1093 4442; x_wconf 82' lang='lat' dir='ltr'><strong>ecclesiam</strong></span> <span class='ocrx_word' id='word_1_373' title='bbox 1123 4401 1252 4440; x_wconf 89' lang='lat' dir='ltr'><strong>vero</strong></span> <span class='ocrx_word' id='word_1_374' title='bbox 1274 4383 1645 4455; x_wconf 80' lang='lat' dir='ltr'><strong>confugientes</strong></span> <span class='ocrx_word' id='word_1_375' title='bbox 1672 4381 2008 4438; x_wconf 83' lang='lat' dir='ltr'><strong>multitudine</strong></span> <span class='ocrx_word' id='word_1_376' title='bbox 2034 4396 2179 4437; x_wconf 87' lang='lat' dir='ltr'><strong>com-</strong></span> 
     </span>
    </p>
   </div>
   <div class='ocr_carea' id='block_1_54' title="bbox 581 4473 2180 4546">
    <p class='ocr_par' dir='ltr' id='par_1_54' title="bbox 581 4473 2180 4546">
     <span class='ocr_line' id='line_1_54' title="bbox 581 4473 2180 4546; baseline -0.001 -15"><span class='ocrx_word' id='word_1_377' title='bbox 581 4477 880 4546; x_wconf 86' lang='lat' dir='ltr'><strong>primimur.</strong></span> <span class='ocrx_word' id='word_1_378' title='bbox 904 4476 971 4529; x_wconf 84' lang='lat' dir='ltr'><strong>Et</strong></span> <span class='ocrx_word' id='word_1_379' title='bbox 988 4474 1438 4545; x_wconf 79' lang='lat' dir='ltr'><strong>quemadmodum</strong></span> <span class='ocrx_word' id='word_1_380' title='bbox 1461 4474 1595 4529; x_wconf 89' lang='lat' dir='ltr'><strong>mari</strong></span> <span class='ocrx_word' id='word_1_381' title='bbox 1620 4483 1898 4541; x_wconf 65' lang='lat' dir='ltr'><strong>aestuante,</strong></span> <span class='ocrx_word' id='word_1_382' title='bbox 1921 4484 1975 4529; x_wconf 92' lang='lat' dir='ltr'><strong>et</strong></span> <span class='ocrx_word' id='word_1_383' title='bbox 1996 4473 2180 4529; x_wconf 89' lang='lat' dir='ltr'><strong>multis</strong></span> 
     </span>
    </p>
   </div>
   <div class='ocr_carea' id='block_1_55' title="bbox 584 4565 2181 4638">
    <p class='ocr_par' dir='ltr' id='par_1_55' title="bbox 584 4565 2181 4638">
     <span class='ocr_line' id='line_1_55' title="bbox 584 4565 2181 4638; baseline 0 -15"><span class='ocrx_word' id='word_1_384' title='bbox 584 4568 835 4638; x_wconf 90' lang='lat' dir='ltr'><strong>procellis</strong></span> <span class='ocrx_word' id='word_1_385' title='bbox 876 4566 1087 4623; x_wconf 91' lang='lat' dir='ltr'><strong>furente</strong></span> <span class='ocrx_word' id='word_1_386' title='bbox 1106 4608 1123 4633; x_wconf 88' lang='lat'><strong>,</strong></span> <span class='ocrx_word' id='word_1_387' title='bbox 1161 4566 1227 4621; x_wconf 91' lang='lat' dir='ltr'><strong>ad</strong></span> <span class='ocrx_word' id='word_1_388' title='bbox 1256 4579 1467 4638; x_wconf 91' lang='lat' dir='ltr'><strong>portum</strong></span> <span class='ocrx_word' id='word_1_389' title='bbox 1493 4565 1783 4638; x_wconf 85' lang='lat' dir='ltr'><strong>confugere</strong></span> <span class='ocrx_word' id='word_1_390' title='bbox 1807 4567 1967 4622; x_wconf 89' lang='lat' dir='ltr'><strong>timor</strong></span> <span class='ocrx_word' id='word_1_391' title='bbox 1993 4581 2181 4623; x_wconf 84' lang='lat' dir='ltr'><strong>omnes</strong></span> 
     </span>
    </p>
   </div>
   <div class='ocr_carea' id='block_1_56' title="bbox 585 4658 2182 4730">
    <p class='ocr_par' dir='ltr' id='par_1_56' title="bbox 585 4658 2182 4730">
     <span class='ocr_line' id='line_1_56' title="bbox 585 4658 2182 4730; baseline -0.001 -14"><span class='ocrx_word' id='word_1_392' title='bbox 585 4659 873 4730; x_wconf 81' lang='lat' dir='ltr'><strong>cogit:sic</strong></span> <span class='ocrx_word' id='word_1_393' title='bbox 913 4668 969 4715; x_wconf 89' lang='lat' dir='ltr'><strong>et</strong></span> <span class='ocrx_word' id='word_1_394' title='bbox 1011 4674 1155 4714; x_wconf 90' lang='lat' dir='ltr'><strong>nunc</strong></span> <span class='ocrx_word' id='word_1_395' title='bbox 1201 4658 1305 4714; x_wconf 74' lang='lat' dir='ltr'><strong>tori</strong></span> <span class='ocrx_word' id='word_1_396' title='bbox 1350 4658 1601 4728; x_wconf 67' lang='lat' dir='ltr'><strong>procellae</strong></span> <span class='ocrx_word' id='word_1_397' title='bbox 1628 4665 1685 4714; x_wconf 90' lang='lat' dir='ltr'><strong>et</strong></span> <span class='ocrx_word' id='word_1_398' title='bbox 1720 4659 1951 4715; x_wconf 84' lang='lat' dir='ltr'><strong>civitatis</strong></span> <span class='ocrx_word' id='word_1_399' title='bbox 2008 4658 2182 4714; x_wconf 85' lang='lat' dir='ltr'><strong>hiems</strong></span> 
     </span>
    </p>
   </div>
   <div class='ocr_carea' id='block_1_57' title="bbox 584 4744 2184 4823">
    <p class='ocr_par' dir='ltr' id='par_1_57' title="bbox 584 4744 2184 4823">
     <span class='ocr_line' id='line_1_57' title="bbox 584 4744 2184 4823; baseline -0.003 -13"><span class='ocrx_word' id='word_1_400' title='bbox 584 4762 783 4811; x_wconf 88' lang='lat' dir='ltr'><strong>omnes</strong></span> <span class='ocrx_word' id='word_1_401' title='bbox 812 4744 868 4809; x_wconf 81' lang='lat' dir='ltr'><strong>in</strong></span> <span class='ocrx_word' id='word_1_402' title='bbox 893 4748 1175 4810; x_wconf 77' lang='lat' dir='ltr'><strong>ecclesiam</strong></span> <span class='ocrx_word' id='word_1_403' title='bbox 1204 4751 1437 4823; x_wconf 85' lang='lat' dir='ltr'><strong>undique</strong></span> <span class='ocrx_word' id='word_1_404' title='bbox 1470 4751 1889 4822; x_wconf 84' lang='lat' dir='ltr'><strong>compellunt,et</strong></span> <span class='ocrx_word' id='word_1_405' title='bbox 1907 4749 2184 4807; x_wconf 84' lang='lat' dir='ltr'><strong>charitatis</strong></span> 
     </span>
    </p>
   </div>
   <div class='ocr_carea' id='block_1_58' title="bbox 585 4841 2185 4914">
    <p class='ocr_par' dir='ltr' id='par_1_58' title="bbox 585 4841 2185 4914">
     <span class='ocr_line' id='line_1_58' title="bbox 585 4841 2185 4914; baseline -0.001 -14"><span class='ocrx_word' id='word_1_406' title='bbox 585 4849 801 4903; x_wconf 77' lang='lat' dir='ltr'><strong>vinculo</strong></span> <span class='ocrx_word' id='word_1_407' title='bbox 817 4848 1057 4903; x_wconf 87' lang='lat' dir='ltr'><strong>membra</strong></span> <span class='ocrx_word' id='word_1_408' title='bbox 1074 4846 1214 4902; x_wconf 87' lang='lat' dir='ltr'><strong>inter</strong></span> <span class='ocrx_word' id='word_1_409' title='bbox 1233 4860 1294 4902; x_wconf 89' lang='lat' dir='ltr'><strong>se</strong></span> <span class='ocrx_word' id='word_1_410' title='bbox 1313 4846 1708 4914; x_wconf 86' lang='lat' dir='ltr'><strong>constringunt.</strong></span> <span class='ocrx_word' id='word_1_411' title='bbox 1725 4841 1937 4900; x_wconf 85' lang='lat' dir='ltr'><strong>Gratias</strong></span> <span class='ocrx_word' id='word_1_412' title='bbox 1965 4857 2185 4913; x_wconf 84' lang='lat' dir='ltr'><strong>agamus</strong></span> 
     </span>
    </p>
   </div>
   <div class='ocr_carea' id='block_1_59' title="bbox 588 4932 2187 5009">
    <p class='ocr_par' dir='ltr' id='par_1_59' title="bbox 588 4932 2187 5009">
     <span class='ocr_line' id='line_1_59' title="bbox 588 4932 2187 5009; baseline -0.004 -16"><span class='ocrx_word' id='word_1_413' title='bbox 588 4939 750 5008; x_wconf 82' lang='lat' dir='ltr'><strong>igitur</strong></span> <span class='ocrx_word' id='word_1_414' title='bbox 780 4948 834 4994; x_wconf 89' lang='lat' dir='ltr'><strong>ct</strong></span> <span class='ocrx_word' id='word_1_415' title='bbox 861 4949 1080 5009; x_wconf 79' lang='lat' dir='ltr'><strong>propter</strong></span> <span class='ocrx_word' id='word_1_416' title='bbox 1109 4939 1225 4993; x_wconf 73' lang='lat' dir='ltr'><strong>lucc</strong></span> <span class='ocrx_word' id='word_1_417' title='bbox 1257 4936 1371 4992; x_wconf 89' lang='lat' dir='ltr'><strong>Deo</strong></span> <span class='ocrx_word' id='word_1_418' title='bbox 1392 4975 1407 4998; x_wconf 89' lang='lat'><strong>,</strong></span> <span class='ocrx_word' id='word_1_419' title='bbox 1437 4934 1578 5006; x_wconf 91' lang='lat' dir='ltr'><strong>quod</strong></span> <span class='ocrx_word' id='word_1_420' title='bbox 1610 4941 1816 4989; x_wconf 84' lang='lat' dir='ltr'><strong>tantum</strong></span> <span class='ocrx_word' id='word_1_421' title='bbox 1858 4948 1925 4989; x_wconf 84' lang='lat' dir='ltr'><strong>ex</strong></span> <span class='ocrx_word' id='word_1_422' title='bbox 1964 4932 2187 4987; x_wconf 73' lang='lat' dir='ltr'><strong>tribula-</strong></span> 
     </span>
    </p>
   </div>
   <div class='ocr_carea' id='block_1_60' title="bbox 589 5027 2190 5100">
    <p class='ocr_par' dir='ltr' id='par_1_60' title="bbox 589 5027 2190 5100">
     <span class='ocr_line' id='line_1_60' title="bbox 589 5027 2190 5100; baseline -0.004 -14"><span class='ocrx_word' id='word_1_423' title='bbox 589 5033 737 5087; x_wconf 88' lang='lat' dir='ltr'><strong>tione</strong></span> <span class='ocrx_word' id='word_1_424' title='bbox 763 5035 1062 5100; x_wconf 88' lang='lat' dir='ltr'><strong>carpsimus</strong></span> <span class='ocrx_word' id='word_1_425' title='bbox 1090 5031 1512 5086; x_wconf 86' lang='lat' dir='ltr'><strong>emolumentum</strong></span> <span class='ocrx_word' id='word_1_426' title='bbox 1530 5069 1546 5095; x_wconf 92' lang='lat'><strong>,</strong></span> <span class='ocrx_word' id='word_1_427' title='bbox 1572 5027 1716 5099; x_wconf 83' lang='lat' dir='ltr'><strong>quod</strong></span> <span class='ocrx_word' id='word_1_428' title='bbox 1745 5034 1945 5080; x_wconf 89' lang='lat' dir='ltr'><strong>tantam</strong></span> <span class='ocrx_word' id='word_1_429' title='bbox 1986 5041 2049 5080; x_wconf 87' lang='lat' dir='ltr'><strong>cx</strong></span> <span class='ocrx_word' id='word_1_430' title='bbox 2080 5034 2190 5080; x_wconf 90' lang='lat' dir='ltr'><strong>ten-</strong></span> 
     </span>
    </p>
   </div>
   <div class='ocr_carea' id='block_1_61' title="bbox 591 5119 2184 5193">
    <p class='ocr_par' dir='ltr' id='par_1_61' title="bbox 591 5119 2184 5193">
     <span class='ocr_line' id='line_1_61' title="bbox 591 5119 2184 5193; baseline -0.004 -16"><span class='ocrx_word' id='word_1_431' title='bbox 591 5123 793 5177; x_wconf 85' lang='lat' dir='ltr'><strong>tatione</strong></span> <span class='ocrx_word' id='word_1_432' title='bbox 823 5123 1102 5179; x_wconf 88' lang='lat' dir='ltr'><strong>utilitatem</strong></span> <span class='ocrx_word' id='word_1_433' title='bbox 1131 5123 1391 5193; x_wconf 75' lang='lat' dir='ltr'><strong>cepimus.</strong></span> <span class='ocrx_word' id='word_1_434' title='bbox 1418 5120 1528 5176; x_wconf 83' lang='lat' dir='ltr'><strong>Nisi</strong></span> <span class='ocrx_word' id='word_1_435' title='bbox 1559 5119 1805 5183; x_wconf 88' lang='lat' dir='ltr'><strong>tentatio,</strong></span> <span class='ocrx_word' id='word_1_436' title='bbox 1830 5131 1928 5172; x_wconf 90' lang='lat' dir='ltr'><strong>nec</strong></span> <span class='ocrx_word' id='word_1_437' title='bbox 1949 5130 2145 5171; x_wconf 88' lang='lat' dir='ltr'><strong>corona</strong></span> <span class='ocrx_word' id='word_1_438' title='bbox 2170 5135 2184 5171; x_wconf 91' lang='lat'><strong>:</strong></span> 
     </span>
    </p>
   </div>
   <div class='ocr_carea' id='block_1_62' title="bbox 593 5209 2189 5285">
    <p class='ocr_par' dir='ltr' id='par_1_62' title="bbox 593 5209 2189 5285">
     <span class='ocr_line' id='line_1_62' title="bbox 593 5209 2189 5285; baseline -0.004 -15"><span class='ocrx_word' id='word_1_439' title='bbox 593 5215 694 5270; x_wconf 90' lang='lat' dir='ltr'><strong>nisi</strong></span> <span class='ocrx_word' id='word_1_440' title='bbox 739 5217 1026 5269; x_wconf 88' lang='lat' dir='ltr'><strong>certamina</strong></span> <span class='ocrx_word' id='word_1_441' title='bbox 1047 5257 1062 5281; x_wconf 88' lang='lat'><strong>,</strong></span> <span class='ocrx_word' id='word_1_442' title='bbox 1093 5231 1192 5269; x_wconf 86' lang='lat' dir='ltr'><strong>nec</strong></span> <span class='ocrx_word' id='word_1_443' title='bbox 1222 5213 1438 5285; x_wconf 74' lang='lat' dir='ltr'><strong>praemia</strong></span> <span class='ocrx_word' id='word_1_444' title='bbox 1470 5231 1483 5268; x_wconf 90' lang='lat'><strong>:</strong></span> <span class='ocrx_word' id='word_1_445' title='bbox 1517 5212 1618 5267; x_wconf 91' lang='lat' dir='ltr'><strong>nisi</strong></span> <span class='ocrx_word' id='word_1_446' title='bbox 1648 5211 1849 5277; x_wconf 90' lang='lat' dir='ltr'><strong>stadia,</strong></span> <span class='ocrx_word' id='word_1_447' title='bbox 1883 5224 1981 5265; x_wconf 88' lang='lat' dir='ltr'><strong>nec</strong></span> <span class='ocrx_word' id='word_1_448' title='bbox 2015 5209 2189 5263; x_wconf 84' lang='lat' dir='ltr'><strong>hono-</strong></span> 
     </span>
    </p>
   </div>
   <div class='ocr_carea' id='block_1_63' title="bbox 594 5301 2186 5372">
    <p class='ocr_par' dir='ltr' id='par_1_63' title="bbox 594 5301 2186 5372">
     <span class='ocr_line' id='line_1_63' title="bbox 594 5301 2186 5372; baseline -0.004 -10"><span class='ocrx_word' id='word_1_449' title='bbox 594 5321 683 5363; x_wconf 87' lang='lat' dir='ltr'><strong>res</strong></span> <span class='ocrx_word' id='word_1_450' title='bbox 727 5325 740 5360; x_wconf 77' lang='grc' dir='ltr'><strong>ε</strong></span> <span class='ocrx_word' id='word_1_451' title='bbox 790 5304 890 5360; x_wconf 88' lang='lat' dir='ltr'><strong>nisi</strong></span> <span class='ocrx_word' id='word_1_452' title='bbox 939 5306 1246 5369; x_wconf 86' lang='lat' dir='ltr'><strong>tribulatio,</strong></span> <span class='ocrx_word' id='word_1_453' title='bbox 1295 5320 1395 5360; x_wconf 89' lang='lat' dir='ltr'><strong>nec</strong></span> <span class='ocrx_word' id='word_1_454' title='bbox 1445 5303 1692 5359; x_wconf 88' lang='lat' dir='ltr'><strong>remissio</strong></span> <span class='ocrx_word' id='word_1_455' title='bbox 1740 5320 1755 5357; x_wconf 90' lang='lat'><strong>:</strong></span> <span class='ocrx_word' id='word_1_456' title='bbox 1802 5302 1906 5357; x_wconf 86' lang='lat' dir='ltr'><strong>nisi</strong></span> <span class='ocrx_word' id='word_1_457' title='bbox 1956 5301 2186 5372; x_wconf 86' lang='lat' dir='ltr'><strong>hyems,</strong></span> 
     </span>
    </p>
   </div>
   <div class='ocr_carea' id='block_1_64' title="bbox 596 5396 2188 5467">
    <p class='ocr_par' dir='ltr' id='par_1_64' title="bbox 596 5396 2188 5467">
     <span class='ocr_line' id='line_1_64' title="bbox 596 5396 2188 5467; baseline -0.006 -12"><span class='ocrx_word' id='word_1_458' title='bbox 596 5403 767 5456; x_wconf 87' lang='lat' dir='ltr'><strong>hiems</strong></span> <span class='ocrx_word' id='word_1_459' title='bbox 807 5400 847 5467; x_wconf 85' lang='grc'><strong>¹,</strong></span> <span class='ocrx_word' id='word_1_460' title='bbox 874 5414 973 5454; x_wconf 91' lang='lat' dir='ltr'><strong>nec</strong></span> <span class='ocrx_word' id='word_1_461' title='bbox 998 5409 1174 5453; x_wconf 76' lang='lat' dir='ltr'><strong>mstas.</strong></span> <span class='ocrx_word' id='word_1_462' title='bbox 1200 5398 1270 5453; x_wconf 81' lang='lat' dir='ltr'><strong>Et</strong></span> <span class='ocrx_word' id='word_1_463' title='bbox 1297 5398 1398 5453; x_wconf 92' lang='lat' dir='ltr'><strong>hoc</strong></span> <span class='ocrx_word' id='word_1_464' title='bbox 1425 5398 1603 5452; x_wconf 89' lang='lat' dir='ltr'><strong>nonin</strong></span> <span class='ocrx_word' id='word_1_465' title='bbox 1632 5396 1938 5451; x_wconf 88' lang='lat' dir='ltr'><strong>hominibus</strong></span> <span class='ocrx_word' id='word_1_466' title='bbox 1963 5405 2188 5457; x_wconf 90' lang='lat' dir='ltr'><strong>tantum,</strong></span> 
     </span>
    </p>
   </div>
   <div class='ocr_carea' id='block_1_65' title="bbox 596 5485 2194 5561">
    <p class='ocr_par' dir='ltr' id='par_1_65' title="bbox 596 5485 2194 5561">
     <span class='ocr_line' id='line_1_65' title="bbox 596 5485 2194 5561; baseline -0.004 -15"><span class='ocrx_word' id='word_1_467' title='bbox 596 5493 690 5546; x_wconf 85' lang='lat' dir='ltr'><strong>sed</strong></span> <span class='ocrx_word' id='word_1_468' title='bbox 717 5494 769 5546; x_wconf 90' lang='lat' dir='ltr'><strong>in</strong></span> <span class='ocrx_word' id='word_1_469' title='bbox 798 5490 1093 5545; x_wconf 81' lang='lat' dir='ltr'><strong>seminibus</strong></span> <span class='ocrx_word' id='word_1_470' title='bbox 1121 5505 1333 5561; x_wconf 85' lang='lat' dir='ltr'><strong>quoque</strong></span> <span class='ocrx_word' id='word_1_471' title='bbox 1376 5490 1504 5560; x_wconf 90' lang='lat' dir='ltr'><strong>ipsis</strong></span> <span class='ocrx_word' id='word_1_472' title='bbox 1539 5487 1731 5544; x_wconf 89' lang='lat' dir='ltr'><strong>intueri</strong></span> <span class='ocrx_word' id='word_1_473' title='bbox 1756 5488 1904 5544; x_wconf 89' lang='lat' dir='ltr'><strong>licet.</strong></span> <span class='ocrx_word' id='word_1_474' title='bbox 1937 5487 2005 5542; x_wconf 85' lang='lat' dir='ltr'><strong>Et</strong></span> <span class='ocrx_word' id='word_1_475' title='bbox 2027 5487 2080 5540; x_wconf 90' lang='lat' dir='ltr'><strong>in</strong></span> <span class='ocrx_word' id='word_1_476' title='bbox 2108 5485 2194 5540; x_wconf 87' lang='lat' dir='ltr'><strong>his</strong></span> 
     </span>
    </p>
   </div>
   <div class='ocr_carea' id='block_1_66' title="bbox 600 5576 2191 5651">
    <p class='ocr_par' dir='ltr' id='par_1_66' title="bbox 600 5576 2191 5651">
     <span class='ocr_line' id='line_1_66' title="bbox 600 5576 2191 5651; baseline -0.003 -17"><span class='ocrx_word' id='word_1_477' title='bbox 600 5582 741 5637; x_wconf 88' lang='lat' dir='ltr'><strong>enim</strong></span> <span class='ocrx_word' id='word_1_478' title='bbox 769 5581 991 5636; x_wconf 87' lang='lat' dir='ltr'><strong>multam</strong></span> <span class='ocrx_word' id='word_1_479' title='bbox 1021 5580 1234 5651; x_wconf 88' lang='lat' dir='ltr'><strong>quidem</strong></span> <span class='ocrx_word' id='word_1_480' title='bbox 1262 5581 1493 5651; x_wconf 84' lang='lat' dir='ltr'><strong>pluviam</strong></span> <span class='ocrx_word' id='word_1_481' title='bbox 1514 5620 1529 5645; x_wconf 94' lang='lat'><strong>,</strong></span> <span class='ocrx_word' id='word_1_482' title='bbox 1562 5579 1784 5634; x_wconf 84' lang='lat' dir='ltr'><strong>multam</strong></span> <span class='ocrx_word' id='word_1_483' title='bbox 1813 5594 1945 5634; x_wconf 90' lang='lat' dir='ltr'><strong>vero</strong></span> <span class='ocrx_word' id='word_1_484' title='bbox 1973 5576 2191 5632; x_wconf 89' lang='lat' dir='ltr'><strong>nubium</strong></span> 
     </span>
    </p>
   </div>
   <div class='ocr_carea' id='block_1_67' title="bbox 604 5706 2196 5822">
    <p class='ocr_par' dir='ltr' id='par_1_67' title="bbox 604 5706 2196 5822">
     <span class='ocr_line' id='line_1_67' title="bbox 604 5706 2196 5822; baseline -0.006 -56"><span class='ocrx_word' id='word_1_485' title='bbox 604 5714 915 5822; x_wconf 53' lang='grc' dir='ltr'><strong>ωἶηῖιίέοεω,</strong></span> <span class='ocrx_word' id='word_1_486' title='bbox 942 5711 1113 5773; x_wconf 77' lang='lat' dir='ltr'><strong>hiems,</strong></span> <span class='ocrx_word' id='word_1_487' title='bbox 1131 5713 1394 5776; x_wconf 73' lang='lat' dir='ltr'><strong>repetitam</strong></span> <span class='ocrx_word' id='word_1_488' title='bbox 1414 5710 1494 5762; x_wconf 88' lang='lat' dir='ltr'><strong>hic</strong></span> <span class='ocrx_word' id='word_1_489' title='bbox 1517 5717 1570 5761; x_wconf 90' lang='lat' dir='ltr'><strong>et</strong></span> <span class='ocrx_word' id='word_1_490' title='bbox 1585 5709 1708 5761; x_wconf 89' lang='lat' dir='ltr'><strong>infra</strong></span> <span class='ocrx_word' id='word_1_491' title='bbox 1734 5711 1875 5775; x_wconf 80' lang='lat' dir='ltr'><strong>juxta</strong></span> <span class='ocrx_word' id='word_1_492' title='bbox 1897 5706 2040 5759; x_wconf 81' lang='lat' dir='ltr'><strong>Savil.</strong></span> <span class='ocrx_word' id='word_1_493' title='bbox 2067 5707 2196 5757; x_wconf 80' lang='lat' dir='ltr'><strong>inse-</strong></span> 
     </span>
     <span class='ocr_line' id='line_1_68' title="bbox 717 5788 805 5820; baseline -0.011 0"><span class='ocrx_word' id='word_1_494' title='bbox 717 5788 728 5820; x_wconf 92' lang='lat' dir='ltr'><strong>I</strong></span> <span class='ocrx_word' id='word_1_495' title='bbox 795 5809 805 5819; x_wconf 84' lang='lat'><strong>.</strong></span> 
     </span>
    </p>
   </div>
   <div class='ocr_carea' id='block_1_68' title="bbox 717 5788 805 5820">
    <p class='ocr_par' dir='ltr' id='par_1_68' title="bbox 717 5788 805 5820">
     <span class='ocr_line' id='line_1_69' title="bbox 717 5788 805 5820; baseline -0.011 0"><span class='ocrx_word' id='word_1_496' title='bbox 717 5788 805 5820; x_wconf 77' lang='lat' dir='ltr'><strong>IIIS.</strong></span> 
     </span>
    </p>
   </div>
   <div class='ocr_carea' id='block_1_69' title="bbox 668 5830 2177 5897">
    <p class='ocr_par' dir='ltr' id='par_1_69' title="bbox 668 5830 2177 5897">
     <span class='ocr_line' id='line_1_70' title="bbox 668 5830 2177 5897; baseline -0.011 -1"><span class='ocrx_word' id='word_1_497' title='bbox 668 5835 747 5896; x_wconf 75' lang='grc' dir='ltr'><strong>(α)</strong></span> <span class='ocrx_word' id='word_1_498' title='bbox 778 5839 828 5881; x_wconf 74' lang='grc' dir='ltr'><strong>ιη</strong></span> <span class='ocrx_word' id='word_1_499' title='bbox 848 5832 1124 5886; x_wconf 67' lang='lat' dir='ltr'><strong>celandum</strong></span> <span class='ocrx_word' id='word_1_500' title='bbox 1145 5834 1425 5889; x_wconf 71' lang='lat' dir='ltr'><strong>Antiocheni</strong></span> <span class='ocrx_word' id='word_1_501' title='bbox 1448 5833 1510 5886; x_wconf 87' lang='lat' dir='ltr'><strong>ad</strong></span> <span class='ocrx_word' id='word_1_502' title='bbox 1534 5831 1794 5885; x_wconf 83' lang='lat' dir='ltr'><strong>ecclesiam</strong></span> <span class='ocrx_word' id='word_1_503' title='bbox 1826 5830 2177 5897; x_wconf 73' lang='lat' dir='ltr'><strong>confugiebant</strong></span> 
     </span>
    </p>
   </div>
   <div class='ocr_carea' id='block_1_70' title="bbox 2247 1914 3842 1991">
    <p class='ocr_par' dir='ltr' id='par_1_70' title="bbox 2247 1914 3842 1991">
     <span class='ocr_line' id='line_1_71' title="bbox 2247 1914 3842 1991; baseline 0.006 -24"><span class='ocrx_word' id='word_1_504' title='bbox 2247 1914 2607 1986; x_wconf 67' lang='lat' dir='ltr'><strong>collisionem,</strong></span> <span class='ocrx_word' id='word_1_505' title='bbox 2634 1919 2854 1975; x_wconf 90' lang='lat' dir='ltr'><strong>multam</strong></span> <span class='ocrx_word' id='word_1_506' title='bbox 2885 1919 3114 1991; x_wconf 88' lang='lat' dir='ltr'><strong>denique</strong></span> <span class='ocrx_word' id='word_1_507' title='bbox 3142 1919 3366 1991; x_wconf 91' lang='lat' dir='ltr'><strong>glaciem</strong></span> <span class='ocrx_word' id='word_1_508' title='bbox 3395 1919 3509 1977; x_wconf 87' lang='lat' dir='ltr'><strong>ficri</strong></span> <span class='ocrx_word' id='word_1_509' title='bbox 3537 1926 3772 1991; x_wconf 84' lang='lat' dir='ltr'><strong>oportet,</strong></span> <span class='ocrx_word' id='word_1_510' title='bbox 3801 1936 3842 1976; x_wconf 78' lang='lat' dir='ltr'><strong>si</strong></span> 
     </span>
    </p>
   </div>
   <div class='ocr_carea' id='block_1_71' title="bbox 2251 2011 3845 2082">
    <p class='ocr_par' dir='ltr' id='par_1_71' title="bbox 2251 2011 3845 2082">
     <span class='ocr_line' id='line_1_72' title="bbox 2251 2011 3845 2082; baseline 0.001 -20"><span class='ocrx_word' id='word_1_511' title='bbox 2251 2024 2479 2066; x_wconf 84' lang='lat' dir='ltr'><strong>vernans</strong></span> <span class='ocrx_word' id='word_1_512' title='bbox 2522 2012 2666 2082; x_wconf 88' lang='lat' dir='ltr'><strong>spica</strong></span> <span class='ocrx_word' id='word_1_513' title='bbox 2705 2026 2996 2082; x_wconf 82' lang='lat' dir='ltr'><strong>exsurgere</strong></span> <span class='ocrx_word' id='word_1_514' title='bbox 3043 2011 3233 2074; x_wconf 85' lang='lat' dir='ltr'><strong>debet;</strong></span> <span class='ocrx_word' id='word_1_515' title='bbox 3283 2011 3369 2068; x_wconf 89' lang='lat' dir='ltr'><strong>ubi</strong></span> <span class='ocrx_word' id='word_1_516' title='bbox 3416 2025 3547 2066; x_wconf 88' lang='lat' dir='ltr'><strong>vero</strong></span> <span class='ocrx_word' id='word_1_517' title='bbox 3596 2013 3845 2066; x_wconf 79' lang='lat' dir='ltr'><strong>sementis</strong></span> 
     </span>
    </p>
   </div>
   <div class='ocr_carea' id='block_1_72' title="bbox 2256 2102 3846 2175">
    <p class='ocr_par' dir='ltr' id='par_1_72' title="bbox 2256 2102 3846 2175">
     <span class='ocr_line' id='line_1_73' title="bbox 2256 2102 3846 2175; baseline 0 -20"><span class='ocrx_word' id='word_1_518' title='bbox 2256 2110 2496 2172; x_wconf 88' lang='lat' dir='ltr'><strong>tempus,</strong></span> <span class='ocrx_word' id='word_1_519' title='bbox 2530 2114 2738 2175; x_wconf 89' lang='lat' dir='ltr'><strong>tempus</strong></span> <span class='ocrx_word' id='word_1_520' title='bbox 2769 2112 2825 2159; x_wconf 90' lang='lat' dir='ltr'><strong>ct</strong></span> <span class='ocrx_word' id='word_1_521' title='bbox 2855 2104 3074 2174; x_wconf 71' lang='lat' dir='ltr'><strong>plurim.</strong></span> <span class='ocrx_word' id='word_1_522' title='bbox 3107 2102 3396 2175; x_wconf 61' lang='lat' dir='ltr'><strong>Positquam</strong></span> <span class='ocrx_word' id='word_1_523' title='bbox 3438 2102 3601 2173; x_wconf 87' lang='lat' dir='ltr'><strong>igitur</strong></span> <span class='ocrx_word' id='word_1_524' title='bbox 3629 2111 3685 2158; x_wconf 90' lang='lat' dir='ltr'><strong>et</strong></span> <span class='ocrx_word' id='word_1_525' title='bbox 3709 2116 3846 2157; x_wconf 78' lang='lat' dir='ltr'><strong>nunc</strong></span> 
     </span>
    </p>
   </div>
   <div class='ocr_carea' id='block_1_73' title="bbox 2254 2194 3847 2267">
    <p class='ocr_par' dir='ltr' id='par_1_73' title="bbox 2254 2194 3847 2267">
     <span class='ocr_line' id='line_1_74' title="bbox 2254 2194 3847 2267; baseline -0.001 -18"><span class='ocrx_word' id='word_1_526' title='bbox 2254 2195 2451 2267; x_wconf 88' lang='lat' dir='ltr'><strong>ingruit</strong></span> <span class='ocrx_word' id='word_1_527' title='bbox 2493 2194 2688 2263; x_wconf 88' lang='lat' dir='ltr'><strong>hiems,</strong></span> <span class='ocrx_word' id='word_1_528' title='bbox 2725 2196 2898 2252; x_wconf 88' lang='lat' dir='ltr'><strong>hiems</strong></span> <span class='ocrx_word' id='word_1_529' title='bbox 2920 2197 3240 2263; x_wconf 89' lang='lat' dir='ltr'><strong>animarum,</strong></span> <span class='ocrx_word' id='word_1_530' title='bbox 3265 2211 3370 2251; x_wconf 89' lang='lat' dir='ltr'><strong>non</strong></span> <span class='ocrx_word' id='word_1_531' title='bbox 3393 2196 3538 2250; x_wconf 89' lang='lat' dir='ltr'><strong>acris</strong></span> <span class='ocrx_word' id='word_1_532' title='bbox 3567 2213 3581 2249; x_wconf 88' lang='lat'>:</span> <span class='ocrx_word' id='word_1_533' title='bbox 3613 2210 3847 2250; x_wconf 86' lang='lat' dir='ltr'><strong>seramus</strong></span> 
     </span>
    </p>
   </div>
   <div class='ocr_carea' id='block_1_74' title="bbox 2255 2285 3837 2356">
    <p class='ocr_par' dir='ltr' id='par_1_74' title="bbox 2255 2285 3837 2356">
     <span class='ocr_line' id='line_1_75' title="bbox 2255 2285 3837 2356; baseline 0 -15"><span class='ocrx_word' id='word_1_534' title='bbox 2255 2297 2307 2342; x_wconf 92' lang='lat' dir='ltr'><strong>et</strong></span> <span class='ocrx_word' id='word_1_535' title='bbox 2335 2303 2434 2341; x_wconf 87' lang='lat' dir='ltr'><strong>nos</strong></span> <span class='ocrx_word' id='word_1_536' title='bbox 2465 2286 2517 2341; x_wconf 91' lang='lat' dir='ltr'><strong>in</strong></span> <span class='ocrx_word' id='word_1_537' title='bbox 2548 2285 2649 2343; x_wconf 92' lang='lat' dir='ltr'><strong>hac</strong></span> <span class='ocrx_word' id='word_1_538' title='bbox 2696 2286 2890 2356; x_wconf 88' lang='lat' dir='ltr'><strong>hieme,</strong></span> <span class='ocrx_word' id='word_1_539' title='bbox 2922 2297 2980 2343; x_wconf 92' lang='lat' dir='ltr'><strong>ut</strong></span> <span class='ocrx_word' id='word_1_540' title='bbox 3005 2288 3059 2344; x_wconf 92' lang='lat' dir='ltr'><strong>in</strong></span> <span class='ocrx_word' id='word_1_541' title='bbox 3083 2297 3268 2344; x_wconf 59' lang='lat' dir='ltr'><strong>aestate</strong></span> <span class='ocrx_word' id='word_1_542' title='bbox 3293 2301 3598 2344; x_wconf 82' lang='lat' dir='ltr'><strong>metamus:</strong></span> <span class='ocrx_word' id='word_1_543' title='bbox 3625 2288 3837 2343; x_wconf 84' lang='lat' dir='ltr'><strong>semine-</strong></span> 
     </span>
    </p>
   </div>
   <div class='ocr_carea' id='block_1_75' title="bbox 2257 2379 3847 2453">
    <p class='ocr_par' dir='ltr' id='par_1_75' title="bbox 2257 2379 3847 2453">
     <span class='ocr_line' id='line_1_76' title="bbox 2257 2379 3847 2453; baseline -0.001 -20"><span class='ocrx_word' id='word_1_544' title='bbox 2257 2395 2378 2436; x_wconf 86' lang='lat' dir='ltr'><strong>mus</strong></span> <span class='ocrx_word' id='word_1_545' title='bbox 2403 2379 2668 2453; x_wconf 80' lang='lat' dir='ltr'><strong>lacrymas</strong></span> <span class='ocrx_word' id='word_1_546' title='bbox 2688 2422 2703 2445; x_wconf 97' lang='lat'><strong>,</strong></span> <span class='ocrx_word' id='word_1_547' title='bbox 2730 2389 2784 2434; x_wconf 92' lang='lat' dir='ltr'><strong>ut</strong></span> <span class='ocrx_word' id='word_1_548' title='bbox 2817 2379 3229 2435; x_wconf 87' lang='lat' dir='ltr'><strong>exsultationem</strong></span> <span class='ocrx_word' id='word_1_549' title='bbox 3249 2388 3532 2435; x_wconf 82' lang='lat' dir='ltr'><strong>metamus.</strong></span> <span class='ocrx_word' id='word_1_550' title='bbox 3553 2379 3674 2434; x_wconf 82' lang='lat' dir='ltr'><strong>Non</strong></span> <span class='ocrx_word' id='word_1_551' title='bbox 3706 2394 3847 2433; x_wconf 85' lang='lat' dir='ltr'><strong>meus</strong></span> 
     </span>
    </p>
   </div>
   <div class='ocr_carea' id='block_1_76' title="bbox 2258 2471 3848 2544">
    <p class='ocr_par' dir='ltr' id='par_1_76' title="bbox 2258 2471 3848 2544">
     <span class='ocr_line' id='line_1_77' title="bbox 2258 2471 3848 2544; baseline 0 -19"><span class='ocrx_word' id='word_1_552' title='bbox 2258 2471 2346 2527; x_wconf 89' lang='lat' dir='ltr'><strong>hic</strong></span> <span class='ocrx_word' id='word_1_553' title='bbox 2374 2487 2553 2527; x_wconf 90' lang='lat' dir='ltr'><strong>sermo</strong></span> <span class='ocrx_word' id='word_1_554' title='bbox 2573 2514 2587 2538; x_wconf 86' lang='lat'><strong>,</strong></span> <span class='ocrx_word' id='word_1_555' title='bbox 2635 2471 2945 2544; x_wconf 85' lang='lat' dir='ltr'><strong>prophetica</strong></span> <span class='ocrx_word' id='word_1_556' title='bbox 2973 2471 3306 2528; x_wconf 85' lang='lat' dir='ltr'><strong>denuntiatio</strong></span> <span class='ocrx_word' id='word_1_557' title='bbox 3332 2482 3415 2528; x_wconf 89' lang='lat' dir='ltr'><strong>est</strong></span> <span class='ocrx_word' id='word_1_558' title='bbox 3438 2490 3452 2526; x_wconf 90' lang='lat'><strong>:</strong></span> <span class='ocrx_word' id='word_1_559' title='bbox 3480 2473 3587 2540; x_wconf 72' lang='lat' dir='ltr'><strong>Qui</strong></span> <span class='ocrx_word' id='word_1_560' title='bbox 3609 2473 3848 2527; x_wconf 72' lang='lat' dir='ltr'><strong>sentinam</strong></span> 
     </span>
    </p>
   </div>
   <div class='ocr_carea' id='block_1_77' title="bbox 2258 2563 3843 2637">
    <p class='ocr_par' dir='ltr' id='par_1_77' title="bbox 2258 2563 3843 2637">
     <span class='ocr_line' id='line_1_78' title="bbox 2258 2563 3843 2637; baseline -0.001 -18"><span class='ocrx_word' id='word_1_561' title='bbox 2258 2565 2311 2619; x_wconf 85' lang='lat' dir='ltr'><strong>in</strong></span> <span class='ocrx_word' id='word_1_562' title='bbox 2343 2563 2598 2637; x_wconf 78' lang='lat' dir='ltr'><strong>lacrymis,</strong></span> <span class='ocrx_word' id='word_1_563' title='bbox 2636 2566 2826 2636; x_wconf 85' lang='lat' dir='ltr'><strong>inquit,</strong></span> <span class='ocrx_word' id='word_1_564' title='bbox 2857 2566 2909 2620; x_wconf 85' lang='lat' dir='ltr'><strong>in</strong></span> <span class='ocrx_word' id='word_1_565' title='bbox 2939 2566 3279 2622; x_wconf 73' lang='lat' dir='ltr'><strong>exsultatione</strong></span> <span class='ocrx_word' id='word_1_566' title='bbox 3303 2574 3491 2621; x_wconf 76' lang='lat' dir='ltr'><strong>nictent</strong></span> <span class='ocrx_word' id='word_1_567' title='bbox 3520 2563 3699 2637; x_wconf 67' lang='lat' dir='ltr'><strong>(Prol.</strong></span> <span class='ocrx_word' id='word_1_568' title='bbox 3729 2564 3843 2620; x_wconf 65' lang='grc' dir='ltr'><strong>ηὸ-</strong></span> 
     </span>
    </p>
   </div>
   <div class='ocr_carea' id='block_1_78' title="bbox 2258 2658 3836 2730">
    <p class='ocr_par' dir='ltr' id='par_1_78' title="bbox 2258 2658 3836 2730">
     <span class='ocr_line' id='line_1_79' title="bbox 2258 2658 3836 2730; baseline -0.001 -15"><span class='ocrx_word' id='word_1_569' title='bbox 2258 2659 2336 2730; x_wconf 81' lang='lat'><strong>5).</strong></span> <span class='ocrx_word' id='word_1_570' title='bbox 2366 2658 2480 2714; x_wconf 89' lang='lat' dir='ltr'><strong>Non</strong></span> <span class='ocrx_word' id='word_1_571' title='bbox 2509 2660 2587 2715; x_wconf 87' lang='lat' dir='ltr'><strong>sic</strong></span> <span class='ocrx_word' id='word_1_572' title='bbox 2613 2660 2817 2716; x_wconf 90' lang='lat' dir='ltr'><strong>semina</strong></span> <span class='ocrx_word' id='word_1_573' title='bbox 2845 2659 3112 2715; x_wconf 88' lang='lat' dir='ltr'><strong>demissus</strong></span> <span class='ocrx_word' id='word_1_574' title='bbox 3136 2658 3310 2716; x_wconf 86' lang='lat' dir='ltr'><strong>imber</strong></span> <span class='ocrx_word' id='word_1_575' title='bbox 3335 2659 3644 2729; x_wconf 85' lang='lat' dir='ltr'><strong>germinare</strong></span> <span class='ocrx_word' id='word_1_576' title='bbox 3666 2667 3717 2714; x_wconf 86' lang='lat' dir='ltr'><strong>et</strong></span> <span class='ocrx_word' id='word_1_577' title='bbox 3736 2673 3836 2713; x_wconf 85' lang='lat' dir='ltr'><strong>cre-</strong></span> 
     </span>
    </p>
   </div>
   <div class='ocr_carea' id='block_1_79' title="bbox 2261 2750 3849 2822">
    <p class='ocr_par' dir='ltr' id='par_1_79' title="bbox 2261 2750 3849 2822">
     <span class='ocr_line' id='line_1_80' title="bbox 2261 2750 3849 2822; baseline -0.002 -17"><span class='ocrx_word' id='word_1_578' title='bbox 2261 2766 2414 2807; x_wconf 86' lang='lat' dir='ltr'><strong>scere</strong></span> <span class='ocrx_word' id='word_1_579' title='bbox 2444 2750 2592 2819; x_wconf 85' lang='lat' dir='ltr'><strong>facit,</strong></span> <span class='ocrx_word' id='word_1_580' title='bbox 2624 2761 2682 2806; x_wconf 92' lang='lat' dir='ltr'><strong>ut</strong></span> <span class='ocrx_word' id='word_1_581' title='bbox 2712 2751 2925 2822; x_wconf 91' lang='lat' dir='ltr'><strong>pietatis</strong></span> <span class='ocrx_word' id='word_1_582' title='bbox 2947 2766 3131 2807; x_wconf 89' lang='lat' dir='ltr'><strong>semen</strong></span> <span class='ocrx_word' id='word_1_583' title='bbox 3162 2751 3363 2806; x_wconf 84' lang='lat' dir='ltr'><strong>excitat</strong></span> <span class='ocrx_word' id='word_1_584' title='bbox 3387 2759 3443 2807; x_wconf 86' lang='lat' dir='ltr'><strong>et</strong></span> <span class='ocrx_word' id='word_1_585' title='bbox 3472 2765 3704 2807; x_wconf 77' lang='lat' dir='ltr'><strong>vernare</strong></span> <span class='ocrx_word' id='word_1_586' title='bbox 3736 2750 3849 2805; x_wconf 86' lang='lat' dir='ltr'><strong>facit</strong></span> 
     </span>
    </p>
   </div>
   <div class='ocr_carea' id='block_1_80' title="bbox 2262 2841 3845 2917">
    <p class='ocr_par' dir='ltr' id='par_1_80' title="bbox 2262 2841 3845 2917">
     <span class='ocr_line' id='line_1_81' title="bbox 2262 2841 3845 2917; baseline -0.003 -16"><span class='ocrx_word' id='word_1_587' title='bbox 2262 2860 2326 2901; x_wconf 85' lang='lat' dir='ltr'><strong>cx</strong></span> <span class='ocrx_word' id='word_1_588' title='bbox 2356 2845 2607 2917; x_wconf 84' lang='lat' dir='ltr'><strong>iacrymis</strong></span> <span class='ocrx_word' id='word_1_589' title='bbox 2629 2861 2791 2901; x_wconf 85' lang='lat' dir='ltr'><strong>ruens</strong></span> <span class='ocrx_word' id='word_1_590' title='bbox 2814 2845 2985 2901; x_wconf 88' lang='lat' dir='ltr'><strong>imber</strong></span> <span class='ocrx_word' id='word_1_591' title='bbox 3013 2860 3028 2897; x_wconf 90' lang='lat'><strong>:</strong></span> <span class='ocrx_word' id='word_1_592' title='bbox 3055 2844 3145 2899; x_wconf 86' lang='lat' dir='ltr'><strong>hic</strong></span> <span class='ocrx_word' id='word_1_593' title='bbox 3171 2845 3406 2899; x_wconf 88' lang='lat' dir='ltr'><strong>animam</strong></span> <span class='ocrx_word' id='word_1_594' title='bbox 3434 2842 3700 2914; x_wconf 81' lang='lat' dir='ltr'><strong>deterget,</strong></span> <span class='ocrx_word' id='word_1_595' title='bbox 3731 2841 3845 2896; x_wconf 87' lang='lat' dir='ltr'><strong>irri-</strong></span> 
     </span>
    </p>
   </div>
   <div class='ocr_carea' id='block_1_81' title="bbox 2263 2935 3844 3010">
    <p class='ocr_par' dir='ltr' id='par_1_81' title="bbox 2263 2935 3844 3010">
     <span class='ocr_line' id='line_1_82' title="bbox 2263 2935 3844 3010; baseline -0.001 -20"><span class='ocrx_word' id='word_1_596' title='bbox 2263 2947 2351 3010; x_wconf 85' lang='lat' dir='ltr'><strong>gat</strong></span> <span class='ocrx_word' id='word_1_597' title='bbox 2378 2947 2611 2993; x_wconf 86' lang='lat' dir='ltr'><strong>mentem</strong></span> <span class='ocrx_word' id='word_1_598' title='bbox 2631 2978 2647 3003; x_wconf 91' lang='lat'><strong>,</strong></span> <span class='ocrx_word' id='word_1_599' title='bbox 2676 2937 2936 2993; x_wconf 66' lang='lat' dir='ltr'><strong>doctrinae</strong></span> <span class='ocrx_word' id='word_1_600' title='bbox 2964 2952 3187 3009; x_wconf 86' lang='lat' dir='ltr'><strong>germen</strong></span> <span class='ocrx_word' id='word_1_601' title='bbox 3227 2937 3378 2995; x_wconf 85' lang='lat' dir='ltr'><strong>brevi</strong></span> <span class='ocrx_word' id='word_1_602' title='bbox 3418 2937 3670 3008; x_wconf 83' lang='lat' dir='ltr'><strong>progredi</strong></span> <span class='ocrx_word' id='word_1_603' title='bbox 3698 2935 3844 2999; x_wconf 87' lang='lat' dir='ltr'><strong>facit,</strong></span> 
     </span>
    </p>
   </div>
   <div class='ocr_carea' id='block_1_82' title="bbox 2266 3029 3835 3105">
    <p class='ocr_par' dir='ltr' id='par_1_82' title="bbox 2266 3029 3835 3105">
     <span class='ocr_line' id='line_1_83' title="bbox 2266 3029 3835 3105; baseline -0.003 -16"><span class='ocrx_word' id='word_1_604' title='bbox 2266 3042 2545 3105; x_wconf 85' lang='lat' dir='ltr'><strong>propterea</strong></span> <span class='ocrx_word' id='word_1_605' title='bbox 2571 3041 2625 3088; x_wconf 89' lang='lat' dir='ltr'><strong>et</strong></span> <span class='ocrx_word' id='word_1_606' title='bbox 2650 3031 2968 3103; x_wconf 87' lang='lat' dir='ltr'><strong>profundum</strong></span> <span class='ocrx_word' id='word_1_607' title='bbox 2989 3031 3197 3088; x_wconf 88' lang='lat' dir='ltr'><strong>sulcum</strong></span> <span class='ocrx_word' id='word_1_608' title='bbox 3226 3029 3576 3101; x_wconf 86' lang='lat' dir='ltr'><strong>proscindere</strong></span> <span class='ocrx_word' id='word_1_609' title='bbox 3605 3042 3835 3086; x_wconf 81' lang='lat' dir='ltr'><strong>necessa-</strong></span> 
     </span>
    </p>
   </div>
   <div class='ocr_carea' id='block_1_83' title="bbox 2266 3120 3840 3194">
    <p class='ocr_par' dir='ltr' id='par_1_83' title="bbox 2266 3120 3840 3194">
     <span class='ocr_line' id='line_1_84' title="bbox 2266 3120 3840 3194; baseline -0.002 -14"><span class='ocrx_word' id='word_1_610' title='bbox 2266 3127 2404 3180; x_wconf 91' lang='lat' dir='ltr'><strong>rium</strong></span> <span class='ocrx_word' id='word_1_611' title='bbox 2433 3143 2447 3180; x_wconf 87' lang='lat'><strong>:</strong></span> <span class='ocrx_word' id='word_1_612' title='bbox 2472 3124 2672 3180; x_wconf 88' lang='lat' dir='ltr'><strong>etenim</strong></span> <span class='ocrx_word' id='word_1_613' title='bbox 2697 3134 2752 3180; x_wconf 86' lang='lat' dir='ltr'><strong>et</strong></span> <span class='ocrx_word' id='word_1_614' title='bbox 2778 3122 2882 3180; x_wconf 89' lang='lat' dir='ltr'><strong>hoc</strong></span> <span class='ocrx_word' id='word_1_615' title='bbox 2908 3123 3169 3194; x_wconf 88' lang='lat' dir='ltr'><strong>propheta</strong></span> <span class='ocrx_word' id='word_1_616' title='bbox 3206 3121 3486 3178; x_wconf 88' lang='lat' dir='ltr'><strong>admonuit</strong></span> <span class='ocrx_word' id='word_1_617' title='bbox 3525 3122 3605 3177; x_wconf 88' lang='lat' dir='ltr'><strong>ita</strong></span> <span class='ocrx_word' id='word_1_618' title='bbox 3638 3120 3840 3177; x_wconf 76' lang='lat' dir='ltr'><strong>dicens:</strong></span> 
     </span>
    </p>
   </div>
   <div class='ocr_carea' id='block_1_84' title="bbox 2269 3207 3853 3283">
    <p class='ocr_par' dir='ltr' id='par_1_84' title="bbox 2269 3207 3853 3283">
     <span class='ocr_line' id='line_1_85' title="bbox 2269 3207 3853 3283; baseline -0.002 -14"><span class='ocrx_word' id='word_1_619' title='bbox 2269 3213 2471 3271; x_wconf 80' lang='lat' dir='ltr'><strong>Novate</strong></span> <span class='ocrx_word' id='word_1_620' title='bbox 2491 3216 2627 3270; x_wconf 78' lang='lat' dir='ltr'><strong>vobis</strong></span> <span class='ocrx_word' id='word_1_621' title='bbox 2654 3214 2855 3270; x_wconf 71' lang='lat' dir='ltr'><strong>novalia</strong></span> <span class='ocrx_word' id='word_1_622' title='bbox 2878 3257 2894 3281; x_wconf 94' lang='lat'><strong>,</strong></span> <span class='ocrx_word' id='word_1_623' title='bbox 2923 3224 2970 3269; x_wconf 85' lang='lat' dir='ltr'><strong>et</strong></span> <span class='ocrx_word' id='word_1_624' title='bbox 3000 3214 3153 3269; x_wconf 76' lang='lat' dir='ltr'><strong>nolite</strong></span> <span class='ocrx_word' id='word_1_625' title='bbox 3173 3214 3423 3269; x_wconf 77' lang='lat' dir='ltr'><strong>seminare</strong></span> <span class='ocrx_word' id='word_1_626' title='bbox 3445 3213 3497 3267; x_wconf 86' lang='lat' dir='ltr'><strong>in</strong></span> <span class='ocrx_word' id='word_1_627' title='bbox 3522 3211 3686 3283; x_wconf 70' lang='lat' dir='ltr'><strong>spinis</strong></span> <span class='ocrx_word' id='word_1_628' title='bbox 3715 3207 3853 3281; x_wconf 73' lang='lat' dir='ltr'><strong>(lar.</strong></span> 
     </span>
    </p>
   </div>
   <div class='ocr_carea' id='block_1_85' title="bbox 2268 3300 3847 3378">
    <p class='ocr_par' dir='ltr' id='par_1_85' title="bbox 2268 3300 3847 3378">
     <span class='ocr_line' id='line_1_86' title="bbox 2268 3300 3847 3378; baseline -0.006 -15"><span class='ocrx_word' id='word_1_629' title='bbox 2268 3309 2321 3363; x_wconf 73' lang='grc'><strong>4.</strong></span> <span class='ocrx_word' id='word_1_630' title='bbox 2349 3307 2425 3378; x_wconf 77' lang='lat'><strong>5).</strong></span> <span class='ocrx_word' id='word_1_631' title='bbox 2457 3306 2915 3376; x_wconf 85' lang='lat' dir='ltr'><strong>Quemadmodum</strong></span> <span class='ocrx_word' id='word_1_632' title='bbox 2943 3305 3102 3378; x_wconf 88' lang='lat' dir='ltr'><strong>igitur</strong></span> <span class='ocrx_word' id='word_1_633' title='bbox 3127 3304 3218 3376; x_wconf 90' lang='lat' dir='ltr'><strong>qui</strong></span> <span class='ocrx_word' id='word_1_634' title='bbox 3244 3314 3483 3363; x_wconf 87' lang='lat' dir='ltr'><strong>aratrum</strong></span> <span class='ocrx_word' id='word_1_635' title='bbox 3512 3303 3751 3359; x_wconf 86' lang='lat' dir='ltr'><strong>immittit</strong></span> <span class='ocrx_word' id='word_1_636' title='bbox 3772 3300 3847 3355; x_wconf 87' lang='lat' dir='ltr'><strong>iu-</strong></span> 
     </span>
    </p>
   </div>
   <div class='ocr_carea' id='block_1_86' title="bbox 2271 3392 3849 3464">
    <p class='ocr_par' dir='ltr' id='par_1_86' title="bbox 2271 3392 3849 3464">
     <span class='ocr_line' id='line_1_87' title="bbox 2271 3392 3849 3464; baseline -0.006 -12"><span class='ocrx_word' id='word_1_637' title='bbox 2271 3396 2422 3455; x_wconf 88' lang='lat' dir='ltr'><strong>ferne</strong></span> <span class='ocrx_word' id='word_1_638' title='bbox 2448 3406 2645 3453; x_wconf 89' lang='lat' dir='ltr'><strong>terram</strong></span> <span class='ocrx_word' id='word_1_639' title='bbox 2674 3397 2877 3464; x_wconf 88' lang='lat' dir='ltr'><strong>sulcat,</strong></span> <span class='ocrx_word' id='word_1_640' title='bbox 2911 3405 3075 3452; x_wconf 90' lang='lat' dir='ltr'><strong>tutam</strong></span> <span class='ocrx_word' id='word_1_641' title='bbox 3119 3395 3415 3452; x_wconf 87' lang='lat' dir='ltr'><strong>seminibus</strong></span> <span class='ocrx_word' id='word_1_642' title='bbox 3440 3392 3738 3451; x_wconf 85' lang='lat' dir='ltr'><strong>custodiam</strong></span> <span class='ocrx_word' id='word_1_643' title='bbox 3763 3404 3849 3460; x_wconf 85' lang='lat' dir='ltr'><strong>pa-</strong></span> 
     </span>
    </p>
   </div>
   <div class='ocr_carea' id='block_1_87' title="bbox 2268 3483 3851 3559">
    <p class='ocr_par' dir='ltr' id='par_1_87' title="bbox 2268 3483 3851 3559">
     <span class='ocr_line' id='line_1_88' title="bbox 2268 3483 3851 3559; baseline -0.004 -14"><span class='ocrx_word' id='word_1_644' title='bbox 2268 3504 2418 3559; x_wconf 87' lang='lat' dir='ltr'><strong>rans,</strong></span> <span class='ocrx_word' id='word_1_645' title='bbox 2449 3504 2518 3546; x_wconf 89' lang='lat' dir='ltr'><strong>ne</strong></span> <span class='ocrx_word' id='word_1_646' title='bbox 2536 3486 2679 3559; x_wconf 75' lang='lat' dir='ltr'><strong>iacta</strong></span> <span class='ocrx_word' id='word_1_647' title='bbox 2708 3490 2760 3545; x_wconf 91' lang='lat' dir='ltr'><strong>in</strong></span> <span class='ocrx_word' id='word_1_648' title='bbox 2787 3488 3069 3559; x_wconf 79' lang='lat' dir='ltr'><strong>superﬁcie</strong></span> <span class='ocrx_word' id='word_1_649' title='bbox 3093 3496 3441 3551; x_wconf 85' lang='lat' dir='ltr'><strong>remaneant,</strong></span> <span class='ocrx_word' id='word_1_650' title='bbox 3481 3484 3581 3542; x_wconf 81' lang='lat' dir='ltr'><strong>sed</strong></span> <span class='ocrx_word' id='word_1_651' title='bbox 3626 3486 3678 3541; x_wconf 90' lang='lat' dir='ltr'><strong>in</strong></span> <span class='ocrx_word' id='word_1_652' title='bbox 3720 3483 3851 3554; x_wconf 78' lang='lat' dir='ltr'><strong>ipsos</strong></span> 
     </span>
    </p>
   </div>
   <div class='ocr_carea' id='block_1_88' title="bbox 2273 3576 3851 3663">
    <p class='ocr_par' dir='ltr' id='par_1_88' title="bbox 2273 3576 3851 3663">
     <span class='ocr_line' id='line_1_89' title="bbox 2273 3576 3851 3663; baseline -0.005 -26"><span class='ocrx_word' id='word_1_653' title='bbox 2273 3591 2430 3639; x_wconf 76' lang='lat' dir='ltr'><strong>terra:</strong></span> <span class='ocrx_word' id='word_1_654' title='bbox 2441 3587 2591 3663; x_wconf 79' lang='lat' dir='ltr'><strong>sinus</strong></span> <span class='ocrx_word' id='word_1_655' title='bbox 2611 3582 2923 3648; x_wconf 87' lang='lat' dir='ltr'><strong>condantur,</strong></span> <span class='ocrx_word' id='word_1_656' title='bbox 2944 3591 2997 3638; x_wconf 88' lang='lat' dir='ltr'><strong>et</strong></span> <span class='ocrx_word' id='word_1_657' title='bbox 3024 3581 3077 3637; x_wconf 88' lang='lat' dir='ltr'><strong>in</strong></span> <span class='ocrx_word' id='word_1_658' title='bbox 3094 3589 3209 3638; x_wconf 90' lang='lat' dir='ltr'><strong>tuto</strong></span> <span class='ocrx_word' id='word_1_659' title='bbox 3236 3580 3447 3637; x_wconf 84' lang='lat' dir='ltr'><strong>radices</strong></span> <span class='ocrx_word' id='word_1_660' title='bbox 3473 3578 3643 3650; x_wconf 82' lang='lat' dir='ltr'><strong>ligant</strong></span> <span class='ocrx_word' id='word_1_661' title='bbox 3669 3594 3684 3631; x_wconf 88' lang='lat'><strong>:</strong></span> <span class='ocrx_word' id='word_1_662' title='bbox 3711 3576 3851 3631; x_wconf 71' lang='lat' dir='ltr'><strong>sicel</strong></span> 
     </span>
    </p>
   </div>
   <div class='ocr_carea' id='block_1_89' title="bbox 2273 3669 3851 3746">
    <p class='ocr_par' dir='ltr' id='par_1_89' title="bbox 2273 3669 3851 3746">
     <span class='ocr_line' id='line_1_90' title="bbox 2273 3669 3851 3746; baseline -0.008 -14"><span class='ocrx_word' id='word_1_663' title='bbox 2273 3693 2373 3735; x_wconf 88' lang='lat' dir='ltr'><strong>nos</strong></span> <span class='ocrx_word' id='word_1_664' title='bbox 2391 3678 2565 3736; x_wconf 88' lang='lat' dir='ltr'><strong>facere</strong></span> <span class='ocrx_word' id='word_1_665' title='bbox 2581 3677 3024 3746; x_wconf 88' lang='lat' dir='ltr'><strong>necessarium,ct</strong></span> <span class='ocrx_word' id='word_1_666' title='bbox 3040 3685 3311 3746; x_wconf 79' lang='lat' dir='ltr'><strong>tamquam</strong></span> <span class='ocrx_word' id='word_1_667' title='bbox 3331 3682 3511 3730; x_wconf 89' lang='lat' dir='ltr'><strong>aratro</strong></span> <span class='ocrx_word' id='word_1_668' title='bbox 3527 3669 3851 3728; x_wconf 76' lang='lat' dir='ltr'><strong>tribulatione</strong></span> 
     </span>
    </p>
   </div>
   <div class='ocr_carea' id='block_1_90' title="bbox 2274 3764 3853 3842">
    <p class='ocr_par' dir='ltr' id='par_1_90' title="bbox 2274 3764 3853 3842">
     <span class='ocr_line' id='line_1_91' title="bbox 2274 3764 3853 3842; baseline -0.008 -15"><span class='ocrx_word' id='word_1_669' title='bbox 2274 3781 2517 3839; x_wconf 89' lang='lat' dir='ltr'><strong>utentes,</strong></span> <span class='ocrx_word' id='word_1_670' title='bbox 2569 3771 2747 3827; x_wconf 83' lang='lat' dir='ltr'><strong>cordis</strong></span> <span class='ocrx_word' id='word_1_671' title='bbox 2794 3769 3114 3842; x_wconf 82' lang='lat' dir='ltr'><strong>profundum</strong></span> <span class='ocrx_word' id='word_1_672' title='bbox 3154 3767 3399 3824; x_wconf 88' lang='lat' dir='ltr'><strong>scindere</strong></span> <span class='ocrx_word' id='word_1_673' title='bbox 3433 3785 3447 3822; x_wconf 92' lang='lat'><strong>:</strong></span> <span class='ocrx_word' id='word_1_674' title='bbox 3480 3767 3590 3824; x_wconf 82' lang='lat' dir='ltr'><strong>hoc</strong></span> <span class='ocrx_word' id='word_1_675' title='bbox 3633 3764 3769 3821; x_wconf 67' lang='lat' dir='ltr'><strong>ante</strong></span> <span class='ocrx_word' id='word_1_676' title='bbox 3805 3769 3853 3814; x_wconf 86' lang='lat' dir='ltr'><strong>et</strong></span> 
     </span>
    </p>
   </div>
   <div class='ocr_carea' id='block_1_91' title="bbox 2275 3858 3849 3937">
    <p class='ocr_par' dir='ltr' id='par_1_91' title="bbox 2275 3858 3849 3937">
     <span class='ocr_line' id='line_1_92' title="bbox 2275 3858 3849 3937; baseline -0.003 -16"><span class='ocrx_word' id='word_1_677' title='bbox 2275 3866 2409 3922; x_wconf 90' lang='lat' dir='ltr'><strong>alius</strong></span> <span class='ocrx_word' id='word_1_678' title='bbox 2437 3864 2695 3937; x_wconf 85' lang='lat' dir='ltr'><strong>prepheta</strong></span> <span class='ocrx_word' id='word_1_679' title='bbox 2717 3863 2990 3929; x_wconf 86' lang='lat' dir='ltr'><strong>admonet,</strong></span> <span class='ocrx_word' id='word_1_680' title='bbox 3013 3863 3234 3918; x_wconf 84' lang='lat' dir='ltr'><strong>dicens:</strong></span> <span class='ocrx_word' id='word_1_681' title='bbox 3259 3860 3488 3916; x_wconf 79' lang='lat' dir='ltr'><strong>Scindite</strong></span> <span class='ocrx_word' id='word_1_682' title='bbox 3510 3858 3671 3914; x_wconf 77' lang='lat' dir='ltr'><strong>corda</strong></span> <span class='ocrx_word' id='word_1_683' title='bbox 3683 3865 3849 3916; x_wconf 64' lang='lat' dir='ltr'><strong>mu;</strong></span> 
     </span>
    </p>
   </div>
   <div class='ocr_carea' id='block_1_92' title="bbox 2277 3948 3854 4026">
    <p class='ocr_par' dir='ltr' id='par_1_92' title="bbox 2277 3948 3854 4026">
     <span class='ocr_line' id='line_1_93' title="bbox 2277 3948 3854 4026; baseline -0.009 -12"><span class='ocrx_word' id='word_1_684' title='bbox 2277 3969 2324 4015; x_wconf 82' lang='lat' dir='ltr'><strong>et</strong></span> <span class='ocrx_word' id='word_1_685' title='bbox 2353 3974 2453 4013; x_wconf 83' lang='lat' dir='ltr'><strong>non</strong></span> <span class='ocrx_word' id='word_1_686' title='bbox 2482 3957 2777 4012; x_wconf 73' lang='lat' dir='ltr'><strong>vestimenta</strong></span> <span class='ocrx_word' id='word_1_687' title='bbox 2819 3965 2986 4011; x_wconf 73' lang='lat' dir='ltr'><strong>vestra</strong></span> <span class='ocrx_word' id='word_1_688' title='bbox 3027 3953 3180 4026; x_wconf 74' lang='lat' dir='ltr'><strong>(loci</strong></span> <span class='ocrx_word' id='word_1_689' title='bbox 3240 3952 3297 4008; x_wconf 71' lang='grc'><strong>2.</strong></span> <span class='ocrx_word' id='word_1_690' title='bbox 3330 3953 3398 4007; x_wconf 75' lang='lat' dir='ltr'><strong>l5</strong></span> <span class='ocrx_word' id='word_1_691' title='bbox 3418 3949 3461 4025; x_wconf 94' lang='lat'><strong>).</strong></span> <span class='ocrx_word' id='word_1_692' title='bbox 3487 3948 3666 4007; x_wconf 74' lang='lat' dir='ltr'><strong>Conla</strong></span> <span class='ocrx_word' id='word_1_693' title='bbox 3710 3949 3854 4019; x_wconf 79' lang='lat' dir='ltr'><strong>igitur</strong></span> 
     </span>
    </p>
   </div>
   <div class='ocr_carea' id='block_1_93' title="bbox 2277 4041 3854 4122">
    <p class='ocr_par' dir='ltr' id='par_1_93' title="bbox 2277 4041 3854 4122">
     <span class='ocr_line' id='line_1_94' title="bbox 2277 4041 3854 4122; baseline -0.008 -17"><span class='ocrx_word' id='word_1_694' title='bbox 2277 4050 2606 4118; x_wconf 88' lang='lat' dir='ltr'><strong>scindamus,</strong></span> <span class='ocrx_word' id='word_1_695' title='bbox 2640 4058 2698 4105; x_wconf 92' lang='lat' dir='ltr'><strong>ut</strong></span> <span class='ocrx_word' id='word_1_696' title='bbox 2717 4050 2761 4104; x_wconf 89' lang='lat' dir='ltr'><strong>si</strong></span> <span class='ocrx_word' id='word_1_697' title='bbox 2790 4064 2894 4122; x_wconf 89' lang='lat' dir='ltr'><strong>qua</strong></span> <span class='ocrx_word' id='word_1_698' title='bbox 2922 4047 3059 4103; x_wconf 89' lang='lat' dir='ltr'><strong>mala</strong></span> <span class='ocrx_word' id='word_1_699' title='bbox 3090 4047 3275 4111; x_wconf 86' lang='lat' dir='ltr'><strong>herba,</strong></span> <span class='ocrx_word' id='word_1_700' title='bbox 3309 4056 3365 4102; x_wconf 90' lang='lat' dir='ltr'><strong>et</strong></span> <span class='ocrx_word' id='word_1_701' title='bbox 3393 4045 3583 4101; x_wconf 86' lang='lat' dir='ltr'><strong>dolosa</strong></span> <span class='ocrx_word' id='word_1_702' title='bbox 3620 4041 3854 4115; x_wconf 82' lang='lat' dir='ltr'><strong>cogitatio</strong></span> 
     </span>
    </p>
   </div>
   <div class='ocr_carea' id='block_1_94' title="bbox 2280 4131 3856 4208">
    <p class='ocr_par' dir='ltr' id='par_1_94' title="bbox 2280 4131 3856 4208">
     <span class='ocr_line' id='line_1_95' title="bbox 2280 4131 3856 4208; baseline -0.01 -8"><span class='ocrx_word' id='word_1_703' title='bbox 2280 4144 2436 4200; x_wconf 88' lang='lat' dir='ltr'><strong>nobis</strong></span> <span class='ocrx_word' id='word_1_704' title='bbox 2478 4144 2636 4208; x_wconf 89' lang='lat' dir='ltr'><strong>inest,</strong></span> <span class='ocrx_word' id='word_1_705' title='bbox 2670 4141 2922 4197; x_wconf 86' lang='lat' dir='ltr'><strong>radicitus</strong></span> <span class='ocrx_word' id='word_1_706' title='bbox 2943 4155 3064 4196; x_wconf 90' lang='lat' dir='ltr'><strong>eam</strong></span> <span class='ocrx_word' id='word_1_707' title='bbox 3084 4140 3362 4203; x_wconf 87' lang='lat' dir='ltr'><strong>vellamus,</strong></span> <span class='ocrx_word' id='word_1_708' title='bbox 3388 4148 3439 4193; x_wconf 86' lang='lat' dir='ltr'><strong>et</strong></span> <span class='ocrx_word' id='word_1_709' title='bbox 3468 4149 3634 4208; x_wconf 85' lang='lat' dir='ltr'><strong>puras</strong></span> <span class='ocrx_word' id='word_1_710' title='bbox 3663 4131 3856 4206; x_wconf 88' lang='lat' dir='ltr'><strong>pictatis</strong></span> 
     </span>
    </p>
   </div>
   <div class='ocr_carea' id='block_1_95' title="bbox 2282 4231 3856 4294">
    <p class='ocr_par' dir='ltr' id='par_1_95' title="bbox 2282 4231 3856 4294">
     <span class='ocr_line' id='line_1_96' title="bbox 2282 4231 3856 4294; baseline -0.012 0"><span class='ocrx_word' id='word_1_711' title='bbox 2282 4237 2576 4294; x_wconf 88' lang='lat' dir='ltr'><strong>seminibus</strong></span> <span class='ocrx_word' id='word_1_712' title='bbox 2620 4245 2793 4294; x_wconf 87' lang='lat' dir='ltr'><strong>terras</strong></span> <span class='ocrx_word' id='word_1_713' title='bbox 2821 4234 3190 4293; x_wconf 75' lang='lat' dir='ltr'><strong>exhibeamus.</strong></span> <span class='ocrx_word' id='word_1_714' title='bbox 3218 4231 3330 4288; x_wconf 86' lang='lat' dir='ltr'><strong>Nisi</strong></span> <span class='ocrx_word' id='word_1_715' title='bbox 3363 4231 3505 4287; x_wconf 89' lang='lat' dir='ltr'><strong>enim</strong></span> <span class='ocrx_word' id='word_1_716' title='bbox 3545 4243 3690 4285; x_wconf 86' lang='lat' dir='ltr'><strong>nunc</strong></span> <span class='ocrx_word' id='word_1_717' title='bbox 3715 4236 3856 4281; x_wconf 87' lang='lat' dir='ltr'><strong>reno-</strong></span> 
     </span>
    </p>
   </div>
   <div class='ocr_carea' id='block_1_96' title="bbox 2282 4318 3857 4396">
    <p class='ocr_par' dir='ltr' id='par_1_96' title="bbox 2282 4318 3857 4396">
     <span class='ocr_line' id='line_1_97' title="bbox 2282 4318 3857 4396; baseline -0.008 -12"><span class='ocrx_word' id='word_1_718' title='bbox 2282 4344 2503 4396; x_wconf 86' lang='lat' dir='ltr'><strong>vcmus,</strong></span> <span class='ocrx_word' id='word_1_719' title='bbox 2537 4328 2637 4384; x_wconf 86' lang='lat' dir='ltr'><strong>nisi</strong></span> <span class='ocrx_word' id='word_1_720' title='bbox 2671 4344 2813 4384; x_wconf 93' lang='lat' dir='ltr'><strong>nunc</strong></span> <span class='ocrx_word' id='word_1_721' title='bbox 2851 4327 3216 4393; x_wconf 88' lang='lat' dir='ltr'><strong>seminemus,</strong></span> <span class='ocrx_word' id='word_1_722' title='bbox 3261 4323 3362 4379; x_wconf 87' lang='lat' dir='ltr'><strong>nisi</strong></span> <span class='ocrx_word' id='word_1_723' title='bbox 3400 4336 3545 4378; x_wconf 86' lang='lat' dir='ltr'><strong>nunc</strong></span> <span class='ocrx_word' id='word_1_724' title='bbox 3589 4318 3857 4377; x_wconf 67' lang='lat' dir='ltr'><strong>fundamus</strong></span> 
     </span>
    </p>
   </div>
   <div class='ocr_carea' id='block_1_97' title="bbox 2283 4406 3858 4495">
    <p class='ocr_par' dir='ltr' id='par_1_97' title="bbox 2283 4406 3858 4495">
     <span class='ocr_line' id='line_1_98' title="bbox 2283 4406 3858 4495; baseline -0.012 -16"><span class='ocrx_word' id='word_1_725' title='bbox 2283 4423 2566 4495; x_wconf 80' lang='lat' dir='ltr'><strong>lacrymas,</strong></span> <span class='ocrx_word' id='word_1_726' title='bbox 2601 4436 2724 4476; x_wconf 91' lang='lat' dir='ltr'><strong>cum</strong></span> <span class='ocrx_word' id='word_1_727' title='bbox 2746 4420 2898 4475; x_wconf 87' lang='lat' dir='ltr'><strong>adest</strong></span> <span class='ocrx_word' id='word_1_728' title='bbox 2931 4417 3205 4474; x_wconf 87' lang='lat' dir='ltr'><strong>tribulatio</strong></span> <span class='ocrx_word' id='word_1_729' title='bbox 3245 4424 3301 4472; x_wconf 90' lang='lat' dir='ltr'><strong>et</strong></span> <span class='ocrx_word' id='word_1_730' title='bbox 3336 4413 3599 4485; x_wconf 85' lang='lat' dir='ltr'><strong>jejunium</strong></span> <span class='ocrx_word' id='word_1_731' title='bbox 3621 4455 3638 4481; x_wconf 87' lang='lat'><strong>,</strong></span> <span class='ocrx_word' id='word_1_732' title='bbox 3665 4406 3858 4482; x_wconf 85' lang='lat' dir='ltr'><strong>quando</strong></span> 
     </span>
    </p>
   </div>
   <div class='ocr_carea' id='block_1_98' title="bbox 2287 4496 3855 4584">
    <p class='ocr_par' dir='ltr' id='par_1_98' title="bbox 2287 4496 3855 4584">
     <span class='ocr_line' id='line_1_99' title="bbox 2287 4496 3855 4584; baseline -0.013 -16"><span class='ocrx_word' id='word_1_733' title='bbox 2287 4528 2537 4584; x_wconf 88' lang='lat' dir='ltr'><strong>umquam</strong></span> <span class='ocrx_word' id='word_1_734' title='bbox 2576 4513 2628 4566; x_wconf 92' lang='lat' dir='ltr'><strong>iu</strong></span> <span class='ocrx_word' id='word_1_735' title='bbox 2665 4509 3135 4579; x_wconf 85' lang='lat' dir='ltr'><strong>eompunctioncm</strong></span> <span class='ocrx_word' id='word_1_736' title='bbox 3163 4504 3474 4560; x_wconf 82' lang='lat' dir='ltr'><strong>veniemus?</strong></span> <span class='ocrx_word' id='word_1_737' title='bbox 3502 4517 3630 4561; x_wconf 88' lang='lat' dir='ltr'><strong>num</strong></span> <span class='ocrx_word' id='word_1_738' title='bbox 3662 4496 3855 4571; x_wconf 88' lang='lat' dir='ltr'><strong>quando</strong></span> 
     </span>
    </p>
   </div>
   <div class='ocr_carea' id='block_1_99' title="bbox 2285 4595 3857 4662">
    <p class='ocr_par' dir='ltr' id='par_1_99' title="bbox 2285 4595 3857 4662">
     <span class='ocr_line' id='line_1_100' title="bbox 2285 4595 3857 4662; baseline -0.014 -1"><span class='ocrx_word' id='word_1_739' title='bbox 2285 4603 2535 4661; x_wconf 87' lang='lat' dir='ltr'><strong>remissio</strong></span> <span class='ocrx_word' id='word_1_740' title='bbox 2557 4612 2612 4658; x_wconf 91' lang='lat' dir='ltr'><strong>et</strong></span> <span class='ocrx_word' id='word_1_741' title='bbox 2635 4602 2842 4658; x_wconf 69' lang='lat' dir='ltr'><strong>delicia:</strong></span> <span class='ocrx_word' id='word_1_742' title='bbox 2868 4600 3099 4656; x_wconf 82' lang='lat' dir='ltr'><strong>fuerint?</strong></span> <span class='ocrx_word' id='word_1_743' title='bbox 3118 4596 3229 4654; x_wconf 85' lang='lat' dir='ltr'><strong>Sed</strong></span> <span class='ocrx_word' id='word_1_744' title='bbox 3259 4596 3360 4652; x_wconf 87' lang='lat' dir='ltr'><strong>hoc</strong></span> <span class='ocrx_word' id='word_1_745' title='bbox 3390 4595 3505 4651; x_wconf 87' lang='lat' dir='ltr'><strong>lieri</strong></span> <span class='ocrx_word' id='word_1_746' title='bbox 3537 4610 3643 4649; x_wconf 87' lang='lat' dir='ltr'><strong>non</strong></span> <span class='ocrx_word' id='word_1_747' title='bbox 3670 4595 3857 4662; x_wconf 63' lang='lat' dir='ltr'><strong>potest:</strong></span> 
     </span>
    </p>
   </div>
   <div class='ocr_carea' id='block_1_100' title="bbox 2289 4685 3859 4760">
    <p class='ocr_par' dir='ltr' id='par_1_100' title="bbox 2289 4685 3859 4760">
     <span class='ocr_line' id='line_1_101' title="bbox 2289 4685 3859 4760; baseline -0.01 -9"><span class='ocrx_word' id='word_1_748' title='bbox 2289 4696 2538 4752; x_wconf 88' lang='lat' dir='ltr'><strong>remissio</strong></span> <span class='ocrx_word' id='word_1_749' title='bbox 2567 4695 2712 4750; x_wconf 89' lang='lat' dir='ltr'><strong>enim</strong></span> <span class='ocrx_word' id='word_1_750' title='bbox 2745 4702 2799 4749; x_wconf 90' lang='lat' dir='ltr'><strong>et</strong></span> <span class='ocrx_word' id='word_1_751' title='bbox 2823 4691 3034 4748; x_wconf 67' lang='lat' dir='ltr'><strong>delicize</strong></span> <span class='ocrx_word' id='word_1_752' title='bbox 3066 4692 3119 4746; x_wconf 94' lang='lat' dir='ltr'><strong>in</strong></span> <span class='ocrx_word' id='word_1_753' title='bbox 3149 4688 3431 4760; x_wconf 87' lang='lat' dir='ltr'><strong>segnitiem</strong></span> <span class='ocrx_word' id='word_1_754' title='bbox 3461 4685 3718 4741; x_wconf 78' lang='lat' dir='ltr'><strong>inducere</strong></span> <span class='ocrx_word' id='word_1_755' title='bbox 3743 4694 3859 4735; x_wconf 80' lang='lat' dir='ltr'><strong>con-</strong></span> 
     </span>
    </p>
   </div>
   <div class='ocr_carea' id='block_1_101' title="bbox 2290 4778 3859 4855">
    <p class='ocr_par' dir='ltr' id='par_1_101' title="bbox 2290 4778 3859 4855">
     <span class='ocr_line' id='line_1_102' title="bbox 2290 4778 3859 4855; baseline -0.01 -9"><span class='ocrx_word' id='word_1_756' title='bbox 2290 4796 2613 4855; x_wconf 86' lang='lat' dir='ltr'><strong>sueverunt,</strong></span> <span class='ocrx_word' id='word_1_757' title='bbox 2641 4788 2780 4843; x_wconf 88' lang='lat' dir='ltr'><strong>sicut</strong></span> <span class='ocrx_word' id='word_1_758' title='bbox 2807 4785 3081 4842; x_wconf 86' lang='lat' dir='ltr'><strong>tribulatio</strong></span> <span class='ocrx_word' id='word_1_759' title='bbox 3105 4783 3173 4840; x_wconf 85' lang='lat' dir='ltr'><strong>ad</strong></span> <span class='ocrx_word' id='word_1_760' title='bbox 3212 4781 3448 4838; x_wconf 84' lang='lat' dir='ltr'><strong>studium</strong></span> <span class='ocrx_word' id='word_1_761' title='bbox 3489 4789 3740 4835; x_wconf 82' lang='lat' dir='ltr'><strong>revocare</strong></span> <span class='ocrx_word' id='word_1_762' title='bbox 3759 4812 3775 4838; x_wconf 80' lang='lat'><strong>.</strong></span> <span class='ocrx_word' id='word_1_763' title='bbox 3814 4778 3859 4822; x_wconf 70' lang='lat' dir='ltr'><strong>et</strong></span> 
     </span>
    </p>
   </div>
   <div class='ocr_carea' id='block_1_102' title="bbox 2291 4875 3860 4947">
    <p class='ocr_par' dir='ltr' id='par_1_102' title="bbox 2291 4875 3860 4947">
     <span class='ocr_line' id='line_1_103' title="bbox 2291 4875 3860 4947; baseline -0.015 -4"><span class='ocrx_word' id='word_1_764' title='bbox 2291 4893 2526 4941; x_wconf 86' lang='lat' dir='ltr'><strong>mentem</strong></span> <span class='ocrx_word' id='word_1_765' title='bbox 2553 4882 2790 4940; x_wconf 84' lang='lat' dir='ltr'><strong>exterius</strong></span> <span class='ocrx_word' id='word_1_766' title='bbox 2812 4880 2951 4937; x_wconf 85' lang='lat' dir='ltr'><strong>circa</strong></span> <span class='ocrx_word' id='word_1_767' title='bbox 2980 4878 3148 4934; x_wconf 91' lang='lat' dir='ltr'><strong>multa</strong></span> <span class='ocrx_word' id='word_1_768' title='bbox 3177 4884 3459 4947; x_wconf 86' lang='lat' dir='ltr'><strong>vagantem</strong></span> <span class='ocrx_word' id='word_1_769' title='bbox 3487 4883 3544 4928; x_wconf 89' lang='lat' dir='ltr'><strong>et</strong></span> <span class='ocrx_word' id='word_1_770' title='bbox 3569 4875 3860 4938; x_wconf 80' lang='lat' dir='ltr'><strong>oecttpatam</strong></span> 
     </span>
    </p>
   </div>
   <div class='ocr_carea' id='block_1_103' title="bbox 2292 4958 3860 5043">
    <p class='ocr_par' dir='ltr' id='par_1_103' title="bbox 2292 4958 3860 5043">
     <span class='ocr_line' id='line_1_104' title="bbox 2292 4958 3860 5043; baseline -0.018 -7"><span class='ocrx_word' id='word_1_771' title='bbox 2292 4978 2361 5035; x_wconf 83' lang='lat' dir='ltr'><strong>ad</strong></span> <span class='ocrx_word' id='word_1_772' title='bbox 2386 4992 2510 5034; x_wconf 90' lang='lat' dir='ltr'><strong>sese</strong></span> <span class='ocrx_word' id='word_1_773' title='bbox 2541 4983 2879 5031; x_wconf 85' lang='lat' dir='ltr'><strong>convertere.</strong></span> <span class='ocrx_word' id='word_1_774' title='bbox 2908 4972 2986 5028; x_wconf 86' lang='lat' dir='ltr'><strong>Ne</strong></span> <span class='ocrx_word' id='word_1_775' title='bbox 3025 4972 3184 5043; x_wconf 88' lang='lat' dir='ltr'><strong>igitur</strong></span> <span class='ocrx_word' id='word_1_776' title='bbox 3221 4969 3290 5026; x_wconf 89' lang='lat' dir='ltr'><strong>de</strong></span> <span class='ocrx_word' id='word_1_777' title='bbox 3320 4967 3422 5023; x_wconf 79' lang='lat' dir='ltr'><strong>hac</strong></span> <span class='ocrx_word' id='word_1_778' title='bbox 3454 4964 3665 5022; x_wconf 86' lang='lat' dir='ltr'><strong>tristitia</strong></span> <span class='ocrx_word' id='word_1_779' title='bbox 3691 4958 3860 5016; x_wconf 49' lang='lat' dir='ltr'><strong>dulca&#39;</strong></span> 
     </span>
    </p>
   </div>
   <div class='ocr_carea' id='block_1_104' title="bbox 2294 5046 3860 5137">
    <p class='ocr_par' dir='ltr' id='par_1_104' title="bbox 2294 5046 3860 5137">
     <span class='ocr_line' id='line_1_105' title="bbox 2294 5046 3860 5137; baseline -0.016 -12"><span class='ocrx_word' id='word_1_780' title='bbox 2294 5085 2435 5134; x_wconf 89' lang='lat' dir='ltr'><strong>mus,</strong></span> <span class='ocrx_word' id='word_1_781' title='bbox 2468 5069 2564 5125; x_wconf 85' lang='lat' dir='ltr'><strong>sed</strong></span> <span class='ocrx_word' id='word_1_782' title='bbox 2592 5068 2703 5124; x_wconf 89' lang='lat' dir='ltr'><strong>Deo</strong></span> <span class='ocrx_word' id='word_1_783' title='bbox 2728 5066 2931 5137; x_wconf 80' lang='lat' dir='ltr'><strong>gratias</strong></span> <span class='ocrx_word' id='word_1_784' title='bbox 2966 5076 3187 5134; x_wconf 85' lang='lat' dir='ltr'><strong>agamus</strong></span> <span class='ocrx_word' id='word_1_785' title='bbox 3215 5078 3231 5117; x_wconf 91' lang='lat'><strong>:</strong></span> <span class='ocrx_word' id='word_1_786' title='bbox 3259 5059 3484 5115; x_wconf 89' lang='lat' dir='ltr'><strong>multum</strong></span> <span class='ocrx_word' id='word_1_787' title='bbox 3522 5056 3663 5113; x_wconf 87' lang='lat' dir='ltr'><strong>enim</strong></span> <span class='ocrx_word' id='word_1_788' title='bbox 3690 5067 3751 5106; x_wconf 87' lang='lat' dir='ltr'><strong>ex</strong></span> <span class='ocrx_word' id='word_1_789' title='bbox 3778 5046 3860 5101; x_wconf 87' lang='lat' dir='ltr'><strong>tri-</strong></span> 
     </span>
    </p>
   </div>
   <div class='ocr_carea' id='block_1_105' title="bbox 2296 5146 3860 5222">
    <p class='ocr_par' dir='ltr' id='par_1_105' title="bbox 2296 5146 3860 5222">
     <span class='ocr_line' id='line_1_106' title="bbox 2296 5146 3860 5222; baseline -0.013 -5"><span class='ocrx_word' id='word_1_790' title='bbox 2296 5161 2570 5218; x_wconf 88' lang='lat' dir='ltr'><strong>bulatione</strong></span> <span class='ocrx_word' id='word_1_791' title='bbox 2599 5160 2829 5214; x_wconf 91' lang='lat' dir='ltr'><strong>lucrum.</strong></span> <span class='ocrx_word' id='word_1_792' title='bbox 2857 5156 2990 5212; x_wconf 85' lang='lat' dir='ltr'><strong>Nam</strong></span> <span class='ocrx_word' id='word_1_793' title='bbox 3029 5164 3081 5210; x_wconf 87' lang='lat' dir='ltr'><strong>et</strong></span> <span class='ocrx_word' id='word_1_794' title='bbox 3121 5167 3242 5207; x_wconf 93' lang='lat' dir='ltr'><strong>cum</strong></span> <span class='ocrx_word' id='word_1_795' title='bbox 3275 5149 3504 5222; x_wconf 87' lang='lat' dir='ltr'><strong>agricola</strong></span> <span class='ocrx_word' id='word_1_796' title='bbox 3534 5146 3731 5203; x_wconf 82' lang='lat' dir='ltr'><strong>semina</strong></span> <span class='ocrx_word' id='word_1_797' title='bbox 3756 5150 3860 5194; x_wconf 75' lang='lat' dir='ltr'><strong>cum</strong></span> 
     </span>
    </p>
   </div>
   <div class='ocr_carea' id='block_1_106' title="bbox 2297 5234 3860 5313">
    <p class='ocr_par' dir='ltr' id='par_1_106' title="bbox 2297 5234 3860 5313">
     <span class='ocr_line' id='line_1_107' title="bbox 2297 5234 3860 5313; baseline -0.013 0"><span class='ocrx_word' id='word_1_798' title='bbox 2297 5258 2467 5313; x_wconf 88' lang='lat' dir='ltr'><strong>multo</strong></span> <span class='ocrx_word' id='word_1_799' title='bbox 2487 5255 2672 5311; x_wconf 85' lang='lat' dir='ltr'><strong>labore</strong></span> <span class='ocrx_word' id='word_1_800' title='bbox 2692 5254 2916 5309; x_wconf 89' lang='lat' dir='ltr'><strong>collecta</strong></span> <span class='ocrx_word' id='word_1_801' title='bbox 2944 5247 3310 5309; x_wconf 86' lang='lat' dir='ltr'><strong>seminaverit,</strong></span> <span class='ocrx_word' id='word_1_802' title='bbox 3334 5253 3395 5300; x_wconf 90' lang='lat' dir='ltr'><strong>ut</strong></span> <span class='ocrx_word' id='word_1_803' title='bbox 3418 5242 3667 5299; x_wconf 80' lang='lat' dir='ltr'><strong>adveniat</strong></span> <span class='ocrx_word' id='word_1_804' title='bbox 3693 5234 3860 5293; x_wconf 75' lang='lat' dir='ltr'><strong>imber.</strong></span> 
     </span>
    </p>
   </div>
   <div class='ocr_carea' id='block_1_107' title="bbox 2298 5332 3846 5419">
    <p class='ocr_par' dir='ltr' id='par_1_107' title="bbox 2298 5332 3846 5419">
     <span class='ocr_line' id='line_1_108' title="bbox 2298 5332 3846 5419; baseline -0.017 -13"><span class='ocrx_word' id='word_1_805' title='bbox 2298 5356 2554 5419; x_wconf 80' lang='lat' dir='ltr'><strong>exoptat:</strong></span> <span class='ocrx_word' id='word_1_806' title='bbox 2584 5356 2640 5403; x_wconf 93' lang='lat' dir='ltr'><strong>et</strong></span> <span class='ocrx_word' id='word_1_807' title='bbox 2668 5347 2884 5417; x_wconf 83' lang='lat' dir='ltr'><strong>ignarus</strong></span> <span class='ocrx_word' id='word_1_808' title='bbox 2922 5342 3188 5414; x_wconf 88' lang='lat' dir='ltr'><strong>quispiam</strong></span> <span class='ocrx_word' id='word_1_809' title='bbox 3233 5339 3414 5395; x_wconf 89' lang='lat' dir='ltr'><strong>omnia</strong></span> <span class='ocrx_word' id='word_1_810' title='bbox 3455 5351 3574 5408; x_wconf 69' lang='lat' dir='ltr'><strong>qua:</strong></span> <span class='ocrx_word' id='word_1_811' title='bbox 3603 5332 3729 5388; x_wconf 84' lang='lat' dir='ltr'><strong>fiunt</strong></span> <span class='ocrx_word' id='word_1_812' title='bbox 3763 5338 3846 5380; x_wconf 84' lang='lat' dir='ltr'><strong>cer</strong></span> 
     </span>
    </p>
   </div>
   <div class='ocr_carea' id='block_1_108' title="bbox 2298 5420 3865 5509">
    <p class='ocr_par' dir='ltr' id='par_1_108' title="bbox 2298 5420 3865 5509">
     <span class='ocr_line' id='line_1_109' title="bbox 2298 5420 3865 5509; baseline -0.019 -10"><span class='ocrx_word' id='word_1_813' title='bbox 2298 5457 2472 5509; x_wconf 87' lang='lat' dir='ltr'><strong>nens,</strong></span> <span class='ocrx_word' id='word_1_814' title='bbox 2526 5438 2897 5503; x_wconf 87' lang='lat' dir='ltr'><strong>admirabitur,</strong></span> <span class='ocrx_word' id='word_1_815' title='bbox 2950 5434 3194 5503; x_wconf 88' lang='lat' dir='ltr'><strong>forteque</strong></span> <span class='ocrx_word' id='word_1_816' title='bbox 3248 5429 3389 5501; x_wconf 85' lang='lat' dir='ltr'><strong>apud</strong></span> <span class='ocrx_word' id='word_1_817' title='bbox 3432 5431 3663 5498; x_wconf 88' lang='lat' dir='ltr'><strong>seipsum</strong></span> <span class='ocrx_word' id='word_1_818' title='bbox 3705 5420 3865 5475; x_wconf 86' lang='lat' dir='ltr'><strong>dicet:</strong></span> 
     </span>
    </p>
   </div>
   <div class='ocr_carea' id='block_1_109' title="bbox 2300 5517 3864 5604">
    <p class='ocr_par' dir='ltr' id='par_1_109' title="bbox 2300 5517 3864 5604">
     <span class='ocr_line' id='line_1_110' title="bbox 2300 5517 3864 5604; baseline -0.017 -13"><span class='ocrx_word' id='word_1_819' title='bbox 2300 5535 2438 5604; x_wconf 81' lang='lat' dir='ltr'><strong>Quid</strong></span> <span class='ocrx_word' id='word_1_820' title='bbox 2485 5533 2573 5589; x_wconf 90' lang='lat' dir='ltr'><strong>hic</strong></span> <span class='ocrx_word' id='word_1_821' title='bbox 2617 5532 2780 5587; x_wconf 91' lang='lat' dir='ltr'><strong>homo</strong></span> <span class='ocrx_word' id='word_1_822' title='bbox 2821 5527 3034 5585; x_wconf 87' lang='lat' dir='ltr'><strong>tandem</strong></span> <span class='ocrx_word' id='word_1_823' title='bbox 3065 5525 3226 5581; x_wconf 83' lang='lat' dir='ltr'><strong>facit?</strong></span> <span class='ocrx_word' id='word_1_824' title='bbox 3252 5523 3473 5580; x_wconf 87' lang='lat' dir='ltr'><strong>collecta</strong></span> <span class='ocrx_word' id='word_1_825' title='bbox 3504 5517 3752 5587; x_wconf 89' lang='lat' dir='ltr'><strong>dissipat,</strong></span> <span class='ocrx_word' id='word_1_826' title='bbox 3781 5519 3864 5561; x_wconf 75' lang='lat' dir='ltr'><strong>m‘c</strong></span> 
     </span>
    </p>
   </div>
   <div class='ocr_carea' id='block_1_110' title="bbox 2303 5613 3861 5697">
    <p class='ocr_par' dir='ltr' id='par_1_110' title="bbox 2303 5613 3861 5697">
     <span class='ocr_line' id='line_1_111' title="bbox 2303 5613 3861 5697; baseline -0.017 -14"><span class='ocrx_word' id='word_1_827' title='bbox 2303 5627 2527 5697; x_wconf 86' lang='lat' dir='ltr'><strong>dissipat</strong></span> <span class='ocrx_word' id='word_1_828' title='bbox 2556 5634 2758 5680; x_wconf 86' lang='lat' dir='ltr'><strong>tantum</strong></span> <span class='ocrx_word' id='word_1_829' title='bbox 2781 5662 2797 5686; x_wconf 93' lang='lat'><strong>,</strong></span> <span class='ocrx_word' id='word_1_830' title='bbox 2827 5620 2922 5676; x_wconf 86' lang='lat' dir='ltr'><strong>sed</strong></span> <span class='ocrx_word' id='word_1_831' title='bbox 2951 5628 3006 5673; x_wconf 89' lang='lat' dir='ltr'><strong>ct</strong></span> <span class='ocrx_word' id='word_1_832' title='bbox 3033 5629 3188 5674; x_wconf 61' lang='lat' dir='ltr'><strong>terra!</strong></span> <span class='ocrx_word' id='word_1_833' title='bbox 3214 5630 3333 5671; x_wconf 92' lang='lat' dir='ltr'><strong>cum</strong></span> <span class='ocrx_word' id='word_1_834' title='bbox 3366 5614 3529 5667; x_wconf 88' lang='lat' dir='ltr'><strong>multa</strong></span> <span class='ocrx_word' id='word_1_835' title='bbox 3568 5622 3691 5665; x_wconf 84' lang='lat' dir='ltr'><strong>cura</strong></span> <span class='ocrx_word' id='word_1_836' title='bbox 3730 5613 3861 5657; x_wconf 75' lang='grc' dir='ltr'><strong>ωηι-</strong></span> 
     </span>
    </p>
   </div>
   <div class='ocr_carea' id='block_1_111' title="bbox 2303 5701 3863 5785">
    <p class='ocr_par' dir='ltr' id='par_1_111' title="bbox 2303 5701 3863 5785">
     <span class='ocr_line' id='line_1_112' title="bbox 2303 5701 3863 5785; baseline -0.021 -7"><span class='ocrx_word' id='word_1_837' title='bbox 2303 5722 2514 5785; x_wconf 70' lang='lat' dir='ltr'><strong>miscet,</strong></span> <span class='ocrx_word' id='word_1_838' title='bbox 2540 5733 2608 5774; x_wconf 89' lang='lat' dir='ltr'><strong>ne</strong></span> <span class='ocrx_word' id='word_1_839' title='bbox 2634 5717 2786 5774; x_wconf 80' lang='lat' dir='ltr'><strong>facile</strong></span> <span class='ocrx_word' id='word_1_840' title='bbox 2815 5714 2994 5781; x_wconf 85' lang='lat' dir='ltr'><strong>colligi</strong></span> <span class='ocrx_word' id='word_1_841' title='bbox 3025 5710 3261 5780; x_wconf 70' lang='lat' dir='ltr'><strong>possint;</strong></span> <span class='ocrx_word' id='word_1_842' title='bbox 3292 5721 3391 5761; x_wconf 90' lang='lat' dir='ltr'><strong>nec</strong></span> <span class='ocrx_word' id='word_1_843' title='bbox 3423 5701 3725 5759; x_wconf 87' lang='lat' dir='ltr'><strong>commiscet</strong></span> <span class='ocrx_word' id='word_1_844' title='bbox 3765 5701 3863 5785; x_wconf 61' lang='lat' dir='ltr'><strong>tanf</strong></span> 
     </span>
    </p>
   </div>
   <div class='ocr_carea' id='block_1_112' title="bbox 2304 5784 3862 5877">
    <p class='ocr_par' dir='ltr' id='par_1_112' title="bbox 2304 5784 3862 5877">
     <span class='ocr_line' id='line_1_113' title="bbox 2304 5784 3862 5877; baseline -0.022 -1"><span class='ocrx_word' id='word_1_845' title='bbox 2304 5827 2416 5875; x_wconf 87' lang='lat' dir='ltr'><strong>tum</strong></span> <span class='ocrx_word' id='word_1_846' title='bbox 2456 5784 2649 5877; x_wconf 79' lang='lat' dir='ltr'><strong>terrae,</strong></span> <span class='ocrx_word' id='word_1_847' title='bbox 2694 5808 2786 5864; x_wconf 87' lang='lat' dir='ltr'><strong>sed</strong></span> <span class='ocrx_word' id='word_1_848' title='bbox 2833 5817 2886 5862; x_wconf 90' lang='lat' dir='ltr'><strong>et</strong></span> <span class='ocrx_word' id='word_1_849' title='bbox 2926 5812 3075 5877; x_wconf 88' lang='lat' dir='ltr'><strong>optat</strong></span> <span class='ocrx_word' id='word_1_850' title='bbox 3103 5802 3475 5860; x_wconf 85' lang='lat' dir='ltr'><strong>vehementem</strong></span> <span class='ocrx_word' id='word_1_851' title='bbox 3517 5789 3770 5869; x_wconf 85' lang='lat' dir='ltr'><strong>pluviam,</strong></span> <span class='ocrx_word' id='word_1_852' title='bbox 3815 5784 3862 5837; x_wconf 66' lang='grc' dir='ltr'><strong>ιιι</strong></span> 
     </span>
    </p>
   </div>
  </div>
