3998 6460
242 404 306 473 κε,
1216 405 1306 462 ao
1344 404 1664 463 roruwu
1703 404 2195 463 ANTIOCHENUM
2257 403 2487 462 ttoutL.
2532 405 2617 464 tv.
3480 410 3549 470 ω

247 530 487 603 μτοῖθεια
513 528 709 584 omnia
731 529 1081 589 nmrecscant,
1113 529 1168 576 et
1193 521 1359 576 lutum
1386 520 1534 575 ﬁant.
1567 520 1632 574 Et
1655 519 1836 575 turba-

246 637 325 677 tur
346 635 580 677 cernens
609 631 893 687 erumpere
920 615 1137 670 fulmina
1162 622 1218 669 et
1242 613 1640 668 coruscationcs
1659 611 1841 667 defer-

248 718 321 780 ri;
348 713 587 784 agricola
615 726 745 765 vero
774 724 878 763 non
907 709 976 763 ita
998 749 1014 773 ,
1044 706 1138 762 sed
1165 706 1373 760 laetatur
1395 714 1449 760 et
1477 704 1672 775 gaudet
1702 713 1839 759 tem-

251 817 806 875 pestatcuneerneus:
837 816 942 855 non
973 800 1116 855 enim
1148 797 1431 868 prmsentia
1461 795 1678 867 reSpicit
1699 836 1714 860 ,
1745 795 1838 850 sed

251 903 429 952 futura
448 904 659 966 spectat
688 912 700 948 :
735 908 842 949 non
871 891 1088 962 respicit
1116 890 1180 943 ad
1213 888 1455 957 fulmina,
1477 887 1572 942 sed
1598 887 1844 957 manipu-

253 992 325 1045 los
350 998 663 1060 computat;
689 1003 796 1044 non
818 984 1203 1041 marcesceutia
1230 982 1455 1046 semina,
1489 980 1584 1037 sed
1607 995 1838 1035 vernan-

252 1095 327 1138 tes
354 1083 567 1153 Spicas;
597 1096 703 1135 non
730 1093 947 1150 gravem
978 1076 1203 1131 imbrem
1225 1115 1241 1137 ,
1273 1074 1366 1129 sed
1394 1072 1840 1143 iucundissimum

248 1190 384 1229 arcte
413 1174 703 1243 pulverem.
736 1171 919 1226 ltidcm
948 1177 1004 1223 et
1031 1183 1128 1223 nos
1154 1182 1257 1222 non
1285 1175 1604 1237 praesentem
1629 1172 1839 1234 specte-

250 1284 367 1323 mus
395 1267 811 1332 tribulationem,
836 1274 928 1319 aut
947 1262 1212 1326 dolorem,
1237 1260 1330 1315 sed
1352 1260 1611 1314 orientem
1639 1274 1703 1313 cx
1727 1258 1840 1327 ipsa

252 1363 532 1417 utilitatem
556 1402 572 1426 ,
604 1376 666 1414 ex
697 1359 808 1428 ipsa
840 1365 1146 1412 nascentem
1176 1353 1404 1408 fructmn
1428 1370 1442 1406 :
1469 1359 1842 1420 exspectemus

249 1470 387 1510 area:
417 1451 714 1522 manipulos
743 1450 824 1505 :si
850 1447 1048 1503 etenim
1074 1446 1369 1517 vigilemus,
1399 1444 1624 1498 tuultum
1647 1457 1712 1498 ex
1741 1442 1843 1496 hoc

251 1560 488 1614 tempore
516 1545 741 1598 fructum
767 1554 1112 1611 congregare,
1132 1547 1183 1593 et
1208 1537 1402 1592 mentis
1422 1543 1621 1590 nostrae
1648 1549 1840 1605 penum

250 1638 478 1708 implere
511 1630 912 1704 poterinms:si
961 1629 1271 1701 vigilemus,
1318 1641 1423 1682 non
1465 1635 1668 1681 tantum
1712 1624 1841 1679 nihil

247 1744 406 1800 grave
434 1742 499 1782 cx
530 1726 629 1781 bac
658 1725 925 1795 patiemur
951 1721 1290 1776 tribulatione
1313 1761 1331 1786 ,
1356 1719 1451 1774 sed
1479 1726 1533 1773 ct
1561 1719 1841 1772 innmuera

248 1822 384 1877 bona
434 1819 737 1889 capiemus;
787 1816 869 1871 sin
918 1829 1047 1870 vero
1099 1822 1438 1883 torpeamus,
1469 1810 1715 1866 remissio
1745 1824 1843 1864 nos

248 1914 453 1985 perdet.
482 1911 598 1967 Non
627 1910 999 1966 advertentem
1031 1906 1173 1960 enim
1201 1913 1427 1974 utraque
1455 1902 1655 1957 laedunt
1675 1943 1691 1967 ,
1719 1916 1841 1954 rum

248 2008 533 2062 sedulitate
557 2019 685 2059 vero
718 2000 919 2056 viventi
958 2007 1182 2069 utraque
1217 2005 1459 2065 prosunt.
1487 1995 1552 2049 Et
1575 1993 1714 2048 sicut
1743 2006 1840 2046 au-

247 2116 361 2155 rum
384 2097 485 2153 etsi
506 2095 657 2166 aquis
684 2094 1014 2157 immoretur,
1035 2089 1303 2160 propriam
1333 2085 1547 2156 praefert
1568 2085 1803 2156 speciem
1824 2099 1839 2136 :

246 2193 357 2247 sive
401 2191 453 2244 in
498 2187 869 2243 conﬂatorium
919 2183 1212 2247 ceciderit,
1254 2180 1583 2250 splendidius
1629 2192 1840 2234 rursum

246 2291 498 2355 apparet;
534 2283 704 2335 ltttum
728 2286 908 2333 autem
932 2285 981 2330 et
1004 2276 1228 2341 ftenum,
1253 2274 1366 2329 sive
1386 2273 1538 2342 aquis
1555 2271 1843 2326 immisceri

246 2375 470 2438 accidat,
501 2373 604 2428 boc
627 2371 839 2441 quidem
864 2368 1165 2433 marcescit,
1196 2366 1474 2420 illud‘vcro
1493 2363 1839 2418 dissolvitur:

228 2468 355 2522 "sive
377 2466 432 2519 in
461 2466 639 2533 ignem
662 2460 942 2526 ceciderit,
970 2458 1070 2513 bne
1098 2456 1314 2528 quidem
1344 2452 1715 2526 frigitur,illud
1750 2468 1845 2506 au-

249 2574 352 2615 teut
380 2559 713 2614 comburitur
739 2573 751 2609 :
782 2555 861 2609 sic
898 2561 1045 2608 certe
1074 2561 1128 2607 et
1150 2551 1328 2620 justus
1354 2556 1409 2605 et
1432 2557 1686 2619 peccator
1714 2563 1729 2600 :
1756 2546 1844 2600 ille

246 2653 460 2724 quidem
507 2651 620 2703 sive
666 2646 983 2702 remissione
1024 2645 1250 2706 fruatur,
1294 2651 1474 2696 manet
1500 2638 1839 2708 Splendidus,

247 2746 383 2800 sicut
432 2757 621 2798 aurum
662 2754 814 2809 aqum
858 2739 1170 2791 inuncrsum
1197 2753 1211 2788 :
1241 2734 1365 2789 sive
1398 2733 1448 2786 in
1494 2731 1841 2786 tentationcm

245 2835 520 2900 ceciderit,
550 2831 880 2905 splendidior
907 2829 960 2884 fit
982 2873 997 2895 ,
1030 2830 1390 2883 sicut-aurum
1420 2827 1541 2896 igne
1564 2824 1841 2880 examina-

246 2939 389 2992 tum;
440 2936 691 2997 peccator
728 2924 1014 2979 vcro-sivc
1058 2922 1430 2976 remissionem
1475 2918 1838 2983 nanciscatur,

252 3022 554 3079 dissolvitur
576 3030 629 3074 et
653 3017 956 3081 marcescit;
996 3014 1359 3070 sicut-fmuum
1399 3021 1453 3067 et
1497 3012 1664 3066 lutum
1691 3024 1844 3079 aqua:

252 3120 545 3172 itntnorans
569 3113 729 3169 :-sive
759 3110 1103 3165 tentationem
1143 3106 1444 3173 sustineat,
1486 3102 1841 3169 comburitur,

246 3220 303 3265 ct
325 3210 582 3280 perditur,
608 3206 747 3261 sicut
774 3205 941 3259 lotum
972 3211 1026 3258 et
1050 3201 1249 3257 frenum
1280 3198 1349 3252 ab
1374 3198 1514 3269 igne.

312 3300 372 3354 2‘.
408 3297 783 3353 Ai‘rumnarum
816 3299 1033 3366 fructus.
1059 3322 1132 3333 —-
1160 3290 1277 3346 Non
1311 3289 1472 3361 igitur
1497 3287 1846 3343 conlieiamur

249 3390 602 3463 pucscntibus
639 3388 793 3442 malis
831 3405 848 3442 :
895 3386 940 3441 si
977 3384 1122 3439 enim
1153 3383 1206 3438 in
1245 3381 1483 3453 peccatis
1509 3380 1616 3444 sis,
1642 3394 1706 3433 ea
1752 3376 1845 3432 de-

247 3490 525 3540 struuntur
546 3490 601 3535 et
621 3479 1007 3534 comburuntur
1032 3474 1187 3530 facile
1210 3489 1309 3543 per
1337 3471 1736 3527 tribulationem
1765 3469 1842 3525 :si

250 3591 377 3632 vero
417 3575 615 3628 virtute
658 3571 734 3626 sis
774 3568 1063 3642 pneditos,
1103 3566 1391 3622 illustraris
1419 3573 1475 3620 et
1515 3563 1847 3634 Splendescis

253 3686 346 3741 per
388 3667 558 3737 ipsam
603 3682 617 3716 :
660 3663 703 3717 si
748 3661 1003 3717 continue
1027 3659 1213 3730 vigiles
1248 3666 1303 3713 et
1341 3657 1553 3712 sobrius
1595 3656 1692 3722 sis,
1736 3656 1847 3710 eris

246 3763 391 3817 omni
422 3761 620 3814 damno
646 3755 909 3826 superior.
940 3752 1055 3809 Non
1081 3752 1222 3808 enim
1256 3749 1606 3811 teutatiouum
1633 3757 1844 3815 natura,

245 3854 340 3909 sed
366 3859 690 3907 tentatorum
734 3848 984 3917 segnities
1009 3845 1193 3898 ruinas
1218 3841 1437 3898 efficere
1461 3841 1617 3896 solet.
1668 3841 1848 3909 Itaque

246 3946 293 4001 si
343 3943 425 3998 vis
467 3940 726 4013 gaudere,
768 3948 823 3994 et
861 3937 1176 3993 remissione
1214 3943 1269 3991 et
1314 3934 1588 4004 voluptate
1643 3933 1840 4002 potiri,

246 4051 425 4106 neque
452 4033 807 4102 voluptatem,
846 4044 1020 4100 neque
1056 4026 1428 4083 remissionem
1468 4039 1706 4096 quaras;
1750 4022 1845 4078 sed

247 4128 482 4184 animam
513 4124 760 4196 patientia
791 4123 999 4194 plenam
1030 4136 1232 4192 qumrc,
1276 4129 1332 4174 ct
1371 4119 1713 4174 tolerantiam
1745 4133 1844 4171 ev-

249 4222 439 4276 liibcrc
467 4219 728 4273 valentem
760 4233 772 4270 :
805 4214 945 4285 quod
978 4214 1020 4269 si
1053 4213 1154 4267 hoc
1185 4230 1288 4266 non
1319 4211 1540 4278 babcas,
1588 4225 1693 4264 non
1729 4220 1845 4262 tan-

248 4324 362 4371 tum
393 4310 616 4367 teutatio
644 4319 693 4363 te
717 4307 1011 4377 superabit,
1035 4305 1128 4361 sed
1167 4316 1222 4359 ct
1258 4302 1503 4358 remissio
1541 4301 1749 4373 perdet,
1795 4308 1851 4354 ct

248 4404 423 4475 magis
471 4401 705 4471 dejiciet.
767 4398 918 4468 Quod
974 4398 1117 4452 enim
1164 4412 1269 4450 non
1319 4394 1560 4465 gravium
1603 4394 1849 4448 incursus

246 4510 497 4560 casuum,
536 4493 629 4549 sed
670 4492 866 4547 mentis
909 4502 1107 4545 nostra:
1139 4486 1572 4558 torpor-salutem
1612 4494 1847 4539 nostram

247 4591 549 4654 subvortat,
575 4587 696 4641 audi
727 4584 852 4656 quid
884 4583 1025 4639 dicat
1049 4581 1295 4638 Christus
1337 4600 1351 4637 :
1378 4580 1689 4650 Quicumque
1706 4578 1851 4632 audit

250 4685 403 4737 rc'rba
433 4697 543 4734 mea
571 4681 697 4739 lucc.
731 4689 777 4732 et
804 4680 925 4750 facit
947 4693 1025 4740 ea,
1062 4674 1424 4729 assimilabitur
1455 4673 1561 4726 viro
1589 4670 1848 4743 prudenti,

247 4777 339 4848 qui
365 4773 635 4844 a’diﬁcauit
665 4771 871 4824 donmm
899 4785 1044 4823 suam
1072 4783 1225 4838 super
1250 4774 1467 4835 petram,
1509 4773 1557 4817 et
1598 4760 1853 4818 descendit

248 4867 447 4938 pluvia,
475 4873 520 4918 ct
555 4870 793 4918 venerunt
820 4860 1057 4932 ﬂumina,
1101 4869 1149 4912 et
1191 4859 1442 4928 [laverunt
1487 4856 1639 4919 venti,
1700 4861 1746 4908 et
1784 4852 1854 4907 ir-

247 4966 471 5014 ruerunt.
500 4956 555 5009 iit
582 4957 791 5009 domum
814 4953 982 5018 illam,
1021 4960 1195 5007 et'uon
1219 4948 1400 5005 cecidit
1430 4963 1449 5003 :
1477 4948 1694 5020 {nudata
1719 4945 1853 4999 enim

247 5061 541 5119 erat-super
568 5058 760 5120 petram
790 5063 810 5101 :
835 5055 891 5101 et
931 5060 1140 5099 rursum
1169 5060 1183 5097 :
1219 5042 1396 5098 Omnis
1421 5041 1510 5111 qui
1536 5040 1679 5094 audit
1705 5038 1855 5094 verba

249 5162 367 5198 mea
412 5146 541 5209 hac,
588 5150 633 5195 et
680 5157 781 5194 non
817 5140 937 5211 facit
964 5156 1051 5203 ea,
1080 5136 1257 5191 similis
1299 5135 1390 5190 erit
1417 5135 1522 5188 viro
1547 5133 1721 5198 stulto,
1764 5131 1851 5202 qui

246 5235 525 5303 a‘diﬁcattit
572 5234 778 5288 domum
821 5248 968 5287 suam
1017 5247 1170 5301 super
1213 5245 1440 5293 arenam,
1503 5237 1549 5283 et
1600 5226 1856 5281 descendit

249 5326 451 5397 pluvia,
499 5335 546 5380 et
588 5334 824 5378 venerunt
863 5323 1098 5394 ﬂumina,
1122 5331 1168 5376 et
1206 5323 1456 5391 ﬂaverant
1513 5321 1663 5387 uenti,
1705 5327 1752 5374 et
1779 5319 1854 5372 ir-

250 5428 470 5477 rucrttnt
511 5419 564 5473 iit
603 5419 807 5473 domum
835 5417 999 5483 illam,
1051 5426 1097 5470 ct
1124 5414 1323 5480 cecidit,
1372 5426 1424 5468 et
1449 5413 1546 5483 [uit
1571 5413 1722 5469 ruina
1743 5414 1856 5484 ejus

247 5527 444 5586 magna
493 5510 711 5583 (Matth.
753 5510 807 5564 7.
851 5508 1065 5579 24-27).
1127 5506 1286 5562 Vides
1337 5504 1481 5577 quod
1524 5520 1631 5560 non
1676 5512 1855 5560 tenta-

249 5608 461 5662 tionem
510 5604 762 5667 inﬂictos,
815 5602 909 5656 sed
956 5600 1333 5656 :ediilcantlum
1382 5597 1602 5653 stultitia
1644 5597 1852 5652 ruinam

252 5696 489 5752 fecerit?
531 5688 742 5751 Etenim
790 5694 898 5749 illic
937 5694 1132 5763 pluvia,
1182 5700 1239 5747 et
1276 5691 1365 5746 hic
1409 5689 1633 5761 pluvi‘a‘:
1663 5698 1721 5745 et
1747 5690 1857 5746 illic

253 5789 500 5857 l'lmuim,
529 5797 582 5843 et
625 5786 711 5843 hic
742 5787 958 5842 ﬂumina
993 5803 1006 5840 :
1040 5786 1148 5842 illic
1177 5792 1459 5840 ventorum
1488 5782 1752 5850 incursus,
1800 5794 1855 5840 et

253 5880 348 5938 hic
389 5882 528 5939 idem
560 5899 573 5935 :
607 5880 697 5937 ille
740 5876 1042 5948 aedificavit,
1081 5886 1135 5935 ct
1176 5877 1261 5933 bic
1299 5875 1581 5933 aedificavit
1613 5894 1628 5932 :
1659 5875 1846 5933 cad’cm

1950 519 2253 587 :edilicatio,
2325 530 2381 577 et
2440 521 2645 578 etedem
2706 524 3052 593 tentattones,
3101 524 3200 585 sed
3245 542 3352 585 non
3402 528 3547 586 idem

1950 610 2092 679 linis,
2139 613 2391 683 quoniam
2435 628 2541 669 non
2581 614 2723 673 idem
2777 616 3222 691 fundamentum;
3265 641 3371 680 non
3404 628 3549 680 enim

1950 706 2303 762 teutatiouum
2373 716 2599 776 natura,
2649 711 2745 767 sed
2808 713 3124 771 aedificantis
3192 716 3548 788 imprudentia

1950 797 2156 852 ruinam
2196 797 2322 853 fecit
2363 817 2378 855 :
2420 800 2635 871 alioqui-
2663 805 2991 872 Oportuissct
3030 816 3085 864 ct
3124 808 3343 864 domum
3386 825 3547 883 supra

1950 897 2155 958 petram
2213 889 2547 949 aulilieatam-
2581 894 2812 961 cadere;
2875 913 3018 953 nunc
3071 914 3203 956 vero
3252 901 3395 957 nihil
3443 903 3547 958 talo

1951 999 2101 1051 passa
2141 994 2241 1041 est.
2283 987 2387 1042 Sed
2428 988 2605 1045 ue'do
2632 990 2794 1048 domo
2827 992 2943 1048 lucc
2986 994 3124 1049 dicta
3159 1011 3278 1052 esse
3309 999 3546 1066 putetis:

1947 1075 2017 1131 de
2071 1077 2248 1131 anima
2298 1080 2441 1134 enim
2511 1096 2695 1136 sermo
2750 1093 2834 1138 est
2892 1084 3193 1142 divinorum
3262 1089 3544 1143 vcrbormn

1946 1167 2199 1222 auditum
2240 1184 2335 1238 per
2395 1185 2573 1240 opera-
2618 1171 3043 1244 demonstran-te,
3099 1178 3196 1233 vei
3228 1180 3541 1248 repellente.

1945 1256 2037 1313 Sic
2076 1258 2310 1313 animam
2357 1274 2509 1315 suam
2553 1261 2656 1318 Job
2707 1265 2989 1320 asdilicavit
3040 1284 3059 1323 :
3105 1267 3384 1324 descendit
3431 1271 3545 1340 plu-

1949 1348 2051 1415 via,
2105 1349 2244 1420 ignis
2298 1352 2440 1407 enim
2472 1351 2541 1408 de
2589 1352 2731 1409 casio
2773 1357 2992 1422 cecidit,
3039 1369 3092 1414 et
3131 1375 3321 1414 oatues
3358 1377 3548 1431 greges

1947 1441 2245 1514 absumpsit
2277 1443 2397 1514 (Job
2452 1446 2504 1501 1.
2566 1447 2761 1522 lii-l9)
2789 1466 2803 1505 :
2834 1460 3100 1506 venerunt
3136 1453 3386 1523 litttnina,
3442 1457 3548 1512 frc-

1946 1543 2174 1603 quentes
2214 1551 2430 1606 nempe,
2474 1540 2734 1606 continui,
2781 1551 2835 1597 ct
2870 1543 2971 1597 sibi
3009 1545 3359 1602 succedentes
3400 1548 3545 1603 «atla-

1950 1625 2191 1680 mitatum
2249 1629 2418 1683 nuntii
2479 1647 2493 1683 :
2552 1630 2638 1686 hic
2679 1632 2895 1703 quidem
2941 1649 3201 1707 gregum,
3266 1638 3356 1695 ille
3420 1656 3549 1696 vero

1947 1716 2298 1782 camelorum,
2346 1718 2435 1775 ille
2486 1737 2673 1779 rursus
2725 1725 2952 1781 liliurum
2997 1730 3268 1785 interitum
3312 1731 3545 1788 dicens:

1948 1806 2209 1864 [laverunt
2261 1815 2426 1879 venti,
2474 1828 2655 1869 amara
2713 1818 2894 1872 uxoris
2932 1821 3142 1876 verba:
3182 1819 3305 1890 Dic,
3354 1824 3545 1894 inquit,

1947 1898 2149 1954 uerbum
2201 1910 2379 1957 contra
2434 1903 2750 1976 Dominum,
2812 1920 2860 1963 et
2916 1928 3112 1967 morere
3148 1913 3273 1984 (Job
3312 1915 3366 1971 2.
3410 1916 3485 1988 9)
3530 1935 3545 1972 :

1947 1998 2005 2044 et
2050 2007 2156 2046 non
2196 1994 2391 2049 cecidit
2427 1997 2642 2065 domus,
2690 2015 2796 2055 non
2842 2012 2925 2058 est
2962 2005 3298 2075 supplantata
3346 2010 3545 2076 anima,

1949 2097 2054 2135 non
2099 2082 2490 2153 blasphemavit
2519 2088 2699 2158 justus
2748 2108 2762 2145 :
2812 2092 2908 2148 sed
2956 2105 3010 2149 ct
3044 2096 3243 2166 gratias
3286 2100 3413 2170 egit,
3468 2102 3548 2157 sit:

1946 2171 2133 2228 dicens
2166 2191 2180 2228 :
2214 2174 2469 2233 Dominus
2516 2180 2677 2246 dedit,
2719 2182 2969 2240 Dominus
3011 2188 3240 2255 abstulit,
3273 2193 3403 2246 sicut
3442 2192 3547 2250 Do»

1949 2266 2086 2320 miuo
2123 2267 2334 2336 placuit,
2366 2270 2439 2323 ita
2465 2275 2658 2342 factum
2687 2284 2760 2329 est
2830 2276 2951 2347 (Job
2980 2280 3029 2333 1.
3059 2279 3174 2350 21).
3207 2281 3368 2338 Vides
3405 2287 3548 2355 quod

1950 2374 2056 2412 non
2106 2361 2456 2417 teutatiouum
2518 2373 2740 2434 natura,
2794 2368 2890 2423 sed
2954 2373 3280 2441 torpentium
3343 2376 3548 2445 ignavia

1949 2450 2156 2505 ruinam
2204 2452 2382 2509 facere
2408 2455 2620 2512 soleat?
2662 2474 2783 2514 nam
2829 2459 3024 2517 fortem
3061 2466 3234 2520 virum
3279 2467 3551 2525 tribulatio

1949 2544 2223 2602 fortiorem
2265 2548 2456 2603 reddit.
2486 2549 2618 2616 Quis
2660 2550 2763 2607 hoc
2804 2555 2917 2609 ait?
2965 2556 3021 2609 In
3062 2558 3406 2615 tribulatione
3448 2576 3548 2615 ntr-

1951 2638 2105 2692 tritus
2131 2639 2317 2696 beatus
2348 2640 2545 2696 Paulus
2572 2642 2858 2701 itadioetts
2887 2663 2902 2703 :
2934 2646 3225 2703 Pribulatio
3255 2652 3551 2720 patientiam

1948 2738 2191 2799 enarratur
2209 2772 2228 2795 ,
2276 2732 2521 2800 patientia
2566 2750 2682 2789 rere
2726 2736 3092 2805 probationem,
3152 2741 3383 2811 probatio
3435 2759 3552 2798 vero

1945 2838 2090 2889 spent
2161 2821 2339 2892 (llam.
2372 2825 2426 2880 5.
2458 2825 2492 2880 '5
2544 2826 2624 2896 4).
2675 2828 2742 2882 Ει
2779 2828 2919 2884 sicut
2957 2831 3142 2887 lirmas
3165 2833 3386 2889 arbores
3424 2850 3552 2890 ven-

1951 2922 2125 2969 lorum
2152 2915 2380 2985 impetus
2407 2918 2614 2974 irruens
2638 2929 2695 2976 et
2719 2921 2953 2993 undique
2975 2925 3185 2995 jactans
3214 2943 3321 2982 non
3349 2928 3550 2998 evellit,

1946 3006 2043 3061 sed
2091 3007 2377 3063 solidiores
2420 3020 2473 3064 et
2529 3011 2794 3068 firmiores
2831 3013 2919 3069 bis
2967 3015 3268 3073 incursibus
3317 3019 3492 3075 reddit
3532 3036 3549 3076 :

1948 3099 2027 3155 sic
2055 3109 2111 3155 et
2149 3100 2383 3157 animam
2424 3113 2664 3158 sanctam
2694 3112 2751 3160 et
2779 3106 2866 3175 pie
2894 3107 3164 3163 viventem
3194 3113 3550 3167 teutatiouum

1949 3190 2196 3247 illClll‘SllS
2239 3202 2294 3248 ct
2338 3194 2763 3261 tribulationum,
2823 3214 2929 3253 non
2979 3204 3347 3271 supplantant,
3391 3214 3551 3274 atque

1949 3287 2112 3367 etiam
2151 3286 2218 3340 ad
2256 3287 2512 3357 majorem
2548 3290 2855 3359 patientiam
2883 3293 3104 3349 incitant
3136 3312 3150 3349 :
3182 3297 3319 3351 sicut
3348 3307 3403 3353 et
3428 3298 3546 3352 bea-

1951 3387 2062 3432 tutn
2105 3378 2207 3433 Job
2250 3379 2669 3450 splendidiorem
2714 3394 2770 3440 et
2809 3387 3258 3443 venerabiliorem
3300 3390 3550 3446 reddidec

1952 3482 2097 3526 runt.
2145 3471 2300 3528 Nunc
2347 3473 2506 3545 igitur
2544 3476 2701 3533 nobis
2748 3478 2962 3549 quidem
3000 3479 3164 3536 homo
3199 3480 3466 3550 irascitur,
3498 3492 3554 3539 et

1953 3562 2114 3619 homo
2150 3564 2339 3621 iisdem
2376 3569 2714 3638 passiouibus
2745 3571 3030 3639 obnoxius,
3075 3573 3345 3644 similique
3374 3576 3551 3630 anima

1953 3657 2227 3728 praeditus,
2267 3670 2320 3713 et
2359 3660 2662 3728 timuimus;
2710 3671 2836 3719 tunc
2862 3673 3039 3720 autem
3081 3666 3177 3722 ille
3200 3666 3411 3721 daemon
3442 3684 3554 3722 tua-

1954 3749 2128 3819 lignus
2169 3761 2223 3804 et
2263 3749 2408 3807 ferus
2454 3762 2570 3808 erat
2614 3754 2804 3819 iratus,
2852 3770 2952 3811 nec
3001 3757 3322 3828 simpliciter
3351 3759 3553 3815 irasce-

1954 3840 2127 3906 batur,
2182 3843 2277 3898 sed
2327 3859 2516 3900 omnes
2565 3848 2817 3902 movebat
2869 3859 3035 3916 artes,
3090 3866 3411 3923 omnemque
3453 3853 3551 3909 ad-

1954 3932 2171 3989 hibebat
2221 3937 2533 4003 versutiam,
2570 3947 2624 3992 ct
2666 3954 2767 3994 nec
2807 3940 2875 3994 ita
2918 3941 3131 4010 quidem
3167 3943 3294 4011 justi
3340 3945 3553 4000 fortitu-

1952 4024 2132 4080 dinem
2164 4028 2451 4096 superavit.
2487 4030 2551 4082 Et
2577 4029 2899 4100 hic-quidem
2929 4047 3051 4087 cum
3079 4034 3240 4088 homo
3269 4035 3358 4101 sit,
3405 4052 3549 4092 nunc

1954 4119 2222 4185 irascitur,
2271 4136 2412 4176 nunc
2450 4123 2787 4192 conciliatur,
2834 4134 2900 4180 et'
2925 4135 3101 4181 tamen
3130 4127 3322 4185 timore
3356 4132 3551 4185 mortui

1953 4225 2159 4265 sumus.
2225 4211 2378 4267 Tunc
2428 4228 2558 4268 vero
2601 4214 2847 4271 diabolus
2887 4227 3005 4272 erat
3057 4218 3392 4289 impugnans,
3459 4222 3548 4291 qui

1956 4318 2244 4372 Nunquam
2297 4302 2579 4359 hominum
2619 4315 2833 4361 natura?
2859 4308 3196 4377 conciliatur,
3223 4311 3318 4366 sed
3351 4311 3551 4367 bellum

1954 4393 2072 4449 sine
2114 4393 2341 4461 findere,
2371 4405 2703 4466 ct-pognanr
2724 4398 2843 4453 sine
2873 4399 3102 4455 induciis
3137 4402 3320 4470 generi
3365 4413 3553 4458 nostro

1956 4488 2165 4551 indixit,
2193 4497 2455 4543 ct'tamen
2488 4488 2654 4559 ipsius
2678 4494 2903 4562 sagittas
2921 4492 3100 4562 justus
3129 4493 3337 4550 derisit.
3379 4498 3550 4562 Quam

1957 4580 2125 4646 igitur
2148 4596 2246 4635 nos
2279 4582 2706 4647 excusationem,
2747 4584 2832 4639 vel
2868 4585 3080 4654 qualem
3106 4587 3316 4642 veniam
3356 4587 3555 4643 habere

1956 4686 2263 4743 possumus,
2309 4672 2599 4728 humanam
2649 4677 2999 4732 teutatiouetn
3030 4694 3137 4732 non
3179 4679 3431 4746 ferentes,
3463 4682 3553 4750 qui

1956 4772 2237 4834 uitttopere
2284 4765 2336 4819 in
2384 4768 2552 4835 gratia
2601 4765 3059 4839 philosophantur,
3108 4784 3229 4824 cum
3281 4771 3371 4825 ille
3421 4781 3549 4827 ante

1960 4859 2210 4927 gratiam,
2253 4868 2308 4913 et
2355 4859 2407 4912 in
2444 4859 2609 4914 veteri
2651 4859 2999 4916 Testamento
3027 4862 3159 4917 illttd
3208 4870 3314 4917 tam
3366 4864 3556 4920 intole-

1958 4950 2126 5006 rabile
2155 4950 2355 5007 bellum
2387 4966 2647 5022 generose
2678 4953 2900 5008 tulerit?

2030 5042 2176 5098 Bona
2213 5044 2428 5099 mutatio
2466 5060 2533 5098 ea:
2572 5045 2864 5099 calamitate
2901 5055 3069 5117 parta.
3104 5077 3174 5087 —-
3201 5046 3340 5104 H're
3375 5050 3552 5121 igitur,

1957 5135 2156 5203 dilecti,
2192 5149 2406 5205 semper
2442 5134 2581 5191 inter
2602 5149 2700 5190 nos
2728 5135 3076 5204 disseramus,
3115 5147 3170 5192 et
3190 5154 3287 5210 per
3318 5140 3415 5195 hos
3444 5156 3556 5196 scr-

1959 5243 2148 5282 uioues
2192 5242 2290 5281 nos
2336 5227 2482 5296 ipsos
2520 5227 2887 5284 cxbortetrmr.
2955 5228 3166 5285 Etenim
3224 5246 3322 5287 vos
3370 5242 3554 5298 testes,

1958 5321 2392 5391 conscientiaque
2436 5330 2646 5386 vestra,
2695 5332 2950 5393 quantum
2998 5339 3065 5380 ex
3110 5325 3213 5379 bac
3264 5325 3556 5380 Ieutatiouo

1960 5413 2200 5468 utilitatis
2239 5412 2606 5469 habuerimus.
2640 5413 2941 5471 Dissolutus
2992 5419 3138 5472 enim
3171 5417 3447 5472 modestus
3479 5416 3554 5471 fa-

1958 5516 2076 5561 ctus
2104 5515 2205 5568 est,
2239 5504 2391 5560 fcrox
2421 5505 2725 5575 humanior,
2754 5508 2932 5578 segnis
2958 5508 3261 5563 studiosus:
3289 5507 3377 5576 qui
3401 5523 3554 5562 utun-

1958 5614 2117 5668 quam
2146 5595 2429 5653 ecclesiam
2457 5598 2719 5663 viderant,
2748 5599 2845 5654 scd
2878 5607 3017 5653 totos
3039 5599 3090 5652 in
3118 5598 3338 5652 theatris
3365 5614 3554 5670 ergo-

1958 5693 2086 5748 baut
2111 5692 2247 5759 dies,
2289 5692 2509 5747 nuncin
2536 5692 2758 5748 ecclesia
2791 5701 2898 5746 tnta
2940 5692 3027 5746 die
3069 5700 3366 5747 morantur.
3416 5693 3549 5748 Pro-

1960 5793 2218 5853 ptereane
2267 5781 2427 5855 igitur
2451 5782 2621 5849 doles,
2664 5782 2806 5852 quod
2837 5793 2887 5835 te
2928 5781 3151 5851 probum
3183 5783 3375 5837 timore
3412 5784 3553 5839 Deus

1959 5876 2233 5934 reddidit?
2274 5876 2417 5948 quod
2465 5884 2517 5932 te
2562 5891 2658 5947 per
2690 5873 3089 5932 tribulationem
3135 5874 3200 5934 ad
3232 5886 3336 5934 tua:
3365 5878 3550 5933 salutis
