3998 6424
504 367 576 421 63
1215 369 1275 426 S.
1303 368 1582 426 JOANNIS
1620 367 2102 426 CIIRYSOSTOMI
2138 369 2458 428 ARClllEP.
2498 373 3030 438 CONSTANTINOP.
3746 388 3813 443 (54

505 494 726 535 sensum
771 479 1063 550 perduxit?
1109 479 1217 537 Sed
1270 491 1554 552 torquetur
1597 482 1925 537 conscientia
1976 485 2103 538 tua?

507 575 604 627 sed
628 572 864 643 quotidie
892 574 1195 644 percellitur
1219 590 1372 630 mens
1398 585 1488 630 tua
1521 585 1759 632 mortem
1783 586 2103 647 exspectans

508 673 563 717 et
599 665 773 719 minas
802 665 1102 720 maximas?
1139 667 1212 720 At
1239 665 1364 722 hinc
1383 683 1596 737 quoque
1624 669 1778 723 nobis
1806 685 1994 738 magna
2035 669 2101 724 ad

507 753 756 809 virtutem
781 756 1018 810 accessio
1047 758 1174 822 erit,
1199 767 1479 814 crescente
1508 759 1660 814 nobis
1689 775 1782 829 per
1803 759 2102 830 angustiam

504 843 784 912 religione.
829 845 1010 900 Potest
1048 849 1191 902 enim
1236 849 1379 904 Deus
1414 852 1594 904 omnia
1630 852 1810 920 gravia
1854 850 1954 906 bac
1989 852 2107 922 ipsa

503 933 590 989 die
641 936 869 1002 solvere,
914 938 1008 993 sed
1042 940 1214 995 donec
1245 957 1342 994 nos
1381 951 1633 1012 purgatos
1679 943 1886 1009 videat,
1925 943 2100 1000 donec

502 1025 681 1080 videat
725 1027 917 1083 factam
951 1032 1378 1096 conversionem,
1409 1041 1464 1088 et
1491 1033 1860 1102 pmnitentiam
1892 1036 2100 1091 ﬁrmam

501 1127 556 1171 et
583 1120 974 1186 inconcussam,
1020 1139 1123 1177 non
1163 1124 1406 1180 dissolvit
1446 1125 1862 1182 tribulationem.
1889 1128 2099 1184 Etenim

500 1211 705 1264 aurifex
734 1212 903 1268 donec
928 1230 1114 1268 aurum
1143 1216 1282 1271 bene
1310 1227 1588 1287 purgatum
1621 1219 1830 1280 viderit.
1870 1220 1938 1274 de
1971 1235 2101 1275 con-

505 1299 716 1357 ﬁatorio
743 1319 846 1357 non
875 1306 1110 1359 extrahit
1141 1323 1154 1358 :
1188 1307 1266 1361 sic
1295 1317 1348 1362 et
1387 1307 1532 1362 Deus
1574 1323 1678 1363 non
1708 1310 1927 1365 abducit
1962 1309 2101 1366 hanc

505 1393 722 1459 nubem,
765 1394 938 1449 donec
978 1411 1075 1448 nos
1125 1398 1333 1466 penitus
1372 1399 1754 1454 emendaverit.
1804 1401 1905 1471 Qui
1953 1403 2095 1458 enim

506 1485 852 1540 tentationem
885 1487 1146 1554 permisit,
1198 1489 1310 1558 ipse
1351 1490 1498 1545 novit
1539 1500 1594 1545 et
1637 1494 1944 1547 tentationis
1983 1493 2097 1548 sol-

511 1577 696 1632 venda:
749 1581 986 1647 tempus:
1023 1579 1089 1633 Et
1131 1580 1266 1634 sicut
1295 1580 1622 1636 citharmdns
1670 1599 1842 1653 neque
1875 1601 2100 1640 nervum

502 1668 751 1735 intendit,
793 1684 852 1723 ut
878 1685 990 1724 non
1011 1671 1311 1742 abrumpat,
1358 1688 1529 1743 neque
1555 1673 1778 1728 remittit
1808 1675 1944 1728 ultra
1984 1691 2100 1730 mo-

504 1759 655 1823 dum,
721 1776 789 1817 nc
831 1761 1124 1816 barmonim
1165 1774 1482 1820 concentum
1532 1765 1691 1820 laedat
1725 1783 1738 1820 :
1768 1767 1846 1820 sic
1873 1774 1928 1820 et
1957 1767 2100 1822 Deus

498 1853 630 1922 agit,
663 1868 834 1921 neque
859 1852 913 1906 in
942 1854 1261 1909 remissione
1289 1856 1564 1920 continua,
1611 1871 1710 1912 nec
1737 1857 1787 1910 in
1816 1857 1970 1927 longa
2007 1857 2099 1912 tri-

501 1941 773 1998 bulatione
826 1954 1062 1998 nostram
1132 1947 1410 2000 constituit
1460 1946 1728 2013 animam,
1799 1948 2098 2002 secundum

493 2051 648 2090 suam
689 2035 1025 2104 prudentiam
1075 2047 1358 2108 utrumque
1388 2038 1592 2094 faciens
1621 2056 1636 2093 :
1664 2055 1770 2094 non
1798 2041 1924 2095 sinit
1951 2041 2095 2097 enim

497 2144 601 2183 nos
621 2130 869 2184 continua
900 2132 1054 2200 potiri
1083 2133 1420 2196 remissione,
1469 2149 1537 2188 ne
1564 2135 1838 2204 segniores
1872 2135 2094 2202 ﬁamus;

495 2237 604 2276 non
635 2221 760 2276 sinit
779 2231 956 2278 autem
989 2235 1199 2278 rursum
1230 2224 1282 2277 in
1304 2225 1557 2280 continua
1580 2240 1700 2282 esse
1729 2225 2101 2296 tribulatione,

497 2327 565 2367 ne
591 2312 1096 2380 concidamus,ueve
1119 2313 1484 2384 desperemus.

441 2401 446 2406 ’
569 2406 626 2460 ὅ.
653 2405 667 2456 l
675 2406 754 2474 psi
785 2405 944 2475 igitur
970 2407 1306 2462 adversitatis
1329 2408 1575 2464 ﬁniendae
1595 2417 1806 2481 tempus
1825 2412 2100 2482 relinqua-

495 2512 640 2563 mus,
662 2512 761 2553 nos
781 2513 908 2554 vero
926 2508 1130 2554 tantum
1150 2514 1450 2569 precemur,
1467 2515 1565 2556 nos
1581 2502 1640 2557 in
1660 2504 1937 2560 sanctitate
1954 2505 2096 2560 viva-

495 2602 636 2642 mus.
664 2586 811 2658 Opus
829 2589 972 2644 enim
997 2598 1236 2646 nostrum
1253 2590 1320 2646 ad
1347 2590 1597 2647 virtutem
1618 2594 1831 2657 mutari,
1853 2595 1944 2649 Dei
1969 2611 2094 2651 vero

495 2695 653 2750 opus,
687 2683 840 2738 malis
879 2683 1191 2752 urgentibus
1229 2685 1388 2740 ﬁnem
1426 2684 1724 2756 imponere.
1750 2688 1958 2743 Etenim
1979 2689 2094 2759 ipse

494 2773 688 2842 magis,
733 2789 890 2842 quam
932 2785 984 2828 tu
1005 2775 1092 2845 qui
1118 2777 1358 2843 tentaris,
1407 2775 1510 2832 hoc
1543 2777 1846 2832 incendium
1885 2780 2094 2834 exstin-

503 2881 668 2934 guere
710 2867 840 2931 vult,
870 2867 963 2923 sed
1008 2869 1236 2924 salutem
1259 2877 1400 2924 tuam
1421 2880 1714 2940 exspectat.
1745 2871 1894 2926 Sicut
1935 2873 2094 2942 igitur

495 2973 563 3012 ex
582 2958 893 3013 remissione
913 2958 1181 3014 tribulatio
1198 2961 1334 3015 facta
1349 2970 1453 3028 est,
1476 2961 1555 3018 sic
1565 2977 1629 3016 ex
1651 2963 1986 3020 tribulatione
2007 2981 2093 3021 re-

501 3051 811 3107 missionem
839 3062 1150 3122 exspeetarc
1177 3055 1448 3110 convenit.
1476 3054 1659 3126 Neque
1687 3057 1830 3112 enim
1874 3073 2088 3129 semper

493 3141 688 3207 luctus,
734 3156 908 3212 neque
935 3158 1149 3214 semper
1173 3153 1350 3212 testas,
1398 3161 1572 3216 neque
1601 3162 1813 3218 semper
1837 3150 2087 3218 procella,

491 3250 664 3304 neque
694 3250 906 3306 semper
945 3237 1324 3306 tranquillitas,
1369 3253 1474 3293 non
1515 3253 1732 3308 semper
1761 3255 1888 3307 nox,
1916 3256 2090 3312 neque

487 3342 705 3397 semper
742 3328 857 3384 dies
886 3346 900 3384 :
933 3329 1011 3384 sic
1047 3344 1219 3398 neque
1255 3345 1470 3400 semper
1509 3330 1801 3399 tribulatio,
1847 3333 1942 3388 sed
1985 3337 2090 3389 erit

485 3431 543 3475 et
587 3418 854 3486 remissio,
901 3419 947 3473 si
993 3427 1201 3474 tantum
1245 3420 1299 3474 in
1345 3419 1685 3478 tribulatione
1735 3422 1845 3477 Deo
1890 3424 2090 3494 gratias

489 3527 702 3581 semper
728 3524 969 3580 agamus.
1001 3509 1135 3564 Nam
1164 3519 1272 3564 tres
1299 3512 1355 3565 in
1379 3511 1646 3566 fornacem
1679 3513 1826 3581 pueri
1857 3513 2086 3584 conjecti

491 3612 656 3656 sunt:
687 3611 864 3656 etnec
889 3600 960 3655 ita
992 3599 1262 3670 religionis
1303 3599 1457 3655 obliti
1489 3609 1634 3666 sunt,
1669 3616 1770 3658 nec
1808 3603 1950 3673 ipsos
1977 3613 2085 3660 ter—

493 3695 600 3748 ruit
628 3693 861 3758 ﬂauum,
887 3691 981 3748 sed
1009 3691 1097 3759 iis,
1124 3692 1215 3762 qui
1239 3691 1291 3746 in
1314 3691 1560 3748 cubiculo
1581 3693 1850 3759 sederent.
1880 3703 1935 3750 et
1953 3695 2089 3750 nihil

485 3802 654 3858 grave
697 3793 1024 3856 paterentur,
1071 3783 1384 3852 studiosius,
1434 3785 1557 3854 igne
1595 3785 1720 3841 licet
1749 3785 2079 3853 circumdati,

491 3892 673 3933 sacras
700 3877 816 3939 illas
833 3891 1018 3947 preces
1039 3873 1372 3930 emittebant.
1402 3875 1530 3932 Ideo
1544 3891 1726 3932 murus
1757 3877 1888 3948 ipsis
1909 3877 2083 3936 factus

491 3976 576 4023 est
603 3967 758 4038 ignis,
788 3976 841 4022 et
869 3967 1031 4022 vestis
1059 3965 1295 4033 ﬂamma,
1327 3976 1383 4022 et
1406 3966 1526 4022 fons
1555 3965 1741 4022 fornax
1771 3985 1783 4019 :
1815 3977 1868 4022 et
1894 3968 2084 4040 ligatos

490 4073 744 4132 acceptos
770 4060 977 4115 solutos
997 4059 1248 4127 reddidit,
1293 4061 1536 4114 mortalia
1572 4060 1807 4130 suscepit
1835 4076 2082 4132 corpora,

491 4161 548 4205 et
603 4162 874 4221 tamquam
916 4151 1307 4206 immortalibus
1356 4151 1646 4216 abstinuit;
1705 4167 1812 4205 non
1869 4153 2086 4223 agnovit

495 4253 770 4309 naturam,
818 4241 913 4298 sed
955 4243 1134 4313 pietati
1180 4243 1538 4298 reverentiam
1588 4241 1874 4298 exhibuit:
1915 4243 2084 4299 vinxit

493 4332 655 4402 pedes
684 4342 963 4404 tyrannus,
993 4341 1050 4388 et
1075 4331 1210 4403 ignis
1238 4333 1344 4388 vim
1372 4333 1535 4404 pedes
1561 4333 1866 4389 vinxerunt.
1897 4331 1942 4390 Ο
1968 4349 2081 4389 rem

491 4426 888 4482 admirabilem!
910 4427 1117 4482 vinctos
1131 4427 1289 4482 solvit
1306 4425 1541 4492 ﬂamma,
1568 4436 1623 4482 et
1649 4427 1762 4498 ipsa
1781 4428 1849 4484 de
1876 4429 2084 4500 reliquo

493 4531 524 4572 a
553 4517 741 4571 vinctis
779 4518 954 4571 vincta
1003 4525 1087 4572 est
1118 4533 1133 4571 :
1166 4518 1389 4572 mutavit
1430 4517 1572 4572 enim
1612 4534 1790 4574 rerum
1836 4529 2080 4576 naturam

491 4607 1010 4662 adolescentulorum
1061 4609 1263 4678 pietas;
1322 4607 1432 4662 imo
1489 4623 1620 4663 vero
1667 4625 1774 4664 non
1837 4620 2082 4666 naturam

491 4699 732 4766 mutavit,
779 4697 874 4754 sed
917 4698 1059 4770 quod
1105 4707 1222 4755 erat
1245 4699 1556 4763 mirabilius,
1589 4703 1946 4769 permanentia
1981 4718 2080 4757 na-

493 4782 634 4848 turae
661 4794 765 4848 vim
795 4794 1085 4864 repressit:
1116 4807 1222 4847 non
1249 4792 1394 4847 enim
1433 4792 1610 4862 ignem
1654 4793 1941 4861 exstinxit,
1985 4795 2080 4852 sed

489 4886 763 4941 ardentem
808 4885 1133 4941 inefﬁcacem
1176 4884 1444 4940 reddidit:
1473 4892 1530 4940 et
1553 4885 1693 4954 quod
1719 4893 1804 4941 est
1837 4887 2080 4943 mirabile

489 4993 555 5030 ac
577 4976 916 5046 stupendum,
947 4991 1054 5032 non
1083 4977 1136 5030 in
1167 4976 1364 5032 sanctis
1402 4985 1606 5032 tantum
1635 4976 1952 5047 corporibus
1977 4979 2080 5035 hoc

489 5068 686 5123 factum
725 5077 826 5132 est,
871 5067 965 5122 sed
992 5077 1044 5124 et
1073 5069 1127 5122 in
1158 5067 1489 5123 vestimentis
1520 5067 1757 5139 ipsorum
1784 5079 1839 5124 et
1870 5071 2078 5127 calcea-

489 5161 723 5216 mentis:
754 5167 810 5216 et
852 5160 989 5214 sicut
1017 5161 1070 5215 in
1097 5161 1371 5230 apostolis,
1402 5161 1716 5216 vestimenta
1744 5162 1888 5216 Pauli
1925 5165 2081 5234 :rgri-

487 5253 697 5315 tndines
713 5259 769 5306 et
791 5249 1059 5306 dazmones
1087 5251 1374 5321 pellebant,
1394 5259 1449 5308 et
1470 5252 1611 5308 Petri
1635 5253 1819 5308 umbra
1848 5265 2075 5309 mortem

487 5343 702 5413 fugabat
729 5359 744 5398 :
773 5342 854 5398 sic
890 5342 1050 5398 etiam
1094 5342 1182 5398 hic
1223 5357 1510 5412 puerorum
1539 5344 1902 5400 calceamenta
1942 5345 2078 5415 ignis

489 5438 736 5490 virtutem
753 5433 1141 5490 sustinuerunt.
1158 5432 1348 5489 Nescio
1362 5433 1630 5506 quomodo
1641 5434 1838 5490 dicam:
1858 5435 2080 5490 miracuo

487 5524 597 5580 lum
625 5541 838 5582 omnem
857 5525 1142 5580 verborum
1162 5523 1523 5580 narrationem
1563 5525 1909 5582 transcendit.
1944 5526 2077 5582 Nam

488 5616 567 5666 vis
592 5625 711 5670 erat
731 5617 1022 5682 exstincta,
1054 5624 1110 5669 et
1138 5630 1245 5671 non
1272 5616 1568 5674 exstincta:
1599 5633 1721 5674 cum
1763 5618 1906 5672 enim
1933 5619 2076 5673 circa

489 5715 791 5760 sanctorum
809 5709 1020 5768 illorum
1047 5721 1270 5778 corpora
1292 5708 1620 5774 versabatur,
1639 5720 1752 5764 erat
1779 5711 2073 5766 exstincta:

486 5802 605 5847 cum
639 5805 768 5848 vero
809 5796 1017 5858 vincula
1065 5795 1367 5870 dirumpere
1408 5799 1661 5869 Oportuit,
1693 5815 1799 5857 non
1829 5807 1943 5857 erat
1970 5816 2070 5857 cx‘

2213 485 2408 539 stincta
2436 504 2448 540 :
2477 489 2764 559 compedes
2789 491 2947 562 igitur
2975 495 3194 566 dirnpit,
3224 507 3278 552 et
3307 497 3443 554 talos
3473 516 3585 557 non
3618 504 3806 576 tetigit.

2210 575 2400 632 Vidisti
2437 591 2631 648 quanta
2678 584 3082 654 propinquitas?
3126 585 3310 658 Neque
3355 591 3403 643 vi
3434 606 3529 645 sua
3572 575 3810 664 privatus

2207 674 2290 720 est
2333 668 2492 737 ignis,
2523 685 2694 740 neque
2734 672 2872 726 ultra
2918 675 3125 730 vincula
3159 671 3449 746 procedere
3493 698 3663 737 ausos
3693 683 3806 740 fuit.

2209 756 2390 812 Vinxit
2434 769 2710 831 tyrannus,
2758 773 2814 818 et
2855 763 3067 821 flamma
3117 769 3358 835 resolvit,
3393 781 3452 825 ut
3492 782 3550 826 et
3593 773 3807 829 barbari

2205 847 2578 904 erndelimtcm
2613 851 2810 918 discas,
2861 862 2917 909 et
2957 855 3208 911 elementi
3252 859 3638 916 obedientiam.
3697 862 3808 930 Qua

2207 952 2334 992 vero
2353 953 2514 994 causa
2543 940 2594 994 in
2625 942 2799 1010 ignem
2831 943 3092 1002 missurus
3116 963 3212 1002 eos
3239 948 3456 1017 ligavit?
3480 950 3521 1006 υ
3531 960 3549 1002 ι
3571 952 3809 1007 miracu-

2205 1025 2315 1081 lum
2346 1029 2497 1084 fieret
2526 1031 2720 1101 majus,
2767 1043 2824 1088 ut
2867 1036 3164 1091 mirabilius
3207 1039 3438 1109 signum,
3469 1057 3538 1096 ne
3589 1053 3806 1112 putares

2205 1133 2328 1176 esse
2352 1121 2629 1177 oculorum
2646 1140 2890 1182 errorem
2913 1143 2973 1182 ea
2999 1145 3118 1198 qua:
3143 1130 3496 1186 videbantur:
3533 1135 3636 1188 nisi
3664 1136 3802 1190 enim

2204 1212 2344 1282 ignis
2373 1214 2460 1270 ille
2482 1214 2616 1285 ignis
2646 1217 2853 1284 fuisset,
2882 1220 3092 1275 vincuh
3120 1222 3670 1302 uoupbsumpsissct,
3695 1243 3804 1282 non

2203 1306 2444 1361 exterius
2485 1307 2738 1364 sedentes
2781 1309 2998 1378 milites,
3042 1312 3186 1382 quod
3235 1314 3406 1370 multo
3461 1318 3634 1386 magis
3685 1319 3799 1386 luit,

2204 1399 2468 1467 rapuisset
2505 1417 2519 1454 :
2571 1416 2713 1456 nunc
2756 1412 2932 1456 autem
2987 1405 3346 1461 exterioribus
3383 1408 3606 1477 quidem
3655 1410 3800 1478 vim,

2202 1487 2546 1544 inter-mribus
2568 1505 2698 1546 vero
2726 1491 3085 1548 obedientiam
3117 1495 3394 1550 exhibuit.
3414 1496 3496 1551 Tu
3519 1514 3653 1553 vero
3674 1499 3802 1555 mihi

2201 1579 2481 1635 Considera
2531 1581 2746 1652 ubique,
2791 1584 3063 1654 quomodo
3105 1585 3349 1642 diabolus
3393 1603 3492 1658 per
3535 1605 3658 1659 qua:
3707 1591 3800 1646 Dei

2201 1684 2396 1725 servos
2433 1671 2728 1742 impugnat,
2771 1690 2865 1744 per
2906 1675 3023 1730 luet:
3066 1678 3336 1746 propriam
3381 1681 3488 1734 vim
3537 1681 3796 1747 destruat,

2202 1775 2312 1814 non
2340 1762 2528 1816 volens
2567 1762 2806 1832 quidem,
2839 1766 2932 1821 sed
2961 1767 3053 1821 Dei
3088 1769 3350 1837 sapientia
3380 1781 3432 1826 et
3463 1772 3798 1841 providentia

2201 1852 2342 1906 illius
2387 1854 2552 1908 armis
2589 1863 2645 1909 et
2664 1856 2873 1912 artibus
2906 1858 2960 1912 iu
3006 1859 3168 1930 ipsius
3197 1871 3354 1930 caput
3397 1872 3584 1918 utente
3614 1883 3627 1918 :
3659 1864 3798 1933 quod

2200 1943 2416 2013 quidem
2462 1953 2518 1999 et
2555 1945 2642 2000 hic
2684 1945 2878 2002 factum
2925 1959 3029 2004 est.
3061 1949 3314 2006 Diabolus
3356 1954 3502 2008 enim
3535 1954 3645 2009 illic
3675 1966 3794 2010 tunc

2198 2046 2430 2107 tyranno
2455 2052 2516 2094 se
2553 2037 2853 2108 insinuans,
2899 2059 3072 2114 neque
3119 2044 3270 2100 ferro
3289 2055 3600 2102 sanctorum
3627 2049 3793 2119 capita

2198 2129 2438 2184 abscindi
2468 2131 2736 2200 permisit,
2761 2149 2934 2202 neque
2964 2135 3148 2190 bestiis
3171 2137 3327 2202 tradi,
3355 2154 3531 2208 neque
3560 2139 3670 2193 ullo
3689 2139 3794 2194 alio

2201 2222 2292 2276 tali
2316 2222 2482 2278 modo.
2506 2224 2681 2293 puniri
2707 2243 2721 2280 :
2754 2227 2848 2280 sed
2880 2227 2930 2282 in
2960 2227 3135 2298 ignem
3160 2230 3303 2300 injici
3325 2233 3516 2297 suasit,
3543 2241 3604 2287 ut
3625 2248 3792 2302 neque

2199 2312 2442 2382 reliquis:
2487 2314 2700 2369 illorum
2735 2326 3044 2373 sanctorum
3092 2330 3454 2386 remanerent,
3499 2323 3629 2392 ipsis
3667 2339 3789 2377 cor-

2200 2404 2420 2473 poribus
2443 2408 2796 2476 consumptis,
2828 2418 2887 2462 et.
2925 2410 3158 2478 ipsorum
3187 2411 3368 2466 cinere
3397 2428 3521 2467 eum
3547 2429 3802 2468 sarmen~

2200 2504 2376 2552 torum
2423 2495 2604 2554 cinere
2650 2500 2982 2556 commixto:
3017 2501 3155 2556 Deus
3201 2514 3381 2559 autem
3429 2504 3534 2561 hoc
3579 2507 3692 2576 ipso
3723 2507 3788 2561 ad

2197 2585 2486 2656 impietatis
2514 2589 2930 2646 destructionem
2959 2607 3085 2647 usus
3110 2602 3220 2660 est,
3248 2605 3304 2650 et
3339 2610 3406 2651 eo
3434 2599 3600 2653 modo
3635 2613 3791 2668 quem

2195 2693 2296 2750 ego
2319 2696 2444 2735 mox
2477 2681 2677 2740 dicam.

2265 2769 2413 2842 Ignis
2435 2772 2575 2843 apud
2606 2771 2792 2828 Persas
2817 2774 2940 2828 deus
2969 2785 3197 2845 putatur.
3224 2807 3291 2818 -
3334 2777 3474 2832 Deus
3502 2779 3640 2848 apud
3663 2777 3783 2833 Per-

2197 2875 2287 2917 sas
2320 2863 2454 2932 ignis
2493 2881 2612 2919 csse
2641 2875 2890 2934 putatur,
2928 2866 3210 2938 ipsumque
3248 2869 3419 2925 multo
3444 2872 3594 2925 cultu
3635 2887 3782 2926 vene-

2195 2962 2380 3008 rantur
2401 2953 2560 3008 etiam
2589 2970 2727 3010 nunc
2753 2955 2963 3011 barbari
2992 2959 3262 3028 regionem
3291 2961 3434 3014 illam
3468 2961 3780 3016 habitantes.

2194 3044 2396 3100 Volens
2447 3047 2605 3116 igitur
2655 3047 2796 3103 Deus
2859 3049 3114 3105 radicitus
3168 3050 3454 3122 impietatis
3511 3053 3782 3108 materiam

2193 3136 2432 3198 auferre,
2465 3139 2730 3192 concessit
2759 3138 3059 3210 lmjnsmodi
3100 3155 3273 3212 penu:
3304 3142 3523 3198 modum
3543 3185 3560 3211 ,
3589 3153 3644 3198 ut
3675 3157 3781 3212 pne

2193 3227 2364 3282 oculis
2381 3229 2617 3282 omnium
2643 3231 2813 3299 ipsum
2834 3230 3120 3284 colentium
3143 3273 3157 3294 ,
3183 3232 3358 3287 servis
3376 3233 3492 3288 suis
3515 3233 3780 3287 victoriam

2191 3319 2499 3376 conferret:
2532 3337 2626 3390 per
2668 3321 2778 3391 ipsa
2823 3337 2982 3390 opera
3024 3321 3152 3392 ipsis
3198 3325 3524 3392 persuadere
3568 3325 3776 3386 volens,

2191 3412 2338 3482 quod
2373 3413 2646 3484 gentilium
2694 3413 2768 3468 dii
2814 3430 2919 3470 nou
2964 3413 3138 3471 Deum
3185 3424 3417 3484 tantum,
3465 3417 3564 3474 sed
3611 3425 3662 3472 et
3689 3413 3777 3468 Dei

2191 3518 2379 3560 servos
2409 3504 2649 3559 timeant.

2263 3597 2318 3654 4.
2339 3597 2408 3652 Ει
2429 3597 2707 3652 considera
2739 3598 2975 3654 victoria:
3003 3614 3254 3654 coronam
3274 3616 3370 3670 per
3383 3603 3650 3657 contraria
3669 3609 3772 3654 tex-

2192 3695 2322 3756 tam,
2354 3696 2409 3743 ct
2428 3686 2595 3744 factos
2611 3688 2795 3758 tropaei
2828 3697 2993 3744 testes
3021 3690 3164 3760 ipsos
3187 3691 3449 3746 inimicos.
3474 3693 3612 3747 Misit
3627 3692 3769 3753 enim,

2190 3780 2382 3850 inquit,
2403 3779 2872 3837 Nabuchodonosor
2888 3798 2977 3836 rea:
2987 3781 3054 3835 ad
3069 3785 3481 3854 congregandunt
3497 3801 3662 3839 omnes
3677 3799 3767 3834 ma-

2187 3871 2447 3940 gistratus,
2477 3881 2522 3925 et
2543 3871 2712 3939 duces,
2735 3883 2779 3924 et
2806 3871 3064 3942 prmities,
3093 3874 3346 3943 principes
3379 3883 3424 3928 et
3444 3884 3700 3945 tyrannos,
3725 3880 3766 3922 et

2186 3962 2240 4015 in
2271 3962 2592 4032 potestatibus
2619 3964 2932 4028 constitutos,
2957 3973 3005 4015 et
3025 3978 3196 4017 omnes
3211 3965 3473 4035 regionum
3494 3968 3764 4036 pre/actos,

2188 4063 2242 4107 ut
2273 4054 2576 4107 venirentad
2613 4069 2754 4108 nocte
2781 4053 3144 4107 dedicationem
3176 4065 3377 4120 statum,
3413 4065 3460 4109 et
3490 4050 3764 4126 congregati

2187 4154 2304 4198 sunt
2330 4161 2499 4199 ontues
2543 4143 2702 4216 (Dan.
2729 4149 2764 4204 5
2813 4146 2894 4213 Ξ).
2928 4145 3176 4200 Inimicus
3205 4146 3472 4200 theatrum
3519 4155 3680 4218 parat,
3706 4155 3764 4195 ac

2187 4243 2516 4304 spectatores
2539 4235 2700 4305 cogit,
2727 4236 2956 4290 stadium
2974 4237 3238 4306 proponit,
3271 4236 3384 4307 ipse
3414 4235 3761 4308 spectaculum

2186 4336 2469 4395 convocat,
2501 4337 2555 4384 et
2585 4328 2846 4384 theatrum
2870 4344 2977 4383 non
3000 4330 3294 4399 vulgaritnn
3327 4331 3620 4395 hominum,
3665 4340 3762 4382 non

2186 4423 2546 4492 privatorum,
2593 4424 2696 4480 sed
2733 4424 2966 4477 omnium
3015 4422 3396 4478 honoratorum
3440 4435 3495 4478 et
3537 4421 3758 4477 omnium

2187 4518 2608 4588 magistratuum,
2656 4527 2714 4572 ut
2755 4526 2808 4572 et
2849 4517 3210 4572 testimonium
3255 4517 3394 4586 apud
3445 4519 3634 4572 multos
3665 4509 3760 4565 ﬁde

2185 4609 2401 4679 dignum
2430 4608 2542 4664 ﬁat.
2555 4607 2825 4666 Venerunt
2849 4607 2914 4661 ad
2941 4608 3082 4662 aliud
3113 4608 3282 4663 vocati
3309 4607 3680 4677 spectaculum,
3709 4606 3755 4654 et

2184 4702 2286 4756 alia
2331 4701 2646 4772 conSpicati,
2687 4715 2877 4756 omnes
2909 4700 3175 4755 abierunt.
3223 4700 3496 4756 Venerunt
3542 4706 3752 4755 statuam

2183 4792 2486 4857 adoraturi,
2531 4800 2586 4847 et
2621 4802 2851 4846 statuam
2889 4791 3104 4862 quidem
3145 4791 3482 4856 deriserunt;
3528 4790 3752 4844 abierunt

2183 4899 2314 4938 vero
2344 4884 2435 4938 Dei
2479 4869 2766 4952 potentiam
2815 4882 3058 4937 admirati
3089 4898 3184 4953 per
3211 4883 3358 4954 signa
3388 4884 3440 4938 in
3469 4883 3641 4954 pueris
3665 4890 3749 4930 ex-

2186 4973 2371 5028 hibita.
2391 4973 2457 5027 Et
2483 4972 2600 5027 vide
2621 4973 2708 5028 ubi
2726 4971 2952 5028 stadium
2978 4971 3079 5027 hoc
3103 4981 3392 5028 statuerat:
3418 4989 3522 5026 non
3541 4971 3589 5025 in
3611 4965 3742 5024 urbe,

2185 5081 2284 5120 nec
2315 5066 2365 5121 iu
2398 5065 2504 5120 ullo
2529 5080 2677 5135 agro,
2718 5066 2816 5122 sed
2861 5065 3000 5137 plani
3047 5076 3103 5120 et
3129 5066 3254 5121 nudi
3282 5067 3453 5137 campi
3500 5067 3595 5120 hoc
3618 5055 3749 5114 orbis

2185 5154 2448 5212 theatrum
2496 5157 2836 5227 suscipiunt:
2877 5157 2930 5212 in
2985 5173 3174 5228 campo
3216 5158 3360 5212 enim
3413 5158 3565 5212 Deira
3611 5159 3745 5206 extra

2184 5249 2448 5304 civitatem
2479 5251 2705 5320 efﬁgiem
2737 5251 2928 5315 erexit,
2959 5259 3015 5305 et
3052 5266 3226 5321 ιιι-εωρο
3271 5250 3621 5320 pertransiens
3647 5241 3742 5295 cla-

2185 5342 2404 5398 mabat:
2449 5341 2597 5396 Vobis
2641 5343 2847 5406 dicitur,
2874 5353 3070 5414 gentes,
3117 5343 3294 5406 tribus,
3325 5343 3517 5413 populi,
3557 5339 3741 5405 (iugum,

2181 5452 2492 5505 quacumque
2504 5436 2629 5490 hora
2645 5437 2904 5491 audieritis
2918 5452 3086 5490 vocem
3101 5433 3463 5502 tuba,/istula:,
3482 5442 3526 5487 ct
3538 5428 3739 5518 rit/tortu,

2179 5526 2542 5598 adamantaque,
2565 5536 2610 5582 et
2637 5527 2884 5596 psalterit',
2911 5536 2959 5580 et
2985 5526 3304 5600 symphonia:
3328 5534 3374 5580 et
3400 5523 3559 5580 omnis
3571 5523 3742 5590 gentm

2182 5622 2508 5689 musicorum,
2523 5622 2758 5677 cadentes
2769 5622 2976 5677 adorat:
2991 5633 3208 5675 statuam
3235 5636 3440 5674 auream
3465 5618 3602 5689 (vere
3616 5603 3738 5663 enim

2181 5712 2372 5768 cadere
2387 5722 2502 5768 erat
2523 5713 2862 5770 simulacrum
2883 5713 3153 5781 adorare):
3171 5721 3218 5764 et
3242 5723 3537 5778 (laurumque
3555 5717 3642 5756 non
3662 5708 3736 5746 ‘0'

2181 5801 2302 5858 deus
2329 5804 2633 5873 adoraocrit,
2663 5805 2714 5858 in
2744 5805 2917 5860 eadem
2954 5804 3080 5859 hora
3127 5803 3417 5874 projirictnr
3442 5802 3493 5856 in
3514 5789 3736 5852 caminum
