3998 6434
127 346 179 403 63
1081 337 1175 393 AD
1211 332 1547 392 PUPULUM
1586 330 2089 394 ANTIOCIIENUM
2130 333 2370 391 IIOMIL.
2414 335 2499 390 IV.
3450 354 3517 408 (η

128 478 197 513 σου
231 458 286 512 τὸ
330 456 595 522 συνειδός;
639 455 773 511 ἀλλά
824 450 1181 525 τιτρώσκεταί
1220 469 1315 505 σου
1364 450 1485 506 καθ’
1515 449 1752 520 ἑκάστην

122 547 295 617 ἡμέραν
320 543 580 617 ἡδιάνοια
608 542 831 597 θάνατον
860 539 1235 612 προσδοκῶσα,
1266 540 1360 592 καὶ
1392 537 1623 608 ἀπειλὴν
1656 554 1752 609 με-

122 636 308 701 γίστην;
349 630 507 684 Ἀλλά
554 631 647 683 καὶ
689 627 933 681 ἐντεῦθεν
978 629 1112 698 ἡμῖν
1155 626 1325 697 πολλὴ
1372 627 1508 697 πρὸς
1541 626 1742 698 ἀρετὴν

121 720 318 784 ἐπίδοσις
335 718 506 781 ἔσται,
524 714 930 786 ἐπιτεινομένης
951 715 1084 785 ἡμῖν
1104 715 1202 785 τῆς
1223 712 1511 777 εὐλαϐείας
1535 711 1625 766 διά
1644 712 1746 782 τῆς

120 807 338 875 ἀγωνίας.
360 805 596 869 Δυνατὸς
623 805 721 875 μὲν
743 803 851 874 γὰρ
871 805 899 857 6
924 802 1056 867 Θεὸς
1078 801 1293 856 ᾶπαντα
1319 799 1482 854 λῦσαι
1505 801 1747 872 σήμερον

120 896 175 947 :‘1
196 895 350 948 δεινά·
378 893 491 947 ἀλλ’
519 893 625 956 ἕως
640 892 705 947 ἀν
724 891 805 963 ἴδῃ
824 890 1197 963 καθαρθέντας
1230 890 1399 961 ἡμᾶς,
1431 889 1536 952 ἕως
1569 888 1634 942 ἂν
1663 887 1747 957 ἴδῃ

121 983 372 1055 γενομένην
413 980 768 1053 ἐπιστροφὴν,
819 980 914 1033 καὶ
938 979 1223 1050 μετάνοιαν
1253 979 1458 1049 παγίαν
1478 978 1574 1032 καὶ
1599 976 1749 1031 ἄσει-

123 1070 309 1133 στον,οὐ
330 1068 585 1124 καταλύει
606 1069 705 1141 τὴν
730 1067 925 1138 θλίψιν.
960 1066 1069 1120 Καὶ
1090 1067 1199 1139 γὰρ
1232 1068 1261 1120 6
1291 1065 1605 1138 χρυσοχόος,
1644 1064 1750 1127 ἔως

124 1157 174 1209 ἂν
193 1157 268 1230 ίδῃ
290 1156 349 1210 τὸ
378 1157 599 1228 χρυσίον
645 1154 828 1219 καλῶς
864 1154 1225 1226 ἐκκαθαρθὲν,
1254 1155 1355 1208 οὐκ
1394 1155 1615 1224 ἀνασπᾷ
1652 1151 1749 1205 τοῦ

122 1246 439 1317 χωνεντηρίου
459 1262 472 1275 ·
502 1246 645 1300 οῦτω
676 1247 768 1300 καὶ
801 1248 830 1299 6
858 1244 992 1309 Θεὸς
1031 1246 1092 1298 οὐ
1116 1246 1355 1317 παράγει
1384 1244 1543 1299 τοῦτο
1573 1242 1635 1297 τὸ
1661 1243 1749 1297 νέ-

124 1352 215 1402 φος,
251 1334 345 1397 ἕως
389 1332 454 1389 ἂν
500 1336 649 1405 ἡμᾶς
681 1333 988 1405 σωφρονίσῃ
1022 1333 1298 1398 καλῶς.’0
1324 1333 1434 1405 γάρ
1464 1332 1752 1403 συγχωρή-

124 1438 200 1485 σας
221 1422 299 1475 τὸν
319 1423 638 1494 πειρασμὸν,
662 1422 823 1486 αὐτὸς
847 1418 953 1475 οἶδε
980 1422 1185 1476 καὶτὸν
1206 1422 1396 1493 καιρὸν
1422 1421 1521 1493 τῆς
1543 1419 1752 1484 λύσεως

123 1512 194 1564 τοῦ
228 1510 539 1582 πειρασμοῦ.
572 1510 729 1564 Οῦτω
777 1510 871 1564 καὶ
914 1511 944 1562 6
975 1507 1277 1582 κιθαρῳδὸς
1324 1507 1448 1562 οὔτε
1493 1508 1752 1563 ἐπιτείνει

122 1599 197 1667 τὴν
222 1598 421 1669 νευρὰν,
445 1598 533 1651 ἵνα
567 1597 641 1670 μὴ
671 1597 959 1671 διαρῤἡξῃ,
985 1595 1111 1650 οὐτε
1146 1596 1287 1668 χαλᾷ
1334 1596 1478 1668 πέρα
1528 1595 1623 1649 τοῦ
1658 1594 1756 1666 μέ-

126 1701 244 1755 τρου,
270 1685 349 1738 ἴνα
382 1686 456 1756 μὴ
482 1685 787 1757 λυμήνηται
834 1684 931 1756 τὴν
977 1685 1295 1755 συμφωνίαν
1320 1684 1422 1755 τῆς
1453 1683 1749 1757 ἁρμονίας·

125 1771 236 1825 οὕτω
261 1774 344 1824 καὶ
366 1772 543 1837 όΘεὸς
565 1775 730 1837 ποιεῖ,
761 1771 885 1826 οὔτε
927 1773 985 1825 ἐν
1033 1772 1215 1826 ἀνέσει
1240 1771 1501 1842 διηνεκεῖ,
1536 1770 1659 1825 οὔτε
1695 1772 1755 1825 ἐν

127 1858 265 1928 θλίψει
299 1862 477 1933 μακρᾷ
501 1861 604 1931 τὴν
637 1860 908 1931 ἡμετέραν
939 1845 1231 1932 καθίστησι
1262 1858 1461 1930 ψυχὴν,
1490 1858 1632 1914 κατά
1655 1857 1754 1930 τὴν

127 1946 257 2000 αὐτοῦ
287 1947 491 2002 σύνεσιν
539 1948 825 2020 ἀμφότερα
849 1950 1022 2001 ταῦτα
1057 1946 1245 2002 ποιῶν.
1273 1948 1389 2002 Οὐκ
1426 1948 1618 2019 ἀφίησι
1654 1948 1754 2019 μὲν

126 2033 211 2103 γὰρ
223 2032 484 2105 διηνεκοῦς
510 2036 751 2100 ἀνέσεως
774 2034 1086 2102 ἀπολαύειν,
1112 2036 1199 2090 ἴνα
1232 2036 1308 2107 μὴ
1342 2033 1629 2106 γενώμεθα
1656 2038 1756 2107 ρᾳ-

135 2118 397 2192 θομότεροιν
429 2122 530 2176 οὐκ
561 2123 755 2195 ἀφίησι
780 2124 837 2177 δὲ
866 2125 923 2176 ὲν
950 2122 1127 2193 θλίψει
1161 2125 1375 2193 συνεχεῖ
1408 2117 1547 2177 εἶναι
1573 2122 1754 2191 πάλιν,

134 2208 200 2261 ἵνα
227 2209 291 2280 μὴ
326 2213 722 2283 καταπέσωμεν
758 2212 891 2285 μηδὲ
920 2211 1415 2285 ἀπαγορεύσωμεν.

186 2298 243 2366 γ’.
258 2299 402 2371 Αὐτῷ
417 2302 603 2356 τοίνυν
627 2301 1046 2374 παραχωρῶμεν
1070 2302 1160 2356 τὸν
1186 2301 1375 2374 καιρὸν
1396 2305 1496 2375 τῆς
1510 2303 1754 2359 ἀπαλλα-

130 2386 208 2456 γῆς
228 2387 322 2440 τῶν
344 2388 549 2454 δεινῶν,
585 2390 747 2460 ἡμεῖς
771 2389 826 2442 δὲ
859 2388 1146 2460 εὐχώμεθα
1182 2389 1362 2461 μόνον,
1395 2391 1554 2462 ἡμεῖς
1588 2393 1645 2445 ὲν
1669 2393 1759 2447 εὐι-

130 2472 283 2544 λαϐείᾳ
306 2474 577 2547 ζήσωμεν.
596 2474 781 2548 Ἦμῶν
809 2477 907 2547 μὲν
939 2475 1047 2549 γὰρ
1080 2476 1240 2549 ἔργον
1261 2478 1323 2531 τὸ
1520 2481 1758 2551 μεταϐα-

127 2561 276 2615 λέσθαι
297 2564 425 2636 πρὸς
445 2564 673 2637 ἀρετὴν,
695 2564 787 2618 τοῦ
804 2564 938 2619 Θεοῦ
960 2566 1016 2619 δὲ
1044 2565 1204 2638 ἔργον
1226 2566 1287 2620 τὸ
1304 2566 1467 2622 λῦσαι
1489 2568 1558 2621 τά
1574 2568 1723 2623 δεινά
1741 2587 1755 2600 ·

128 2648 200 2699 καὶ
232 2649 329 2721 γὰρ
356 2651 448 2705 σοῦ
494 2650 596 2705 τοῦ
638 2649 1033 2723 πειραζομένου
1067 2653 1267 2725 μᾶλλον
1312 2654 1475 2720 αὐτὸς
1510 2655 1759 2727 βούλεται

128 2734 279 2790 σϐέσαι
309 2738 404 2809 τὴν
426 2739 610 2812 πυράν
638 2740 863 2811 ταύτην,
888 2740 1004 2794 ἀλλ’
1026 2742 1286 2813 ἀναμένει
1317 2760 1411 2797 σου
1447 2744 1546 2816 τὴν
1581 2762 1759 2814 σωτη-

130 2822 223 2890 ρίαν
246 2824 442 2899 Ὥσπερ
484 2822 584 2881 οὖν
632 2827 691 2894 ἐξ
739 2828 973 2893 ἀνέσεως
1014 2830 1231 2898 ἐγένετο
1259 2830 1459 2902 θλίψις,
1494 2833 1637 2887 οὕτω
1664 2835 1761 2888 καὶ

129 2909 212 2961 ἀπὸ
237 2910 452 2981 θλίψεως
493 2914 684 2969 ἄνεσιν
731 2915 837 2986 χρὴ
881 2917 1204 2991 προσδοκᾷ-ι.
1239 2919 1372 2973 Οὐδὲ
1401 2920 1509 2992 γὰρ
1539 2921 1625 2975 ἀεὶ
1650 2940 1763 2994 χει-

129 2996 220 3065 μὼν
263 3001 374 3054 οὐδὲ
404 3003 491 3055 ἀεὶ
517 3002 701 3074 θέρος,
735 3005 832 3059 οὐκ
859 3006 946 3060 ἀεὶ
977 3006 1196 3077 κύματα
1224 3008 1344 3062 οὐδὲ
1388 3010 1474 3063 ἀεὶ
1523 3010 1761 3082 γαλήνη.

128 3088 203 3139 οὐκ
223 3088 298 3141 ἀεὶ
328 3090 419 3155 νὺξ
460 3091 587 3145 οὐδὲ
614 3093 699 3145 ἀεὶ
722 3093 904 3167 ἡμέρα
924 3111 938 3126 ’
971 3094 1144 3159 οὕτως
1167 3096 1287 3150 οὐδὲ
1312 3097 1399 3150 ἀεὶ
1421 3097 1620 3169 θλῖψις,
1645 3099 1768 3153 ἀλλ’

128 3172 248 3229 ἔσται
290 3180 376 3231 καί
419 3179 626 3244 ἄνεσις,
665 3181 823 3251 μόνον
851 3182 947 3236 ἐὰν
971 3184 1028 3237 ἐν
1054 3185 1119 3255 τῇ
1151 3182 1330 3254 θλίψει
1351 3184 1642 3250 διαπαντδς
1668 3186 1763 3240 εὐ-

127 3267 425 3337 χαριστῶμεν
454 3269 537 3341 τῷ
567 3269 695 3340 Θεῷ
733 3271 846 3325 Kal}:
879 3270 986 3342 γὰρ
1017 3274 1071 3325 οί
1097 3274 1247 3343 τρεῖς
1275 3273 1465 3338 παῖδες
1491 3275 1571 3339 εἰς
1597 3275 1765 3346 κάμι-

128 3372 196 3407 νον
227 3357 606 3431 ἐνεϐλήθησαν,
641 3361 735 3414 καὶ
767 3361 885 3414 οὐδέ
914 3361 1088 3426 οῦτως
1126 3362 1452 3417 ἐπελάθοντο
1478 3364 1579 3434 τῆς
1607 3364 1762 3419 εὐλα⁴

128 3442 267 3510 θείας,
291 3447 402 3499 οὐδὲ
433 3447 707 3518 ἐφόϐησεν
734 3448 930 3513 αὐτοὺς
956 3450 988 3521 ἡ
1016 3448 1167 3518 φλὸξ,
1202 3450 1339 3504 ἀλλά
1357 3451 1477 3504 τῶν
1508 3453 1565 3506 ἐν
1597 3451 1764 3507 θαλά-

134 3546 199 3598 μῳ
221 3532 550 3604 καθημένων,
582 3536 675 3588 καὶ
705 3536 872 3607 μηδὲν
897 3537 1216 3607 πασχόντων
1246 3538 1437 3603 δεινὸν,
1474 3541 1766 3595 σπουδαιό-

132 3632 255 3687 τερον
267 3620 337 3692 τῷ
351 3622 482 3693 πυρὶ
506 3622 892 3694 κυκλούμενοι,
914 3625 1011 3688 τὰς
1037 3626 1189 3696 ίερὲις
1207 3626 1424 3691 ὲκείνας
1448 3627 1766 3699 ἀνέπεμπον

131 3705 281 3775 εὐχάς.
317 3711 409 3763 Διά
444 3710 610 3765 τοῦτο
649 3714 827 3782 τεῖχος
877 3715 1061 3777 αὐτοῖς
1113 3714 1330 3783 ἐγένετο
1376 3715 1440 3769 τὸ
1489 3717 1623 3787 πῦρ,
1673 3717 1768 3771 καὶ

132 3794 315 3868 πολὴή
344 3798 494 3867 φλὸξ,
530 3798 630 3852 καὶ
667 3799 819 3871 πηγὴ
845 3802 885 3870 ἡ
907 3801 1157 3871 κάμινος,
1192 3806 1286 3856 καὶ
1327 3801 1647 3874 δεδεμένους
1674 3804 1768 3857 λα-

132 3879 269 3936 ϐοῦσα
289 3883 612 3957 λελυμένους
648 3885 956 3940 ἀπέδωκενο
998 3888 1159 3942 ἔλαϐε
1188 3888 1359 3962 θνητά
1396 3889 1647 3961 σώματα,
1673 3893 1768 3947 καὶ

131 3966 189 4030 ὦς
211 3968 807 4045 ἀθανάτωνεάπέσχετο·
835 3975 937 4028 οὐκ
962 3974 1142 4044 ἔγνωι
1172 3976 1270 4048 τὴν
1300 3977 1480 4047 φύσιν,
1510 3978 1624 4032 ἀλλ’
1646 3980 1770 4052 ᾐδέ-

345 4062 635 4118 εὐλάϐειαν
656 4080 671 4095 ·
708 4062 864 4135 ἔδησε
912 4065 1037 4129 τοὺς
1082 4065 1247 4130 πόδας
1288 4069 1316 4121 6
1349 4065 1630 4139 τύραννος,
1673 4070 1767 4123 καὶ

136 4143 293 4216 [θησαν
318 4151 364 4203 οί
396 4149 561 4215 πόδες
588 4147 683 4203 τοῦ
725 4149 895 4223 πυρὸς
926 4151 1033 4221 τὴν
1063 4152 1434 4225 ἐνέργειαν.“Ω
1465 4154 1767 4227 παραδόξου

135 4237 413 4305 πράγματος
435 4238 462 4291 Γ
488 4238 622 4301 τοὺς
659 4237 973 4309 δεδεμένους
1010 4238 1259 4313 ἐλυσενὴ
1295 4240 1444 4310 φλὸξ.
1488 4244 1583 4296 καὶ
1630 4244 1769 4317 αὐτὴ

134 4317 283 4378 ωπὸν
313 4324 414 4377 ὐπὸ
445 4322 563 4378 τῶν
588 4322 886 4396 δεδεμένων
931 4326 1166 4380 ἐδέδετο⁶
1213 4327 1477 4399 μετέϐαλε
1517 4331 1627 4403 γὰρ
1660 4332 1770 4388 τῶν

138 4413 434 4481 πραγμάτων
467 4413 579 4479 τὴν
611 4411 773 4482 φύσιν
803 4412 911 4467 τῶν
938 4415 1233 4469 νεανίσκων
1262 4416 1295 4487 ἡ
1322 4416 1601 4484 εὐλάϐεια,
1635 4420 1771 4491 μᾶλ-

135 4495 205 4549 λον
231 4499 280 4553 δὲ
306 4501 364 4554 οὐ
395 4502 495 4573 τὴν
525 4499 690 4572 φύσιν
720 4500 1034 4574 μετέϐαλεν,
1065 4503 1180 4555 ἀλλ’
1209 4503 1237 4556 δ
1258 4504 1438 4575 πολλῷ
1457 4504 1769 4577 θαυμαστό-

135 4600 260 4656 τερον
295 4584 379 4660 ἦν,
420 4586 692 4662 μενούσης
724 4590 825 4662 τῆς
852 4590 1066 4660 φύσεως
1086 4590 1183 4663 τὴν
1212 4591 1490 4663 ἐνέργειαν
1518 4592 1767 4666 ἔστησεν.

136 4673 194 4724 υύ
216 4674 312 4747 γάρ
351 4676 541 4731 ἔσϐεσε
568 4677 632 4730 τὸ
669 4677 802 4748 πῦρ,
829 4676 965 4730 ἀλλά
989 4678 1278 4748 καιόμενον
1309 4681 1479 4752 ἀργὸν
1509 4683 1733 4756 ἐποίησε
1753 4703 1766 4720 ο

136 4766 209 4817 καὶ
242 4768 297 4822 τὸ
317 4767 380 4839 δὴ
407 4767 725 4840 θαυμαστὸν
761 4768 852 4821 καὶ
898 4768 1222 4839 παράδοξον,
1254 4770 1354 4823 οὐκ
1399 4772 1491 4825 ἐπὶ
1520 4773 1630 4829 τῶν
1663 4791 1771 4830 σω-

140 4853 290 4918 μάτων
308 4855 460 4909 τοῦτο
492 4855 604 4910 τῶν
633 4856 805 4926 ἀγίων
821 4857 1036 4926 ἐγένετο
1071 4858 1251 4929 μόνον,
1270 4857 1406 4914 ἀλλά
1432 4861 1527 4914 καὶ
1551 4863 1772 4917 ἐπὶτῶν

139 4936 334 5023 ἱματίων
350 4942 555 5011 αὐτῶν,
577 4945 675 5001 καὶ
714 4946 807 4999 ἐπὶ
834 4944 942 4999 τῶν
970 4946 1333 5018 ὑποδημάτων
1352 4966 1365 4979 ·
1397 4949 1493 5003 καὶ
1519 4950 1770 5026 καθάπερ

138 5026 212 5079 ἔπι
242 5028 346 5086 τῶν
389 5032 727 5099 ἀποστόλων,
763 5034 835 5088 τά
872 5035 1063 5106 ίμάτια
1095 5036 1309 5090 Παύλου
1354 5039 1636 5110 νοσήματα
1680 5040 1773 5095 καὶ

398 5122 624 5195 ἦλαυνε,
665 5124 761 5177 καὶ
798 5125 854 5177 αί
899 5124 1047 5176 σκιαὶ
1073 5125 1278 5197 Πέτρου
1308 5125 1538 5182 θάνατον
1566 5129 1773 5198 ἐφυγά-

138 5198 341 5259 δευονδί
371 5208 516 5266 οῦτω
556 5211 622 5286 δὴ
661 5206 757 5266 καὶ
801 5211 1037 5266 ἐνταῦθα
1070 5213 1180 5267 τῶν
1213 5215 1419 5269 παίδων
1451 5215 1658 5271 τούτων
1703 5217 1774 5273 τά

140 5286 423 5367 ὑποδήματα
470 5300 572 5373 τὴν
611 5299 704 5354 τοῦ
752 5299 923 5373 πυρὸς
971 5300 1200 5371 δύναμιν
1242 5301 1485 5358 ἔσϐεσεν.
1510 5304 1625 5360 υύκ
1658 5302 1775 5362 οἶδα

140 5378 234 5443 πῶς
268 5383 432 5438 είπω·
465 5386 527 5440 τὸ
559 5386 670 5460 γάρ
698 5386 887 5458 θαῦμα
927 5389 1108 5441 πᾶσαν
1144 5388 1462 5462 ὑπερϐαίνει
1505 5391 1666 5463 λόγου
1698 5394 1777 5448 δι-

140 5467 325 5544 ήγησιν.
352 5475 457 5532 Καὶ
493 5476 602 5555 γὰρ
625 5477 848 5533 ἔσϐεστο
888 5481 921 5551 ἡ
966 5480 1236 5549 ἐνέργεια,
1267 5481 1361 5534 καὶ
1387 5482 1487 5537 οὐκ
1513 5482 1740 5538 ἔσϐεστο
1762 5501 1775 5515 ο

140 5556 208 5640 δτε
235 5562 325 5631 μὲν
361 5565 473 5637 γάρ
499 5568 610 5631 τοῖς
648 5565 894 5639 σώμασιν
938 5568 1132 5639 ὡμίλει
1174 5567 1279 5623 τῶν
1327 5569 1497 5639 ἀγίων
1528 5573 1774 5640 ἐκείνων,

140 5639 331 5701 ἷόϐεστο
354 5668 368 5680 ·
402 5652 491 5705 ὅτε
533 5654 587 5706 δέ
615 5654 682 5708 τὰ
709 5654 885 5725 δεσμά
916 5655 1203 5727 διαρρῆξαι
1235 5655 1362 5718 ἔδει,
1393 5657 1492 5712 οὐκ
1514 5639 1771 5715 ἔσϐεστοέ

144 5728 195 5821 τὶ
211 5734 326 5801 γοῦν
345 5739 518 5811 δεσμά
538 5741 807 5814 διέρρηξε,
831 5743 933 5797 καὶ
942 5742 1049 5798 τῶν
1060 5745 1431 5816 ἀστραγάλων
1460 5747 1557 5820 οὐχ
1577 5747 1779 5820 ἥψατο.

194 5887 370 5966 ξξνξίι.
511 5896 668 5966 ἔγνων,
708 5899 878 5966 Ματρί.
908 5902 1045 5963 ἔγνω,
1068 5904 1244 5953 omissa
1269 5905 1536 5966 negatione

192 5944 215 5987 δ
234 5953 326 6001 Alii
346 5957 424 6001 καὶ
446 5959 477 6014 ἡ
512 5944 677 6008 ἁνίκ’.
703 5944 995 6023 ἐφυγάδευεν.

1859 443 2016 513 Εἶδες
2043 448 2186 520 πόση
2220 451 2254 521 ἡ
2287 449 2558 521 ἐγγύτης;
2608 447 2719 504 Καὶ
2759 451 2859 504 οὐκ
2883 447 3139 523 ἠπατήθη
3170 450 3231 506 τδ
3257 452 3389 524 πῦρ.
3417 455 3536 510 οὐδέ

1858 536 2122 610 ἐνδοτέρω
2165 538 2273 592 τῶν
2324 538 2540 609 δεσμῶν
2586 539 2869 610 προελθεῖν
2922 540 3482 614 ἑτόλμησεν.Ἕδησεν
3510 549 3539 598 6

1850 630 2136 702 τύραννος,
2155 629 2251 683 καὶ
2282 627 2472 683 ἔλυσεν
2500 631 2534 701 ἡ
2563 630 2716 700 φλὸξ,
2750 632 2837 683 ἵνα
2871 631 3049 704 μάθῃς
3079 632 3171 685 καὶ
3199 632 3295 685 τοῦ
3326 633 3535 706 βαρϐά-

1837 706 1946 789 ⁸ρου
1977 717 2076 787 τὴν
2108 716 2368 787 ὠμότητα
2397 717 2491 770 καὶ
2532 716 2625 770 τοῦ
2670 717 2935 788 στοιχείου
2960 718 3057 790 τὴν
3082 720 3349 791 ὑπακοήν.
3381 720 3539 784 Τίνος

1848 806 1904 860 δὲ
1926 806 2111 860 ἔνεκεν
2128 805 2338 875 ἔδησεν,
2359 806 2439 869 εἰς
2463 805 2575 877 πῦρ
2594 805 2852 876 ἐμϐαλεῖν
2875 807 3111 877 μέλλων;
3137 808 3254 861 Ἵνα
3270 809 3330 861 τὸ
3353 808 3541 880 θαῦμα

1853 891 2038 963 μεῖξον
2060 892 2306 964 γένηται,
2328 891 2414 946 ἵνα
2435 890 2864 963 παραδοξότερον
2885 893 2947 947 τὸ
2971 895 3219 965 σημεῖον,
3243 894 3331 949 ἴνα
3358 895 3432 967 μὴ
3454 914 3543 949 νο.

1854 979 2020 1051 μίσης
2039 977 2334 1050 ὀφθαλμῶν
2382 979 2601 1051 ἀπάτην
2630 975 2771 1033 εἶναι
2814 980 2884 1034 τά
2922 979 3194 1052 ὁρώμενα.
3232 982 3295 1035 El
3323 982 3432 1054 γάρ
3462 984 3539 1055 μὴ

1853 1065 1964 1135 πῦρ
1992 1061 2061 1137 ἦν
2088 1067 2265 1119 ἐκεῖνο
2291 1064 2353 1119 τὸ
2388 1063 2524 1137 πῦρ,
2548 1068 2649 1120 οὐκ
2679 1066 2746 1122 ἂν
2768 1066 3033 1139 τὰδεσμά
3056 1068 3368 1137 κατέφαγεν
3386 1085 3401 1098 ·
3446 1071 3542 1124 καὶ

1850 1154 1879 1208 6
1930 1154 2109 1224 πολλῷ
2161 1153 2344 1227 μεῖζον
2390 1150 2481 1224 ἦν,
2532 1155 2632 1208 οὐκ
2672 1154 2739 1209 ἀν
2774 1155 2902 1219 τοὺς
2954 1155 3151 1221 ἔξωθεν
3201 1158 3540 1228 στρατιώτας

1853 1241 2192 1315 καθημένους
2212 1243 2461 1313 ἥρπασεν
2483 1259 2498 1274 ·
2529 1243 2625 1297 νῦν
2656 1243 2735 1309 δὲ,
2770 1245 2828 1298 ἐν
2856 1244 2953 1314 μὲν
2979 1248 3092 1308 τοῖς
3118 1245 3225 1311 ἔξω
3254 1245 3351 1318 τὴν
3382 1246 3542 1300 δύνα-

1857 1347 1948 1400 μιν
1993 1328 2323 1394 ἐπεδείξατο,
2352 1332 2410 1383 ἐν
2443 1328 2499 1383 δὲ
2526 1332 2637 1395 τοῖς
2670 1330 2820 1385 ἔνδον
2846 1330 2946 1403 τὴν
2974 1332 3221 1403 ὐσπακοὴν
3251 1334 3417 1401 ἔδειξε
3467 1335 3537 1389 Συ

1853 1417 1909 1470 δέ
1941 1434 2031 1488 μοι
2078 1417 2267 1471 σκόπει
2309 1418 2610 1489 πανταχοῦ,
2648 1417 2767 1481 πῶς
2791 1420 2819 1472 6
2847 1418 3092 1485 διάϐολος
3115 1420 3182 1473 δι’
3210 1414 3284 1475 ὧν
3314 1422 3540 1493 πολεμεῖ

1854 1506 1966 1568 τοῖς
1994 1503 2089 1557 τοῦ
2119 1503 2254 1557 Θεοῦ
2281 1503 2508 1570 δούλοις,
2550 1505 2640 1559 διά
2681 1504 2888 1559 τούτων
2930 1506 3027 1579 τὴν
3067 1507 3272 1561 οἰκείαν
3312 1508 3539 1581 δύναμιν

1855 1590 2127 1664 καθαιρεῖ,
2162 1593 2260 1663 οὐχ
2285 1591 2448 1660 ἑκὼν,
2474 1591 2611 1647 ἀλλά
2642 1592 2735 1646 τοῦ
2769 1592 2905 1647 Θεοῦ
2925 1594 3019 1647 τοῦ
3052 1595 3216 1665 σοφοῦ
3254 1597 3345 1650 καὶ
3368 1597 3541 1668 εὐμη-

1855 1680 2019 1750 χάνου
2047 1683 2161 1744 τοῖς
2190 1679 2378 1744 ὅπλοις
2412 1683 2523 1744 τοῖς
2544 1681 2754 1735 ἐκείνου
2791 1682 2885 1735 καὶ
2912 1684 3034 1746 ταῖς
3067 1683 3368 1755 μεθοδείαις
3397 1685 3539 1739 κατὰ

1853 1767 1953 1837 τῆς
1990 1766 2107 1840 [54]
2133 1767 2343 1821 ἐκείνου
2371 1768 2712 1839 κεχρημένου
2735 1769 3076 1841 κεφαλῆς.⁶“0
3104 1771 3167 1842 δὴ
3191 1773 3280 1824 καὶ
3309 1771 3543 1827 ἐνταῦθα

1854 1854 2098 1923 γέγονεν.
2116 1853 2174 1908 '0
2202 1854 2299 1925 μὲν
2318 1853 2427 1926 γάρ
2453 1854 2698 1919 διάϐολος
2719 1855 3033 1925 ἐμπνεύσας
3054 1857 3132 1928 τῷ
3152 1859 3399 1930 τυράννῳ
3420 1861 3542 1913 τότε

1857 1940 2072 2012 ἐκείνῳ,
2110 1939 2234 1995 οὐτε
2263 1942 2467 2014 σιδήρῳ
2484 1940 2584 2007 τὰς
2611 1942 2721 1995 τῶν
2749 1943 2918 2012 ἁγίων
2948 1944 3334 2016 ἀποτμηθῆναι
3368 1963 3543 2015 κεφα-

1857 2026 1956 2091 λάς
1998 2028 2232 2098 ἀφῆκεν,
2271 2028 2395 2083 οὐτε
2447 2028 2657 2102 θηρίοις
2688 2030 3081 2102 παραδοθῆναι,
3114 2032 3235 2085 οὔτε
3265 2033 3407 2104 ἄλλῳ
3434 2032 3542 2087 τινὶ

1855 2114 2082 2187 τοιούτῳ
2111 2117 2298 2188 τρόπῳ
2325 2116 2688 2189 κολασθῆναι·
2713 2117 2828 2172 ἀλλ’
2851 2118 2931 2182 είς
2954 2118 3015 2171 τὸ
3042 2118 3152 2189 πῦρ
3180 2119 3539 2192 ἐμϐληθῆναι,

1859 2201 1943 2255 ἴνα
1978 2202 2112 2274 μηδὲ
2140 2201 2211 2255 τὰ
2243 2201 2469 2273 λείψανα
2496 2204 2661 2278 μείνῃ
2685 2202 2792 2258 τῶν
2814 2204 2983 2274 ἁγίων
3009 2206 3255 2271 ἐκείνων,
3296 2206 3406 2261 τῶν
3437 2226 3544 2264 σω-

1861 2289 2049 2360 μάτων
2077 2289 2259 2354 αὐτοῖς
2284 2289 2710 2361 ἀφανισθέντων,
2759 2293 2853 2346 καὶ
2885 2291 2985 2363 τῆς
3018 2292 3222 2365 τέφρας
3262 2294 3446 2348 αὐτῶν
3474 2298 3541 2367 τῇ

1858 2380 2035 2451 τέφρα
2060 2377 2168 2432 τῶν
2200 2379 2546 2450 κληματίδων
2574 2379 2953 2453 άναμιγείσης.
2973 2380 3034 2434 ’0
3066 2380 3122 2434 δὲ
3148 2381 3281 2446 Θεὸς
3305 2382 3453 2455 αὐτῷ
3478 2384 3544 2457 δὴ

1857 2466 2033 2538 τούτῳ
2064 2466 2202 2539 πρὸς
2227 2468 2508 2540 ἀναίρεσιν
2529 2468 2631 2539 τῆς
2672 2469 2929 2534 ἀσεϐείας
2958 2470 3248 2542 ἐχρήσατο,
3282 2472 3375 2525 καὶ
3402 2473 3543 2539 πῶς,

1860 2552 1972 2624 ἐγὼ
1998 2554 2165 2623 λέγω.

1929 2642 2061 2706 Θεὸς
2096 2641 2247 2713 παρά
2284 2644 2396 2708 τοῖς
2425 2643 2664 2716 Πέρσαις
2702 2639 2843 2698 εἶναι
2870 2644 3144 2715 νομίζεται
3188 2645 3250 2699 τὸ
3297 2646 3428 2718 πῦρ,
3453 2648 3547 2701 καὶ

1859 2728 2093 2800 τιμῶσιν
2117 2729 2247 2783 αὐτὸ
2280 2732 2417 2801 μετὰ
2444 2731 2643 2801 πολλῆς
2670 2732 2770 2804 τῆς
2795 2731 3093 2804 θεραπείας
3121 2734 3170 2786 οί
3198 2733 3463 2809 βάρϐαροι
3496 2738 3547 2791 οί

1860 2816 1962 2887 τὴν
2006 2815 2190 2888 χώραν
2233 2817 2449 2887 ἐκείνην
2495 2818 2772 2884 οίκοῦντες
2812 2819 2894 2873 ἔτι
2937 2821 3032 2873 καὶ
3072 2822 3186 2878 νῦν.
3215 2824 3546 2895 Βουλόμενος

1859 2902 2042 2957 τοίνυν
2064 2906 2092 2957 6
2122 2904 2257 2968 Θεὸς
2289 2904 2588 2979 πρόρριζον
2612 2907 2820 2961 ἀνελεῖν
2859 2909 2958 2979 τῆς
3001 2908 3255 2973 ἀσεϐείας
3287 2913 3385 2983 τὴν
3414 2912 3547 2965 ὑπό-

1862 2990 2035 3055 θεσιν,
2070 2991 2447 3064 συνεχώρησεν
2479 2994 2629 3065 αὐτῷ
2655 2995 2733 3067 τῷ
2762 2996 2949 3069 τρόπῳ
2977 3000 3078 3069 τῆς
3107 2998 3381 3063 κολάσεως
3413 3000 3547 3055 ταύ-

1861 3096 1983 3151 της,
2002 3080 2089 3134 Eva
2106 3081 2226 3133 κατ’
2245 3080 2557 3152 ὀφθαλμοὺς
2576 3080 2684 3135 τῶν
2707 3082 3119 3155 θεραπευόντων
3139 3086 3271 3140 αὐτὸ
3330 3089 3548 3144 πάντων

1861 3170 1975 3231 τοῖς
2002 3166 2169 3222 αὐτοῦ
2193 3168 2399 3232 δούλοις
2426 3168 2495 3222 τὰ
2526 3171 2820 3241 νικητήρια
2849 3170 2946 3241 δῷ,
2975 3170 3063 3226 διὰ
3098 3172 3207 3226 τῶν
3239 3174 3416 3247 ἔργων
3445 3177 3547 3231 αὐ-

1862 3253 1973 3309 τῶν
1999 3254 2194 3318 πείσας
2222 3255 2439 3316 αὐτοὺς,
2484 3255 2567 3309 δτι
2605 3258 2653 3309 οἱ
2689 3256 2797 3309 τῶν
2829 3253 3098 3329 Ἐλλήνων
3148 3258 3261 3313 θεοὶ
3306 3262 3426 3332 οὐχὶ
3453 3262 3547 3318 τὸν

1864 3341 1997 3397 Θεὸν
2033 3342 2214 3413 μόνον,
2236 3341 2373 3396 ἀλλά
2404 3342 2643 3406 καὶτοὺς
2665 3342 2759 3396 τοῦ
2783 3342 2917 3397 Θεοῦ
2941 3344 3158 3411 δούλους
3182 3347 3474 3406 δεδοίκασι.

1935 3429 1997 3484 δ’.
2026 3430 2137 3483 Καὶ
2160 3428 2351 3483 σκόπει
2377 3428 2462 3483 διὰ
2485 3428 2594 3484 τῶν
2618 3430 2875 3485 ἐναντίων
2897 3432 3232 3504 πλεκόμενον
3259 3435 3359 3507 τῆς
3390 3437 3549 3510 νίκης

1867 3517 1961 3571 τὸν
1985 3517 2270 3586 στέφανον,
2295 3518 2391 3571 καὶ
2414 3517 2696 3590 μάρτυρας
2714 3518 2809 3572 τοῦ
2830 3521 3094 3593 τροπαίου
3111 3523 3437 3595 γενομένους
3458 3527 3550 3580 αὐ-

1866 3606 1994 3669 τοῦς
2018 3605 2144 3669 τοὺς
2161 3605 2408 3677 ἐχθρούς.
2440 3606 2779 3663 Ἀπέστειλε
2796 3609 2865 3678 γά
2872 3627 2925 3681 ρ,
2946 3612 3098 3680 φησὶ,
3113 3613 3553 3683 Ναϐουχοδονό-

1868 3707 1981 3760 σορ
1998 3696 2031 3747 ό
2043 3693 2346 3759 ,ϐασιλεὺς
2362 3695 2731 3766 συναγαγεῖν
2740 3695 2972 3765 πάντας
2993 3698 3135 3766 τοὺς
3147 3702 3435 3769 ὑπάτους,
3451 3703 3552 3757 καί

1868 3779 2263 3849 στρατηγοὺς,
2294 3780 2391 3833 καί
2422 3782 2750 3851 τοπάρχας,
2784 3786 3181 3855 ἡγουμένους,
3213 3791 3310 3843 καὶ
3339 3791 3553 3859 τυράν-

1868 3885 2051 3933 νους,
2111 3866 2210 3921 καὶ
2272 3866 2414 3933 τοὺς
2459 3869 2551 3921 ἐπ’
2582 3870 2919 3936 ἐξουσιῶν,
2975 3873 3075 3927 καί
3120 3874 3353 3943 πάντας
3406 3877 3550 3945 τοὺς

1869 3954 2165 4024 ἄρχοντας
2194 3954 2312 4009 τῶν
2339 3955 2549 4024 χωρῶν
2583 3958 2785 4013 ἐλθεῖν
2815 3961 2903 4026 εἰς
2930 3961 3004 4014 τὰ
3028 3962 3301 4031 ἐνκαίνια
3330 3962 3439 4034 τῆς
3466 3969 3551 4020 εί-

1870 4045 2074 4109 κόνος’
2101 4043 2199 4096 καὶ
2230 4042 2637 4113 συνήχθησαν
2663 4044 2906 4112 πάντες.
2924 4046 2982 4100 Ὀ
3014 4047 3210 4120 ἐχθρὸς
3243 4052 3465 4119 συνάγει
3487 4053 3550 4106 τὸ

1871 4130 2117 4202 θέατρον,
2139 4130 2233 4183 καὶ
2278 4129 2439 4194 αὐτὸς
2486 4135 2778 4203 συγκροτεῖ
2823 4134 2951 4197 τοὺς
2993 4132 3225 4200 θεατάς·
3273 4137 3434 4203 αὐτὸς
3479 4139 3548 4192 τά

1873 4217 2171 4289 σκάμματα
2207 4216 2411 4288 τίθησι,
2442 4218 2536 4272 καὶ
2571 4219 2795 4290 θέατρον
2816 4221 2877 4274 οὐ
2903 4221 3012 4275 τῶν
3037 4224 3307 4295 τυχόντων
3338 4226 3551 4299 ἀνθρω-

1873 4324 2008 4371 πων,
2035 4307 2134 4361 οὐκ
2164 4307 2386 4361 ἰδιωτῶν
2413 4324 2595 4372 τινων,
2632 4309 2766 4363 ἀλλά
2804 4309 2910 4363 τῶν
2945 4311 3178 4383 ἐντίμων
3213 4313 3307 4367 καὶ
3331 4316 3549 4371 πάντων

1869 4397 1979 4449 τῶν
2008 4398 2065 4449 ἐν
2091 4397 2304 4467 ἀρχαῖς,
2344 4396 2433 4449 ἵνα
2462 4398 2557 4449 καὶ
2593 4398 2626 4468 ἡ
2660 4398 2934 4470 μαρτυρία
2967 4399 3278 4466 ἀξιόπιστος
3321 4402 3547 4475 γένηται

1872 4484 2025 4553 παρά
2059 4485 2175 4545 τοῖς
2217 4480 2449 4545 πολλοῖς.
2473 4477 2678 4536 Ἦλθον
2725 4483 2810 4553 ἐφ’
2838 4484 3002 4558 ἑτέρᾳ
3036 4487 3326 4558 κληθέντες
3354 4489 3551 4545 ὑποθέ-

1873 4587 1975 4633 σει,
1998 4568 2092 4621 καὶ
2118 4568 2282 4640 ἔτερα
2312 4568 2641 4641 θεασάμενοι
2669 4571 2872 4636 πάντες
2890 4570 3360 4645 ἀπῆλθον.Ἶῐλθον
3383 4595 3551 4650 προσ-

1873 4656 2197 4726 κυνήσοντες
2226 4658 2328 4727 τὴν
2354 4657 2557 4724 εἰκόνα,
2582 4658 2678 4712 καὶ
2715 4660 2815 4730 τῆς
2863 4661 2961 4732 μὲν
3006 4662 3218 4728 εἰκόνος
3248 4668 3550 4736 καταγελά-

1875 4758 2082 4806 σαντες.
2110 4744 2478 4812 ἐκπλαγέντες
2520 4745 2577 4798 δὲ
2620 4746 2715 4800 τοῦ
2747 4747 2882 4802 Θεοῦ
2906 4749 3007 4820 τὴν
3031 4749 3279 4821 δύναμιν,
3317 4753 3405 4807 διὰ
3440 4755 3549 4809 τῶν

1872 4831 1951 4893 εἰς
1987 4829 2116 4893 τοὺς
2157 4831 2350 4895 παῖδας
2389 4831 2612 4896 τούτους
2645 4834 2952 4905 γενομένων
2991 4838 3253 4907 σημείων,
3286 4842 3546 4914 ἀπῆλθον.

1873 4917 1983 4971 Καὶ
2012 4918 2114 4989 δρα
2143 4918 2249 4971 ποῦ
2290 4919 2354 4972 τὸ
2396 4920 2608 4975 στάδιον
2646 4921 2877 4992 ἀνεῴγει
2918 4923 3102 4977 τοῦτο·
3129 4926 3232 4980 οὐκ
3268 4928 3333 4983 ἐν
3375 4932 3565 4994 πόλει,,

1872 5003 1993 5061 οὐδὲ
2042 5007 2100 5058 ἐν
2144 5003 2299 5078 χώρα
2336 5008 2463 5071 τινἰ,
2497 5006 2612 5060 ἀλλ’
2638 5007 2808 5062 ὕπτια
2855 5010 2949 5064 καὶ
2993 5011 3127 5083 ψιλά
3151 5015 3309 5071 πεδία
3334 5018 3549 5091 δέχεται

1872 5091 2035 5145 τοῦτο
2062 5093 2161 5162 τῆς
2186 5094 2509 5164 οἰκουμένης
2530 5095 2591 5147 τὸ
2624 5095 2869 5168 θέατρον.
2889 5099 2976 5154 Ἑν
3001 5101 3108 5174 γάρ
3148 5104 3314 5176 πεδίῳ
3346 5109 3543 5182 Δεηρᾷ.

1873 5180 1971 5249 τῆς
2006 5179 2213 5242 πόλεως
2242 5179 2363 5244 ἔξω,
2392 5181 2489 5251 τὴν
2518 5183 2699 5235 εἰκόνα
2726 5183 2942 5257 ἔστησε,
2973 5191 3066 5243 καὶ
3085 5193 3115 5245 6
3141 5193 3318 5264 κήρυξ
3350 5179 3524 5268 παρελ

1876 5265 1983 5319 θὼν
2001 5266 2160 5351 ἐϐόα·
2197 5267 2357 5337 Ὑμῖν
2373 5270 2628 5337 λέγεται,
2652 5270 2822 5340 ἔθνη,
2840 5276 3049 5343 φυλαί,
3071 5280 3235 5343 λαοί,
3254 5265 3541 5351 γλῶσσαι,

1872 5354 1944 5407 ἐν
1984 5348 2026 5426 ᾖ
2065 5352 2146 5411 ὃν
2182 5353 2305 5423 ὥρᾳ
2344 5356 2647 5425 ἀκούσητε
2674 5357 2784 5427 τῆς
2810 5362 3019 5433 φωνῆς
3049 5364 3159 5432 τῆς
3189 5348 3525 5438 σάλπιγγος

1872 5442 2158 5512 σύριγγός
2187 5458 2253 5496 τε
2311 5446 2408 5497 καὶ
2449 5444 2718 5514 κιθάρας,
2746 5452 3061 5519 σαμϐύκης
3082 5468 3146 5505 τε
3193 5454 3289 5506 καὶ
3318 5457 3539 5524 ψαλτη-

1867 5529 2027 5597 ρίου,
2054 5531 2153 5584 καί
2180 5532 2553 5601 συμφωνίας,
2583 5535 2682 5588 καὶ
2720 5539 2949 5598 παντὸς
2978 5540 3190 5609 γένους
3217 5543 3543 5611 μουσικῶν,

1878 5620 2171 5684 πεσόντες
2203 5619 2670 5687 προσκυνήσατε
2700 5620 2772 5691 τῇ
2797 5625 2982 5677 εικόνι
3014 5623 3088 5692 τῇ
3117 5627 3318 5696 χρυσῇ
3345 5630 3543 5698 (ὅντως

1878 5706 1988 5777 γὰρ
2011 5709 2199 5759 πεσεῖν
2227 5703 2293 5779 ἦν
2322 5708 2385 5760 τὸ
2427 5708 2799 5779 προσκυνῆσαι
2837 5711 2899 5763 τὸ
2931 5712 3188 5783 εἴδωλον)·
3221 5715 3315 5769 καί
3343 5715 3411 5782 ὃς
3440 5720 3541 5773 ἐὰν

1872 5793 1959 5864 μὴ
1993 5795 2396 5866 προσκυνήσῃ
2426 5794 2652 5859 πεσὼν,
2691 5796 2762 5849 ἐν
2807 5795 2963 5865 αὑτῇ
2985 5799 3063 5868 τῇ
3101 5800 3217 5870 ὥρῃ
3247 5804 3532 5874 ἐμϐληθῴ

1880 5898 2048 5938 σεται
2070 5896 2092 5923 α
2130 5887 2218 5952 εἰς
2259 5883 2371 5951 τὴν
2397 5881 2644 5952 κάμινον
2690 5881 2795 5937 τοῦ
2831 5880 3023 5953 πυρὸς
3051 5886 3164 5957 τὴν
3204 5891 3531 5962 καιομένην,

1949 5976 1969 6000 υ
1997 5971 2090 6020 Alii
2116 5972 2409 6033 ἐμπεσεῖται,
2431 5972 2591 6018 minus
2616 5973 2771 6018 recte.
