3998 6428
259 314 332 370 65
1223 315 1312 371 AD
1351 310 1674 370 POI‘ULUM
1713 306 2221 365 ANTlOtllIENUM.
2265 307 2494 365 llOMlL.
2529 309 2614 365 iV.
3487 329 3563 384 66

256 439 387 508 ignis
412 437 674 488 ardentem
742 431 901 506 (Dan.
933 429 987 484 '5.
1014 426 1161 500 4-6).
1191 427 1378 481 Vidisti
1420 441 1579 498 quam
1618 423 1851 479 diflleilia

256 527 547 585 certamina
572 534 752 594 parata
772 524 901 588 sint,
923 530 975 576 et
1005 530 1135 592 quot
1157 519 1466 573 insidiarum
1485 519 1852 583 necessitates,

256 636 414 692 quam
438 618 696 690 profunda
726 631 938 687 vorago,
970 622 1021 669 et
1045 611 1390 684 prmi-ipititnu
1420 611 1719 681 utrimque?
1748 609 1854 665 Sed

258 729 326 769 ne
370 711 651 767 timueris:
694 716 892 779 quanto
934 705 1105 779 magis
1137 703 1567 758 machinamenta
1609 700 1853 756 inimicus

258 802 495 869 aluerit,
544 810 692 855 tanto
736 801 902 869 magis
929 810 1211 867 puerorum
1244 793 1606 849 fortitudinem
1635 792 1857 846 demon-

260 903 416 950 strat.
452 892 574 948 Ideo
599 890 742 947 enim
774 900 849 945 tot
877 888 1203 944 musicorum
1234 895 1524 942 concentus
1545 927 1558 949 ,
1612 884 1731 938 ideo
1763 899 1856 939 ca.-

262 987 441 1041 tuinus
480 983 697 1050 ardens,
743 991 800 1037 ut
830 991 885 1036 et
922 980 1165 1051 voluptas
1204 988 1260 1034 et
1295 981 1454 1033 timor
1488 976 1854 1032 assistentium

260 1079 468 1133 animas
494 1074 781 1130 obsideret.
806 1074 977 1144 Asper
1021 1072 1344 1128 adstantium
1372 1069 1633 1141 quispiam
1661 1078 1761 1133 est,
1803 1077 1857 1122 et

263 1167 500 1244 rigidus?
548 1166 748 1221 Molliat
776 1167 969 1235 ipsum,
1019 1163 1210 1234 inquit,
1257 1161 1530 1217 delectans
1564 1159 1857 1215 omnisoua:

265 1261 483 1318 musica:
504 1258 752 1316 melodis.
779 1257 885 1312 Sed
911 1256 993 1310 his
1013 1255 1220 1310 insidiis
1248 1253 1492 1324 superior
1511 1250 1632 1306 est?
1660 1259 1857 1305 terreat

264 1362 319 1409 et
347 1353 602 1425 percellat
626 1350 852 1407 ﬂamma:
879 1357 1148 1418 aspectus.
1182 1346 1251 1401 Et
1280 1355 1396 1401 erat
1438 1344 1599 1398 timor
1617 1351 1670 1397 et
1705 1342 1856 1395 volu—

268 1443 543 1516 pta<,h:ee
563 1457 655 1513 per
676 1454 857 1507 aures,
882 1440 971 1494 ille
998 1454 1096 1512 per
1119 1436 1302 1492 oculos
1321 1435 1514 1490 anima:
1535 1434 1850 1502 subrepens.

269 1534 646 1594 Ycrtttntameu
667 1531 1185 1590 adulescentulorum
1213 1529 1422 1584 illorum
1443 1526 1856 1597 generositatem

269 1627 460 1682 horum
501 1624 630 1679 nihil
678 1621 984 1693 superavit;
1034 1619 1130 1679 sed
1175 1619 1316 1673 sicut
1341 1617 1393 1672 in
1432 1617 1606 1688 ignem
1634 1614 1856 1685 projecti

268 1717 538 1777 ﬂammam
585 1715 844 1779 vicerunt,
896 1712 976 1768 sic
1019 1725 1232 1765 omnem
1277 1706 1762 1778 concupiscentiam
1805 1712 1860 1759 et

267 1810 588 1868 anxiemtem
614 1805 934 1861 deriserunt.
960 1801 1084 1857 [huc
1105 1799 1250 1857 enim
1269 1799 1447 1854 omnia
1476 1804 1691 1867 propter
1716 1796 1861 1866 ipsos

269 1900 513 1958 diabolus
540 1903 928 1969 prmparaverat
957 1911 973 1949 :
1003 1909 1115 1951 non
1138 1892 1279 1949 enim
1305 1890 1372 1945 de
1401 1887 1626 1945 subditis
1651 1886 1862 1941 dubita-

271 1994 381 2059 bat,
420 1992 513 2045 sed
542 1991 716 2061 potius
747 1988 968 2043 multum
996 1985 1326 2051 euntidcbat,
1352 1983 1555 2041 nullum
1592 1980 1733 2052 regis
1760 1979 1858 2050 legi

270 2095 683 2157 repngnaturum
705 2096 825 2137 esse
848 2098 863 2136 :
880 2087 1155 2150 postquam
1174 2093 1302 2133 vero
1319 2075 1627 2132 ceciderunt
1651 2089 1859 2138 omnes,

270 2185 324 2231 et
368 2175 496 2230 victi
521 2182 666 2240 sunt,
710 2181 835 2227 tunc
871 2170 925 2225 in
953 2169 1184 2225 medium
1214 2167 1363 2239 pueri
1402 2167 1497 2222 soli
1523 2175 1771 2236 aguntur,
1806 2175 1863 2220 ut

271 2268 349 2325 sic
376 2281 589 2337 quoque
631 2263 848 2321 victoria
896 2262 984 2316 fiat
1013 2261 1227 2326 clarior,
1256 2275 1376 2316 cum
1408 2259 1460 2313 iu
1493 2266 1638 2313 tanta
1680 2258 1861 2312 multi-

273 2361 454 2421 tudine
484 2359 580 2431 ipsi
606 2358 841 2423 vincant,
882 2363 938 2410 et
965 2356 1196 2409 victores
1225 2352 1598 2407 renuntientur
1633 2368 1649 2407 :
1690 2366 1863 2421 neque

272 2453 416 2508 enim
448 2463 552 2506 tam
584 2448 824 2504 mirabile
845 2445 1048 2514 fuisset,
1075 2444 1120 2502 si
1147 2445 1293 2499 nullo
1320 2444 1677 2513 supplantato,
1705 2441 1864 2514 primi

271 2540 497 2615 viriliter
520 2540 771 2610 egissent.
823 2538 936 2593 Hoc
981 2546 1156 2595 autem
1205 2535 1494 2591 maximum
1530 2545 1583 2591 et
1619 2533 1865 2590 mirabile

273 2642 377 2698 est,
401 2632 540 2703 quod
566 2630 866 2687 Cadentium
895 2627 1179 2683 multitudo
1207 2628 1350 2697 ipsos
1377 2642 1484 2682 non
1515 2626 1724 2689 terruit,
1757 2640 1865 2683 non

274 2725 452 2782 solvit.
502 2724 613 2778 Non
661 2723 798 2780 intra
836 2737 895 2777 se
933 2720 1038 2776 tale
1067 2720 1193 2791 quid
1237 2719 1513 2785 dixerunt,
1541 2717 1684 2788 quod
1712 2717 1863 2773 muiti

272 2832 419 2889 sa-pe
458 2817 637 2874 dicere
683 2823 1075 2872 consueverunt
1103 2829 1118 2866 :
1145 2812 1199 2869 Si
1240 2812 1394 2885 primi
1442 2825 1542 2868 nos
1579 2810 1868 2881 imaginem

270 2909 641 2971 sdorarcmus,
674 2906 725 2962 id
754 2915 1027 2977 peccatum
1051 2912 1229 2969 esset;
1259 2902 1306 2958 si
1336 2917 1464 2958 vero
1487 2917 1611 2959 cum
1642 2910 1720 2956 tot
1749 2900 1867 2956 mil-

272 2982 414 3059 libus
444 3003 546 3056 hoc
581 3000 858 3064 faciamus,
889 2998 1007 3069 quis
1031 2998 1239 3053 veniam
1268 3012 1373 3051 non
1399 2995 1587 3052 dabit?
1624 2996 1741 3066 quis
1769 3011 1863 3050 ex.

274 3093 555 3150 cusatione
577 3091 767 3161 dignos
788 3106 893 3145 non
932 3088 1168 3145 censebit
1194 3089 1216 3144 ?
1247 3088 1354 3144 Sed
1378 3088 1511 3143 nihil
1539 3087 1613 3142 illi
1645 3087 1747 3142 tale
1775 3096 1868 3141 aut

273 3186 548 3248 dixerunt,
590 3191 684 3237 aut
727 3183 1122 3252 cogitaverunt,
1173 3189 1251 3236 tot
1293 3189 1641 3252 tyrannorum
1685 3179 1871 3247 lapsus

275 3279 472 3334 intuiti.
502 3277 581 3333 Tu
606 3291 735 3332 vero
776 3275 907 3331 mibi
947 3285 1000 3330 et
1038 3274 1476 3331 Calumniamium
1526 3272 1671 3342 ipsos
1710 3270 1865 3325 mali-

271 3373 532 3443 gnitatcm
560 3369 862 3434 considera,
889 3376 943 3423 et
970 3383 1130 3439 quam
1156 3365 1398 3438 improbe
1426 3373 1482 3421 et
1507 3363 1698 3420 acerbe
1723 3364 1866 3434 ipsos

274 3462 674 3527 accusaverim.
704 3461 860 3528 Sunt,
885 3460 1074 3530 inquit,
1091 3459 1186 3516 viri
1205 3458 1399 3521 Judtzi,
1423 3474 1549 3528 quos
1569 3455 1869 3510 constituisti

274 3542 431 3632 super
454 3569 609 3629 opera
638 3551 855 3624 regionis
879 3550 1153 3621 Babylonis
1181 3547 1341 3623 (Dan.
1365 3548 1418 3603 5.
1442 3548 1551 3617 12).
1580 3547 1694 3601 Non
1723 3547 1864 3602 enim

274 3652 455 3717 solum
492 3655 707 3721 gentcm
746 3652 1252 3708 commemorarent,
1305 3643 1396 3698 sed
1428 3654 1482 3698 et
1522 3642 1781 3697 honorem
1814 3641 1869 3696 in

276 3744 594 3815 memoriam
634 3746 1039 3801 revocavcrmtt,
1081 3747 1133 3790 ut
1157 3735 1294 3807 regis
1325 3736 1454 3790 iram
1488 3734 1863 3799 accenderent,

280 3818 491 3907 lautum
543 3848 659 3889 non.
693 3834 929 3888 dicentes
972 3844 991 3882 .'
1031 3827 1260 3890 Servos,
1318 3827 1532 3880 civitate
1585 3833 1866 3889 carentes,

276 3925 522 4001 thivos
546 3923 816 3996 principes
861 3929 1075 3976 nostros
1101 3918 1305 3983 fecisti;
1339 3917 1391 3971 hi
1423 3932 1548 3972 vero
1577 3926 1631 3972 et
1663 3922 1868 3969 tantum

281 4018 542 4077 honorem
567 4014 885 4073 contumelia
911 4014 1173 4081 alliciunt,
1199 4021 1251 4068 et
1277 4013 1328 4066 in
1354 4026 1476 4066 cum
1503 4010 1668 4080 quise
1693 4009 1867 4062 hono-

279 4112 441 4176 ravit,
464 4110 755 4166 insolenter
800 4117 979 4179 agunt.
1012 4107 1133 4161 [deo
1162 4106 1370 4168 dicunt,
1395 4102 1568 4158 Judaei
1593 4118 1717 4172 quos
1739 4116 1866 4155 con-

276 4198 515 4255 stiluisti
524 4215 684 4270 super
700 4216 857 4268 opera
876 4201 1100 4269 regionis
1117 4199 1265 4267 Baby
1290 4198 1427 4257 onis.
1445 4209 1548 4247 non
1566 4201 1854 4262 paruerunt

276 4290 496 4346 decreto
520 4301 635 4359 tuo,
658 4300 710 4346 et
739 4291 844 4347 diis
874 4292 980 4347 tuis
1004 4308 1109 4345 non
1148 4282 1595 4354 scrviunt.(lbid.)
1623 4281 1858 4336 Maxima

279 4381 716 4446 hnsaccusatio,
734 4391 788 4438 et
800 4382 1025 4438 crimina
1048 4379 1237 4435 laudes
1251 4377 1465 4439 liunt,ct
1483 4374 1853 4429 testimonium

282 4473 637 4537 indubitatum
665 4472 889 4526 inimicis
913 4471 1081 4541 ipsum
1106 4468 1520 4540 perhibentibus.
1547 4467 1682 4535 Quid
1713 4467 1870 4536 igitur

283 4564 598 4623 milussit
618 4563 765 4633 ipsos
788 4565 1085 4619 inmedium
1115 4562 1221 4631 agi,
1251 4572 1310 4616 ut
1340 4561 1483 4629 ipsos
1510 4560 1741 4628 undique
1764 4566 1872 4612 ter-

283 4640 449 4717 reret.
471 4655 573 4712 Sed
597 4654 730 4710 nihil
752 4657 868 4710 illos
887 4654 1266 4719 consternavit,
1295 4668 1400 4706 non
1422 4653 1562 4722 regis
1578 4650 1745 4716 furor,
1760 4665 1867 4704 non

280 4749 427 4824 quod
466 4749 565 4804 soli
606 4747 659 4802 in
687 4758 844 4803 tanta:
875 4748 1043 4802 turbae
1065 4745 1239 4800 medio
1261 4743 1498 4799 derelieti
1529 4752 1729 4810 essent,
1762 4756 1867 4794 non

279 4839 424 4910 ignis
447 4847 739 4908 spectatus,
770 4852 873 4892 non
901 4845 1150 4892 canentes
1176 4835 1335 4901 tubm,
1374 4849 1479 4888 non
1509 4848 1697 4888 omnes
1726 4833 1870 4902 ipsos

277 4927 597 4983 ardentibus
623 4926 792 4985 oeulis
829 4928 1114 4992 intuentes,
1142 4926 1234 4982 sed
1265 4925 1379 4980 hare
1405 4926 1476 4979 illi
1513 4925 1690 4978 omnia
1722 4924 1867 4979 deri-

277 5019 496 5084 dentes,
514 5017 1110 5088 tamquaminfrigidum
1142 5032 1397 5086 aquarum
1425 5017 1622 5070 fontem
1652 5016 1870 5070 mitten-

278 5110 369 5179 di,
392 5110 449 5169 in
469 5110 737 5185 formteem
764 5108 986 5178 ingressi
1006 5116 1148 5172 sunt,
1169 5108 1375 5163 beatam
1403 5109 1546 5164 illam
1566 5110 1870 5162 cniittentcs

280 5184 474 5256 vadem
503 5217 519 5254 :
544 5184 662 5253 Diis
701 5198 799 5252 tuis
842 5214 942 5252 non
987 5200 1250 5262 servimus,
1302 5207 1349 5251 et
1393 5209 1610 5251 statuant
1638 5214 1866 5263 auream,

280 5302 438 5364 quam
464 5287 684 5353 emisti,
716 5303 817 5341 non
855 5287 1129 5341 adoramus
1149 5286 1306 5359 (Dan.
1341 5289 1393 5343 5.
1427 5288 1538 5359 18).
1585 5288 1734 5342 lianc
1763 5304 1867 5341 non

285 5389 492 5435 temere
536 5376 755 5433 recitavi
783 5375 1084 5444 historiam,
1109 5377 1203 5431 sed
1231 5386 1286 5431 ut
1313 5376 1552 5443 discatis,
1580 5378 1721 5450 quod
1748 5379 1872 5433 licet

286 5470 436 5530 furor
460 5469 622 5527 instet
645 5468 847 5538 regius,
900 5469 1000 5523 etsi
1032 5469 1258 5523 militum
1287 5469 1514 5534 insidim,
1568 5471 1667 5529 etsi
1695 5470 1871 5525 inimi-

282 5578 473 5620 corum
519 5562 765 5628 invidia,
814 5562 913 5617 etsi
966 5562 1275 5632 captivitas,
1322 5563 1424 5616 etsi
1477 5563 1717 5629 orbitas,
1769 5563 1871 5619 etsi

284 5654 446 5724 ignis,
473 5654 575 5710 etsi
600 5655 807 5718 tornax,
837 5653 933 5709 etsi
958 5654 1235 5708 innumera
1262 5655 1383 5718 alia,
1409 5653 1610 5724 justum
1636 5655 1764 5709 nihil
1780 5671 1869 5711 su-

282 5761 473 5818 perure
511 5755 606 5807 aut
649 5755 856 5803 terrere
892 5744 1106 5817 poterit.
1149 5746 1205 5802 Si
1230 5747 1377 5806 enim
1418 5747 1507 5804 ubi
1531 5747 1731 5821 impius
1752 5761 1868 5809 erat

1966 439 2080 489 rex,
2119 437 2225 477 non
2270 422 2689 478 formidaveruat
2730 424 3110 483 adolescentuli
3158 431 3366 500 tyranni
3413 429 3555 485 ftuoo

1962 530 2097 579 rem,
2128 512 2294 569 multo
2316 514 2483 584 magis
2507 531 2605 569 nos
2629 517 2904 573 conlidere
2931 528 3161 588 oportet,
3184 519 3476 577 buntannm
3503 532 3559 578 et

1963 606 2145 660 mitem
2192 605 2453 662 habentes
2479 606 2882 676 imperatorem,
2910 620 2963 664 et
2988 610 3056 665 de
3085 610 3184 666 bac
3217 613 3559 669 tribulatione

1965 697 2075 752 Deo
2093 697 2292 766 gratias
2331 712 2510 767 agere,
2551 714 2619 753 ex
2650 701 2918 768 prmdictis
2938 701 3143 769 doctos,
3176 706 3431 761 :erumnis
3458 721 3559 761 nos

1961 787 2217 843 clariores
2254 786 2393 843 effici
2437 796 2492 843 et
2519 790 2660 856 apud
2700 791 2888 855 Deum,
2928 801 2984 846 et
3025 793 3165 863 apud
3210 794 3478 862 homines,
3508 799 3556 852 si

1964 880 2104 949 ipsas
2167 894 2431 950 generose
2483 879 2624 936 ferre
2683 882 2934 938 sciamus.
3003 884 3212 939 Etenim
3264 886 3364 941 nisi
3414 888 3556 942 servi

1964 973 2188 1030 fuissent
2230 972 2312 1038 bi,
2339 973 2584 1042 ipsorum.
2604 974 2903 1031 libertatem
2941 992 3045 1031 non
3072 980 3512 1049 cognovissemus
3541 998 3554 1011 ·

1965 1066 2066 1122 nisi
2115 1066 2308 1135 captivi
2357 1066 2611 1133 fuissent,
2648 1083 2753 1122 non
2793 1084 2981 1124 eorum
3023 1071 3184 1125 animi
3223 1072 3555 1128 nobilitatem

1963 1157 2339 1212 didicissemus
2369 1175 2385 1212 :
2416 1158 2516 1213 nisi
2560 1159 2795 1214 inferiori
2847 1162 3014 1230 patria
3056 1164 3399 1231 excidissent,
3450 1182 3556 1221 non

1963 1249 2399 1319 Cognovisscmus
2435 1266 2681 1321 superna:
2702 1252 2935 1307 civitatis
2963 1270 3082 1310 esse
3118 1255 3353 1325 ipsorum
3383 1257 3555 1316 virtu-

1966 1350 2073 1396 tem
2108 1361 2121 1397 :
2155 1343 2255 1397 nisi
2284 1352 2526 1399 terrenus
2571 1347 2662 1399 rex’
2706 1345 2846 1416 ipsis.
2875 1348 3064 1403 fuisset
3092 1349 3281 1413 iratus,
3322 1366 3429 1405 non
3456 1368 3556 1406 au-

1963 1435 2229 1491 dissemus
2275 1436 2727 1505 benevolentiam,
2776 1453 2951 1510 quam.
2979 1438 3210 1497 cmlestis
3260 1443 3377 1498 lies
3430 1459 3556 1515 erga

1966 1525 2110 1596 ipsos
2141 1525 2385 1597 gerebat.

2036 1616 2093 1672 5.
2134 1617 2203 1671 Et
2227 1625 2288 1672 tu
2311 1618 2473 1688 igitur
2501 1618 2544 1674 si
2569 1619 2712 1676 illum
2744 1619 3061 1677 benevolum
3092 1621 3311 1691 habeas,
3350 1624 3479 1681 licet
3506 1627 3558 1681 in

1966 1708 2237 1763 fornacem
2285 1710 2477 1777 cadas,
2519 1728 2586 1767 ne
2626 1712 2925 1781 desineres:
2957 1715 3095 1771 sicut
3132 1716 3177 1771 si
3225 1727 3558 1783 succenseat;

1964 1798 2089 1853 licet
2117 1799 2169 1853 in
2202 1800 2451 1870 paradiso
2477 1802 2572 1865 sis,
2601 1818 2669 1857 ne
2688 1803 2948 1859 conﬁdas.
2988 1805 3203 1861 Etenim
3235 1807 3286 1861 in
3314 1807 3563 1877 paradiso

1964 1899 2081 1945 erat
2108 1891 2297 1957 Adam,
2321 1902 2376 1945 et
2401 1904 2678 1963 postquam
2711 1895 2875 1950 Datim
2918 1897 3167 1964 irritavit,
3207 1897 3337 1953 nihil
3369 1898 3564 1969 pml'uit

1967 1983 2243 2053 paradisus
2270 2002 2284 2038 :
2318 1983 2370 2040 in
2402 1984 2616 2041 fct'naee
2645 1997 2799 2042 erant
2829 1988 2935 2053 isti,
2966 2000 3019 2044 et
3048 2003 3325 2061 postquam
3347 2007 3405 2046 se
3426 1991 3562 2046 bene

1965 2084 2265 2146 gesserunt,
2299 2077 2433 2132 nihil
2457 2077 2627 2132 obfuit
2652 2079 2862 2137 fornat.
2891 2079 2946 2133 lu
2973 2079 3218 2149 paradiso
3233 2092 3348 2135 erat
3367 2081 3560 2144 Adam,

1966 2176 2021 2220 et
2048 2165 2172 2237 quia
2202 2167 2385 2237 segnis
2412 2178 2550 2233 erat,
2579 2170 2951 2238 supphtnuttus
2980 2171 3076 2225 fuit
3100 2190 3114 2224 :
3146 2172 3273 2226 timo
3300 2173 3562 2229 insidebat

1965 2255 2107 2325 Job,
2168 2266 2227 2313 et
2275 2258 2400 2328 quia
2447 2260 2740 2329 vigilabat,
2804 2264 3095 2333 superavit.
3153 2264 3311 2334 Atqui
3361 2275 3561 2335 quanto

1968 2350 2250 2420 paradisus
2294 2360 2381 2406 est
2417 2351 2543 2405 timo
2587 2354 2818 2409 melior?
2857 2355 2953 2409 sed
2995 2355 3258 2411 niltiHoei
3286 2357 3455 2412 virtus
3480 2357 3564 2409 iu—

1969 2439 2225 2496 habitanti
2277 2441 2494 2510 profuit,
2538 2454 2817 2514 postquam
2857 2446 3097 2514 seipsum
3145 2447 3235 2502 ille
3285 2448 3560 2516 prodidit:

1968 2532 2105 2586 sicut
2131 2546 2231 2586 nec
2259 2531 2361 2587 loci
2393 2532 2570 2588 vilitas
2599 2533 2798 2590 virtute
2825 2536 3058 2606 undique
3094 2538 3356 2591 hinnitum
3404 2538 3561 2593 hesit.

1970 2623 2036 2679 Et
2063 2638 2160 2679 nos
2181 2623 2341 2693 igitur
2370 2625 2602 2680 animam
2630 2635 2868 2680 nostram
2900 2628 3205 2683 muniamus
3227 2646 3248 2682 τ
3272 2629 3385 2683 sive
3420 2628 3563 2684 enim

1971 2719 2316 2787 pecuniarum
2365 2720 2559 2774 mulcta
2602 2720 2901 2787 immineat,
2943 2721 3063 2776 sive
3101 2736 3267 2787 mors,
3312 2722 3564 2791 pietatem

1972 2824 2101 2864 vero
2128 2808 2336 2865 auferat
2364 2826 2545 2876 nemo,
2574 2826 2762 2867 sumus
2786 2812 3034 2868 omnibus
3065 2815 3349 2870 beatiores.
3383 2815 3494 2871 ltoc
3513 2825 3568 2870 et

1969 2900 2217 2954 Cluistus
2267 2902 2538 2957 mandavit
2584 2903 2768 2959 dicens
2806 2921 2821 2959 :
2870 2903 3050 2959 Estote
3090 2906 3246 2977 igitur
3297 2908 3568 2973 prudentes

1969 2991 2098 3044 sicut
2136 3002 2390 3060 serpentes
2429 2992 2642 3062 (Matt/1.
2679 2996 2766 3050 10.
2816 2996 2927 3065 16).
2973 2996 3121 3051 Sicut
3143 2999 3286 3052 enim
3318 3000 3408 3055 ille
3443 3002 3568 3055 reli-

1970 3097 2131 3151 quum
2155 3082 2339 3152 objicit
2366 3097 2583 3152 corpus,
2617 3092 2673 3140 ut
2700 3095 2863 3153 caput
2901 3097 3103 3150 servet,
3137 3089 3215 3143 sic
3244 3099 3299 3143 et
3330 3100 3423 3143 tu:
3453 3092 3568 3147 sive

1972 3173 2244 3244 pecunias,
2283 3175 2395 3229 sive
2433 3190 2651 3244 corpus,
2693 3177 2806 3231 sive
2848 3190 3167 3247 przeseutem
3209 3181 3403 3249 vitam,
3451 3184 3567 3239 sive

1970 3264 2152 3321 ()lllltia
2184 3265 2430 3319 amittere
2459 3275 2726 3334 oporteat,
2751 3275 2808 3320 ut
2838 3267 3086 3337 pietatem
3112 3283 3418 3336 conserves,
3453 3273 3560 3326 noti

1971 3357 2191 3411 tristari.
2222 3357 2276 3413 Si
2306 3357 2448 3412 enim
2480 3357 2624 3414 illam
2665 3358 2866 3414 habens
2896 3360 3230 3429 migraveris,
3262 3369 3452 3419 omn‘a'
3471 3365 3564 3421 tibi

1970 3462 2092 3502 cum
2140 3447 2327 3516 majori
2363 3448 2501 3504 Deus
2542 3448 2784 3504 claritate
2828 3451 3106 3517 retribuet,
3141 3464 3196 3507 et
3220 3470 3416 3524 corpus
3443 3472 3566 3512 cum

1971 3539 2158 3610 majori
2186 3554 2397 3595 rursum
2441 3539 2611 3610 gloria
2652 3542 2916 3609 restituet,
2949 3551 3003 3598 et
3030 3559 3124 3615 pro
3152 3546 3395 3615 pecuniis
3430 3546 3567 3602 bona

1970 3646 2091 3699 qua:
2132 3631 2276 3685 nulla
2321 3630 2607 3686 verborum
2654 3633 2704 3686 vi
2754 3642 2976 3703 possunt
3019 3635 3267 3705 exprimi.
3299 3637 3487 3694 Nonne
3513 3639 3567 3694 in

1973 3721 2100 3777 timo
2129 3722 2305 3777 nudus
2357 3724 2577 3779 sedebat
2600 3723 2726 3790 Job,
2759 3726 3053 3782 innumeris
3081 3729 3342 3784 mortibus
3360 3732 3569 3800 gravio-

1973 3830 2087 3869 rem
2116 3815 2390 3871 sustinens
2419 3816 2624 3870 vitam?
2654 3816 2761 3872 Sed
2783 3819 2905 3887 quia
2935 3820 3186 3889 pietatem
3216 3837 3321 3876 non
3351 3823 3564 3893 abjeeit,

1971 3905 2150 3959 omnia
2200 3920 2321 3962 cum
2372 3906 2559 3975 majori
2606 3908 2757 3977 copia
2808 3909 3017 3964 rediere
3064 3911 3271 3979 priora,
3326 3917 3568 3983 corporis

1972 3997 2172 4053 sanitas
2192 4006 2244 4052 et
2268 3997 2496 4066 species,
2523 3997 2700 4052 omnis
2721 4000 2950 4053 ﬁliorum
2974 4010 3166 4065 costus,
3199 4005 3566 4072 possessiones

1973 4104 2182 4154 omnes,
2204 4099 2260 4144 et
2287 4088 2433 4160 quod
2454 4090 2690 4145 onmium
2714 4094 3025 4159 maximum,
3054 4095 3329 4165 splendida
3357 4097 3565 4166 patien-

1975 4179 2062 4236 tia:
2089 4194 2309 4235 corona.
2341 4181 2491 4238 Sicut
2518 4181 2662 4239 enim
2691 4183 2743 4238 in
2763 4183 3043 4240 arboribus
3067 4187 3279 4252 accidit,
3303 4197 3361 4242 ut
3382 4189 3426 4242 si
3448 4190 3567 4259 quis

1973 4270 2204 4328 fructum
2230 4289 2351 4328 eum
2377 4274 2520 4331 foliis
2546 4274 2772 4339 auferat,
2802 4284 2858 4330 et
2884 4291 3064 4332 ramos
3085 4293 3273 4334 omnes
3304 4290 3564 4350 amputet,

1976 4364 2155 4421 radice
2195 4375 2465 4433 manente,
2499 4375 2607 4421 tota
2630 4382 2753 4422 cum
2783 4366 2971 4436 majori
3001 4369 3160 4424 etiam
3184 4380 3376 4426 ornatu
3405 4372 3569 4427 arln-r

1976 4465 2263 4527 resurgat:
2291 4457 2371 4512 sic
2411 4458 2624 4527 quidem
2665 4466 2720 4514 et
2754 4459 2810 4513 in
2859 4460 3038 4528 nobis,
3083 4462 3129 4516 si
3170 4463 3382 4532 pietatis
3410 4466 3563 4519 radix

1976 4557 2306 4618 permaneat,
2352 4551 2452 4605 etsi
2496 4550 2696 4605 divitia:
2735 4551 3066 4622 auferantur,
3112 4562 3170 4610 et
3196 4570 3391 4626 corpus
3440 4572 3564 4611 cor-

1976 4651 2287 4710 rumpatur,
2335 4642 2512 4698 omnia
2563 4660 2749 4700 rursus
2792 4646 2947 4702 nobis
2990 4662 3112 4702 cum
3152 4648 3340 4717 majori
3398 4649 3566 4720 gloria

1977 4732 2222 4787 redeunt.
2250 4732 2474 4789 Omnem
2512 4734 2670 4805 igitur
2706 4737 2899 4791 animm
2940 4738 3353 4794 sollicitudinem
3394 4752 3449 4795 et
3472 4758 3566 4795 su-

1978 4825 2234 4897 perfluam
2278 4843 2462 4882 curam
2493 4829 2825 4897 objicientcs,
2871 4831 2935 4883 ad
2967 4846 3064 4884 nos
3096 4832 3237 4904 ipsos
3262 4833 3567 4900 redeamus,

1975 4932 2169 4989 Corpus
2183 4926 2236 4975 et
2256 4919 2487 4973 animam
2506 4934 2759 4974 ornemus
2776 4922 2981 4976 virtutis
2997 4932 3333 4991 ornamento,
3351 4925 3570 4998 just'tia:

1974 5024 2146 5077 arum,
2174 5010 2268 5065 sed
2291 5026 2394 5065 non
2424 5026 2573 5066 arma
2598 5012 2832 5080 peccati;
2864 5015 3103 5083 corporis
3133 5017 3300 5071 nostri
3330 5018 3567 5073 membra

1976 5104 2330 5159 exhibentes:
2362 5111 2416 5158 et
2454 5112 2579 5159 ante
2620 5104 2798 5157 omnia
2846 5104 3078 5174 linguam
3120 5114 3178 5160 ut
3206 5107 3251 5161 si
3281 5110 3568 5179 spirituahs

1975 5196 2159 5266 gratia:
2188 5195 2429 5249 ministra
2456 5194 2816 5260 instituamus,
2840 5209 3000 5252 onme
3017 5197 3162 5253 virus
3187 5209 3243 5255 et
3271 5192 3595 5270 malignum-"

1980 5298 2084 5342 tem
2115 5302 2179 5342 ex
2206 5302 2301 5341 ore
2341 5285 2684 5357 projicientes
2725 5296 2782 5342 et
2811 5290 3044 5360 turpium
3083 5291 3369 5347 verborum
3396 5292 3585 5369 medi-l

1980 5379 2257 5433 tationem.
2280 5379 2489 5433 Etenim
2509 5378 2561 5433 in
2590 5387 2772 5434 nostra
2803 5390 3070 5451 p0testatc
3096 5390 3199 5444 est,
3229 5371 3585 5451 unumquod-'

1977 5486 2082 5541 que
2103 5468 2463 5525 membrorum
2488 5479 2792 5526 nostrorum
2819 5473 2941 5529 sive
2959 5473 3192 5537 malitize,
3221 5473 3568 5543 sivejustitize

1978 5564 2393 5618 instrumentum
2422 5562 2614 5619 facere.
2647 5564 2787 5619 Audi
2830 5564 2989 5636 igitur
3014 5564 3282 5634 quomodo
3313 5564 3565 5635 linguam,

1979 5658 2031 5713 hi
2071 5657 2284 5728 quidem
2332 5658 2560 5731 peccati,
2607 5658 2682 5711 illi
2715 5672 2846 5712 vero
2869 5656 3088 5726 justitia:
3127 5670 3277 5710 arma
3304 5655 3563 5713 fecerunt.

1983 5748 2182 5821 Lingua
2223 5749 2447 5820 ipsorum
2494 5748 2697 5820 gladius
2738 5756 2917 5803 acutas
2960 5746 3131 5817 (l’sat.
3180 5747 3269 5805 56.
3298 5747 3375 5820 5).
3424 5749 3569 5804 Mter
