3998 6426
400 321 475 379 69
1190 320 1248 375 S.
1285 315 1573 375 JOANNIS
1613 312 2109 374 CIIRYSOSTOMI
2149 310 2475 368 ABCHIEP.
2515 307 3068 367 CONSTANTINOP.
3772 304 3830 358 ’ὅθ

401 435 636 508 κοπρίαν
684 435 811 489 ίδεῖν
847 433 942 490 τοῦ
991 432 1112 488 Ἰὼϐ
1164 434 1344 488 πᾶσάν
1388 450 1473 497 τις
1527 431 1741 499 δέξεται
1788 430 2078 501 ὠφέλειαν,

399 523 497 576 καὶ
527 522 845 592 φιλοσοφίαν
881 522 1082 593 πολλὴν
1104 561 1119 585 ,
1159 522 1255 574 καὶ
1290 519 1638 592 παράκλησιν
1676 520 1758 582 είς
1800 517 2082 588 ὑπομονῆς

397 610 579 680 λόγον.
614 609 714 663 Διά
760 608 913 663 τοῦτο
944 608 1129 661 πολλοὶ
1170 607 1269 663 νῦν
1316 607 1532 679 μακράν
1563 622 1684 660 τινα
1728 606 1823 659 καὶ
1853 603 2074 658 διαπόν-

397 713 515 752 τιον
559 697 864 769 ἀποδημίαν
908 697 1219 751 στέλλονται
1250 695 1360 750 ἀπὸ
1384 694 1496 750 τῶν
1533 693 1789 766 περάτων
1824 692 1925 762 τῆς
1972 690 2101 761 γῆς

397 787 478 848 είς
513 785 614 856 τὴν
652 784 908 856 Ἀραϐίαν
938 783 1257 856 τρέχοντες,
1304 782 1395 836 ἴνα
1428 782 1530 854 τὴν
1577 781 1812 852 κοπρίαν
1861 777 2079 848 ἐκείνην

399 873 583 938 ἴδωσι,
621 872 715 926 καὶ
743 872 1075 943 θεασάμενοι
1123 870 1540 941 καταφιλήσωσι
1578 869 1678 940 τὴν
1720 868 1823 938 γῆν
1866 866 1968 935 τὴν
2009 862 2079 917 τά

397 960 696 1033 σκάμματα
747 959 843 1013 τοῦ
891 960 1209 1029 στεφανίτθυ
1258 958 1560 1029 δεξαμένην
1599 956 1807 1010 ἐκείνου
1827 994 1844 1019 ,
1883 954 1976 1008 καὶ
2015 951 2079 1005 τὸ

394 1045 618 1117 χρυσίου
649 1045 852 1109 παντὸς
881 1045 1108 1116 τιμιώτε
1119 1062 1209 1117 ρον
1231 1039 1392 1115 αἷμα.
1429 1043 1566 1096 Οὑδέ
1598 1042 1707 1113 γάρ
1731 1039 1905 1103 οὑτως
1928 1036 2077 1092 ἐστὶν

393 1136 652 1209 ἁλουργὶς
677 1136 908 1209 λαμπρά
926 1176 940 1199 ,
976 1136 1053 1201 ὡς
1077 1136 1139 1189 τδ
1159 1134 1318 1207 σῶμα
1348 1135 1527 1188 ἐκεῖνο
1558 1132 1680 1186 τότε
1710 1129 2037 1185 ἀπέστιλϐεν
2058 1168 2074 1195 ,

391 1225 493 1279 οὑκ
520 1224 819 1297 ἀλλοτρίῳ,
871 1224 986 1279 ἀλλ’
1036 1222 1224 1293 οἰκείῳ
1265 1219 1663 1292 βαπτιζόμενον
1715 1218 1934 1288 αἵματι.
1968 1217 2077 1271 Καὶ

391 1315 461 1368 τά
493 1314 783 1386 τραύματα
829 1314 888 1368 δέ
938 1316 1121 1367 ἐκεῖνα
1155 1311 1411 1366 ἀπάντων
1441 1308 1604 1362 λίθων
1634 1303 1704 1379 ἦν
1750 1304 2073 1377 τιμιώτερα.

390 1402 765 1474 Μαργαριτῶν
811 1401 912 1472 μὲν
939 1400 1050 1472 γάρ
1082 1400 1246 1471 φύσις
1273 1398 1428 1453 οὐδὲν
1455 1397 1550 1451 τὸν
1587 1395 1702 1467 βίον
1745 1392 1949 1463 ὠφελεῖ
1982 1392 2077 1447 τδν

391 1489 698 1563 ἡμέτερον,
736 1489 859 1543 οὐδὲ
887 1489 1083 1560 χρείαν
1111 1488 1237 1541 τινά
1283 1485 1485 1558 πληροῖ
1520 1487 1634 1548 τοῖς
1659 1483 1875 1555 ἔχουσιν
1908 1482 2077 1551 ἀναγο

393 1577 589 1630 καίαν·
625 1575 698 1630 τά
741 1577 801 1630 δὲ
852 1575 1147 1649 τραύματα
1194 1576 1382 1629 ἐκεῖνα
1431 1571 1613 1644 πάσης
1666 1569 1907 1642 ἀθυμίας
1959 1569 2076 1623 ἐστὶ⁵

392 1665 761 1737 παράκλησις.
798 1666 909 1720 Καὶ
956 1666 1045 1719 ἵνα
1088 1664 1305 1736 μάθῃς,
1342 1663 1425 1716 ὅτι
1461 1660 1620 1717 τοῦτό
1669 1661 1816 1713 ἐστιν
1853 1656 2073 1727 ἀληθὲς,

391 1751 488 1805 ἐὰν
518 1752 765 1825 ἀποϐάλῃ
791 1770 875 1817 τις
903 1752 1019 1806 υἱὸν
1045 1753 1268 1823 γνήσιον
1298 1750 1394 1805 καὶ
1427 1748 1711 1822 μονογενῆ,
1732 1745 1905 1813 δεῖξον
1926 1743 2076 1816 αὑτῷ

394 1841 624 1913 μυρίους
676 1839 1054 1914 μαργαρίτας,
1099 1841 1197 1895 καὶ
1252 1840 1313 1893 οὑ
1350 1837 1726 1911 παραμυθήσῃ
1769 1835 1831 1888 τὸ
1877 1832 2072 1898 πάθος,

389 1928 514 1981 οὑδὲ
549 1928 905 2000 θεραπεύσεις
940 1929 1041 2001 τὴν
1064 1929 1257 1999 ὀδύνην
1280 1944 1295 1960 ’
1326 1927 1648 1998 ἀναμνήσας
1677 1924 1735 1978 δέ
1772 1923 1933 1978 αὑτὸν
1964 1921 2075 1976 τῶν

387 2016 721 2087 τραυμάτων
745 2016 839 2069 τοῦ
885 2015 1006 2071 ’ῐὼϐ
1025 2056 1040 2080 ,
1077 2016 1273 2088 ῥᾳδίως
1304 2014 1511 2086 δυνήσῃ
1550 2010 1907 2083 θεραπεῦσαι,
1930 2008 2075 2063 οὑτω

387 2103 562 2173 λέγων
586 2121 600 2134 ο
636 2105 705 2157 Τί
739 2104 955 2169 πενθεῖς
982 2105 1030 2168 ⁸,
1067 2103 1363 2175 ἀνθρωπες
1396 2102 1461 2156 σὺ
1500 2100 1601 2173 μέν
1634 2098 1827 2153 τέκνον
1864 2096 2075 2151 ἀπέϐα-

386 2192 477 2257 λες
504 2192 593 2259 ἐν,
622 2193 651 2247 6
688 2193 746 2247 δέ
776 2193 1047 2265 μακάριος
1080 2194 1288 2257 ἐκεῖνος
1322 2190 1462 2263 μετά
1490 2191 1554 2244 τὸ
1585 2190 1697 2243 τῶν
1724 2188 1929 2243 παίδων
1955 2187 2076 2241 δλό-

386 2280 590 2353 κληρον
626 2280 992 2353 ἀφαιρεθῆναι
1020 2281 1111 2341 τὸν
1156 2279 1325 2357 χορὸν
1370 2278 1466 2332 καὶ
1496 2277 1636 2348 αὑτῇ
1670 2279 1735 2348 τῇ
1766 2276 1928 2348 σαρκὶ
1970 2277 2074 2348 τὴν

386 2368 602 2439 πληγὴν
633 2369 879 2434 ἐδέξατο,
910 2371 1005 2422 καὶ
1032 2370 1242 2439 γυμνός
1291 2368 1385 2421 ἐπὶ
1428 2367 1527 2438 τῆς
1574 2366 1813 2437 κοπρίας
1837 2364 2075 2436 ἐκάθητο

389 2455 547 2527 ίχῶρι
572 2455 836 2509 πάντοθεν
860 2454 1302 2526 καταρρεόμενος
1320 2493 1336 2519 ,
1365 2454 1508 2507 κατά
1548 2453 1746 2524 μικρὸν
1793 2450 1945 2522 αὑτῷ
1972 2455 2075 2523 τῆς

390 2541 599 2613 σαρκὸς
627 2542 1028 2613 δαπανωμένης
1048 2582 1064 2609 ,
1096 2542 1124 2594 6
1154 2541 1363 2604 δίκαιος
1386 2581 1401 2606 ,
1432 2543 1462 2595 6
1502 2539 1757 2609 ἀληθινὸς
1778 2579 1795 2604 ,
1832 2542 1863 2595 6
1890 2538 2075 2594 θεοσε-

385 2629 519 2702 ϐὴς,
554 2630 583 2682 δ
623 2628 963 2700 ἀπεχόμενος
1008 2626 1118 2683 ἀπὺ
1151 2627 1352 2692 παντὸς
1390 2625 1630 2699 πονηροῦ
1656 2627 2015 2699 πράγματος,
2044 2627 2075 2682 6

386 2718 483 2772 καὶ
524 2717 657 2771 Θεὸν
714 2717 968 2787 μάρτυρα
1008 2715 1111 2785 τῆς
1161 2715 1362 2787 ἀρετῆς
1408 2715 1569 2785 ἔχων.
1608 2714 1707 2767 ‘Av
1742 2713 1853 2785 γάρ
1897 2713 2073 2768 ταῦτα

384 2803 549 2873 είπῃς
576 2800 646 2856 τὰ
678 2802 901 2873 ῥήματα
924 2840 939 2865 ,
986 2803 1168 2856 πᾶσαν
1213 2799 1445 2865 ἔσϐεσας
1486 2800 1582 2853 τοῦ
1617 2797 1942 2863 πενθοῦντος
1971 2798 2075 2871 τὴν

384 2889 626 2960 ἀθυμίαν
648 2928 664 2953 ,
704 2889 800 2943 καὶ
848 2890 1030 2943 πᾶσαν
1080 2888 1289 2954 ἀνεῖλες
1329 2889 1430 2962 τὴν
1457 2888 1652 2960 ὀδύνην
1675 2929 1690 2954 ,
1735 2888 2072 2957 καὶγίνεται

383 2975 528 3030 οὑτω
556 2976 951 3049 χρησιμώτερα
1002 2975 1358 3049 μαργαριτῶν
1400 2976 1471 3029 τὰ
1520 2976 1811 3048 τραύματα
1845 2976 1940 3031 τοῦ
1988 2976 2070 3030 δι-

384 3064 566 3119 καίου.
624 3064 1009 3135 ’Υπογράψατε
1064 3063 1242 3119 τοίνυν
1298 3064 1513 3127 ἑαυτοῖς
1563 3063 1654 3117 τὸν
1705 3062 1944 3135 ἀθλητὴν
1978 3062 2073 3117 καὶ

386 3151 576 3221 ὑμεῖς,
616 3150 711 3205 καὶ
742 3148 995 3222 νομίζετε
1045 3149 1264 3221 βλέπειν
1311 3150 1410 3222 τὴν
1438 3150 1674 3221 κοπρίαν
1698 3149 1933 3222 ἐκείνην,
1975 3149 2071 3204 καὶ

382 3236 546 3291 αὑτὸν
570 3239 629 3291 ἐν
662 3237 811 3310 μέσῳ
837 3238 1146 3310 καθήμενον
1170 3238 1199 3278 δ
1241 3238 1337 3308 τῆς
1366 3237 1598 3309 κοπρίας
1618 3278 1634 3302 ,
1666 3236 1759 3291 τὸν
1780 3237 2071 3309 ἀνδριάντα

382 3324 476 3378 τὸν
504 3324 763 3397 χρυσοῦν,
794 3324 888 3378 τὸν
911 3324 1151 3379 διάλιθον
1171 3364 1186 3388 ,
1210 3324 1301 3378 τὸν
1331 3324 1449 3389 πῶς
1477 3324 1619 3378 εἴπω
1640 3325 1742 3379 οὑκ
1773 3320 1890 3378 οἴδα
1909 3341 1923 3356 ³
1951 3324 2071 3379 οὑδὲ

382 3412 492 3483 γὰρ
537 3412 646 3485 ἔχω
686 3414 875 3485 τιμίαν
923 3413 1098 3476 οῦτως
1140 3411 1275 3484 ὓλην
1302 3412 1520 3484 εὑρεῖν,
1565 3411 1641 3476 ὡς
1677 3411 1979 3485 δυνηθῆναι
2010 3415 2072 3468 τδ

383 3499 704 3571 ᾑμαγμένον
750 3501 927 3553 ἐκεῖνο
972 3496 1134 3569 σῶμα
1174 3497 1509 3570 παραϐαλεῖν
1538 3514 1553 3529 ·
1586 3497 1729 3553 οὑτω
1760 3500 1853 3553 καὶ
1890 3501 2073 3572 πάσης

385 3585 501 3658 [60]
535 3586 666 3656 ὑλης
693 3585 1141 3657 τιμαλφεστάτης
1179 3586 1244 3640 ἐκ
1276 3584 1474 3639 πολλοῦ
1511 3581 1608 3638 τοῦ
1649 3584 1934 3656 περιόντος
1971 3587 2073 3658 τῆς

385 3672 589 3744 σαρκὸς
640 3671 857 3744 ἐκείνης
900 3673 934 3743 ή
976 3669 1138 3742 φύσις
1180 3666 1249 3744 ἦν
1288 3671 1621 3744 τιμιωτέρα,
1655 3671 1752 3726 καὶ
1793 3671 1865 3727 τά
1899 3674 2070 3746 τραύ-

387 3777 534 3832 ματα
565 3758 674 3813 τῶν
704 3759 947 3830 ἡλιακῶν
974 3757 1209 3813 ἀκτίνων
1242 3758 1602 3832 φαιδρότερα’
1634 3754 1795 3815 αὗται
1830 3760 1931 3833 μὲν
1962 3761 2073 3835 γάρ

383 3848 482 3912 τὰς
533 3845 628 3900 τοῦ
689 3846 942 3919 σώματος
974 3845 1416 3916 καταυγάζουσιν
1446 3847 1617 3918 ὄψεις,
1659 3849 1844 3901 ἐκεῖνα
1887 3847 1946 3902 δὲ
1972 3848 2072 3920 τῆς

382 3936 625 4000 διανοίας
662 3935 821 4007 ήμῶν
857 3934 1084 4005 φωτίζει
1113 3935 1182 3990 τά
1205 3934 1452 4007 δμματα,
1486 3935 1671 3991 ἐκεῖνα
1701 3935 1956 4003 καθάπαξ
1979 3936 2072 3990 τδν

382 4027 628 4081 διάϐολον
656 4023 1039 4094 ἀπετύφλωσε.
1074 4022 1175 4077 Διά
1195 4022 1327 4093 γοῦν
1351 4022 1530 4088 τοῦτο,
1562 4023 1704 4096 μετά
1726 4024 1825 4095 τὴν
1854 4023 2071 4097 πληγὴν

384 4113 602 4185 ἐκείνην
629 4112 953 4185 ἀπεπήδησε
978 4150 994 4176 ,
1048 4111 1144 4165 καὶ
1172 4110 1274 4164 οὑκ
1305 4110 1478 4182 ἐφάνη
1521 4110 1728 4164 λοιπόν.
1774 4112 1847 4165 Σὺ
1891 4111 1949 4165 δέ
1981 4128 2071 4180 μοι

385 4199 676 4253 κάντεῦθεν
697 4237 714 4262 ,
742 4197 1034 4268 ἀγαητέ,
1073 4195 1312 4268 μάνθανε
1361 4196 1423 4250 τό
1468 4195 1568 4267 τῆς
1619 4194 1851 4266 θλίψεως
1883 4195 2072 4267 κέρδος

384 4287 553 4340 πόσον
596 4285 766 4341 ἐστίν.
825 4285 1020 4339 Ἦνίκα
1079 4284 1180 4354 μὲν
1211 4283 1322 4354 γάρ
1379 4283 1629 4338 ἐπλούτει
1689 4284 1784 4339 καῖ
1832 4284 2071 4353 ἀνέσεως

383 4375 666 4447 ἀπήλαυεν
716 4375 745 4428 6
777 4373 1023 4439 δίκαιος,
1057 4373 1365 4428 διαϐάλλειν
1422 4373 1577 4445 ἔσχεν
1624 4372 1788 4428 αὑτὸν
1811 4414 1827 4438 ,
1861 4373 2072 4447 ψευδῶς

387 4463 507 4532 μὲν,
542 4462 668 4533 ἔσχε
708 4463 753 4514 δ’
788 4457 881 4515 οὗν
915 4462 1064 4530 ὅμως
1098 4461 1274 4514 εἰπεῖν
1298 4477 1313 4492 ’
1346 4458 1442 4525 Μὴ
1478 4460 1704 4530 δωρεὰν
1732 4461 1974 4517 σέϐεταί
1996 4478 2072 4520 σε

384 4553 419 4604 ό
465 4548 626 4611 ἰὠός
663 4546 883 4618 Ἐπειδὴ
923 4546 982 4599 δὲ
1015 4546 1176 4601 αὑτὸν
1208 4546 1493 4618 ἐγύμνωσε
1524 4548 1620 4601 καὶ
1648 4547 1869 4620 ἐποίησε
1902 4550 2072 4625 πένη-

382 4653 455 4691 τα
479 4677 493 4699 ,
528 4632 651 4688 οὑδέ
701 4633 900 4706 γρῦξαι
930 4631 1117 4686 λοιπὸν
1140 4633 1408 4704 ἐτόλμησε
1427 4650 1441 4664 ’
1464 4634 1557 4687 καὶ
1576 4635 1666 4688 ὅτε
1697 4635 1795 4705 μὲν
1817 4635 2070 4704 πλούσιος

382 4718 452 4798 ἦν
477 4764 492 4790 ,
521 4724 834 4794 ὑπισχνεῖτο
866 4721 1119 4777 παλαίειν
1152 4720 1304 4794 αὑτῷ
1327 4762 1343 4789 ,
1377 4721 1475 4776 καὶ
1503 4723 1880 4790 ὑποσκελίζειν
1910 4727 2071 4798 ἠπεί-

382 4811 497 4867 λειο
533 4811 721 4885 ἐπειδὴ
760 4811 818 4866 δὲ
846 4812 1057 4883 πένητα
1088 4812 1418 4885 εἰργάσατο,
1458 4812 1553 4867 καὶ
1584 4813 1803 4869 πάντων
1834 4816 2071 4873 ἀπεστέ-

385 4916 556 4970 ρησε,
613 4899 710 4953 καὶ
756 4900 837 4964 εἰς
874 4897 1112 4971 ἐσχάτην
1163 4899 1359 4973 ὀδύνην
1412 4898 1633 4954 ἐνέϐαλε
1658 4940 1673 4967 ,
1718 4902 1843 4958 τότε
1880 4915 1904 4943 ο
1956 4905 2068 4958 ἀπ-

381 4985 625 5056 επήδησε
647 5001 664 5017 ο
715 4986 814 5041 καὶ
857 4985 947 5039 ὅτε
997 4985 1097 5059 μὲν
1123 4986 1280 5057 ὑγιές
1333 4986 1502 5043 αὑτοῦ
1538 4987 1600 5042 τὸ
1638 4988 1798 5061 σῶμα
1832 4985 1931 5061 ἦν,
1969 4991 2069 5056 τάς

381 5075 571 5145 χεῖρας
607 5072 860 5144 ἀπῆρεν,
886 5074 977 5128 ὅτε
1000 5074 1059 5129 δέ
1079 5074 1247 5130 αὑτοῦ
1281 5074 1554 5146 κατέκοψε
1584 5075 1683 5148 τὴν
1718 5077 1919 5150 σάρκα,
1943 5078 2067 5133 τότε

381 5161 585 5231 ἔφυγεν
611 5159 892 5233 ἡττηθείς.

456 5246 611 5314 Εἶδες
633 5248 801 5303 πόσον
836 5248 1000 5303 πενία
1031 5250 1260 5306 πλούτου
1280 5292 1296 5318 ,
1328 5252 1422 5308 καὶ
1449 5251 1734 5326 ἀρρωστία
1781 5253 1876 5309 καλ⁵
1909 5253 2066 5321 νόσος

378 5337 570 5407 ὑγείας
591 5377 608 5404 ,
642 5337 739 5392 καὶ
773 5338 1080 5410 πειρασμὸς
1118 5340 1358 5406 ἀνέσεως
1408 5341 1617 5412 βέλτιον
1652 5345 1766 5409 τοῖς
1804 5344 2066 5417 νήφουσίν

378 5424 496 5480 ἐστι
521 5426 616 5481 καὶ
637 5424 1186 5500 χρησιμώτερον,καὶ
1208 5429 1624 5502 λαμπροτέρους
1651 5430 1747 5486 καὶ
1772 5432 2065 5486 εὐτονωτέο

383 5528 510 5582 ρους
552 5514 681 5577 τοὺς
709 5514 1011 5580 ἀθλοῦντας
1041 5519 1214 5583 ποιεῖς
1250 5517 1348 5581 Τίς
1381 5513 1487 5570 εἶδε
1512 5559 1529 5580 ,
1558 5519 1643 5582 τίς
1671 5519 1904 5590 ἤκουσεν
1921 5520 2066 5576 οὑτω

380 5598 667 5671 θαυμαστά
696 5601 1087 5675 παλαίσματας
1118 5605 1182 5659 Οί
1208 5604 1319 5659 τῶν
1342 5602 1546 5673 ῐξωθεν
1567 5604 1797 5675 ἀγώνων
1835 5607 2061 5677 πύκται,

442 5758 468 5785 ⁸
504 5755 597 5804 Alii
617 5755 664 5802 τί
687 5756 884 5804 θοτινεῖε.

442 5758 468 5785 ι
587 5757 597 5765 ’
803 5757 843 5792 :"

438 5816 468 5889 lg
491 5756 1062 5889 δέξὶιόξιέιιθρέεἶζιςμεοτίρῑί
1086 5822 1134 5889 ἐν
1156 5822 1288 5889 μέσῃ,
1317 5828 1377 5886 τῇ
1405 5822 1579 5889 κοπρία
1616 5822 1894 5887 καθήμενον.
1934 5822 2064 5875 Infra

379 5881 462 5929 alii
485 5878 755 5943 ᾑμαγμένον
779 5877 1028 5943 ἐκεῖνοκαὶ
1050 5877 1206 5943 τίμιον
1226 5877 1387 5943 σῶμά.

440 5944 464 5974 ⁸
495 5940 696 6003 QuiJam
721 5951 837 5990 mss.
868 5941 1034 5999 ὀδύνην
1055 5940 1249 6005 ἢγαγεν,
1277 5940 1401 5995 τότε.

2186 427 2410 481 ἐπειδάν
2448 427 2799 491 κατακόψωσι
2834 426 2933 490 τάς
2962 423 3202 495 κεφαλάς
3225 422 3335 478 τῶν
3365 421 3665 477 ἀντιπάλων
3683 460 3697 485 ,
3726 420 3834 474 τότε

2185 514 2381 570 νικῶσι
2430 514 2526 568 καὶ
2564 512 2952 582 στεφανοῦνται
2975 531 2989 543 ·
3024 505 3181 577 οὗτος
3227 510 3322 578 δὲ,
3356 511 3443 564 ὅτε
3481 506 3744 578 κατέκοψε
3782 506 3836 559 τδ

2185 600 2350 671 σῶμα
2374 601 2470 654 τοῦ
2497 599 2731 663 δικαίου,
2761 598 3123 662 παντοδαποῖς
3150 598 3364 653 ἕλκεσιν
3393 596 3523 650 αὑτὸ
3541 594 3834 666 διατρήσας,

2185 688 2281 741 καὶ
2333 688 2728 759 ἀσθενέστερον
2777 686 3041 757 ἐποίησε,
3089 686 3211 741 τότε
3245 684 3472 756 ἐνικήθη
3509 684 3607 738 καὶ
3655 681 3836 753 ἀνεχώ-

2187 790 2353 847 ρησε·
2384 775 2481 829 καὶ
2519 772 2710 845 ἐπειδὴ
2752 772 3014 845 διώρυξεν
3058 773 3224 828 αὑτοῦ
3264 772 3529 828 πάντοθεν
3554 771 3654 835 τάς
3694 771 3835 825 πλευ-

2186 862 2311 935 ρὰς,
2360 861 2510 933 αὑτῷ
2558 860 2659 933 μὲν
2689 859 2851 913 πλέον
2874 860 3027 914 οὑδέν
3053 859 3302 930 ἐγένετο,
3324 858 3417 914 τὸν
3437 858 3551 932 γὰρ
3580 858 3836 912 ἐναποκεί-

2185 965 2350 1019 μενον
2390 947 2665 1019 θησαυρὸν
2697 946 2798 1000 οὑκ
2824 946 3192 1018 ἀπεσύλησεν,
3220 948 3356 1018 ἡμῖν
3388 946 3445 1000 δέ
3486 942 3836 1017 φανερώτερον

2183 1034 2348 1088 αὑτὸν
2374 1033 2599 1105 ἐποίησε
2625 1073 2642 1100 ,
2672 1033 2769 1088 καὶ
2818 1032 2908 1087 διά
2948 1036 3051 1104 τῆς
3097 1033 3372 1106 διωρυγῆς
3403 1031 3618 1101 ἐκείνης
3659 1030 3836 1084 ἔδωκεν

2182 1118 2387 1175 ἀπασιν
2413 1122 2494 1185 είς
2521 1120 2584 1174 τὸ
2614 1120 2764 1174 ἔνδον
2793 1119 3012 1191 βλέπειν
3034 1162 3050 1186 ,
3092 1120 3189 1174 καλ⁸
3217 1118 3654 1191 καταμανθάνειν
3689 1117 3836 1171 αὑτοῦ

2182 1207 2274 1261 τὸν
2322 1208 2553 1262 πλοῦτον
2607 1208 2824 1263 ᾶπαντα
2865 1222 2879 1237 ’
2927 1208 3022 1263 καὶ
3064 1208 3155 1262 ὅτε
3199 1209 3424 1280 κρατεῖν
3469 1206 3835 1279 προσεδόκησε,

2182 1295 2305 1350 τότε
2347 1297 2468 1366 μετ’
2500 1294 2764 1367 αίσχύνης
2810 1295 3016 1366 πολλῆς
3056 1294 3371 1367 ἀνεχώρησε
3392 1334 3412 1360 ,
3460 1294 3558 1349 καὶ⁵
3604 1294 3839 1365 οὐδεμίαν

2181 1382 2367 1438 οὐκέτι
2408 1383 2594 1455 φωνὴν
2645 1382 2850 1454 ἀφῆκε.
2891 1382 2958 1437 Τί
3009 1383 3235 1453 γέγονεν
3258 1420 3276 1447 ,
3316 1378 3363 1438 ὦ
3414 1382 3674 1448 διάϐολε;
3711 1382 3838 1447 τίνος

2181 1469 2369 1524 ἕνεκεν
2404 1470 2746 1542 ἀναχωρεῖς;
2777 1470 2880 1524 οὐκ
2929 1470 3147 1539 ἐγένετο
3177 1470 3359 1524 πάντα
3396 1470 3502 1524 ὅσα
3549 1468 3841 1541 ἠθέλησαςς

2158 1558 2283 1612 ὀὑκ
2312 1556 2522 1621 ἀνεῖλες
2554 1554 2721 1610 αὑτοῦ
2757 1555 2827 1611 τά
2854 1557 3104 1629 ποίμνια,
3130 1556 3200 1611 τά
3228 1556 3506 1629 βουκόλια,
3534 1557 3631 1621 τάς
3660 1556 3837 1626 ἀγέλας

2181 1644 2291 1699 τῶν
2316 1645 2500 1699 ἵππων
2522 1681 2539 1709 ,
2563 1643 2674 1698 τῶν
2707 1644 2984 1716 ήμιόνωνς
3009 1644 3134 1716 οὑχὶ
3164 1644 3261 1698 καὶ
3294 1643 3388 1699 τὸν
3420 1644 3581 1718 χορὸν
3603 1644 3710 1699 τῶν
3736 1645 3839 1699 παί-

2179 1731 2285 1785 δων
2309 1730 2618 1796 ἀπώλεσας,
2642 1730 2738 1785 καὶ
2763 1729 2864 1804 τὴν
2885 1731 3064 1803 σάρκα
3097 1730 3405 1802 κατέκοψας
3429 1732 3682 1796 ἀπασαν;
3712 1731 3839 1795 τίνος

2180 1820 2368 1877 ἕνεκεν
2403 1818 2797 1892 ἀνεχώρησαςς
2833 1819 2956 1873 Ὅτι
2982 1820 3200 1889 ἐγένετο
3248 1820 3350 1892 μὲν
3380 1820 3586 1885 πάντα,
3613 1821 3712 1874 ὅσα
3730 1818 3838 1889 ἠθέ-

2179 1906 2343 1977 λησα,
2378 1906 2543 1978 φησίν
2563 1923 2576 1934 ·
2608 1907 2637 1960 6
2674 1906 2732 1960 δέ
2770 1906 3027 1974 γενέσθαι
3057 1906 3295 1977 μάλιστα
3323 1907 3646 1979 ἐϐουλόμην,
3672 1907 3760 1962 καὶ
3779 1907 3839 1960 δι’

2179 1993 2209 2048 ὃ
2244 1994 2421 2048 πάντα
2475 1995 2660 2048 ἐκεῖνα
2688 1992 2922 2064 ἐποίησα
2942 2033 2960 2059 ,
2995 1993 3152 2048 τοῦτο
3190 1995 3293 2049 οὑκ
3338 1994 3580 2063 ἐγένετο·
3603 1994 3719 2048 οὑδέ
3748 1994 3841 2065 γὰρ

2181 2081 2572 2152 ἐϐλασφήμησε
2598 2096 2613 2111 ·
2643 2080 2732 2134 διὰ
2767 2081 2877 2153 γάρ
2909 2080 3069 2135 τοῦτο
3106 2082 3287 2137 πάντα
3311 2080 3336 2122 ⁸
3391 2083 3578 2136 ἐκεῖνα
3615 2082 3838 2147 ἐποίουν,

2181 2168 2346 2238 φησιν
2366 2207 2381 2230 ,
2408 2168 2492 2222 ἵνα
2516 2167 2677 2222 τοῦτο
2700 2167 2912 2242 ἐξέλθῃ.
2942 2168 3145 2223 Τούτου
3168 2168 3227 2223 δὲ
3261 2169 3340 2241 μὴ
3367 2168 3684 2241 γενομένου,
3708 2168 3840 2222 οὐδέν

2182 2271 2275 2325 μοι
2319 2254 2484 2309 πλέον
2511 2255 2622 2309 ἀπὸ
2660 2255 2763 2325 τῆς
2799 2254 3002 2327 ζημίας
3022 2255 3132 2310 τῶν
3160 2258 3463 2328 χρημάτων
3492 2256 3737 2327 ἐγένετο,
3759 2256 3841 2310 καὶ

2177 2342 2279 2411 τῆς
2327 2342 2437 2395 τῶν
2486 2341 2693 2396 παίδων
2731 2342 3028 2408 ἀπωλείας,
3062 2342 3159 2397 καὶ
3183 2344 3287 2415 τῆς
3317 2343 3412 2398 τοῦ
3442 2341 3694 2415 σώματος
3724 2342 3841 2414 πλη-

2177 2429 2314 2500 γῆς,
2341 2428 2478 2484 ἀλλά
2526 2429 2837 2483 τούναντίον
2871 2430 3016 2501 ήπερ
3062 2430 3366 2502 ἐϐουλόμην
3401 2430 3593 2504 ἐξέϐη,
3618 2430 3842 2502 λαμπρό-

2177 2533 2338 2588 τερον
2362 2515 2602 2587 ἐποίησα
2630 2516 2723 2570 τὸν
2752 2517 2966 2588 ἐχθρὸν,
2998 2517 3093 2571 καὶ
3115 2517 3469 2591 φαιδρότερον
3497 2517 3838 2592 εἰργασάμην.

2183 2604 2396 2673 Ἐγνως
2427 2605 2552 2659 ὅσον
2589 2607 2690 2674 τῆς
2732 2604 2963 2674 θλίψεως
2994 2604 3056 2658 τὸ
3097 2604 3320 2677 κέρδος,
3353 2606 3642 2677 ἀγαπητέ;
3681 2603 3843 2660 Καλὸν

2182 2691 2279 2763 μὲν
2310 2691 2418 2763 γάρ
2446 2691 2509 2745 τὸ
2545 2691 2705 2762 σῶμα
2775 2690 2871 2745 καὶ
2904 2691 3143 2761 ὑγιαῖνον
3175 2686 3280 2763 ἦν,
3334 2692 3518 2765 πολλῷ
3565 2692 3621 2747 δὲ
3663 2690 3837 2761 σεμνόν

2178 2797 2336 2853 τερον
2362 2780 2555 2850 γέγονε
2602 2780 2953 2852 κατατμηθέν
2979 2780 3086 2834 ὑπὸ
3110 2779 3219 2836 τῶν
3243 2783 3581 2854 τραυμάτων
3606 2782 3837 2836 ἐκείνωνθ

2178 2868 2303 2923 ἐπεὶ
2322 2870 2417 2923 καὶ
2443 2868 2566 2941 έρια
2604 2868 2749 2923 καλά
2780 2869 2879 2940 μὲν
2907 2869 3001 2923 καὶ
3026 2868 3133 2939 πρὸ
3162 2870 3265 2941 τῆς
3311 2870 3525 2941 βαφῆς,
3562 2870 3769 2925 ἐπειδάν
3789 2868 3839 2923 δὲ

2178 2955 2420 3028 ἁλουργά
2452 2968 2475 2996 ο
2501 2956 2748 3027 γένηται,
2778 2955 2983 3025 ἄφατον
3007 2957 3418 3028 προσλαμϐάνει
3438 2957 3501 3011 τὺ
3529 2957 3734 3021 κάλλος,
3758 2961 3843 3010 καὶ

2177 3046 2380 3118 πολλὴν
2408 3046 2508 3117 τὴν
2537 3045 2890 3116 εὐπρέπειαν.
2929 3044 2990 3099 Et
3017 3046 3075 3099 δὲ
3120 3046 3195 3116 μὴ
3228 3046 3503 3100 ἀπέδυσεν
3548 3046 3726 3105 αὑτὸν,
3755 3043 3843 3098 οὐκ

2179 3133 2245 3187 ἂν
2283 3132 2527 3204 ἔγνωμεν
2549 3130 2642 3185 τοῦ
2678 3130 3000 3202 στεφανίτου
3029 3131 3129 3205 τὴν
3167 3133 3384 3200 εὑεξίαν
3405 3151 3421 3166 ·
3455 3134 3509 3187 εί
3546 3134 3622 3206 μὴ
3655 3132 3845 3204 διέτρητ

2179 3238 2270 3275 σεν
2318 3221 2485 3276 αὑτοῦ
2527 3221 2589 3275 τὸ
2637 3220 2753 3294 [6|]
2784 3221 2943 3291 σῶμα
2993 3225 3118 3285 ταῖς
3159 3222 3438 3286 ὠτειλαῖς,
3496 3222 3601 3277 οὑκ
3636 3221 3701 3276 ἀν
3728 3222 3841 3274 άντ-

2178 3309 2430 3381 έλαμψαν
2454 3308 2667 3364 ἔνδοθεν
2697 3309 2755 3363 at
2783 3310 3001 3372 ἀκτῖνες
3020 3326 3034 3339 ο
3067 3311 3117 3363 εί
3150 3309 3226 3382 μὴ
3270 3308 3527 3365 ἐκάθισεν
3566 3310 3723 3367 αὑτὸν
3762 3306 3844 3361 ἐπὶ

2176 3403 2276 3473 τῆς
2328 3400 2564 3473 κοπρίας
2599 3440 2617 3467 ,
2672 3399 2776 3454 οὑκ
2836 3399 2904 3455 ἀν
2963 3399 3211 3471 ἔγνωμεν
3249 3400 3416 3456 αὑτοῦ
3470 3401 3567 3456 τὸν
3617 3398 3841 3456 πλοῦτον.

2177 3488 2315 3542 Οὑδέ
2359 3489 2471 3559 γάρ
2517 3486 2660 3542 οὕτω
2703 3485 2955 3561 λαμπρὸς
2982 3489 3078 3542 ἐπὶ
3116 3488 3309 3561 θρόνου
3353 3489 3662 3561 καθήμενος
3710 3488 3845 3560 ﬁrme

2176 3575 2343 3642 λεὺς,
2398 3575 2476 3640 ὡς
2526 3575 2734 3639 ἐκεῖνος
2784 3574 2879 3628 ἐπὶ
2926 3575 3027 3647 τῆς
3083 3577 3319 3649 κοπρίας
3381 3577 3506 3631 τότε
3561 3577 3844 3648 καθήμενος

2178 3663 2448 3736 ἐπίσημος
2495 3657 2564 3735 ἦν
2600 3662 2693 3716 καὶ
2732 3664 3073 3735 περιφανής
3116 3664 3259 3734 μετά
3300 3665 3398 3735 μὲν
3428 3666 3544 3737 γάρ
3575 3666 3665 3719 τὸν
3707 3664 3844 3735 βασις

2176 3751 2327 3805 λικδν
2388 3749 2580 3823 θρόνον
2628 3749 2899 3816 θάνατος,
2939 3750 3078 3822 μετά
3122 3751 3180 3806 δὲ
3225 3753 3325 3824 τήν
3370 3754 3609 3826 κοπρίαν
3647 3752 3843 3821 ἐκείνην

2176 3838 2424 3911 οὐρανῶν
2451 3837 2722 3909 βασιλεία.

2250 3925 2318 3997 β’.
2342 3925 2527 3979 Ταῦτα
2548 3921 2641 3980 οὖν
2662 3925 2881 3981 ἅπαντα
2905 3926 3348 4000 ἀναλογιζόμενοι
3372 3929 3752 4003 ἀνενέγκωμεν
3783 3930 3843 3982 ἐκ

2176 4012 2279 4085 τῆς
2327 4013 2668 4086 κατεχούσης
2703 4014 2945 4087 ἀθυμίας
2989 4017 3159 4088 ἡμᾶς.
3209 4016 3333 4072 Καὶ.
3363 4016 3474 4089 γάρ
3503 4019 3703 4083 ταύτας
3731 4019 3847 4088 ὑμῖν

2177 4103 2523 4175 παρατίθημι
2570 4104 2672 4168 τάς
2720 4105 3002 4180 ἱστορίας,
3039 4108 3140 4179 οὑχ
3168 4108 3258 4163 ἴνα
3310 4107 3677 4179 ἐπαινῆτετά
3706 4109 3844 4176 λεγόν

2182 4209 2349 4264 μενα,
2383 4191 2499 4246 ἀλλ’
2541 4192 2628 4247 ῖνα
2677 4194 2996 4268 μιμήσησθε
3034 4194 3135 4267 τὴν
3173 4196 3377 4270 ἀρετὴν
3407 4198 3502 4252 καὶ
3530 4198 3631 4271 τὴν
3661 4198 3845 4268 61:09.0-

2178 4278 2275 4351 νὴν
2316 4277 2426 4332 τῶν
2452 4280 2715 4348 γενναίων
2760 4281 2986 4336 ἐκείνων
3013 4281 3261 4355 ἀνδρῶν,
3295 4283 3385 4338 ῖνα
3408 4283 3499 4340 διά
3529 4285 3642 4341 τῶν
3684 4284 3846 4357 ἔργων

2178 4364 2359 4421 αὐτῶν
2416 4366 2624 4438 μάθητε
2647 4406 2665 4432 ,
2714 4367 2797 4423 ὅτι
2844 4368 3000 4423 οὐδὲν
3033 4370 3211 4426 δεινὸν
3234 4372 3343 4426 τῶν
3374 4370 3728 4444 ἀνθρωπίνων
3750 4370 3847 4425 62v-

2178 4454 2316 4519 νῶν,
2366 4454 2483 4509 ἀλλ’
2519 4454 2553 4526 ἢ
2595 4456 2842 4532 ἁμαρτία
2876 4458 3072 4530 μόνον,
3108 4459 3171 4513 οὑ
3205 4458 3404 4525 πενία,
3441 4461 3504 4515 οὐ
3546 4461 3732 4527 νόσος,
3758 4458 3845 4528 οὑχ

2178 4541 2337 4615 ῦϐρις
2362 4581 2378 4609 ,
2421 4544 2525 4599 οὑκ
2556 4547 2793 4618 ἐπήρεια
2812 4584 2829 4611 ,
2861 4546 2965 4601 οὑκ
2992 4547 3213 4619 ἀτιμία,
3240 4549 3303 4603 οὑ
3330 4548 3395 4602 τδ
3428 4549 3649 4604 πάντων
3669 4545 3845 4602 δοκοῦν

2177 4629 2406 4702 ἔσχατον
2456 4627 2597 4688 εἶναι
2634 4635 2743 4688 τῶν
2807 4633 2995 4689 κακῶν
3049 4636 3080 4689 6
3129 4635 3379 4703 θάνατος.
3432 4636 3701 4709 Ὀνόματα
3744 4633 3844 4704 γάρ

2174 4718 2351 4775 ταῦτά
2397 4722 2515 4775 ἐστι
2568 4721 2730 4793 μόνον
2775 4725 2890 4786 τοῖς
2921 4721 3295 4793 φιλοσοφοῦσι,
3326 4724 3624 4797 συμφορῶν
3660 4722 3844 4797 ὀνόμα-

2173 4824 2283 4872 τα,
2345 4809 2690 4881 πραγμάτων
2753 4809 2939 4883 ἔρημα
2971 4828 2986 4842 ο
3040 4812 3075 4882 ἡ
3124 4810 3171 4864 6‘
3220 4811 3430 4885 ἀληθὴς
3482 4809 3734 4885 συμφορά
3790 4806 3847 4862 :6

2175 4896 2554 4968 προσκροῦσαι
2592 4896 2745 4969 Θεῷ,
2793 4899 2889 4952 καὶ
2924 4896 3151 4969 ποιῆσαί
3197 4916 3253 4952 τι
3294 4899 3404 4952 τῶν
3453 4900 3529 4971 μὴ
3562 4897 3843 4954 δοκούντων

2172 4983 2343 5053 αὐτῷ.
2382 4984 2450 5037 Τί
2494 4983 2603 5057 γάρ
2636 4984 2748 5055 ἔχει
2784 4984 2958 5038 δεινὸν
2998 4987 3028 5040 6
3056 4984 3323 5052 θάνατος,
3363 4987 3487 5041 εἰπέ
3520 5004 3643 5059 μοι;
3675 4986 3748 5040 ὅτι
3788 4999 3842 5035 σε

2170 5070 2477 5144 ταχύτερον
2534 5072 2629 5126 ἐπὶ
2678 5074 2772 5127 τὸν
2823 5072 2998 5128 εὔδιον
3075 5074 3273 5145 λιμένα
3330 5076 3693 5148 παραπέμπει
3755 5071 3843 5127 καί

2171 5158 2271 5231 τὴν
2312 5160 2590 5233 ἀτάραχον
2641 5160 2861 5233 ἐκείνην
2909 5161 3092 5234 ζωήνς
3140 5163 3247 5216 κᾶν
3288 5164 3399 5236 γὰρ
3442 5162 3724 5236 ἄνθρωπος
3772 5159 3839 5231 μὴ

2172 5250 2505 5323 ἀποκτείνῃ,
2557 5250 2719 5315 αὐτὸς
2756 5252 2855 5323 τῆς
2906 5251 3122 5322 φύσεως
3162 5252 3192 5306 ό
3244 5252 3411 5325 νόμος
3469 5251 3746 5315 ἐπελθὼν,
3784 5246 3840 5301 οὑ

2168 5338 2413 5393 διαλύσει
2433 5338 2497 5393 τὸ
2524 5338 2686 5410 σῶμα
2715 5340 2825 5394 ἀπὸ
2845 5340 2947 5411 τῆς
2965 5339 3163 5412 ψυχῆς
3193 5340 3298 5395 κᾶν
3329 5340 3441 5412 γάρ
3468 5340 3541 5414 μὴ
3571 5340 3665 5394 νῦν
3694 5337 3840 5406 γένη-

2170 5444 2261 5481 ται
2308 5426 2501 5493 τοῦτο,
2554 5426 2712 5483 ἔσται
2768 5428 2967 5501 μικρὸν
3001 5427 3269 5502 ὕστερον,
3308 5430 3338 5483 6
3382 5429 3477 5484 νῦν
3521 5427 3834 5496 δεδοίκαμεν.

2169 5516 2280 5570 Καὶ
2311 5514 2489 5570 ταῦτα
2519 5515 2662 5585 λέγω
2697 5517 2761 5571 οὑ
2786 5516 3107 5590 προσδοκῶν
3133 5535 3187 5571 τι
3206 5518 3403 5583 δεινὸν,
3436 5517 3559 5572 οὐδὲ
3583 5511 3835 5585 λυπηρῶν

2172 5604 2249 5675 μὴ
2301 5603 2512 5672 γένοιτο
2534 5619 2549 5634 °
2583 5603 2722 5660 ἀλλά
2773 5605 2917 5675 ὑπὲρ
2972 5604 3084 5658 τῶν
3141 5604 3460 5659 δεδοικότων
3495 5604 3586 5659 τὸν
3626 5601 3847 5656 θάνατον

2169 5692 2575 5765 αἰσχυνόμενος.
2607 5693 2857 5749 Τοσαῦτα
2890 5693 3231 5766 προσδοκῶν,
3261 5693 3384 5747 είπέ
3416 5711 3529 5765 μοι,
3559 5687 3764 5760 ἀγαθὰ,
3802 5685 3837 5739 ἃ

2171 5783 2306 5854 μήτε
2329 5781 2607 5854 ὀφθαλμὸς
2629 5776 2789 5848 εἶδεν,
2816 5782 2954 5855 μήτε
2973 5777 3069 5846 οὖς
3091 5782 3315 5853 ἢκουσε,
3341 5781 3480 5853 μήτε
3506 5778 3597 5834 ἐπὶ
3618 5773 3830 5849 καρδίαν

2228 5887 2260 5930 δ
2286 5890 2571 5938 Αιὶιίὶόίιηιιε
2592 5889 2745 5937 πάντα
2767 5902 2797 5937 e
2824 5890 3026 5940 Savilio.
3053 5888 3190 5939 Enn.

2236 5958 2258 5984 ι’
2283 5952 2448 6004 Cudcx
2472 5965 2599 6002 unus
2619 5953 2852 6017 ἁλουργές.
