3998 6432
201 365 269 424 ea
1128 360 1219 416 AD
1261 356 1524 416 [‘OPULU
1534 357 1579 412 .ll
1621 351 1805 411 ΔΝΤΙ(

1913 350 2113 409 lENUM
2178 352 2402 411 liOlllL
2440 351 2501 411 V.
3428 358 3498 413 70

199 497 300 555 que
316 480 446 551 regii
469 488 698 551 aspectu
730 477 1043 533 nullumerit
1070 468 1432 547 spectantibus
1455 476 1680 535 lucrum,
1703 466 1798 524 sed

206 571 514 643 temporalis
541 569 821 626 dumtaxat
846 568 1155 635 delectatio,
1189 568 1385 622 nullam
1429 567 1630 621 habens
1657 564 1801 619 utili-

203 674 360 718 tatem
395 678 501 717 :cx
536 662 663 716 ﬁmo
696 660 799 715 Job
839 668 1016 716 autem
1038 660 1176 727 viso,
1212 675 1427 714 onmem
1473 658 1594 728 quis
1626 658 1803 727 capiet

206 756 516 822 utilitatem,
544 762 601 809 et
622 754 953 824 disciplinam
986 753 1206 807 multam
1229 794 1244 818 ,
1288 762 1343 806 et
1369 748 1799 806 exhortationem

204 848 264 902 ad
296 847 566 918 patientia:
592 847 874 901 rationem.
916 844 1096 916 itaque
1128 843 1278 899 multi
1320 859 1461 898 nunc
1505 842 1715 912 longam
1748 851 1803 895 ct

206 941 615 996 lransmarinam
684 940 1161 1010 peregrinationem
1208 953 1238 992 a
1294 946 1449 992 terra:
1496 936 1688 992 ﬁnibus
1747 937 1800 992 in

205 1036 457 1091 Arabiam
501 1034 841 1106 suscipiunt.
905 1044 965 1089 ut
1020 1036 1199 1087 limum
1229 1034 1377 1088 illum
1431 1040 1654 1086 cernant
1677 1072 1693 1103 ,η
1747 1039 1802 1085 et

203 1127 499 1197 conspicui
520 1135 724 1181 ’lerram
765 1126 1178 1191 deosculenlnr,
1230 1140 1349 1193 qu:e
1396 1123 1536 1178 illius
1583 1125 1801 1177 victuris

203 1221 496 1275 certatttitta
526 1230 581 1274 et
608 1235 850 1274 cruorem
879 1219 1022 1272 utiuti
1050 1234 1181 1272 auro
1213 1218 1582 1287 pretiosiorem
1611 1231 1800 1269 susce-

206 1315 280 1383 pit
310 1312 410 1384 (α).
442 1312 624 1381 Neque
645 1312 787 1366 enim
812 1319 1022 1365 tantum
1051 1309 1285 1363 radiaret
1340 1323 1602 1378 purpura,
1630 1322 1801 1376 quan-

207 1413 315 1461 tum
346 1405 477 1460 illud
496 1418 689 1474 corpus
718 1415 843 1458 tunc
871 1402 1273 1472 resplemlehat,
1305 1416 1410 1455 non
1462 1401 1671 1465 alieno,
1705 1399 1799 1453 sed

207 1495 425 1567 proprio
469 1495 692 1550 tinctum
730 1493 1008 1564 sanguine.
1054 1489 1244 1547 Ulcera
1272 1507 1398 1546 vero
1445 1490 1531 1545 illa
1575 1489 1802 1562 gemmis

205 1582 899 1642 omnibuserantchariora.
915 1583 1315 1655 Margaritarum
1339 1584 1481 1637 enim
1504 1592 1689 1637 natura
1723 1580 1801 1635 ni-

208 1679 421 1735 hilvita:
437 1687 635 1733 nostrze
659 1676 904 1747 prodest,
935 1691 1034 1731 nec
1078 1675 1240 1729 ullttm
1280 1690 1436 1729 usum
1483 1672 1803 1727 habentibus

211 1771 576 1826 necessarium
614 1769 787 1837 eripiet
824 1786 836 1821 :
867 1768 1043 1822 ulcera
1069 1782 1201 1821 vero
1231 1765 1314 1820 illa
1345 1774 1469 1819 sunt
1501 1764 1679 1818 omnis
1710 1763 1803 1817 lri-

206 1865 364 1920 stiti:e
393 1863 709 1919 consolatio.
741 1859 812 1916 Et
839 1869 897 1914 ut
918 1858 1090 1915 discas
1112 1857 1216 1914 hoc
1244 1873 1426 1911 verum
1454 1872 1590 1921 esse,
1612 1856 1654 1909 si
1682 1855 1802 1925 quis

210 1956 373 2011 ﬁlium
406 1951 869 2009 charissimmnet
913 1950 1245 2019 unigenitum
1297 1949 1523 2011 amittat,
1577 1945 1802 2001 ostende

213 2048 450 2102 inﬁnitas
477 2047 577 2115 ipsi
608 2059 870 2116 gemmas,
892 2051 944 2097 et
973 2057 1078 2096 non
1121 2039 1489 2096 consolabcris
1517 2036 1798 2100 dolorem,

210 2153 381 2208 neque
406 2152 661 2207 angorem
695 2135 861 2189 leuics
893 2151 908 2186 :
950 2133 996 2187 si
1020 2140 1196 2186 autem
1222 2130 1343 2186 Jobi
1375 2129 1595 2183 vulnera
1647 2126 1697 2181 ei
1748 2128 1799 2181 in

209 2229 526 2284 memoriam
556 2240 796 2292 revoces,
827 2223 978 2280 facile
1005 2222 1206 2278 mederi
1236 2221 1456 2291 poteris,
1476 2220 1552 2274 sic
1577 2218 1798 2273 dicens:

207 2321 339 2389 Quid
387 2319 559 2389 luges,
611 2316 813 2371 homo?
839 2325 894 2370 tu
936 2314 1148 2386 quidem
1181 2313 1343 2367 ﬁlium
1363 2327 1525 2366 unum
1553 2310 1798 2375 amisisti;

208 2414 398 2470 beatus
416 2421 595 2467 autem
620 2410 731 2476 ille,
763 2423 883 2465 cum
906 2409 1082 2463 omnis
1115 2407 1343 2461 ﬁliorum
1374 2413 1547 2460 emtas
1592 2404 1802 2459 ablatus

209 2502 411 2567 fuisset,
436 2501 492 2556 in
522 2501 636 2571 ipsa
661 2514 871 2571 quoque
891 2514 1050 2554 carne
1063 2498 1269 2568 plagam
1297 2497 1520 2567 accepit,
1547 2503 1603 2550 et
1630 2494 1803 2551 nudus

209 2594 261 2649 in
288 2594 417 2648 limo
445 2593 693 2658 sedebat,
725 2590 959 2662 undique
986 2591 1134 2644 sanie
1163 2589 1430 2652 difﬂuens,
1458 2589 1584 2643 dum
1619 2586 1806 2658 paula-

208 2689 299 2743 tim
329 2686 498 2756 ipsius
520 2700 646 2740 caro
674 2692 1098 2748 consumeretur,
1120 2680 1316 2751 justus,
1348 2697 1526 2743 verax,
1564 2680 1613 2734 in
1637 2681 1803 2734 Deum

209 2781 348 2851 pius,
380 2778 531 2833 oumi
562 2777 696 2831 mala
729 2792 786 2832 re
821 2776 1117 2840 abstinens,
1169 2775 1332 2829 Deum
1366 2773 1571 2826 virtutis
1611 2780 1800 2827 testem

211 2870 436 2927 habens.
469 2870 527 2926 Si
552 2870 692 2923 enim
727 2868 840 2923 lucc
871 2867 1029 2923 verba
1063 2866 1285 2932 dixeris,
1334 2879 1547 2918 onmem
1576 2861 1804 2933 lugentis

210 2962 485 3016 tristitiam
516 2960 863 3024 exstinxeris,
885 2967 938 3012 et
961 2971 1174 3012 onmem
1206 2956 1451 3011 dolorem
1480 2953 1756 3008 sustuleris
1786 2968 1802 3008 :

208 3066 261 3110 ct
284 3057 363 3110 sic
379 3054 512 3124 justi
541 3054 758 3109 vulnera
784 3051 1083 3124 margaritis
1104 3049 1317 3104 utiliora
1357 3047 1509 3102 ﬁunt.
1539 3045 1803 3117 Imagina-

210 3148 336 3202 mini
380 3149 542 3217 igitur
568 3152 623 3201 ct
655 3160 753 3199 vos
777 3144 1028 3199 athletam
1061 3143 1231 3209 illum,
1263 3150 1314 3194 et
1355 3139 1661 3194 existimate
1712 3152 1806 3192 vos

208 3254 437 3294 cernere
466 3237 645 3292 ﬁmum
674 3237 847 3303 illum,
880 3244 935 3291 ct
957 3236 1129 3305 ipsum
1159 3233 1211 3288 in
1239 3233 1414 3288 medio
1434 3231 1686 3286 stercoris
1720 3244 1807 3284 se-

211 3331 428 3383 dentem
457 3345 471 3381 :
498 3337 725 3382 statuam
752 3341 990 3392 auream,
1017 3333 1365 3396 gemmatam,
1389 3322 1599 3393 qualem
1624 3321 1805 3375 dicere

213 3437 316 3475 non
351 3421 473 3473 novi
520 3437 535 3472 :
576 3434 751 3488 neque
780 3418 923 3474 enim
950 3427 1056 3472 tam
1102 3417 1390 3488 pretiosam
1437 3415 1589 3470 valeo
1634 3422 1804 3468 mate-

216 3512 347 3565 riam
398 3511 658 3576 invenire,
702 3518 759 3564 ut
816 3509 887 3563 illi
914 3520 1192 3564 cruentato
1240 3507 1453 3578 corpori
1505 3507 1803 3578 comparari

215 3602 401 3670 possit.
436 3599 526 3656 Sic
553 3600 698 3654 οιιιιιί
752 3600 972 3655 materia
1006 3598 1390 3669 pretiosissima
1441 3600 1618 3653 carius
1666 3599 1806 3653 illius

214 3704 412 3748 natura
442 3702 558 3747 erat
598 3692 768 3747 multo
805 3693 1194 3759 venerabilior,
1222 3701 1275 3747 et
1318 3694 1496 3748 ulcera
1540 3693 1809 3749 solaribus

210 3785 380 3840 radiis
426 3784 786 3855 Splendidiora
812 3801 825 3836 :
856 3783 907 3836 hi
949 3784 1092 3838 enim
1121 3782 1364 3852 corporis
1392 3782 1577 3837 oculos
1612 3782 1807 3837 illumi-

212 3888 372 3941 nant;
410 3877 496 3932 illa
548 3893 677 3932 vero
720 3876 911 3932 mentis
947 3889 1145 3932 nosme
1187 3874 1372 3929 oculos
1403 3874 1688 3937 illustrant.
1719 3874 1806 3931 illa

213 3969 490 4024 diabolum
537 3970 745 4039 penitus
781 3977 1206 4023 exeamaverunt.
1241 3967 1529 4036 Propterea
1578 3983 1808 4035 lttttttqttc

213 4070 338 4131 post
369 4061 515 4115 illam
545 4059 752 4131 plagam
780 4059 1023 4124 resilivit,
1055 4073 1152 4113 nec
1167 4056 1417 4128 deinceps
1443 4056 1707 4127 apparuit.
1727 4056 1809 4111 Tu

214 4166 371 4216 vero,
397 4150 615 4217 dilecte,
642 4159 697 4204 et
716 4150 840 4204 hinc
863 4149 1008 4204 disce
1034 4148 1387 4204 tribulationis
1405 4148 1609 4202 lucrum
1639 4163 1808 4216 quau-

212 4252 329 4297 tum
359 4252 462 4297 est.
494 4241 706 4297 Etenim
733 4241 946 4312 quando
976 4241 1123 4296 dives
1152 4249 1287 4303 crat,
1320 4249 1374 4295 et
1400 4242 1509 4294 otio
1540 4241 1811 4294 fruebatur

211 4335 417 4406 justus,
440 4333 581 4389 unde
600 4344 875 4389 accusaret
897 4333 1067 4403 ipsum
1102 4331 1304 4397 habuit,
1332 4332 1660 4386 memiaeiter
1688 4333 1811 4401 qui-

214 4427 341 4481 dem
363 4445 379 4490 ;
405 4440 589 4481 verum
630 4424 816 4481 habuit
833 4424 972 4479 unde
997 4424 1221 4491 diceret,
1246 4423 1386 4477 Nam
1413 4436 1459 4476 te
1503 4426 1660 4495 gratis
1695 4425 1812 4478 colit

213 4516 316 4571 Job
350 4515 471 4589 (Job
491 4516 545 4570 l.
572 4514 671 4586 9)?
698 4512 988 4585 Postquam
1018 4530 1146 4570 vero
1169 4515 1340 4585 ipsum
1362 4516 1628 4585 spoliavit,
1649 4526 1702 4570 et
1730 4516 1812 4572 fe-

213 4612 293 4667 cit
326 4624 638 4681 pauperem,
662 4624 730 4665 ne
761 4607 969 4663 hiscere
999 4609 1212 4679 quidem
1242 4608 1469 4678 amplius
1495 4624 1655 4663 ausus
1682 4618 1764 4665 est
1796 4627 1810 4665 :

214 4712 273 4758 et
300 4717 428 4757 eum
449 4700 600 4756 dives
624 4699 839 4772 quidem
862 4708 1029 4765 esset,
1063 4714 1184 4754 cum
1235 4699 1351 4769 ipso
1380 4713 1614 4768 pugnare
1656 4714 1813 4769 para-

214 4795 333 4863 bat,
364 4791 778 4863 etsupplantare
827 4789 1161 4856 minabatur;
1211 4801 1489 4862 postquam
1529 4805 1657 4846 vero
1686 4805 1817 4860 pau-

218 4870 558 4956 pert-Infecit
581 4883 867 4953 omniaque
899 4881 1117 4937 abstulit
1158 4884 1291 4938 etin
1319 4892 1618 4938 extremum
1663 4881 1815 4937 dolo-

216 4995 335 5034 rem
366 4977 593 5043 induxit,
623 4984 748 5032 tunc
773 4976 964 5031 resiliit
994 4993 1007 5028 :
1036 4984 1089 5029 et
1127 4975 1338 5046 quando
1366 4990 1554 5030 sanum
1599 4974 1814 5045 quidem

220 5072 392 5141 ipsius
422 5077 540 5125 erat
564 5084 796 5139 corpus,
828 5083 1020 5122 manus
1046 5069 1378 5138 apponebat;
1406 5079 1463 5122 ut
1489 5083 1618 5123 vero
1649 5069 1815 5138 ipsius

216 5160 443 5219 carnem
462 5158 770 5216 vulneribus
802 5159 1058 5230 implevit,
1107 5170 1233 5213 tunc
1264 5159 1670 5229 aufugitvictus.

294 5244 584 5315 2Ean
595 5251 683 5322 qui
698 5251 942 5323 patienter
958 5251 1390 5322 fentnt,cluriores
1407 5252 1713 5305 evadunl.-
1726 5251 1816 5306 Vi-

222 5334 580 5416 dis'tl’q’uanto
597 5352 878 5413 paupertas
894 5342 1114 5407 divitiis,
1137 5341 1472 5397 imbecillitas
1490 5343 1815 5414 etzegritudo

220 5430 477 5499 sanitate,
502 5433 724 5488 teutatio
753 5431 931 5502 quiete
960 5431 1148 5486 melior
1174 5432 1511 5501 vigilantibus
1540 5442 1594 5488 et
1637 5434 1815 5487 utilior

223 5526 289 5582 sit
335 5534 394 5582 et
412 5508 678 5581 elatiores
722 5523 1075 5593 fortiorcsque
1118 5534 1413 5595 pugnantes
1458 5524 1648 5580 faciat?
1686 5526 1815 5592 Quis

224 5614 379 5685 vidit,
403 5604 524 5690 quis
546 5612 751 5671 audivit
773 5622 877 5668 tam
905 5615 1174 5669 mirabiles
1200 5614 1435 5684 pugnas?
1466 5613 1811 5670 Prul‘anorum

284 5816 361 5879 (II)
394 5816 520 5866 stulti
545 5816 597 5865 in
615 5814 829 5865 Arabiam
856 5814 986 5866 ibant
1004 5821 1055 5864 ut
1078 5813 1240 5864 lituum
1264 5815 1351 5864 .tob
1368 5815 1611 5868 viderent.

1903 474 2256 528 certaminum
2280 474 2504 546 pugiles,
2523 490 2643 531 cum
2664 475 3097 535 adversariorum
3115 479 3289 551 capita
3311 480 3506 535 vulne-

1905 562 2094 631 rarint,
2120 573 2244 620 tunc
2270 564 2505 622 victores
2549 579 2705 633 sunt,
2758 578 2813 624 et
2850 581 3176 626 coronantur
3205 588 3220 625 :
3256 570 3342 626 hic
3371 588 3500 627 vero

1903 670 2026 711 cum
2048 657 2177 726 justi
2208 672 2404 727 corpus
2427 659 2782 727 vulnerasset,
2812 662 3136 719 omnimodis
3172 664 3389 734 replens
3414 665 3497 717 ol-

1904 747 2137 811 ccribus,
2170 758 2226 804 et
2253 748 2570 806 imbecillius
2607 751 2841 818 fecisset,
2879 763 3004 807 tunc
3026 754 3197 810 victus
3224 765 3308 811 est
3332 764 3388 811 et
3414 773 3500 816 re.

1906 838 2153 893 trocessit
2179 856 2192 892 :
2218 848 2274 895 et
2294 850 2575 911 postquam
2603 842 2769 912 ipsius
2793 842 2957 899 latera
2985 846 3216 917 undique
3237 846 3501 915 confodit,

1905 928 2021 998 ipse
2068 930 2283 1002 quidem
2315 932 2447 987 nihil
2489 934 2711 1004 profecit
2739 953 2753 990 :
2784 936 3076 1005 repositum
3102 941 3247 995 enim
3278 941 3500 996 thesau-

1904 1035 2022 1076 rum
2047 1036 2152 1078 non
2183 1023 2404 1079 abstulit
2431 1044 2446 1081 :
2480 1025 2633 1081 nobis
2654 1037 2831 1083 autem
2862 1028 3034 1099 ipsum
3061 1032 3341 1088 clariorem
3372 1034 3466 1089 red
3486 1065 3499 1076 -

1904 1110 2060 1176 didit,
2093 1121 2148 1167 ct
2176 1128 2272 1183 per
2299 1114 2443 1169 illam
2472 1116 2892 1184 confessionem,
2923 1130 2979 1174 ut
3007 1137 3195 1178 onmes
3227 1123 3497 1179 hominem

1906 1202 2219 1260 interiorem
2239 1206 2564 1277 aspicerent,
2595 1209 2739 1279 fecit,
2777 1221 2831 1268 et
2859 1229 3049 1269 omnes
3078 1216 3247 1284 ipsius
3285 1217 3500 1272 divitias

1904 1296 2176 1353 discerent
2204 1316 2217 1352 :
2250 1307 2303 1354 et
2333 1314 2455 1355 cum
2482 1301 2698 1358 vincere
2727 1306 2979 1375 Speravit,
3013 1316 3138 1362 tunc
3166 1308 3330 1363 multa
3374 1325 3497 1365 cum

1907 1385 2197 1457 ignominia
2228 1392 2471 1457 recessit,
2506 1401 2560 1448 et
2602 1393 2800 1448 nullam
2831 1397 3058 1465 amplius
3087 1413 3272 1454 vocem
3299 1400 3495 1454 emisit.

1905 1478 2042 1546 Quid
2071 1489 2248 1536 actum
2275 1491 2376 1548 est,
2408 1482 2662 1540 diabole?
2690 1501 2856 1556 quare
2880 1486 3122 1559 refugis?
3149 1488 3337 1544 Nonne
3362 1490 3498 1546 facta

1905 1579 2030 1625 sunt
2060 1586 2413 1644 quaecumque
2438 1574 2696 1631 volebas?
2722 1593 2827 1633 non
2854 1578 3170 1635 interemisti
3200 1581 3364 1651 ipsius
3389 1584 3499 1635 ovi-

1907 1664 1999 1733 lia,
2031 1677 2295 1735 armenta,
2317 1683 2577 1741 equorum
2607 1685 2798 1741 greges
2823 1681 2877 1727 et
2902 1673 3211 1729 mulorum?
3236 1690 3341 1730 non
3360 1676 3500 1730 lilio-

1906 1772 2024 1812 rum
2052 1767 2249 1815 ctetum
2283 1759 2584 1830 perdidisti,
2610 1770 2665 1816 et
2689 1777 2905 1819 carnem
2933 1778 3146 1821 omnem
3175 1767 3502 1826 vulnerasti?

1905 1864 2072 1918 quare
2101 1851 2412 1906 recessisti?
2449 1850 2711 1919 Quoniam
2736 1851 2876 1909 facta
2903 1856 3116 1926 quidem
3147 1869 3272 1913 sunt
3298 1862 3500 1925 ninnia.

1906 1954 2025 2009 qua:
2047 1940 2207 2007 volui,
2231 1940 2424 2012 inquit,
2447 1943 2590 2013 quod
2611 1959 2741 1999 vero
2764 1944 2879 2001 ﬁeri
2905 1949 3138 2004 maxime
3163 1950 3426 2018 volebam,
3449 1962 3503 2007 et

1909 2040 2128 2102 propter
2155 2032 2296 2102 quod
2324 2034 2504 2089 omnia
2528 2033 2652 2102 feci,
2682 2034 2785 2091 hoc
2829 2036 3024 2092 factum
3055 2049 3302 2096 nonest:
3327 2057 3502 2112 ncqne

1909 2120 2052 2175 enim
2082 2122 2473 2194 blasphemavit
2502 2142 2515 2178 :
2547 2136 2769 2196 propter
2796 2126 2898 2183 hoc
2926 2129 3069 2183 enim
3097 2131 3274 2185 omnia
3303 2132 3389 2186 illa
3419 2134 3500 2185 fa-

1906 2210 2134 2277 ciebam,
2156 2212 2347 2284 inquit,
2371 2224 2428 2268 ut
2454 2214 2554 2270 hoc
2574 2215 2906 2285 procederet.
2932 2218 3043 2274 lloc
3070 2235 3175 2274 non
3200 2220 3341 2277 facto
3368 2222 3499 2277 nihil

1907 2302 2145 2359 lucrifeci
2175 2320 2238 2360 ex
2266 2305 2612 2375 pecuniarum
2639 2306 2870 2377 jacmra,
2901 2319 2954 2364 ct
2982 2308 3212 2367 ﬁliorum
3259 2313 3498 2378 interitu,

1908 2402 1964 2449 ct
1984 2395 2227 2465 corporis
2254 2397 2436 2466 plaga,
2465 2396 2558 2452 sed
2586 2400 2909 2452 contrarium
2934 2441 2950 2467 ,
3002 2417 3160 2470 quam
3219 2403 3466 2457 volebant
3484 2443 3500 2465 .

1908 2486 2104 2550 evenit,
2136 2486 2554 2555 Splendidiorem
2579 2488 2785 2543 reddidi
2815 2490 3109 2558 inimicum,
3146 2504 3196 2548 et
3219 2494 3499 2551 clariorem

1908 2577 2085 2633 effeci.
2118 2578 2450 2649 Coguovisti,
2478 2589 2736 2651 quantum
2765 2581 2835 2636 sit
2858 2581 3215 2640 tribulationis
3258 2585 3461 2641 lucrum
3484 2626 3500 2650 ,

1903 2668 2544 2729 charissitne?Pulchrum
2563 2672 2778 2742 quidem
2802 2681 2857 2728 et
2884 2673 3147 2746 integrum
3176 2691 3369 2746 corpus
3390 2675 3503 2734 fue-

1911 2767 2018 2826 rat,
2042 2760 2210 2815 nmlto
2228 2774 2357 2816 vero
2381 2762 2742 2818 venerabilius
2762 2763 2956 2819 factum
2989 2776 3091 2830 est,
3135 2768 3239 2823 illis
3270 2770 3504 2825 vulneri-

1910 2851 2010 2906 bus
2036 2852 2334 2922 perfossum
2367 2872 2379 2907 :
2409 2855 2661 2925 quoniam
2690 2864 2745 2911 et
2774 2855 2909 2911 lana:
2940 2858 3175 2928 pulchra:
3196 2861 3433 2931 quidem,
3452 2870 3507 2919 et

1909 2954 2193 3015 antequam
2214 2945 2517 3017 tinguntur;
2548 2957 2826 3020 postquam
2867 2966 2996 3007 vero
3024 2969 3303 3024 purpureaa
3349 2955 3501 3011 facta:

1910 3036 2132 3105 fuerint,
2162 3038 2483 3094 incll’ahilem
2516 3051 2734 3097 sumunt
2763 3043 3211 3114 pulchritudinem
3246 3049 3502 3102 multum—

1910 3144 2013 3198 que
2038 3128 2309 3184 decorem.
2348 3130 2457 3185 Nisi
2492 3147 2617 3186 vero
2668 3133 2839 3203 ipsum
2879 3136 3263 3206 exspoliassct,
3310 3139 3503 3192 bonam

1910 3221 2127 3275 victoris
2155 3221 2523 3277 habitudinem
2554 3239 2658 3278 non
2692 3227 3128 3295 cognovissemus
3159 3246 3172 3283 :
3211 3227 3312 3282 nisi
3341 3230 3504 3300 ipsius

1913 3325 2111 3382 corpus
2139 3312 2307 3383 plagis
2329 3313 2670 3383 perforasset,
2701 3317 2833 3370 radii
2866 3317 3186 3374 intrinsecus
3214 3336 3317 3375 non
3362 3324 3507 3377 relu-

1913 3404 2119 3460 xissent
2148 3422 2162 3459 :
2194 3406 2297 3461 nisi
2326 3407 2497 3477 ipsum
2527 3409 2577 3463 in
2603 3411 2730 3464 limo
2759 3412 3143 3476 constituisset,
3186 3414 3353 3483 ipsius
3369 3416 3503 3471 divi-

1915 3498 2017 3554 tias
2039 3513 2146 3553 non
2172 3502 2632 3571 cognovissemus.
2671 3502 2856 3573 Neque
2889 3505 3033 3561 enim
3058 3516 3088 3560 ιε
3113 3522 3163 3560 ιιι
3197 3509 3508 3576 splendidus

1913 3591 1967 3646 in
1984 3593 2120 3647 solio
2150 3608 2243 3648 rex
2275 3594 2506 3660 sedens,
2537 3610 2696 3666 quam
2729 3597 2951 3668 insignis
2992 3607 3107 3654 erat
3165 3602 3254 3656 ille
3292 3612 3344 3655 et
3389 3604 3509 3657 illu-

1914 3687 2038 3740 stris
2059 3687 2110 3741 in
2137 3687 2294 3743 ﬁmo:
2315 3689 2513 3744 ctenim
2540 3701 2654 3758 post
2671 3692 2869 3762 regium
2890 3692 3103 3763 quidem
3127 3694 3319 3749 Solium
3340 3711 3507 3764 mors,

1914 3789 2034 3847 post
2058 3778 2239 3833 lituum
2266 3788 2444 3834 autem
2472 3780 2620 3834 illum
2650 3784 2898 3836 caelorum
2931 3799 3174 3854 regnum.

1983 3872 2038 3925 9..
2062 3872 2365 3926 Auditorum
2387 3871 2666 3944 applausus
2690 3875 2851 3944 rejici!
2870 3875 3274 3944 Chrysoslomus.
3293 3907 3366 3918 —-
3382 3877 3508 3933 "me

1915 3962 2073 4033 igitur
2097 3963 2271 4017 omnia
2300 3964 2703 4027 ratiocinantes,
2732 3982 2793 4019 ex
2825 3967 3158 4035 opprimente
3177 3969 3389 4023 tristitia
3410 3987 3508 4025 nos

1916 4055 2231 4109 relevemus.
2262 4056 2366 4109 llas
2396 4055 2594 4110 ctenim
2636 4056 2788 4111 vobis
2825 4057 3074 4112 historias
3116 4075 3359 4128 appono,
3400 4078 3507 4115 mm

1919 4155 1975 4199 ut
1994 4144 2133 4199 dicta
2166 4145 2412 4211 laudetis,
2443 4144 2538 4201 sed
2561 4158 2621 4200 ut
2642 4147 2888 4203 virtutem
2915 4147 3196 4202 imitemini
3218 4161 3272 4203 et
3301 4152 3510 4221 patien-

1919 4236 2044 4290 tiam
2085 4250 2470 4307 gcncrosorum
2516 4235 2823 4309 huiusmodi
2863 4237 3097 4292 virorum
3133 4249 3230 4294 :ut
3271 4258 3364 4311 per
3394 4242 3528 4333 ipsa;

1917 4329 2137 4385 discatis
2175 4344 2372 4401 opera,
2415 4330 2557 4401 quod
2603 4331 2956 4385 humanorum
2998 4335 3199 4388 nullmn
3243 4338 3312 4391 sit
3350 4353 3511 4407 grave

1920 4424 2180 4479 malorum
2202 4465 2217 4490 ,
2250 4423 2350 4478 nisi
2389 4434 2699 4492 peccatum;
2731 4443 2835 4479 non
2870 4441 3152 4497 paupertas
3176 4473 3188 4495 ,
3218 4447 3323 4486 non
3350 4436 3510 4503 aegri-

1922 4516 2078 4582 tudo,
2110 4532 2213 4570 non
2236 4517 2554 4572 contumelia
2575 4559 2591 4584 ,
2618 4535 2723 4572 non
2750 4519 3036 4586 calunmia,
3064 4538 3167 4575 non
3196 4523 3510 4593 ignominia,

1923 4625 2025 4663 non
2056 4626 2200 4665 mors
2226 4627 2344 4679 qu:e
2373 4611 2609 4666 omnium
2642 4613 2903 4668 malorum
2944 4622 3252 4669 extremum
3281 4632 3400 4672 esse
3429 4622 3511 4673 vi-

1919 4700 2094 4756 detur.
2130 4701 2254 4756 ll:ec
2281 4704 2424 4757 enim
2452 4702 2814 4757 calamitatum
2842 4705 3055 4757 nomina
3078 4747 3091 4767 ,
3127 4706 3510 4776 philomphan-

1921 4793 2059 4847 tibus
2086 4803 2207 4847 sunt
2232 4802 2432 4847 tantum
2459 4795 2674 4847 nutuina
2702 4794 2860 4849 rebus
2881 4796 3151 4861 carentia;
3181 4813 3300 4851 rem
3331 4812 3512 4853 autem

1921 4884 2216 4951 calamitas,
2266 4884 2431 4939 Deum
2460 4884 2732 4940 olfenderc
2756 4926 2771 4950 ,
2815 4894 2871 4941 et
2911 4901 3096 4940 eorum
3124 4903 3241 4956 qu:e
3274 4889 3373 4958 ipsi
3408 4907 3513 4945 non

1922 4977 2152 5045 placent,
2177 4976 2373 5046 aliquid
2400 4975 2594 5031 facere.
2617 4975 2753 5043 Quid
2775 4978 2940 5044 enim,
2963 4994 3164 5047 qu:eso,
3183 4994 3345 5050 grave
3369 4998 3512 5039 mors

1922 5068 2120 5125 habet?
2145 5085 2270 5124 num
2297 5070 2438 5139 quod
2480 5080 2530 5125 te
2564 5070 2793 5125 celerius
2815 5071 2882 5125 ad
2913 5073 3257 5141 tranquillum
3302 5085 3512 5144 portum

1920 5170 1974 5214 et
2023 5170 2262 5231 pacatam
2309 5163 2447 5215 illam
2491 5162 2801 5216 transmittit
2844 5163 3055 5219 vitam?
3095 5169 3338 5236 quamvis
3370 5172 3510 5224 enint

1924 5251 2085 5307 homo
2128 5268 2235 5307 non
2271 5252 2520 5321 occidat,
2569 5253 2680 5324 ipsa
2711 5263 2917 5309 naturae
2948 5256 3030 5310 lex
3061 5257 3302 5329 irrepens
3335 5275 3508 5314 nonne

1920 5362 2114 5416 corpus
2139 5345 2207 5401 ab
2235 5345 2409 5400 anima
2454 5347 2731 5402 resolvet?
2771 5348 2894 5403 licet
2917 5350 3058 5405 enim
3095 5351 3195 5406 hoc
3235 5367 3377 5406 nunc
3407 5354 3509 5405 mi-

1924 5439 2067 5493 nime
2094 5440 2221 5503 liat,
2262 5437 2364 5491 erit
2404 5439 2561 5507 paulo
2588 5446 2738 5508 post,
2769 5440 2909 5510 quod
2955 5457 3094 5497 nunc
3136 5444 3401 5497 timemus.
3445 5442 3505 5496 Et

1923 5531 2036 5587 hzrc
2057 5530 2199 5597 dico,
2223 5546 2326 5585 non
2349 5542 2511 5601 grave
2534 5530 2658 5601 quid
2686 5544 3003 5604 aspectans
3032 5546 3117 5587 aut
3149 5532 3320 5599 triste,
3346 5534 3507 5599 absit,

1921 5623 2015 5679 sed
2043 5623 2369 5678 erubescens
2396 5632 2623 5677 mortem
2658 5624 2954 5679 timentium
2983 5640 3160 5679 causa.
3187 5624 3290 5677 ’l'ot
3317 5641 3510 5695 exslie-

1921 5727 2073 5772 etans
2101 5716 2236 5771 bona
2254 5731 2374 5786 qua:
2392 5730 2490 5771 nec
2506 5715 2694 5771 oculus
2709 5717 2860 5781 vidit,
2882 5731 2977 5771 nec
3000 5717 3146 5771 auris
3165 5715 3389 5783 audivit,
3412 5734 3513 5775 nec

1925 5814 1977 5869 in
1999 5830 2092 5869 cor
2113 5812 2342 5868 hominis
2359 5807 2713 5867 ascenderunt
2734 5807 2810 5881 (l.
2840 5806 2956 5863 Cor.
2984 5807 3039 5863 2.
3068 5807 3147 5884 9),
3170 5810 3255 5866 dic
3276 5810 3512 5877 mibin
