3998 6424
527 305 592 357 7t
1281 304 1339 363 S.
1379 302 1659 361 JOANNIS
1685 298 2158 360 CHRYSOSTOII
2194 301 2514 365 ABCIIIEP.
2553 308 3087 375 CONSTANTINOP.

531 414 810 473 fruendum
842 415 1025 473 dill’ers
1051 423 1106 472 et
1125 414 1342 485 negligis
1357 425 1409 469 et
1430 417 1648 486 torpes?
1664 431 1761 471 nec
1783 426 1986 471 tantum
2004 424 2112 469 tor-

528 524 644 579 pes,
668 507 761 564 sed
784 517 836 563 et
859 508 1013 562 times
1032 516 1085 561 et
1109 505 1325 560 horres?
1348 506 1414 560 Et
1430 506 1698 577 quomodo
1719 521 1821 561 non
1846 506 1938 560 tibi
1962 520 2116 576 turpe

529 611 746 672 prepter
763 608 984 656 mortem
998 599 1201 663 dolere,
1216 614 1335 653 cum
1354 598 1546 655 Paulus
1565 607 1781 668 propter
1799 607 2112 667 prmseutem

524 695 788 763 gemuerit
813 693 972 746 vitam
999 733 1014 760 ,
1045 702 1099 746 et
1138 690 1392 746 [laritanis
1430 692 1671 746 scribens
1697 691 1889 746 dixerit
1917 710 1930 746 :
1962 690 2113 744 Crea-

527 790 639 836 tura
661 782 985 853 congemiseit
1003 822 1019 846 ,
1050 793 1097 836 et
1126 799 1218 837 nos
1242 782 1343 850 ipsi
1372 783 1578 853 spiritus
1603 782 1854 852 primitias
1878 782 2113 837 habentes

523 874 766 944 gemimus
788 872 965 945 (Rom.
1001 875 1053 928 8.
1082 873 1174 927 22.
1201 872 1272 927 25
1293 872 1353 940 )?
1381 872 1449 927 Et.
1472 873 1586 927 haec
1611 873 1819 926 dicebat
1845 888 1951 927 non
1977 888 2108 927 cou-

521 964 783 1019 demnans
810 967 1090 1034 pratseutia
1113 1005 1128 1028 ,
1164 965 1261 1019 sed
1298 963 1475 1019 futura
1505 964 1835 1019 desiderans.
1864 963 2107 1030 Custavi,

522 1057 629 1122 ait,
662 1057 883 1127 gratiam
907 1097 922 1122 ,
951 1064 1006 1111 et
1040 1070 1241 1110 moram
1271 1070 1374 1109 non
1407 1053 1521 1109 fero
1547 1072 1561 1109 :
1591 1054 1808 1125 spiritus
1846 1054 2108 1125 primitias

521 1149 733 1214 habeo,
778 1156 834 1202 et
871 1147 936 1201 ad
977 1147 1240 1216 integrum
1282 1145 1479 1202 festino
1505 1162 1518 1199 :
1548 1145 1760 1200 ascendi
1799 1145 1850 1199 in
1894 1147 2107 1201 tertium

517 1241 710 1295 culum
733 1282 747 1307 ,
780 1239 885 1293 vidi
914 1238 1136 1308 gloriam
1178 1237 1320 1291 illam
1367 1234 1689 1291 ineﬂ'abilem
1711 1279 1725 1303 ,
1758 1235 1863 1291 vidi
1909 1236 2106 1304 regiam

518 1331 912 1401 splendentem,
944 1329 1104 1384 didici
1134 1328 1325 1397 quibus
1369 1327 1455 1382 hic
1500 1326 1797 1381 itnmorans
1841 1325 1994 1381 bonis
2021 1340 2109 1379 ea-

520 1436 690 1487 ream,
722 1428 999 1491 propterea
1026 1434 1201 1489 getuo.
1235 1417 1329 1473 Dic
1354 1418 1551 1473 etenim
1583 1416 1735 1484 mihi,
1762 1416 1807 1472 si
1828 1417 1947 1488 quis
1976 1425 2027 1471 te
2054 1417 2106 1470 in

521 1513 696 1584 regias
716 1513 956 1568 duxisset
979 1514 1150 1577 aulas,
1172 1520 1227 1567 et
1250 1511 1316 1566 de
1344 1510 1636 1581 parietibus
1659 1526 1847 1565 aurum
1874 1511 2108 1581 undique

521 1603 751 1674 fulgens,
779 1613 833 1659 et
857 1618 1071 1657 omnem
1097 1603 1258 1656 alium
1276 1614 1520 1658 ornatum
1547 1602 1636 1657 tibi
1655 1602 2104 1665 demonstrasset;

522 1703 706 1764 postea
734 1702 786 1748 te
816 1692 939 1748 inde
966 1692 1017 1746 in
1048 1688 1294 1763 pauperis
1319 1708 1496 1748 casam
1539 1694 1833 1749 induxisset
1858 1736 1873 1759 ,
1911 1704 2106 1765 etpost

521 1785 683 1840 breve
706 1792 914 1855 tempus
938 1785 990 1839 in
1014 1785 1186 1855 regias
1206 1785 1547 1840 reducturum
1579 1787 1715 1853 illas,
1739 1797 1792 1841 et
1815 1802 2104 1857 perennem

521 1877 594 1932 ibi
614 1877 942 1931 mansionem
964 1892 1023 1931 se
1041 1877 1134 1931 tibi
1156 1877 1401 1932 daturum
1424 1893 1544 1934 esse
1567 1879 1897 1946 promisisset
1919 1897 1930 1930 :
1953 1895 2105 1934 num-

518 1968 645 2038 quid
676 1984 780 2023 non
809 1967 1037 2023 deberes
1062 1969 1198 2024 allici
1226 1969 1493 2025 desiderio
1514 2012 1528 2035 ,
1558 1978 1613 2026 et
1634 1971 1713 2025 vel
1743 1970 1884 2040 ipsos
1911 1984 2107 2042 paucos

517 2061 633 2116 dies
655 2076 795 2132 aegre
821 2060 1004 2117 ferre?
1033 2061 1146 2117 lloc
1166 2078 1378 2133 quoque
1408 2062 1473 2117 de
1497 2062 1644 2118 ctelis
1669 2074 1721 2117 et
1747 2063 1815 2119 de
1842 2074 1978 2118 terra
2010 2079 2105 2119 co-

514 2152 673 2221 gites,
701 2164 752 2207 et
780 2153 1069 2223 ingemiscc
1096 2168 1216 2208 cum
1249 2153 1435 2216 Paulo,
1468 2169 1572 2208 non
1607 2162 1824 2225 propter
1852 2164 2101 2220 mortem,

516 2244 609 2298 sed
637 2254 852 2314 pr0pter
874 2255 1189 2314 pia-sentem
1218 2245 1396 2300 vitam.
1432 2248 1500 2300 At
1524 2245 1591 2301 da
1618 2246 1744 2300 mihi
1763 2288 1778 2312 ,
1812 2246 1986 2317 inquis
2007 2288 2022 2312 ,
2049 2255 2108 2301 ut

520 2333 683 2389 Paulo
712 2335 900 2390 similis
932 2336 1051 2389 liam
1078 2377 1093 2402 ,
1126 2347 1181 2391 et
1212 2353 1497 2407 numquam
1528 2349 1756 2392 mortem
1786 2339 2002 2393 timebo.
2040 2338 2107 2397 Et

516 2424 642 2494 quid
674 2434 725 2479 te
755 2425 917 2479 Paulo
945 2424 1174 2480 similem
1215 2426 1324 2481 ﬁeri
1371 2427 1658 2496 prohibet?
1693 2443 1870 2483 nonne
1907 2444 2106 2498 pauper

515 2525 632 2571 erat
676 2516 804 2571 ille?
840 2531 1018 2572 nonne
1059 2517 1405 2572 tentoriorum
1442 2518 1634 2573 sutor?
1678 2533 1855 2574 nonne
1900 2517 2106 2574 idiota?

517 2610 573 2665 Si
594 2610 736 2665 enim
758 2609 911 2665 dives
938 2610 1120 2666 fuisset
1145 2626 1207 2664 ac
1238 2610 1450 2678 nobilis,
1483 2610 1792 2667 habuissent
1816 2610 1952 2667 forte
1976 2626 2105 2680 pau-

517 2717 673 2773 peres
700 2703 766 2757 ad
797 2703 962 2772 ipsius
989 2703 1335 2758 imitationem
1365 2704 1535 2758 vocati
1560 2715 1926 2776 paupertatem
1953 2720 2103 2761 suam

517 2794 839 2850 obtendendi
867 2809 1124 2859 causam;
1156 2810 1298 2850 nunc
1321 2804 1498 2850 autem
1539 2797 1727 2851 horum
1759 2797 1888 2851 nihil
1925 2798 2106 2855 dicere

517 2894 673 2955 potes
698 2903 712 2939 :
741 2885 940 2940 etenim
984 2886 1264 2955 operarius
1308 2889 1467 2940 homo
1504 2897 1660 2955 erat,
1691 2895 1745 2943 et
1783 2888 2105 2960 quotidianis

518 2975 834 3043 pascebatur
857 2976 1148 3032 laboribus.
1182 2978 1246 3033 Et
1274 2990 1326 3033 tu
1346 2978 1559 3049 quidem
1587 2978 1658 3033 ab
1686 2978 1837 3033 initio
1854 2979 2104 3049 pietatem

514 3083 542 3119 a
574 3068 878 3137 parentibus
904 3071 1202 3138 suscepisti,
1228 3088 1256 3124 a
1283 3072 1449 3140 prima
1466 3081 1621 3127 a-tate
1642 3072 1807 3127 sacris
1827 3087 1885 3127 es
1913 3073 2106 3128 litteris

515 3159 843 3226 innutritus;
891 3161 982 3217 ille
1024 3177 1151 3217 vero
1187 3174 1241 3218 et
1280 3163 1623 3233 blasphemus
1669 3163 1799 3231 fuit,
1830 3174 1883 3219 et
1921 3179 2107 3235 perse-

514 3260 731 3324 quulor,
759 3261 813 3308 et
839 3256 1281 3323 Contumeliosus,
1305 3266 1357 3311 et
1385 3256 1677 3312 Ecclesium
1705 3258 1935 3312 vastavit
1964 3274 1978 3324 ;
2008 3257 2102 3313 sed

495 3345 695 3398 tamen
725 3343 795 3398 ita
825 3345 1003 3400 subito
1030 3354 1266 3400 mutatus
1286 3355 1389 3412 est,
1418 3356 1476 3401 ιιι
1494 3362 1681 3401 omnes
1706 3347 1885 3402 studio
1909 3358 1959 3402 et
1993 3348 2102 3404 ler-

514 3448 646 3489 vore
683 3435 1048 3503 superaverit,
1086 3444 1141 3490 et
1178 3438 1374 3490 clamat
1407 3436 1627 3502 dicens,
1667 3435 1960 3493 Imitatores
2007 3441 2106 3494 mei

514 3538 688 3589 estote,
712 3527 839 3580 sicut
867 3536 913 3581 et
941 3544 1031 3598 ego
1052 3521 1241 3582 Christi
1269 3529 1342 3597 (ι.
1361 3528 1478 3585 Cor.
1499 3531 1583 3586 11.
1603 3532 1677 3602 1).
1700 3531 1791 3588 Ille
1819 3533 2101 3590 Dominum

518 3621 756 3676 imitatus
780 3629 863 3676 est
885 3663 901 3688 ,
936 3631 989 3675 tu
1032 3636 1351 3677 conservum
1389 3639 1494 3679 non
1532 3624 1758 3681 imitaris
1781 3669 1795 3693 ,
1829 3637 1883 3682 tu
1908 3668 1924 3694 ,
1955 3629 2042 3699 qui
2072 3643 2102 3684 a

518 3715 779 3786 principio
808 3715 859 3769 iu
893 3715 1088 3785 pietate
1114 3715 1369 3771 educatus
1391 3733 1477 3782 cs,
1506 3734 1650 3784 eum,
1679 3721 1767 3789 qui
1799 3731 1979 3791 postea
2010 3738 2104 3792 per

517 3809 862 3863 mutationem
907 3808 973 3862 ad
1013 3807 1169 3863 tidem
1199 3810 1466 3864 accessit?
1490 3809 1606 3867 Non
1635 3814 1774 3868 nosti
1800 3855 1814 3877 ,
1842 3814 1982 3883 quod
2010 3816 2099 3885 qui

515 3900 567 3954 in
598 3901 828 3969 peccatis
856 3909 981 3956 sunt
1008 3942 1023 3963 ,
1054 3900 1154 3955 etsi
1186 3901 1402 3967 vivunt,
1434 3904 1630 3958 mortui
1657 3907 1821 3961 sunt?
1850 3906 1937 3977 qui
1970 3922 2101 3963 vero

516 3992 566 4046 in
587 3991 794 4063 justitia
822 4001 948 4048 sunt
970 4036 985 4059 ,
1016 3995 1115 4050 etsi
1148 3995 1341 4048 mortui
1369 4006 1530 4062 sunt,
1559 3999 1783 4055 vivunt?
1812 4000 1920 4057 Nec
1949 4018 2101 4059 meus

517 4086 606 4139 hic
631 4100 844 4148 sermo;
892 4087 1155 4141 sententia
1183 4097 1263 4142 est
1299 4087 1495 4144 Christi
1531 4090 1748 4147 Marthae
1776 4094 1793 4124 ¹
1824 4094 2052 4150 dicentis
2082 4112 2098 4151 :

518 4175 694 4229 Omnis
715 4176 803 4244 qui
829 4176 989 4231 credit
1017 4177 1068 4230 in
1097 4193 1176 4232 me
1199 4219 1214 4244 ,
1245 4180 1393 4232 etiam
1420 4180 1464 4234 si
1490 4191 1716 4237 mortuus
1747 4185 1899 4254 fuerit
1922 4225 1938 4248 ,
1975 4186 2097 4241 vivet

512 4268 691 4340 (Joan.
728 4270 816 4324 11.
847 4270 918 4325 ‘25
940 4269 980 4339 ).
1010 4269 1145 4325 Num
1172 4272 1312 4327 enim
1344 4271 1535 4328 fabula:
1574 4284 1695 4329 sunt
1730 4275 1977 4347 dogmata
2006 4294 2100 4332 no-

512 4371 622 4414 stra
639 4361 663 4414 ?
680 4361 738 4415 Si
759 4361 1089 4417 Christianus
1114 4380 1195 4428 es,
1219 4364 1431 4420 Christo
1456 4367 1617 4422 crede
1641 4384 1654 4421 :
1683 4368 1726 4422 si
1749 4368 1961 4424 Christo
1983 4385 2103 4424 cre-

512 4452 619 4519 dis,
651 4467 748 4523 per
772 4466 932 4521 opera
961 4453 1090 4507 mihi
1122 4454 1281 4511 ﬁdem
1307 4456 1635 4514 demonstra.
1666 4460 1944 4528 Quomodo
1971 4478 2100 4518 vero

516 4558 611 4611 per
626 4559 788 4612 opera
813 4544 969 4599 (idem
988 4544 1414 4621 demonstrabis?
1432 4548 1488 4605 Si
1511 4561 1738 4607 mortem
1760 4563 2096 4611 contemnas.

514 4634 582 4689 Et
608 4634 659 4687 in
692 4634 793 4689 hoc
817 4634 960 4689 enim
988 4635 1055 4689 ab
1080 4635 1383 4693 inﬁdelibus
1408 4639 1722 4696 diﬂ‘erimus.

585 4724 728 4780 Mors
758 4742 857 4780 non
893 4727 1113 4781 timenda
1140 4728 1194 4782 in
1221 4729 1372 4783 vitam
1407 4732 1632 4801 futuram
1661 4737 1995 4803 sperantibus.
2027 4767 2100 4780 --

514 4816 721 4872 Etenim
750 4817 821 4872 illi
848 4817 1065 4888 quidem
1098 4817 1291 4875 merito
1317 4822 1507 4876 timent
1542 4834 1768 4880 mortem
1797 4867 1811 4890 ,
1853 4843 2097 4885 resurre-

511 4908 702 4963 CliOaliS
729 4910 871 4962 enim
901 4923 1050 4979 spem
1079 4926 1184 4965 non
1217 4910 1448 4980 habent;
1479 4923 1533 4968 tu
1576 4930 1704 4970 vero
1734 4917 1939 4973 meliori
1981 4936 2100 4991 per-

511 5012 643 5066 gens
667 4999 749 5053 via
771 5040 787 5064 ,
829 5009 884 5055 et
910 5000 977 5056 de
1006 5001 1304 5059 futurorum
1337 5019 1433 5075 spe
1467 5007 1830 5079 philosophari
1872 5012 2056 5095 valens
2079 5055 2096 5082 ,

512 5100 614 5157 qua
644 5088 836 5160 dignus
866 5106 923 5146 es
948 5095 1100 5148 venia
1124 5137 1139 5161 ,
1169 5094 1237 5150 de
1270 5100 1662 5156 resurrectione
1688 5102 1900 5172 quidem
1927 5088 2096 5160 conli-

513 5182 648 5236 deus
673 5222 686 5244 ,
717 5183 785 5237 ita
819 5198 945 5237 vero
973 5200 1196 5243 mortem
1228 5191 1425 5247 timens
1451 5202 1507 5248 ut
1542 5194 1575 5248 ii
1614 5196 1702 5265 qui
1737 5212 1843 5253 non
1874 5200 2101 5257 credunt

515 5275 890 5329 rcsurrectioni
911 5277 936 5329 ’ἶ
974 5276 1078 5333 Sed
1110 5291 1359 5351 mortem,
1389 5283 1593 5354 inquit,
1626 5302 1730 5342 non
1765 5289 1924 5345 timeo
1951 5308 1964 5344 :
1998 5307 2097 5346 ne-

517 5379 618 5433 que
645 5365 778 5420 mori
800 5408 814 5429 ,
847 5367 943 5422 sed
985 5370 1122 5425 male
1158 5375 1292 5427 mori
1321 5417 1337 5442 ,
1365 5385 1415 5429 et
1445 5379 1621 5448 capite
1652 5383 1904 5437 truncari.
1936 5383 2089 5455 igitur

516 5452 746 5512 Joannes
785 5457 924 5513 male
963 5469 1205 5515 mortuus
1233 5466 1362 5519 est?
1401 5464 1500 5522 fuit
1539 5469 1682 5531 enim
1726 5452 2092 5530 obtruncatus.

516 5540 678 5611 igitur
711 5547 1013 5620 Stephanus
1053 5552 1191 5608 male
1224 5564 1466 5615 mortuus
1502 5560 1631 5617 est?
1659 5559 1757 5618 fuit
1783 5564 1924 5622 enim
1967 5565 2098 5646 lapi-

584 5695 604 5727 ⁸
636 5697 738 5758 Alii,
764 5703 948 5756 Maria.

3747 335 3816 392 τι

2225 418 2427 486 datus;
2477 431 2532 478 et
2576 435 2841 499 martyres
2890 432 3069 489 cuncti
3122 434 3319 492 misere
3367 442 3667 501 secundum
3717 465 3812 506 vos

2224 510 2407 599 obiere
2432 554 2446 575 ,
2480 517 2733 584 quoniam
2765 520 2887 589 igne
2921 530 3014 577 aut
3050 522 3198 580 ferro
3224 528 3384 585 vitam
3433 532 3690 595 ﬁnderunt
3717 557 3733 595 :
3758 554 3812 599 et

2223 598 2276 653 hi
2306 602 2517 670 quidem
2549 606 2599 658 in
2632 622 2797 675 mare,
2827 609 2879 662 Ιιὶ
2909 624 3035 666 vero
3064 613 3119 668 in
3146 618 3519 688 pmcipitium,
3551 622 3607 679 Ili
3632 639 3808 687 autem

2224 689 2275 744 in
2302 690 2488 748 dentes
2516 692 2802 752 bestiarum
2832 698 3127 759 incidentes
3149 746 3169 770 ,
3192 707 3271 762 sic
3298 715 3492 766 mortui
3519 728 3669 773 sunt.
3699 720 3809 779 Non

2222 778 2325 836 hoc
2354 791 2437 837 est
2464 786 2603 841 male
2628 789 2762 842 mori
2789 830 2803 852 ,
2836 790 2907 845 mi
2940 792 3102 849 home
3124 836 3139 859 ,
3170 797 3401 855 violenta
3434 815 3609 863 morte
3637 811 3807 876 ﬁniri,

2221 873 2315 928 sed
2338 874 2390 928 in
2415 878 2645 942 peccatis
2670 880 2826 934 mori.
2857 882 2992 938 Audi
3023 900 3250 957 namque
3270 893 3590 961 Prophetam
3618 898 3688 954 de
3713 873 3805 956 bet

2220 961 2337 1032 ipso
2380 965 2842 1037 philosolihantem
2872 982 2925 1027 et
2961 973 3226 1032 dicentem
3258 997 3271 1031 :
3304 979 3448 1037 llors
3494 999 3810 1052 peccatorum

2219 1057 2438 1124 pessima
2465 1057 2634 1128 (Paul.
2665 1060 2752 1116 55.
2781 1062 2897 1134 22).
2927 1064 3042 1120 Non
3067 1067 3220 1137 dixit,
3251 1088 3395 1126 mors
3423 1077 3655 1134 violenta
3687 1098 3807 1151 pes-

2217 1147 2374 1215 sima,
2399 1149 2491 1203 sed
2514 1150 2680 1220 quid?
2703 1152 2756 1206 Μ
2762 1171 2846 1208 ors
2870 1169 3188 1225 peccatorum
3213 1165 3452 1233 pessima.
3470 1166 3623 1224 Juste
3644 1147 3806 1237 sane;

2218 1247 2499 1308 postquam
2525 1242 2668 1297 enim
2699 1243 2823 1299 hinc
2853 1247 3222 1318 migraverint,
3252 1268 3406 1322 paena
3434 1260 3806 1331 intolerabilis,

2217 1335 2477 1382 tormenta
2494 1332 3049 1402 scmpiterua,vcrmis
3064 1340 3378 1412 virulentus,
3402 1348 3538 1416 ignis
3553 1350 3807 1409 iuexstin«

2218 1418 2452 1484 gnibilis,
2478 1422 2711 1476 tenebrae
2736 1427 3052 1496 exteriores,
3080 1430 3287 1486 vincula
3314 1434 3641 1504 iusolubilia,
3680 1442 3808 1498 dcu-

2220 1508 2352 1563 tium
2366 1511 2584 1575 stridor,
2602 1515 2869 1571 tribulatio
2881 1529 2934 1572 et
2954 1522 3216 1591 angustia,
3230 1534 3283 1579 et
3298 1536 3499 1583 :eterna
3512 1530 3803 1591 damnatio.

2287 1601 2340 1656 5.
2373 1602 2502 1658 Cum
2528 1606 2687 1675 igitur
2714 1609 2838 1663 talia
2869 1624 3118 1668 maneant
3147 1627 3458 1685 peccatores
3484 1624 3623 1678 mala
3647 1666 3663 1691 ,
3691 1642 3807 1694 (μω

2217 1691 2382 1759 possit
2422 1709 2541 1748 esse
2581 1697 2779 1752 utilitas
2803 1740 2817 1763 ,
2857 1700 2969 1755 sive
3006 1701 3186 1770 domi,
3228 1707 3341 1762 sive
3376 1709 3427 1763 in
3471 1712 3610 1767 lecto
3648 1691 3803 1771 vitam

2215 1781 2400 1836 liuiant
2423 1784 2448 1838 ?
2473 1784 2612 1840 sicut
2636 1799 2821 1843 contra
2847 1790 3007 1860 justis
3036 1796 3239 1851 nullum
3265 1798 3515 1855 damnum
3544 1820 3667 1859 esse
3698 1822 3807 1875 pes-

2215 1872 2317 1930 sit.
2342 1874 2482 1946 quod
2513 1893 2643 1933 ense
2683 1880 2765 1934 vel
2804 1882 2925 1952 igne
2967 1897 3287 1954 praesentem
3321 1892 3483 1946 vitam
3513 1872 3802 1966 claudant,

2211 1977 2331 2016 cum
2355 1964 2420 2019 ad
2448 1966 2765 2024 immortalia
2792 1973 3023 2043 migrare
3052 1975 3188 2030 bona
3217 1978 3466 2037 debeant.
3500 1983 3640 2039 Vere
3671 1964 3805 2045 Mors

2214 2064 2532 2120 peccatorum
2561 2059 2799 2127 pessima.
2826 2061 2971 2116 Talis
3000 2074 3118 2119 erat
3144 2065 3325 2123 divitis
3353 2071 3496 2125 illius
3525 2091 3692 2141 mors,
3717 2082 3802 2147 qtti

2212 2142 2469 2199 Lazarum
2493 2146 2834 2219 despexerat,
2862 2155 2951 2224 qui
2983 2154 3125 2210 domi
3154 2168 3207 2213 et
3237 2160 3286 2213 in
3315 2160 3451 2215 lecto
3479 2176 3531 2217 et
3562 2183 3721 2224 neces
3751 2188 3805 2220 a-

2213 2236 2307 2289 riis
2337 2238 2709 2295 assistentibus
2753 2245 2857 2297 vita
2899 2261 2993 2315 per
3039 2251 3309 2319 prepriant
3352 2255 3524 2309 soluta
3578 2272 3803 2315 mortem

2212 2326 2495 2384 defunctus
2527 2335 2850 2397 terrebatur.
2882 2351 2949 2391 ne
2977 2353 3192 2406 parvam
3223 2343 3437 2412 quidem
3472 2355 3803 2404 consolatio-

2212 2435 2333 2473 nem
2364 2436 2427 2476 ex
2458 2424 2737 2491 prmseutis
2768 2427 2889 2480 vita}
2933 2432 3284 2498 prosperitate
3318 2439 3556 2493 nancisci
3598 2442 3799 2497 valens.

2213 2510 2277 2563 At
2322 2526 2427 2565 non
2466 2511 2536 2566 ita
2564 2511 2798 2571 Lazarus
2826 2533 2840 2582 ;
2870 2533 3052 2573 verum
3086 2521 3137 2574 in
3172 2522 3286 2590 ipso
3317 2526 3630 2594 pavimento
3658 2535 3802 2591 caui-

2212 2598 2313 2654 bus
2341 2600 2674 2660 adstantibus
2702 2615 2754 2659 et
2786 2607 2961 2663 ulcera
2991 2609 3313 2682 [ingentibus
3338 2617 3630 2675 violentam
3660 2640 3802 2678 mor-

2213 2699 2318 2744 tem
2352 2706 2572 2761 passus;
2601 2695 2729 2765 quid
2757 2698 2899 2752 enim
2944 2699 3082 2756 lame
3126 2702 3394 2761 dil‘lieilius
3435 2724 3559 2765 esse
3600 2715 3801 2781 possit?

2211 2781 2482 2851 digressus
2511 2784 2654 2839 illinc
2680 2790 2896 2843 aeternis
2928 2792 3127 2862 potitus
3153 2806 3233 2849 est
3262 2796 3417 2852 bonis
3439 2841 3453 2865 ,
3487 2801 3539 2855 in
3576 2805 3801 2860 Abralue

2210 2875 2333 2930 sinu
2360 2877 2616 2946 gaudens.
2650 2881 2785 2947 Quid
2813 2881 2973 2953 igitur
3004 2886 3175 2955 ipsum
3208 2889 3346 2943 laesit
3392 2894 3662 2951 violenter
3688 2914 3797 2953 tuo.

2210 2966 2254 3020 ri
2276 2966 2299 3020 !
2323 2968 2448 3037 quid
2479 2985 2603 3025 vero
2622 2970 2774 3026 diviti
2808 2976 3000 3043 proluit
3028 2989 3198 3033 morte
3223 2996 3328 3035 non
3362 2983 3597 3040 violenta
3624 2991 3799 3043 mori?

2281 3055 2425 3112 Mers
2447 3060 2640 3129 injusta
2665 3064 2831 3116 minus
2861 3065 3083 3118 timenda
3100 3108 3113 3128 ,
3137 3084 3293 3140 quam
3312 3071 3476 3141 justo.
3500 3100 3577 3114 -ο-
3603 3080 3670 3131 At
3696 3095 3795 3132 non

2208 3150 2487 3215 violenter,
2520 3151 2709 3222 inquit,
2738 3154 2833 3210 sed
2865 3156 3059 3226 injuste
3091 3160 3228 3214 mori
3260 3162 3506 3220 timemus
3535 3184 3552 3221 :
3587 3178 3641 3222 et
3662 3170 3795 3238 quod

2208 3240 2322 3293 ausi
2351 3240 2441 3294 uib
2466 3241 2482 3294 l
2510 3257 2694 3297 eorum
2727 3243 2795 3299 de
2823 3246 3021 3316 quibus
3050 3247 3105 3303 in
3136 3251 3493 3321 snSpiciouem
3522 3271 3792 3324 vocamur,

2207 3343 2329 3384 cum
2360 3332 2605 3387 sontibus
2631 3335 2831 3402 pariter
2856 3339 3154 3406 puniamur.
3179 3340 3313 3409 Quid
3343 3344 3443 3411 ais,
3471 3362 3658 3416 quazso
3681 3350 3705 3402 ?
3729 3353 3796 3404 iu-

2203 3418 2348 3488 juste
2375 3423 2509 3476 mori
2539 3425 2696 3479 times
2719 3425 2744 3479 τ
2769 3442 2834 3479 an
2857 3426 3001 3496 juste
3026 3430 3229 3487 velles?
3259 3434 3323 3487 Et
3350 3436 3471 3504 quis
3503 3447 3613 3492 tam
3640 3441 3795 3496 miser

2207 3522 2259 3566 et
2288 3528 2654 3582 aerumnosos,
2683 3525 2742 3571 ut
2764 3532 2886 3572 cum
2918 3519 3114 3588 injuSIe
3141 3523 3279 3578 mori
3305 3525 3622 3597 immineat,
3652 3532 3794 3585 malit

2208 3601 2346 3670 iuste
2377 3605 2557 3660 mori?
2597 3606 2651 3662 Si
2682 3607 2823 3662 enim
2856 3622 3081 3666 mortem
3113 3623 3352 3671 metuere
3377 3627 3591 3687 oportet
3612 3663 3628 3685 ,
3654 3620 3791 3691 juste

2209 3694 2360 3748 nobis
2391 3695 2723 3765 ingruentem
2766 3699 2959 3754 timere
2998 3706 3292 3758 convenit:
3320 3709 3573 3776 quoniam
3605 3712 3793 3781 injuste

2207 3786 2421 3855 quidem
2451 3798 2709 3855 mortuus,
2734 3806 2828 3860 per
2852 3790 2953 3847 hoc
2976 3793 3148 3864 ipsum
3176 3810 3295 3851 cum
3322 3802 3520 3855 sanctis
3542 3804 3791 3858 omnibus

2206 3880 2582 3935 communicat.
2616 3882 2769 3952 Apud
2800 3883 2962 3938 Deum
3003 3887 3144 3940 enim
3190 3890 3534 3957 probatorum
3579 3905 3635 3949 et
3680 3897 3793 3950 illu-

2206 3971 2395 4035 strium
2434 3972 2616 4041 plures
2646 3972 2894 4041 injustam
2941 3976 3243 4034 sustinuere
3286 3992 3513 4038 mortem
3541 4025 3556 4050 ,
3589 3995 3644 4041 et
3670 3998 3789 4043 ante

2206 4075 2394 4116 omnes
2425 4062 2557 4117 Abel
2588 4080 2601 4116 :
2634 4078 2740 4117 non
2763 4065 2904 4119 cnim
2933 4066 2984 4121 in
3012 4064 3230 4124 fratrem
3261 4086 3507 4140 peccans,
3537 4092 3638 4132 nec
3664 4079 3786 4131 Cain

2208 4150 2336 4205 lzrso
2356 4193 2370 4215 ,
2400 4152 2492 4207 sed
2522 4155 2772 4223 quoniam
2806 4156 2969 4210 Deum
3002 4158 3301 4216 hoaorabat
3326 4204 3340 4227 ,
3374 4162 3497 4221 ideo
3520 4167 3788 4238 jugulatus

2206 4252 2289 4298 est
2316 4245 2333 4311 (
2361 4241 2488 4299 Gen.
2520 4246 2554 4300 4
2578 4247 2617 4317 ).
2652 4246 2791 4303 Deus
2818 4259 2994 4304 autem
3025 4252 3299 4321 permisit,
3329 4258 3588 4328 numquid
3620 4259 3786 4330 ipsum

2205 4353 2392 4393 amans
2417 4382 2431 4405 ,
2463 4354 2531 4395 an
2558 4341 2682 4396 odio
2709 4344 2957 4400 habens"!
2980 4358 3184 4402 certum
3212 4358 3294 4404 est
3319 4352 3460 4422 quod
3481 4371 3670 4410 amans
3689 4398 3703 4422 ,
3735 4366 3788 4411 ut

2205 4431 2488 4487 clariorem
2518 4433 2617 4505 ipsi
2644 4448 2896 4491 coronam
2925 4435 3126 4493 faceret
3153 4456 3218 4495 ex
3247 4441 3593 4511 injustissima
3621 4448 3785 4503 cmde.

2206 4522 2369 4580 Vides
2395 4540 2567 4596 neque
2592 4527 2903 4595 violentam,
2937 4546 3110 4601 neque
3137 4532 3386 4602 injustam
3415 4549 3643 4595 mortem
3673 4554 3788 4595 esse

2206 4615 2544 4671 metuendam
2570 4660 2586 4686 ,
2614 4619 2706 4673 sed
2753 4630 2980 4676 mortem
3020 4622 3071 4677 in
3112 4626 3385 4693 peccatis?
3422 4628 3557 4683 Abel
3599 4630 3787 4699 injuste

2204 4719 2446 4762 mortuus
2470 4717 2573 4773 est,
2601 4709 2729 4764 Cain
2757 4710 2887 4765 vixit
2915 4727 3133 4781 gemens
3156 4723 3211 4769 et
3237 4725 3470 4772 tremens
3499 4736 3514 4782 ;
3547 4733 3667 4775 uter
3693 4721 3788 4790 igi-

2207 4808 2311 4863 tur,
2341 4798 2428 4853 die
2454 4799 2605 4867 mihi,
2637 4800 2844 4856 beatior
2873 4802 2987 4869 fuit,
3017 4804 3105 4874 qui
3133 4821 3253 4860 cum
3278 4806 3484 4877 justitia
3515 4813 3787 4882 requieve-

2205 4902 2308 4959 rat,
2331 4907 2397 4947 an
2425 4893 2515 4962 qui
2544 4896 2776 4963 peccatis
2801 4896 3051 4951 vivebat?
3081 4899 3170 4967 qui
3197 4908 3439 4953 mortuus
3464 4913 3544 4956 est
3572 4905 3784 4972 injuste.

2205 4998 2272 5038 an
2324 4985 2414 5053 qui
2461 4986 2602 5051 juste
2641 4987 3000 5055 puniebatur?
3035 4990 3198 5045 Vultis
3215 4987 3674 5049 charitativestne
3710 4995 3786 5048 dt-

2204 5088 2344 5141 cam,
2376 5075 2518 5131 unde
2544 5077 2792 5133 timemus
2824 5089 3047 5134 mortem
3072 5081 3095 5135 ?
3119 5081 3235 5137 Non
3259 5085 3500 5140 vulnerat
3524 5102 3622 5141 nos
3644 5085 3786 5156 regni

2204 5185 2532 5235 amor,,non
2572 5187 2670 5226 nos
2707 5172 3008 5229 futurorum
3046 5191 3198 5230 amor
3235 5180 3479 5234 accendit
3510 5196 3526 5233 :
3556 5181 3785 5250 alioquin

2207 5263 2491 5331 praesentia
2511 5262 2908 5334 despiceremus
2932 5266 3108 5321 omnia
3130 5307 3146 5329 ,
3172 5268 3309 5323 sicut
3347 5269 3536 5326 beatus
3576 5272 3783 5326 Paulus.

2206 5353 2287 5406 Ad
2315 5352 2430 5407 [nec
2455 5368 2559 5408 non
2593 5356 2843 5412 timemus
2867 5358 3165 5427 gehennam
3189 5401 3205 5426 ,
3236 5361 3357 5417 ideo
3383 5375 3609 5420 mortem
3639 5367 3789 5419 timeo

2208 5460 2367 5501 mus:
2411 5448 2655 5517 supplicii
2700 5450 2841 5504 illius
2889 5451 3279 5508 intolerabilem
3325 5457 3637 5524 gravitatem
3683 5469 3783 5509 non

2207 5538 2454 5593 novimus
2479 5580 2493 5603 ,
2524 5551 2801 5609 propterea
2843 5556 2938 5610 pro
2980 5540 3207 5613 peccato
3236 5556 3462 5601 mortem
3504 5548 3745 5602 timemus
3767 5584 3797 5641 ,ἰ

2205 5635 2350 5699 quod
2387 5632 2433 5685 si
2471 5632 2560 5688 ille
2582 5634 2813 5687 animam
2852 5645 3088 5689 nostram
3129 5637 3289 5691 timor
3313 5645 3660 5707 occupasset,
3691 5639 3784 5690 iste

2212 5719 2502 5794 subrepere
2526 5737 2628 5777 non
2657 5732 2936 5800 potuisset.
2970 5725 3035 5779 Et
3073 5725 3174 5781 hoc
3203 5742 3308 5782 non
3337 5729 3522 5798 procul
3544 5771 3561 5801 ,
3600 5727 3693 5784 sed
3719 5741 3779 5781 ex
