3998 6488
207 348 269 407 τι
1193 355 1285 412 AD
1323 355 1657 415 POPULUM
1694 354 2201 417 ANTIOCﬂE-NUM
2255 359 2490 418 HOMIL.
2549 363 2613 422 γ.
3581 363 3656 421 7‘2

207 460 485 536 ἀνθρώπου
508 466 707 541 ἀνέϐη,
735 469 935 542 ἀναδύῃ
993 471 1129 542 πρὸς
1171 471 1272 544 τὴν
1328 472 1628 527 ἀπόλαυσιν
1662 484 1689 513 ι
1711 513 1728 539 ,
1781 473 1876 528 καὶ

207 550 423 622 ἀμελεῖς
471 556 572 609 καὶ
622 558 834 625 όκνεῖς;
885 559 979 613 καὶ
1015 559 1116 614 οὐκ
1149 559 1326 625 ὀκνεῖς
1362 560 1544 631 μόνον,
1591 561 1727 615 ἀλλά
1781 562 1877 616 καὶ

207 638 438 706 δέδοικας
479 645 577 697 καὶ
635 644 907 716 φρίττειςς
938 647 1048 700 Kal
1095 647 1215 712 πῶς
1258 649 1359 703 οὑκ
1384 650 1648 721 αἰσχρὸν,
1691 650 1773 704 ὅτι
1806 652 1871 705 σὺ

206 724 287 781 διά
311 726 541 783 θάνατον
566 733 840 799 ὀδυνᾶσαι,
855 734 1063 800 Παῦλος
1077 736 1136 789 δὲ
1153 736 1242 791 διὰ
1265 738 1365 809 τὴν
1389 737 1667 809 παροῦσαν
1691 737 1874 793 ἔστενε

209 811 376 885 ζωήν;
410 818 510 870 καὶ
551 819 845 891 Ῥωμαίοις
876 821 1104 894 γράφων
1133 823 1340 892 ἔλεγεν,
1358 825 1441 878 ὅτι
1475 825 1585 878 Kal
1609 825 1648 894 ἠ
1676 825 1874 892 κτίσις

207 903 579 971 συστενάζσι,
609 908 702 961 καὶ
720 908 893 979 ἡμεῖς
918 911 1092 964 αὐτοὶ
1107 910 1222 980 τὴν
1248 912 1536 983 ἀπαρχὴν
1554 911 1665 966 τοῦ
1690 913 1870 966 arat}-

204 1004 381 1056 ματος
400 993 659 1060 ἔχοντες
679 996 1061 1067 στενάζομεν.
1084 999 1201 1052 Kal
1215 1000 1387 1053 ταῦτα
1403 999 1587 1069 ἔλεγεν
1613 999 1734 1070 οὐχὶ
1765 999 1874 1054 τῶν

208 1075 479 1145 παρόντοιν
534 1081 963 1150 καταγινώσκων
987 1122 1002 1146 ,
1055 1084 1190 1139 ἀλλά
1241 1085 1312 1139 τὰ
1366 1086 1625 1157 μέλλοντα
1670 1085 1869 1140 ποθῶν.

219 1165 594 1242 Ἑνευσάμην,
649 1174 815 1244 φησὶ,
850 1174 953 1244 τῆς
1008 1177 1268 1249 χάριτος,
1318 1180 1413 1231 καὶ
1466 1178 1527 1232 οὐ
1572 1178 1750 1248 στέγω
1774 1178 1873 1249 τὴν

208 1252 464 1327 ἀναϐολήν
489 1273 503 1286 ·
530 1261 634 1329 τὴν
669 1261 921 1334 ἀπαρχὴν
968 1262 1076 1334 ἔχω
1106 1264 1201 1317 τοῦ
1235 1264 1544 1338 πνεύματος
1563 1306 1577 1330 ,
1610 1267 1704 1321 καὶ
1736 1266 1874 1338 πρὸς

207 1340 259 1394 τὸ
300 1344 405 1395 πᾶν
436 1343 762 1417 ιπείγομαι·
807 1349 1009 1421 ἀνέϐην
1060 1352 1141 1415 είς
1186 1350 1369 1422 τρίτον
1420 1352 1681 1424 οὐρανὸν,
1734 1349 1872 1405 εἶδον

205 1426 294 1500 τὴν
325 1429 482 1495 δόξαν
510 1433 729 1506 ἐκείνην
765 1434 863 1507 τὴν
890 1436 1127 1509 ἄρρητον
1152 1478 1166 1503 ,
1206 1435 1345 1492 εἶδον
1381 1439 1450 1494 τὰ
1508 1440 1754 1510 βασίλεια
1804 1440 1870 1493 τά

206 1516 419 1591 λαμπρά
439 1560 454 1584 ,
481 1520 687 1592 ἔμαθον
710 1524 873 1579 τίνων
896 1527 1276 1599 ἀπεστέρημαι
1303 1528 1592 1601 διατρίϐων
1617 1528 1868 1592 ἐνταῦθα,

206 1607 290 1661 καὶ
313 1606 401 1662 διὰ
421 1609 606 1665 ταῦτα
635 1612 894 1678 στενάζω.
926 1615 1064 1670 Εἰπὲ
1085 1616 1195 1689 γάρ
1227 1634 1340 1688 μοι,
1368 1618 1423 1672 ετ
1441 1618 1525 1682 τες
1556 1635 1619 1671 σε
1659 1619 1740 1682 εἰς
1771 1617 1870 1688 βα·

208 1694 407 1761 σιλικάς
437 1698 739 1769 εισήγαγεν
770 1701 938 1767 αὐλὰς
960 1740 979 1770 ,
1005 1704 1102 1758 καὶ
1128 1705 1330 1776 χρυσὸν
1356 1704 1526 1771 ἔδειξε
1546 1747 1563 1773 ,
1608 1705 1871 1761 πάντοθεν

204 1781 302 1837 ἀπὺ
343 1783 453 1839 τῶν
485 1786 685 1858 τοίχων
728 1789 1110 1859 ἀστράπτοντα
1132 1828 1151 1855 ,
1189 1793 1285 1849 καὶ
1331 1792 1433 1864 τὴν
1472 1792 1638 1865 ἀλλην
1674 1793 1873 1867 εὐπρέ-

207 1887 353 1927 πειαν
401 1875 626 1931 ἃπασαν
650 1916 667 1942 ,
713 1876 834 1933 εἶτά
874 1895 935 1932 σε
984 1879 1193 1935 ἐκεῖθεν
1235 1884 1317 1946 είς
1349 1881 1592 1955 καλύϐην
1641 1884 1870 1956 πένητος

207 1962 469 2032 εἰσήγαγε,
504 1965 607 2018 καὶ
641 1965 780 2036 μετά
818 1967 1009 2038 χρόνον
1038 1967 1243 2040 βραχὺν
1271 1969 1535 2042 ὑπέσχετο
1561 1972 1640 2036 είς
1662 1970 1731 2025 τά
1775 1971 1872 2042 βα-

208 2048 363 2104 σίλεια
412 2053 712 2119 ἐπανάξειν
747 2054 775 2095 δ
813 2057 997 2112 ἐκεῖνα
1020 2097 1034 2121 ,
1086 2060 1183 2112 καὶ
1238 2057 1465 2131 διηνεκῆ
1515 2059 1708 2115 δώσειν
1756 2061 1873 2115 έκεῖ

211 2140 358 2209 μονήν
381 2157 394 2169 ·
421 2136 537 2212 ἆρα
560 2143 665 2197 οὐκ
692 2143 915 2214 ἔμελλες
943 2145 1147 2210 ἀλύειν,
1173 2148 1268 2201 καὶ
1295 2149 1709 2220 δυσανασχετεῖν
1725 2189 1740 2214 ,
1775 2151 1869 2205 καὶ

206 2224 328 2295 πρὸς
363 2226 536 2291 αὑτάς
564 2230 666 2293 τὰς
710 2230 894 2299 ὀλίγας
924 2232 1138 2304 ἡμέρας
1158 2250 1173 2299 ;
1197 2235 1368 2288 Τοῦτο
1391 2235 1457 2306 δὴ
1502 2236 1596 2289 καὶ
1644 2236 1868 2291 ἐπὶτῶν

207 2313 430 2383 οὐρανῶν
482 2316 705 2386 λογίζου
730 2358 746 2382 ,
778 2319 874 2373 καὶ
928 2320 1025 2372 ἐπὶ
1078 2321 1180 2390 τῆς
1211 2322 1349 2392 γῆς,
1402 2324 1495 2377 καὶ
1528 2323 1680 2377 στένε
1730 2325 1869 2395 μετά

207 2399 399 2455 Παύλου
421 2442 437 2465 ,
470 2404 548 2476 μὴ
591 2405 679 2459 διά
716 2405 807 2460 τὸν
853 2405 1113 2472 θάνατον,
1156 2408 1293 2463 ἀλλά
1324 2409 1412 2464 διά
1439 2410 1538 2482 τὴν
1584 2411 1868 2485 παροῦσαν

207 2485 353 2559 ζωήν.
382 2490 491 2544 Kal
527 2488 622 2556 66;
662 2507 752 2563 μοι
806 2492 951 2547 κατά
987 2494 1522 2564 Παῦλονγενέσθαι,
1571 2497 1734 2568 φησὶ,
1773 2500 1868 2553 καὶ

204 2576 440 2632 οὐδέποτε
473 2579 858 2652 φοϐηθήσομαι
889 2581 1141 2638 θάνατον.
1177 2584 1288 2637 Kal
1320 2585 1373 2638 τί
1397 2585 1456 2638 τὸ
1491 2585 1699 2641 κωλύον
1726 2589 1867 2642 κατά

206 2661 397 2717 Παῦλον
443 2664 700 2733 γενέσθαι
734 2684 816 2730 σε,
855 2666 1138 2739 ἀνθρωπε;
1183 2670 1304 2740 οὐχὶ
1329 2671 1497 2742 πένης
1534 2667 1603 2743 ἦν
1627 2673 1862 2737 ἐκεῖνος

204 2748 307 2818 οὐχὶ
344 2751 696 2820 “nvom;
721 2752 822 2807 οὑκ
856 2752 1104 2822 ίδιώτηςς
1133 2754 1199 2809 Et
1233 2755 1332 2826 μὲν
1375 2755 1483 2829 γὰρ
1517 2757 1769 2822 πλούσιος
1797 2754 1865 2829 ἦν

207 2837 288 2888 καὶ
307 2836 422 2911 {6i}
454 2839 717 2911 εὐγενὴς,
749 2836 896 2911 εῑχον
940 2840 1069 2906 ίσως
1114 2843 1162 2895 οί
1201 2842 1430 2913 πένητες
1478 2844 1616 2915 πρὸς
1647 2844 1738 2898 τὸν
1768 2848 1865 2899 αὑ-

204 2922 284 2976 τὸν
309 2925 631 2997 καλούμενοι
660 2927 840 2998 ζῆλον,
858 2927 956 3000 τὴν
987 2928 1196 2983 ἑαυτῶν
1223 2930 1623 3000 προϐάλλεσθαι
1650 2934 1862 2988 πενίαν·

190 3013 378 3067 Δντνὶδὶ
404 3014 559 3069 οὐδὲν
588 3016 794 3070 τούτων
842 3017 986 3088 ἔχεις
1018 3018 1193 3071 είπεῖν
1217 3037 1231 3049 ·
1263 3019 1354 3073 καὶ
1379 3019 1487 3091 γὰρ
1518 3022 1862 3094 χειροτέχνης

205 3101 232 3152 6
271 3101 543 3173 ἄνθρωπος
573 3098 641 3176 ἦν
665 3143 680 3169 ,
715 3105 810 3160 καὶ
854 3108 918 3160 ὲκ
954 3106 1064 3160 τῶν
1108 3107 1494 3180 καθημρινῶν
1523 3110 1860 3181 ἀπετρέφετο

207 3187 396 3242 πόνων·
436 3191 530 3245 καὶ
583 3192 651 3245 σὺ
705 3191 807 3262 μὲν
863 3192 923 3260 ἐξ
971 3192 1148 3264 ἀρχῆς
1184 3193 1282 3265 τὴν
1325 3194 1605 3249 εὐσέϐειαν
1642 3196 1861 3263 διεδέξω

130 3328 133 3331 ,
207 3277 341 3347 παρὰ
379 3279 668 3352 πατέρων,
728 3279 822 3337 καὶ
879 3280 943 3334 ὲκ
1000 3279 1224 3353 πρώτης
1260 3280 1477 3352 ἡλικίας
1531 3285 1646 3348 τοῖς
1698 3285 1863 3355 ἱεροῖς

208 3364 504 3435 γράμμασιν
525 3366 833 3439 ἑνετράφης
851 3383 864 3397 ·
886 3368 1091 3433 ἐκεῖνος
1115 3367 1173 3421 δὲ
1195 3368 1288 3422 καὶ
1307 3368 1628 3442 βλάσφημος
1648 3371 1859 3441 γέγονε,

209 3450 290 3503 καὶ
315 3450 578 3525 διώκτης,
616 3455 711 3508 καὶ
754 3454 1044 3526 ὑϐριστὴς,
1083 3455 1178 3510 καὶ
1211 3454 1310 3529 τὴν
1334 3452 1660 3529 Ἐκκλησίαν
1693 3459 1862 3532 ὲπόρυ

211 3533 353 3608 θησεν
372 3578 387 3603 ,
431 3541 549 3594 ἀλλ’
579 3541 729 3611 ὅμως
756 3540 927 3605 οὕτως
967 3539 1164 3614 ἀθρόον
1196 3542 1549 3613 μετεϐάλετο,
1580 3544 1657 3611 ὡς
1684 3546 1860 3600 ἀπαν-

209 3639 292 3688 τας
314 3627 712 3700 ὑπερϐαλέσθαι
738 3630 804 3700 τῇ
830 3628 928 3698 τῆς
940 3629 1246 3701 προθυμίας
1266 3629 1610 3702 σφοδρότητι,
1640 3633 1736 3686 καὶ
1764 3633 1862 3706 βοᾷ

209 3711 389 3783 λέγων·
421 3717 686 3788 Mummi
706 3733 826 3786 μου
859 3717 1100 3786 γίνεσθε
1119 3757 1134 3784 ,
1165 3717 1358 3783 καθὼς
1386 3718 1550 3790 κάγὼ
1576 3722 1855 3789 Χριστοῦ.

221 3802 432 3870 Ἐκεῖνος
459 3807 556 3862 τὸν
584 3808 860 3878 Δεσπότην
905 3810 1244 3882 ἐμιμήσατο,
1277 3810 1343 3864 σύ
1371 3808 1430 3862 δὲ
1457 3810 1546 3865 τὸν
1580 3811 1860 3869 σύνδουλον

212 3891 262 3943 οὐ
294 3899 444 3967 μιμῇ,
476 3898 507 3950 6
549 3894 610 3962 ἐξ
634 3898 810 3968 ἀρχῆς
841 3899 898 3951 ἐν
929 3898 1180 3970 εὐσεϐείᾳ
1207 3902 1436 3970 τραφεὶς
1461 3912 1486 3940 ε
1514 3899 1606 3955 τὸν
1634 3901 1860 3975 ὕστερον

213 3979 267 4032 ὲκ
310 3984 605 4055 μεταϐολῆς
638 3985 1004 4057 προσελθόντα
1037 3988 1102 4056 τῇ
1137 3987 1347 4052 πίστεις
1383 3989 1498 4042 Οὐκ
1545 3984 1736 4056 οἶσθα,
1776 3992 1858 4045 ὅτι

210 4067 252 4117 οἱ
277 4067 327 4121 ὲν
358 4071 653 4143 ἁμαρτίαις
677 4071 832 4136 ὄντες
855 4114 873 4140 ,
897 4071 1000 4129 κάν
1034 4069 1230 4137 ζῶσιν,
1278 4074 1546 4130 ἀπέθανον
1570 4092 1582 4106 ·
1614 4078 1665 4130 οἱ
1708 4077 1765 4130 δὲ
1799 4080 1857 4133 ἐν

214 4150 502 4235 δικαιοσύνῃ
534 4157 756 4224 ζῶντες,
779 4158 885 4213 κᾶν
912 4158 1248 4224 ἀποθάνωσι,
1279 4161 1414 4226 ζῶσι
1436 4181 1452 4229 ;
1474 4164 1586 4217 Kal
1607 4164 1707 4217 οὐκ
1727 4166 1858 4235 ἐμὸς

214 4234 343 4308 οὗτος
373 4248 402 4299 6
440 4245 635 4315 λόγος·
684 4246 958 4315 ἀπόφασίς
1005 4247 1124 4301 ἐστι
1155 4247 1252 4301 τοῦ
1286 4250 1525 4321 Χριστοῦ
1574 4252 1712 4322 πρὸς
1757 4234 1856 4325 τὴν

215 4325 417 4399 Μάρθαν
445 4331 719 4402 λέγοντος·
741 4331 864 4398 Πᾶς
886 4334 919 4387 ό
943 4334 1248 4388 πιστεύων
1273 4337 1363 4401 είς
1391 4335 1527 4405 ἐμὲ,
1562 4338 1680 4391 κᾶν
1705 4339 1853 4393 ἀπο-

215 4412 368 4486 θάνῃ,
391 4418 648 4483 ἂξσεται.
679 4421 772 4490 Μὴ
819 4420 928 4491 γάρ
967 4418 1134 4492 μῦθός
1194 4423 1310 4475 ἐστι
1362 4423 1431 4476 τὰ
1472 4424 1751 4496 ήμέτερα;
1789 4428 1854 4482 Εἰ

214 4501 508 4574 Χριστιανὸς
555 4504 640 4571 εἶ,
677 4507 899 4561 πίστευε
944 4506 1024 4579 τῷ
1071 4508 1333 4581 Χριστῷ·
1394 4513 1442 4565 εἰ
1474 4513 1748 4579 πιστεύεις
1777 4516 1855 4586 τῷ

216 4589 449 4663 Χριστῷ,
513 4594 603 4648 διὰ
659 4594 768 4649 τῶν
824 4599 1000 4667 ἔργων
1041 4596 1305 4663 έπίδειξόν
1358 4614 1448 4668 μοι
1497 4599 1599 4671 τὴν
1649 4602 1851 4658 πίστιν.

216 4675 320 4741 Πῶς
356 4680 410 4733 δὲ
450 4680 695 4756 έπιδείξῃ
727 4681 815 4736 διὰ
846 4683 954 4736 τῶν
983 4682 1158 4755 ἔργων
1188 4684 1293 4755 τὴν
1326 4685 1510 4741 πίστιν
1536 4703 1550 4752 ;
1603 4689 1728 4743 Ἐἀν
1759 4709 1856 4746 κα-

215 4770 457 4839 ταφρονῇς
494 4767 750 4824 θανάτου.
780 4768 889 4824 Kal
920 4768 1026 4841 γὰρ
1049 4769 1340 4847 καὶταύτῃ
1359 4771 1722 4847 διεστήκαμεν
1746 4777 1854 4833 τῶν

217 4846 453 4915 ἀπίστως

284 4937 495 5000 Ἐκεῖνοι
536 4944 635 5017 μὲν
667 4945 778 5019 γὰρ
803 4946 983 5011 καλῶς
1009 4948 1297 5018 φοϐοῦνται
1335 4948 1426 5003 τὸν
1459 4950 1705 5020 θάνατον,
1723 4956 1856 5009 ἀνα-

220 5026 429 5096 στάσεως
471 5033 582 5106 γάρ
617 5033 810 5088 ἐλπίδα
839 5034 939 5088 οὐκ
960 5033 1141 5105 έχουσι
1160 5051 1174 5065 ·
1201 5037 1266 5090 σὺ
1297 5036 1354 5089 δὲ
1389 5039 1417 5090 6
1454 5039 1591 5109 πρὸς
1613 5039 1854 5110 βελτίονα

218 5112 385 5200 ὐδεύων
414 5120 549 5188 ὁδὸν,
579 5122 674 5176 καὶ
709 5123 836 5192 περὶ
881 5121 981 5193 τῆς
1015 5123 1229 5188 ἐλπίδος
1259 5124 1358 5195 τῆς
1397 5128 1514 5179 ἐκεῖ
1544 5129 1854 5200 φιλοσοφεῖν

219 5195 351 5287 έχων,
381 5207 533 5260 ποίαν
559 5206 625 5260 ἂν
666 5207 810 5279 ἔχοις
841 5209 1189 5281 συγγνώμην,
1229 5211 1357 5283 περὶ
1379 5195 1725 5280 ἀναστάσεως
1744 5195 1854 5287 ’μὲν

220 5282 428 5360 θαρρῶν,
480 5294 683 5366 ὁμοίως
727 5295 783 5348 δὲ
832 5298 946 5360 τοῖς
978 5297 1266 5352 ἀπιστοῦσι
1304 5282 1373 5370 τῇ
1417 5301 1711 5356 ἀναστάσει
1756 5282 1854 5358 τὸν

221 5372 415 5466 θάνατον
432 5384 715 5451 δεδοικώςς
747 5385 886 5440 Ἀλλ’
919 5387 981 5441 οὑ
1012 5388 1103 5441 τὸν
1131 5388 1362 5443 θάνατον
1396 5390 1629 5458 δέδοικα,
1666 5394 1851 5466 φησιν,

219 5463 396 5523 οὐδὲτὸ
426 5474 736 5542 ἀποθανεῖν,
790 5475 926 5529 ἀλλά
952 5475 1013 5529 τι»
1042 5477 1228 5542 κακῶς
1268 5475 1583 5543 ἀποθανεῖν,
1627 5481 1688 5534 τδ
1719 5463 1854 5536 ἀπο-

220 5553 458 5628 τμηθῆναι
482 5562 580 5634 τὴν
603 5563 865 5636 κεφαλήν.
904 5564 1115 5619 Οὐκοῦν
1144 5567 1173 5620 6
1217 5565 1471 5637 Ἰωάννης
1524 5568 1711 5634 κακῶς
1746 5570 1854 5624 ἀπ-

222 5637 416 5715 ἐθανεν;
453 5648 743 5725 ἀπετμήθη
787 5654 924 5727 γάρ·
965 5654 1162 5710 οὐκοῦν
1189 5659 1216 5710 6
1237 5656 1507 5726 Στέφανος
1529 5659 1713 5725 κακῶς
1743 5661 1853 5714 ἀπ-

274 5781 841 5864 ξξξῃιιξιιείροιάπᾷδυσιν.
882 5795 991 5844 Mox
1015 5796 1292 5864 _6nqntg_06
1314 5798 1516 5864 dgestin
1534 5800 1849 5864 aliquntmss,

274 5846 300 5918 ξ’
321 5848 551 5922 ξὶςῆονίι.
576 5858 753 5922 m_e.ius
775 5870 928 5922 quam,
951 5859 1080 5922 vulg.
1105 5859 1314 5922 ἀπάξειν.
1342 5846 1487 5908 Enn.

306 5912 407 5986 fll‘ii
428 5914 675 5986 έντροξφείς,
697 5926 753 5986 ξι
776 5912 884 5986 ῐὶιοκ
913 5920 959 5967 ἐν
984 5912 1257 5986 δᾷαιοούνῃ
1283 5922 1425 5977 ὄντες.
1462 5923 1612 5972 l’aulo
1630 5930 1741 5986 post
1763 5923 1848 5975 alii

225 5973 316 6022 πὲὸς
338 5973 410 6031 τὴν
440 5973 636 6043 Μαρίαν,
662 5973 743 6029 ειη
767 5980 881 6036 πρὸς
914 5997 998 6038 την
1024 5973 1256 6041 Μάρθανί-
1398 5973 1409 5977 ⁷
1632 5973 1647 5986 ’
1676 5973 1681 5974 7
1722 6013 1725 6016 ‹

1981 474 2174 543 leave;
2225 479 2560 552 κατελεύσθη
2619 481 2760 552 γάρ·
2787 479 2883 535 καὶ
2931 478 3208 551 μάρτυρες
3255 476 3305 530 οι
3348 477 3406 530 δὲ
3453 477 3654 541 πάντες

1981 560 2181 629 ἀθλίως
2210 565 2274 617 τὸ
2319 565 2440 620 καθ’
2496 567 2642 637 ὑμᾶς
2676 565 3069 638 ἐτελεύτησαν·
3107 563 3297 636 ἐπειδὴ
3345 564 3397 616 οἱ
3440 564 3539 636 μὲν
3599 568 3654 621 ἐν

1979 649 2134 721 πυρὶ,
2166 652 2215 705 οί
2248 651 2305 706 δὲ
2335 654 2539 725 σιδήρῳ
2563 654 2653 708 τὸν
2686 654 2799 725 βίον
2842 653 3173 708 κατέλυσαν·
3226 652 3323 706 καὶ
3352 651 3405 704 οἱ
3449 651 3546 723 μὲν
3575 656 3657 721 εις

1977 736 2237 807 πέλαγος,
2284 741 2337 794 οί
2385 740 2444 794 δὲ
2497 743 2578 805 είς
2612 741 2876 814 κρημνὸν,
2921 742 2972 795 οί
3006 741 3067 795 δὲ
3104 742 3186 804 είς
3223 738 3441 804 ὀδόντας
3489 741 3656 810 ἐμπε-

1978 823 2163 889 σόντες
2192 826 2414 899 θηρίων,
2442 828 2614 892 οὑτως
2641 828 2932 883 ἀπέθανον.
2963 829 3039 882 Οὐ
3088 827 3244 882 τοῦτό
3292 827 3410 880 ἐστι
3456 826 3519 880 τὸ
3550 844 3655 881 κα-

1977 910 2089 974 κῶς
2123 912 2442 980 ἀποθανεῖν,
2472 915 2746 988 ἄνθρωπε,
2779 915 2842 969 τὸ
2872 915 3033 986 βιαίῳ
3059 914 3380 985 τελευτῆσαι
3412 913 3652 986 θανάτῳ,

1975 997 2114 1053 ἀλλά
2160 999 2223 1054 τὸ
2271 1004 2329 1055 ὲν
2368 1003 2667 1074 ἁμαρτίαις
2713 1003 3026 1057 ἀποθανεῖν.
3084 1004 3351 1056 ’Ἄκουσον
3382 1001 3515 1071 γοῦν
3555 1001 3651 1057 τοῦ

1975 1086 2260 1157 προφήτου
2293 1088 2422 1159 περὶ
2450 1088 2632 1144 αὐτῶν
2659 1089 2867 1145 τούτων
2896 1088 3316 1159 φιλοσοφοῦντος
3342 1089 3437 1142 καὶ⁵
3463 1088 3653 1157 λέγονο

1973 1185 2085 1235 τος·
2123 1171 2389 1240 Θάνατος
2424 1175 2789 1246 ἁμαρτωλῶν
2830 1176 3094 1244 πονηρός
3117 1190 3132 1205 ⁶
3187 1176 3289 1229 οὐκ
3336 1170 3477 1228 εἴτε·
3540 1174 3651 1228 Θά-

1973 1277 2134 1326 νατος
2165 1262 2339 1333 βίαιος
2367 1266 2604 1338 πονηρός
2627 1282 2642 1298 ·
2672 1265 2811 1320 ἀλλά
2842 1264 2930 1330 τίς
2985 1264 3251 1331 Θάνατος
3292 1263 3655 1334 ἁμαρτωλῶν

1973 1351 2259 1420 πονηρός.
2308 1353 2574 1418 Δικαίως·
2619 1353 2756 1424 μετά
2781 1351 2890 1425 γάρ
2934 1352 3033 1423 τὴν
3061 1350 3310 1405 ἐντεῦθεν
3342 1350 3653 1421 ἀποδημίαν

1973 1435 2197 1501 κόλασις
2242 1438 2539 1510 ἀφόρητος,
2599 1439 2864 1510 τιμωρίαι
2917 1437 3211 1502 ἀθάνατοι,
3255 1438 3284 1491 6
3346 1436 3565 1508 σκώληξ
3626 1439 3655 1490 6

1978 1522 2202 1590 ίοϐόλος,
2228 1524 2290 1577 τὺ
2318 1525 2432 1597 πῦρ
2460 1526 2522 1580 τὸ
2550 1526 2834 1592 ἄσϐεστον,
2874 1524 2936 1578 τὸ
2963 1526 3154 1588 σκότος
3185 1524 3248 1578 τὸ
3272 1523 3554 1594 ἐξώτερον,
3585 1523 3655 1577 τά

1977 1609 2156 1682 δεσμά
2196 1612 2264 1666 τά
2306 1611 2498 1670 ἀλυτα.
2541 1615 2570 1667 6
2600 1613 2708 1667 τῶν
2741 1613 2969 1667 όδόντων
3013 1611 3279 1685 βρυγμὸς,
3308 1612 3343 1682 ἠ
3396 1610 3653 1682 θλῑψις,ἠ

1972 1698 2328 1769 στενοχωρία,
2356 1699 2452 1753 καὶ
2489 1700 2527 1771 ὴ
2552 1699 2768 1764 αἰώνιος
2794 1699 2942 1771 δίκη.

2041 1793 2111 1857 γ’.
2139 1789 2309 1843 Ὅταν
2330 1784 2425 1843 οὖν
2443 1790 2669 1845 τοιαῦτα
2688 1792 2816 1856 τοὺς
2836 1790 3196 1864 ἁμαρτωλοὺς
3212 1790 3460 1864 ἀναμένῃ
3486 1791 3649 1854 κακά,

1968 1872 2022 1927 τί
2036 1874 2231 1942 γένοιτ’
2253 1876 2321 1931 ἂν
2350 1877 2533 1941 αὐτοῖς
2551 1877 2764 1948 ὄφελος,
2790 1878 2893 1933 κᾶν
2920 1879 3080 1942 οἴκοι,
3096 1879 3201 1932 κάν
3225 1878 3317 1932 ἐπὶ
3329 1878 3427 1949 τῆς
3443 1878 3654 1931 ἑαυτῶν

1970 1964 2159 2037 κλίνης
2203 1966 2553 2023 καταλύσωσι
2583 1969 2681 2040 τὴν
2706 1968 2853 2042 ζωήν
2870 1986 2889 2037 ;
2925 1968 3115 2041 ὥσπερ
3144 1965 3238 2023 οὖν
3267 1971 3380 2033 τοῖς
3424 1968 3653 2029 δικαίοις

1967 2051 2120 2106 οὐδὲν
2165 2051 2233 2109 ἀν
2270 2055 2481 2122 γένοιτο
2520 2054 2716 2125 βλάϐος
2752 2058 2817 2110 ἐκ
2854 2055 2948 2109 τοῦ
2998 2055 3141 2125 ξίφει
3188 2054 3286 2110 καὶ
3324 2055 3528 2126 σιδήρῳ
3560 2054 3655 2107 καὶ

1969 2140 2102 2211 πυρὶ
2128 2140 2230 2212 τὴν
2260 2141 2543 2212 παροῦσαν
2567 2142 2866 2197 ἀποθέσθαι
2900 2142 3065 2214 ζωὴν,
3102 2144 3232 2196 ὅταν
3266 2141 3404 2212 πρὸς
3429 2142 3497 2194 τά
3527 2139 3656 2194 ἀθά-

1968 2242 2106 2280 νατα
2175 2226 2442 2299 μέλλωσιν
2495 2229 2799 2300 ἀποδημεῖν
2845 2229 3047 2298 ἀγαθά.
3105 2227 3346 2299 Ἀληθῶς
3388 2226 3655 2296 Θάνατος

1967 2314 2334 2384 ἁμαρτωλῶν
2357 2320 2646 2387 πονηρός.
2679 2318 2932 2382 Τοιοῦτος
2956 2315 3025 2391 ἦν
3048 2321 3077 2373 6
3123 2318 3218 2371 τοῦ
3272 2317 3524 2372 πλουσίου
3552 2316 3653 2369 θά-

1968 2418 2128 2465 νατος
2173 2403 2382 2458 ἐκείνου
2429 2404 2524 2458 τοῦ
2575 2404 2666 2459 τὸν
2699 2405 2951 2478 Λάζαρον
3011 2405 3375 2476 ὑπεριδόντος,
3410 2406 3469 2468 ὃς
3513 2404 3652 2459 οἴκοι

1968 2487 2065 2543 καὶ
2098 2488 2190 2542 ἐπὶ
2215 2490 2313 2560 τῆς
2337 2490 2524 2561 κλίνης
2559 2491 2654 2544 καὶ
2678 2491 2787 2544 τῶν
2812 2491 3134 2562 ἐπιτηδείων
3160 2491 3441 2564 παρόντων
3474 2491 3654 2563 οἰκείᾳ.

1964 2574 2187 2647 τελευτῇ
2218 2575 2528 2640 καταλύσας
2563 2577 2658 2630 τὸν
2696 2575 2811 2649 [651
2840 2576 2974 2647 βίον,
3014 2577 3263 2632 ἀπελθὼν
3287 2579 3404 2630 ἐκεῖ
3434 2578 3640 2646 ἀπετη-

1966 2660 2239 2729 γανίξετο,
2272 2662 2393 2716 οὐδὲ
2409 2662 2612 2734 μικρὰν
2641 2654 2995 2736 παραμυθίαν
3012 2665 3077 2718 ἐκ
3097 2663 3194 2734 τῆς
3222 2662 3364 2719 κατά
3386 2664 3477 2717 τὸν
3504 2681 3647 2735 παρ-

1964 2748 2094 2802 όντα
2136 2749 2248 2820 βίον
2279 2750 2581 2822 εὐημερίας
2627 2752 2808 2821 εὑρεῖν
2851 2750 3100 2822 δυνηθεὶς
3131 2753 3266 2806 ἐκεῖ.
3321 2751 3460 2805 Ἀλλ’
3496 2752 3596 2822 οὐχ
3622 2753 3652 2804 6

1964 2836 2215 2907 Λάζαρος
2243 2835 2447 2901 οὑτως·
2479 2837 2593 2891 ἀλλ’
2622 2837 2711 2891 ἐπ’
2738 2836 2905 2891 αὑτοῦ
2934 2838 3028 2892 τοῦ
3072 2836 3303 2908 ἐδάφους
3338 2837 3448 2892 τῶν
3475 2836 3651 2892 κυνῶν

1966 2923 2246 2994 παρόντων
2271 2925 2364 2979 καὶ
2394 2925 2722 2997 λειχομένων
2746 2925 2814 2980 τά
2840 2925 3151 2998 τραύματα,
3200 2926 3379 2997 βίαιον
3414 2925 3650 2980 θάνατον

1965 3010 2230 3077 ὑποστὰς,
2258 3010 2331 3083 (τί
2369 3011 2480 3083 γάρ
2509 3011 2670 3084 λιμοῦ
2702 3012 2901 3081 γένοιτ’
2935 3014 3001 3068 ἀν
3028 3013 3467 3087 ὀδυνηρότερονς)
3485 3014 3651 3070 ἀπελ-

1965 3095 2072 3150 θὼν
2115 3099 2233 3152 ἐκεῖ
2269 3096 2379 3151 τῶν
2422 3098 2659 3152 αἰωνίων
2691 3099 3005 3171 ἀπήλαυσεν
3064 3099 3311 3168 ἀγαθῶν,
3370 3101 3647 3171 ἐντρυφῶν

1964 3186 2074 3247 τοῖς
2094 3181 2316 3246 κόλποις
2355 3182 2449 3238 τοῦ
2503 3183 2773 3257 Ἀϐραάμ.
2807 3185 2873 3238 Τί
2898 3186 3078 3238 τοίνυν
3108 3186 3458 3257 παρέϐλαψεν
3483 3188 3645 3241 αὐτὸν

1963 3271 2023 3324 τὸ
2060 3269 2248 3341 βιαίως
2277 3270 2603 3338 ἀποθανεῖν;
2654 3272 2707 3330 τί
2754 3272 2809 3326 δὲ
2839 3272 2933 3326 τὸν
2973 3272 3228 3327 πλούσιον
3268 3271 3447 3344 ὤνησε
3479 3274 3540 3327 τὸ
3571 3274 3647 3346 μὴ

1965 3357 2156 3431 βιαίως
2196 3358 2492 3413 ἀποθανεῖν
2513 3376 2527 3425 ;

2047 3446 2189 3499 Ἀλλ’
2219 3448 2281 3500 οὑ
2308 3446 2368 3500 τὸ
2403 3446 2614 3517 βιαίως,
2644 3447 2833 3519 φησὶν,
2878 3447 3013 3502 ἀλλά
3039 3447 3098 3501 τὸ
3128 3447 3329 3513 ἀδίκως
3356 3448 3647 3504 ἀποθανεῖν

1960 3533 2301 3606 δεδοίκαμεν,
2350 3536 2444 3591 καὶ
2491 3535 2551 3589 τὸ
2602 3536 2768 3606 μηδὲν
2796 3537 3210 3608 τετολμηκότες,
3243 3530 3318 3592 ὧν
3348 3538 3650 3592 ὑποπτευόο

1965 3622 2121 3694 μεθα,
2146 3626 2257 3688 τοῖς
2310 3623 2573 3678 ἑαλωκόσι
2618 3623 2946 3695 κολασθῆναι
3001 3625 3421 3698 παραπλησίως.
3463 3627 3528 3679 Τί
3558 3626 3648 3680 λέ-

1960 3723 2101 3777 γεις,
2131 3709 2252 3762 εἰπέ
2286 3726 2410 3779 μοι;
2442 3709 2503 3763 τὸ
2546 3709 2749 3774 ἀδίκως
2779 3711 3068 3765 ἀποθανεῖν
3106 3710 3384 3776 δέδοικας;
3409 3709 3543 3766 ἀλλά
3568 3712 3645 3766 διο

1962 3794 2133 3859 καίως
2162 3794 2423 3861 ἐϐούλου;
2458 3796 2569 3849 Kal
2604 3796 2687 3860 τίς
2725 3797 2896 3861 οὕτως
2926 3796 3108 3860 ἄθλιος
3140 3798 3236 3850 καί⁵
3280 3796 3643 3870 ταλαίπωρος,

1960 3882 2036 3946 ὼς
2067 3883 2243 3954 παρὸν
2274 3881 2476 3946 ἀδίκως
2508 3882 2825 3949 ἀποθανεῖν,
2877 3884 3100 3948 δικαίως
3141 3882 3362 3937 ἑλέσθαι
3407 3885 3642 3956 μᾶλλον;

1960 3967 2024 4021 Εἰ
2078 3967 2188 4039 γὰρ
2245 3967 2476 4022 θάνατον
2537 3969 2838 4021 δεδοικέναι
2896 3968 3025 4040 χρὴ,
3079 3967 3171 4021 τὸν
3228 3968 3449 4033 δικαίως
3502 3972 3637 4040 ήμῖν

1960 4054 2183 4109 ἐπιόντα
2201 4055 2500 4109 δεδοικέναι
2531 4054 2661 4126 χρὴ,
2693 4054 2767 4119 ὡς
2795 4055 2822 4108 ὃ
2854 4072 2915 4124 γε
2959 4052 3160 4118 ἀδίκως
3203 4053 3491 4109 ἀποθανὼν
3520 4060 3642 4109 κατ’

1959 4142 2092 4196 αὐτὸ
2123 4141 2282 4197 τοῦτο
2308 4146 2554 4198 κοινωνεῖ
2586 4145 2699 4207 τοῖς
2727 4143 2901 4212 ἁγίοις
2932 4142 3152 4196 ἅπασιν.
3190 4143 3251 4195 Οί
3283 4142 3391 4214 γάρ
3425 4143 3642 4209 πλείους

1958 4231 2067 4285 τῶν
2114 4231 2558 4304 εὑδοκιμηκότων
2590 4229 2743 4302 παρά
2769 4229 2846 4301 τῷ
2887 4228 3006 4300 Θεῷ
3032 4230 3126 4282 καὶ
3148 4227 3500 4302 λαμψάντων,
3529 4230 3641 4285 ἀδι-

1959 4337 2054 4373 κον
2081 4319 2396 4391 ὑπέστησαν
2437 4317 2713 4388 τελευτὴν,
2736 4317 2832 4371 καὶ
2861 4316 3078 4388 πρῶτος
3110 4319 3140 4370 6
3180 4316 3382 4370 ΙἍϐελ·
3432 4317 3493 4371 οὑ
3531 4319 3641 4391 γάρ

1957 4407 2021 4480 δὴ
2072 4405 2473 4478 πλημμελήσας
2517 4408 2597 4470 εἰς
2629 4405 2719 4459 τὸν
2756 4404 3002 4474 ἀδελφὸν,
3037 4404 3159 4457 οὐδὲ
3194 4403 3440 4477 λυπήσας
3473 4422 3526 4459 τι
3552 4407 3640 4460 τὸν

1957 4495 2118 4558 Κάῖν,
2159 4494 2274 4548 ἀλλ’
2297 4494 2490 4566 ἐπειδὴ
2517 4492 2607 4546 τὸν
2640 4492 2774 4546 Θεὸν
2807 4492 3054 4564 ἐτίμησε,
3085 4491 3174 4545 διά
3197 4491 3357 4545 τοῦτο
3382 4493 3599 4563 ὲσςράγη
3620 4512 3633 4524 ·

1957 4584 1983 4636 6
2014 4582 2070 4636 δὲ
2108 4581 2237 4647 Θεὸς
2277 4580 2681 4654 συνεχώρησεν,
2706 4576 2815 4652 ἆρα
2853 4579 3023 4649 φιλῶν
3052 4579 3273 4653 αὐτὸνῆ
3309 4579 3515 4653 μισῶν;
3550 4581 3638 4634 εῦ-

1956 4670 2113 4739 δηλον
2168 4670 2248 4723 ὅτι
2293 4667 2484 4738 φιλῶν,
2536 4668 2631 4722 καὶ
2655 4667 3035 4739 λαμπρότερον
3078 4666 3226 4738 αὑτῷ
3253 4668 3344 4721 τὸν
3378 4668 3639 4738 στέφανον

1957 4757 2178 4828 ποιῆσαι
2212 4754 2536 4827 βουλόμενος
2566 4754 2675 4808 ἀπὸ
2704 4754 2802 4827 τῆς
2828 4753 3166 4823 ἀδικωτάτης
3195 4753 3431 4823 σφαγῆς.
3479 4754 3639 4827 Ὁρᾷς

1956 4846 2037 4899 ὅτι
2069 4845 2129 4898 οὐ
2154 4845 2216 4898 τὸ
2252 4843 2443 4915 βιαίως
2477 4841 2792 4910 ἀποθανεῖν,
2832 4839 2959 4897 οὐτε
2991 4839 3054 4892 τὸ
3099 4840 3299 4903 ἀδίκως
3350 4841 3637 4897 ἀποθανεῖν

1955 4930 2251 4985 δεδοικέναι
2293 4930 2420 5004 χρὴ,
2467 4928 2604 4983 ἀλλά
2635 4927 2697 4981 τὸ
2746 4929 2804 4981 έν
2852 4923 3146 4998 ἁμαρτίαις
3192 4924 3519 4993 ἀποθανεῖν;
3577 4928 3636 4980 ’0

1959 5018 2124 5072 Ἀϐελ
2144 5018 2414 5073 ἀπέθανεν
2440 5017 2661 5081 ἀδίκως,
2689 5017 2718 5070 6
2744 5015 2885 5068 Κάῖν
2913 5013 3011 5083 ἔζη
3036 5012 3236 5067 στένων
3256 5015 3350 5068 καὶ
3380 5015 3597 5087 τρέμων
3618 5033 3632 5047 ·

1954 5108 2037 5171 τίς
2077 5103 2190 5171 οὖν,
2232 5105 2352 5159 εἰπέ
2378 5121 2487 5175 μοι,
2525 5101 2937 5175 μακαριώτερος
2951 5096 3039 5171 ἦν,
3073 5102 3101 5153 6
3133 5102 3271 5172 μετά
3292 5101 3636 5171 δικαιοσύνης

1954 5194 2431 5265 ἀναπαυσάμενος,
2466 5191 2502 5262 ἢ
2541 5191 2570 5243 ὁ
2604 5192 2661 5243 ἐν
2697 5189 2990 5262 ἁμαρτίαις
3035 5187 3180 5253 ζῶν;
3210 5189 3238 5240 6
3276 5188 3472 5253 ἀδίκως
3503 5189 3637 5242 ἀπο-

1956 5281 2152 5346 θανὼν,
2181 5281 2214 5353 ἢ
2255 5282 2283 5333 6
2313 5278 2539 5342 δικαίως
2574 5277 2967 5348 κολαζόμενος;
3026 5276 3294 5330 Βούλεσθε
3326 5276 3468 5330 εἴπω
3497 5278 3635 5348 πρὸς

1954 5369 2052 5440 τὴν
2082 5368 2354 5439 ὑμετέραν
2383 5366 2629 5436 ἀγάπην,
2667 5366 2831 5419 πόθεν
2878 5364 3193 5436 δεδοίκαμεν
3222 5363 3449 5416 θάνατον
3474 5379 3488 5430 ;
3519 5363 3635 5418 Οὐκ

1954 5456 2193 5527 ἔτρωσεν
2222 5455 2371 5526 ἡμᾶς
2407 5453 2682 5522 βασιλείας
2716 5452 2876 5523 έρως,
2908 5451 3027 5505 οὐδὲ
3060 5449 3264 5519 ἀνῆψεν
3290 5451 3436 5520 ἡμᾶς
3466 5452 3495 5502 6
3523 5451 3636 5506 τῶν

1957 5540 2256 5613 μελλόντων
2284 5539 2467 5606 πόθος,
2496 5540 2617 5593 ἐπεὶ
2648 5540 2866 5594 πάντων
2883 5537 2951 5592 ἂν
2976 5532 3330 5608 ὑπερείδομεν
3356 5535 3465 5589 τῶν
3495 5555 3635 5609 παρ⁴

1951 5629 2141 5692 όντων,
2207 5626 2462 5701 καθάπερ
2505 5630 2533 5681 6
2570 5628 2840 5699 μακάριος
2867 5624 3096 5686 Παῦλος.
3123 5623 3233 5676 Kal
3268 5623 3403 5695 πρὸς
3428 5624 3635 5690 τούτοις

1954 5714 2114 5769 πάλιν
2139 5715 2199 5768 οὐ
2233 5713 2545 5786 φοϐούμεθα
2589 5715 2831 5783 γέενναν,
2865 5711 2952 5766 διά
2997 5709 3155 5763 τοῦτο
3201 5710 3426 5782 φοϐούμι
3449 5711 3516 5765 θα
3548 5712 3636 5765 θά-

1951 5819 2143 5858 νατον·
2183 5803 2283 5856 οὐκ
2330 5803 2489 5874 ἴσμεν
2520 5802 2621 5873 τῆς
2653 5803 2772 5854 ἐκεῖ
2802 5800 3075 5862 κολάσεως
3121 5797 3182 5852 τὸ
3218 5799 3512 5871 ἀφόρητον,
3546 5799 3633 5853 διὰ

1951 5887 2107 5945 τοῦτο
2134 5888 2390 5960 τελευτὴν
2411 5888 2531 5941 ἀντὶ
2559 5889 2835 5958 ἁμαρτίας
2859 5886 3177 5957 δεδοίκαμεν
3198 5902 3211 5916 ·
3244 5886 3318 5942 ὡς
3341 5887 3388 5939 εί
3422 5888 3629 5950 ἐκεῖνος

1957 5981 2171 6046 κατεῖχε
2194 5977 2290 6047 τὴν
2327 5974 2503 6047 ψυχὴν
2536 5976 2692 6047 ήμῶν
2711 5977 2740 6029 ό
2760 5975 2944 6048 φόϐος,
2968 5975 3087 6031 οὐδὲ
3114 5975 3445 6031 ἀπεισελθεῖν
3476 5968 3630 6039 οὗτος
